3984 6348
178 434 347 494 1281

1327 424 1690 487 ANONYMI
1737 423 2323 496 ANTIQUITATES
2366 427 2486 490 ΟΡ.

3456 426 3612 489 1282

175 563 330 637 μετά
357 558 447 616 καὶ
474 560 572 613 106
618 560 718 624 τῆς
773 551 1043 610 Θεοτόκου
1088 551 1564 627 ἀπεικονίσματος,
1615 553 1706 608 καὶ
1751 553 1841 608 αὑ-

1976 555 2172 611 lerunt
2226 574 2342 612 una
2398 574 2531 614 cum
2592 558 2849 631 imagine
2904 561 2961 612 S.
2994 556 3279 630 Deiparze,
3311 563 3368 613 et
3422 558 3610 630 ipsius

168 655 286 708 τοῦ
343 648 408 719 δὴ
457 650 554 702 106
601 643 967 715 νηπιάσαντος
1033 641 1194 717 σαρκὶ
1227 643 1410 712 Ἰησοῦ
1453 645 1715 718 Χριστοῦ,
1747 662 1844 697 κα-

175 741 302 804 Θὼς
333 735 686 814 Ἀγγυριανὸς
714 729 1098 809 χρονογράφος
1145 729 1196 785 ἐν
1227 735 1307 804 τῷ
1335 728 1622 807 δεκαλόγῳ
1653 731 1844 802 αὑτοῦ,

175 828 279 885 καὶ
318 825 665 887 Ἀναστάσιος
692 824 828 895 ἡμῖν
863 817 1213 895 παρέδωκαν.

735 927 862 1001 Περῖ
893 927 957 981 τὸ
992 926 1290 1001 Σμύρνιον.

263 1025 345 1082 Τὸ
375 1020 716 1094 καλούμενον
751 1015 1024 1092 Σμύρνιον
1069 1013 1307 1086 πλησίον
1350 1020 1446 1072 τοῦ
1495 1015 1848 1093 Τετραὸισίου

180 1111 468 1190 ἒμϐόλου,
499 1111 756 1184 σύνεγγυς
800 1109 896 1160 106
944 1104 1133 1180 Ἀγίου
1183 1102 1468 1180 Θεοδώρου
1535 1109 1632 1162 106
1689 1113 1848 1185 Σφω-

181 1203 412 1281 ρακίου,
447 1199 564 1277 ἔχει
615 1197 870 1253 ὑποκάτω
915 1201 1016 1266 τῆς
1068 1200 1172 1269 γῆς
1199 1199 1296 1249 106
1328 1195 1464 1271 πρὸς
1501 1195 1700 1273 βορῥᾶν
1754 1195 1848 1269 μέ.

183 1314 332 1370 ρους
376 1288 599 1365 ὀργυιὰς
651 1284 799 1354 δέκα,
833 1281 1038 1354 στήλας
1091 1282 1259 1356 ὲννέα,
1309 1282 1359 1357 ἐξ
1409 1285 1481 1338 ῶν
1525 1281 1568 1338 δ’
1601 1283 1694 1358 μὲν
1745 1285 1849 1340 εἰσι

177 1378 606 1439 Κωνσταντίνου
634 1379 735 1431 106
769 1371 1025 1450 Μεγάλου
1074 1373 1165 1427 καὶ
1212 1379 1311 1442 τῆς
1367 1373 1625 1448 γυναικὸς
1684 1372 1850 1428 αὑτοῦ

184 1471 478 1542 Φαύστης,
528 1465 617 1522 καὶ
659 1462 970 1538 Ἱλαρίωνος
1017 1462 1401 1537 πραιποσίτου,
1451 1463 1540 1517 καὶ
1587 1467 1684 1517 106
1731 1461 1846 1537 τρί-

182 1581 303 1616 του
332 1556 524 1620 παιδὸς
553 1555 714 1610 αὑτοῦ
768 1552 1011 1629 Κρίσπου
1057 1551 1492 1624 ὀνομαζομένου,
1523 1552 1580 1607 ὃν
1622 1549 1852 1628 Ἡρόδο-

177 1671 293 1712 τος
349 1647 437 1703 καὶ
482 1642 805 1705 Ἱππόλυτος
862 1641 1234 1718 χρονογράφοι
1286 1639 1534 1717 λέγουσιν
1581 1641 1850 1718 ἀποκεφα-

186 1738 482 1808 λισθῆναι,
513 1731 602 1789 διὰ
647 1732 709 1788 τὸ
760 1730 834 1794 εἴς
881 1730 1114 1804 ὑποψίαν
1157 1727 1330 1784 ἐλθεῖν
1388 1728 1476 1784 ἰπὶ
1509 1729 1730 1805 Φαύστῃ
1782 1733 1850 1803 τῇ

194 1829 447 1901 μητρυιᾷ
493 1823 679 1879 αὑτοῦ.
714 1820 807 1875 Διὸ
855 1819 1064 1889 ἐκείνην
1109 1819 1228 1891 μὲν,
1267 1817 1552 1894 βαλανείου
1603 1816 1853 1898 σφοδρῶς

187 1915 508 1981 ἐκκαὲντος,
545 1909 819 1966 ἐκέλευσεν
871 1905 1069 1971 ἔσωθεν
1120 1905 1318 1962 τούτου
1349 1914 1683 1977 κατακαῆναι
1717 1924 1730 1939 ’
1761 1908 1852 1962 τὸν

189 2001 258 2059 δὲ
293 2003 406 2058 υἱὸν
435 1999 599 2057 αι’)τοῦ
629 1997 1014 2070 ἀποτμηθῆναι
1045 1991 1260 2072 ἄκριτον
1313 1992 1402 2050 διὰ
1446 1997 1545 2066 τήν
1592 1996 1848 2070 ὑποψίαν.

186 2092 294 2149 Διὸ
337 2091 430 2146 καὶ
475 2096 576 2160 τῆς
627 2087 836 2162 μητρὸς
867 2083 1089 2156 Ἑλένης
1145 2086 1221 2157 μή
1272 2084 1542 2162 φερούσης
1571 2086 1670 2154 τῆν
1704 2084 1849 2140 ἀναί-

190 2203 346 2258 ρεσιν
406 2183 502 2235 106
551 2179 698 2247 νὲου,
750 2173 853 2245 ἤδη
903 2181 1004 2240 τῆς
1061 2179 1156 2229 106
1215 2172 1480 2246 Καίσαρος
1534 2174 1854 2245 ἀξιωθέντος

183 2276 389 2344 τιμῆς,
420 2265 720 2342 ἧδολέσχει
753 2264 837 2319 ἐπὶ
871 2267 941 2337 τῇ
973 2264 1181 2339 ἀκρίτῳ
1231 2263 1498 2341 ἀποφάσει
1531 2282 1543 2297 ⁸
1589 2263 1679 2318 καὶ
1722 2285 1851 2334 στη-

190 2359 384 2421 λώσας
413 2359 505 2413 τὸν
563 2359 810 2411 τοιοῦτον
861 2354 975 2408 υἱὸν
1036 2353 1202 2408 αὑτοῦ
1233 2353 1260 2406 6
1293 2351 1470 2426 Μέγας
1523 2359 1852 2408 Κωνσταντῖ-

191 2469 314 2518 νος,
349 2445 439 2502 διὰ
492 2447 556 2501 τὸ
628 2449 952 2518 μετανοῆσαι
1029 2442 1119 2496 καὶ
1199 2441 1534 2513 λυπηθῆναι,
1594 2440 1846 2498 ἔκλαυσεν

191 2536 414 2611 ἡμέρας
473 2536 524 2609 μ’
549 2533 639 2589 καὶ
692 2532 888 2593 νύκτας
931 2533 1003 2605 μ’,
1041 2533 1116 2603 μὴ
1178 2528 1513 2604 λουσάμενος
1547 2531 1611 2587 τὸ
1669 2537 1849 2605 σῶμα,

198 2623 347 2702 μηδὶ
395 2621 1008 2690 ἀνακλιθείς.Ἐποίησε
1056 2617 1112 2674 δὲ
1157 2621 1256 2688 τήν
1305 2618 1502 2675 τούτου
1544 2620 1752 2691 στήλην
1800 2621 1851 2692 ἐξ

199 2715 450 2791 ἀργύρου
477 2715 737 2788 καθαροῦ,
773 2711 947 2787 βάψας
978 2709 1146 2777 αὑτήν
1179 2709 1239 2764 ἐκ
1285 2709 1516 2785 χρυσίου
1565 2707 1849 2778 πλείστου,

197 2803 438 2881 ξγχόψας
496 2801 562 2856 τὰ
609 2801 909 2877 γράμματα
959 2796 1285 2873 περιέχοντα
1320 2816 1333 2830 ⁸
1387 2800 1849 2857 ΗΔΙΚΗΜΕΝΟΣ

194 2894 247 2950 Ο
305 2897 458 2948 ΥΙΟΣ
510 2893 666 2946 MO)‘.
722 2887 936 2956 Ταύτην
1005 2884 1095 2940 οὖν
1157 2889 1358 2958 στήσας
1414 2887 1500 2942 καὶ
1564 2892 1848 2960 μετάνοιαν

199 2979 391 3056 βαλὼν
426 2977 671 3054 ἐλιπάρει
701 2976 793 3032 τὸν
827 2977 956 3031 Θεὸν
1006 2975 1130 3051 περὶ
1171 2976 1244 3029 ὡν
1295 2973 1746 3049 ἐπλημμέλησεν.
1782 2977 1850 3031 Al.

195 3067 260 3125 δὲ
318 3067 506 3124 λοιπαὶ
561 3065 759 3136 στῆλαί
818 3064 919 3120 εἶσι
977 3059 1248 3138 Σεϐήρου,
1291 3064 1597 3140 Αρματίου,
1631 3064 1849 3135 Ζευξίπ-

193 3179 330 3227 που,
384 3156 702 3232 Βιγλεντίου
747 3159 844 3211 τοῦ
909 3153 976 3209 τά
1042 3153 1324 3227 Βιγλέντια
1399 3153 1701 3224 κτίσαντος,
1759 3155 1849 3209 καὶ

199 3244 547 3323 Ἐλευθερίου
602 3248 700 3300 106
749 3243 816 3298 τὰ
872 3241 923 3297 ἐν
985 3241 1200 3308 Σενάτῳ
1255 3240 1496 3297 παλάτια
1541 3242 1844 3308 κτίσαντος.

199 3337 369 3394 Οὗτοι
425 3333 517 3389 οὗν
573 3334 768 3395 πάντες
825 3333 952 3408 παρ’
1001 3331 1165 3386 αὑτοῦ
1220 3331 1629 3401 ἐπηλιὺθησαν.
1673 3334 1740 3390 Οἱ
1792 3333 1848 3387 ὀὶ

199 3423 477 3500 Ἀρειανοὶ
529 3421 779 3497 εὑρόντες
826 3420 914 3477 ἐπί
957 3419 1263 3485 Οὐάλεντος
1310 3419 1624 3497 κατέχωσαν
1666 3421 1848 3486 αὑτάς.

1954 644 2093 700 Jesu
2145 645 2361 702 Christi
2413 647 2678 716 infantis,
2724 651 2790 702 ut
2834 646 3206 719 Angyrianus
3255 647 3610 719 chronogra-

1957 733 2113 806 phus
2142 733 2291 790 libro
2325 735 2574 805 decimo,
2608 741 2666 791 et
2700 735 3053 791 Anastasius
3087 735 3382 792 memoriae
3419 737 3614 808 prodi-

1957 823 2192 879 derunt.

2278 933 2351 988 De
2382 932 2494 988 loco
2522 935 2903 1003 cognominato
2933 932 3278 1005 Smyrnium.

2030 1019 2215 1076 Locus
2263 1021 2593 1094 appellatus
2622 1023 2962 1095 Smyrnium
3012 1039 3188 1094 prope
3219 1024 3611 1080 Tetradisiam

1958 1110 2270 1182 porticum,
2333 1127 2397 1166 ac
2459 1112 2720 1183 proxime
2757 1115 2814 1168 S.
2854 1111 3221 1167 Theodorum
3283 1113 3618 1184 Sphoracii,

1959 1199 2135 1254 habet
2178 1199 2638 1272 septentrionem
2672 1217 2879 1256 versus
2912 1202 3337 1256 concavitatem
3387 1202 3626 1257 subter-

1960 1303 2197 1342 raneam
2255 1291 2456 1344 decem
2514 1289 2813 1356 ulnarum,
2862 1306 2927 1344 ac
2987 1306 3188 1344 novem
3247 1294 3499 1357 statuas,
3556 1307 3624 1346 ex

1961 1376 2178 1448 quibus
2211 1377 2448 1449 quidem
2483 1383 2602 1434 tres
2633 1383 2794 1448 sunt,
2817 1378 3188 1434 Constantini
3221 1379 3435 1452 Magni,
3472 1380 3624 1435 Fau-

1963 1472 2065 1522 stae
2105 1469 2230 1538 ejus
2283 1469 2501 1536 uxoris,
2555 1485 2621 1524 ac
2653 1468 2967 1526 Hilarionis
3029 1471 3357 1541 prmpositi;
3410 1475 3624 1542 quarta

1963 1555 2150 1628 Crispi
2201 1558 2330 1628 ejus
2378 1557 2506 1625 filii,
2539 1575 2710 1628 quem
2769 1559 3102 1613 Herodotus
3161 1563 3217 1612 et
3272 1558 3622 1632 Hippolytus

1962 1644 2392 1718 cbronographi
2436 1647 2728 1702 memoria:
2779 1647 3189 1718 prodiderunt,
3222 1648 3410 1720 capite
3442 1647 3623 1704 fuisse

1962 1734 2301 1802 multatum,
2335 1736 2490 1808 quod
2532 1736 2590 1790 in
2641 1735 3036 1808 suspicionem
3090 1736 3348 1792 venisset
3396 1737 3623 1793 Fausta:

1961 1838 2221 1878 novercas
2314 1824 2693 1880 concubitum
2781 1824 3154 1881 sollicitasse.
3233 1826 3619 1890 Quamobrem

1963 1911 2241 1967 Faustam
2275 1911 2510 1983 quidem
2558 1912 2764 1969 balneo
2813 1917 3099 1968 aestuante
3153 1914 3466 1984 suﬂ‘ocari;
3498 1914 3618 1970 ﬁlio

1962 2004 2154 2055 autem
2189 2000 2390 2072 Crispo
2423 2007 2600 2072 caput
2630 2001 2854 2058 indicta
2884 2018 3062 2058 causa
3095 2004 3388 2074 amputari
3413 2004 3617 2074 jussit.

1961 2087 2179 2144 Helena
2218 2105 2353 2145 vero
2403 2089 2770 2146 Constantini
2823 2095 3007 2146 mater
3058 2091 3296 2161 juvenis
3346 2097 3620 2156 mortem,

1960 2178 2204 2234 Caasaris
2247 2179 2372 2248 jam
2417 2179 2766 2251 dignitatem
2820 2179 3036 2250 adepti,
3089 2196 3237 2252 (egre
3286 2181 3498 2250 ferens,
3535 2184 3617 2244 nil

1963 2267 2121 2322 aliud
2153 2266 2238 2322 vel
2287 2266 2639 2339 loquebatur
2665 2267 2750 2323 vel
2793 2268 3210 2333 meditabatur,
3244 2285 3420 2340 quam
3470 2287 3614 2341 prae-

1962 2357 2199 2428 cipitem
2225 2357 2484 2424 juvenis,
2511 2356 2612 2428 qui
2645 2373 2881 2412 causam
2919 2373 3031 2412 non
3063 2357 3308 2412 dixisset
3337 2359 3615 2414 condem-

1963 2432 2283 2500 nationem.
2327 2447 2515 2511 Quare
2564 2446 2986 2501 Constantinus
3047 2447 3294 2518 Magnus
3357 2451 3614 2502 statuam

1963 2535 2083 2590 filio
2139 2551 2272 2601 suo,
2322 2534 2662 2606 poenitenlia
2723 2539 2918 2589 motus
2971 2536 3174 2600 erexit,
3234 2552 3299 2590 ac
3358 2536 3616 2608 integros

1963 2624 2356 2696 quadraginta
2390 2623 2538 2689 dies,
2570 2623 2936 2696 totidemque
2981 2629 3184 2680 noctes
3214 2625 3410 2696 ipsum
3444 2624 3613 2691 luxit,

1960 2716 2127 2767 tanta
2174 2712 2352 2767 animi
2408 2713 2774 2784 aegritudine,
2811 2718 2874 2767 ut
2904 2728 3210 2784 nunquam
3257 2712 3344 2768 vel
3394 2713 3616 2770 lavaret

1962 2817 2206 2873 corpus,
2264 2800 2351 2857 vel
2420 2801 2569 2857 lecto
2638 2801 3026 2857 recumberet.
3089 2803 3351 2858 Statuam
3419 2807 3614 2859 autem

1962 2890 2113 2946 hanc
2137 2892 2185 2946 ei
2211 2891 2410 2961 posuit
2430 2908 2497 2946 ex
2518 2895 2758 2962 argento
2787 2907 2931 2961 puro
2963 2891 3320 2959 inauratam,
3348 2907 3482 2946 cum
3506 2892 3615 2947 hac

1965 2980 2386 3051 inscriptione:
2420 2981 2654 3035 FILIUS
2700 2979 2891 3035 MEUS
2933 2979 3226 3036 INJUSTE
3262 2980 3612 3036 NECATUS.

1962 3069 2081 3124 Hae
2147 3069 2328 3141 igitur
2392 3075 2584 3124 erecta
2649 3074 2881 3134 statua,
2951 3068 3357 3139 pmnitentium
3427 3087 3609 3138 more,

1961 3174 2202 3230 corpore
2230 3162 2288 3214 et
2319 3157 2508 3230 capite
2557 3157 2857 3222 inclinato,
2889 3156 3126 3212 sceleris
3168 3158 3396 3212 veniam
3429 3175 3463 3213 a
3494 3157 3609 3213 Deo

1961 3246 2335 3318 efflagitabat.
2373 3246 2656 3301 Caeterum
2704 3245 2940 3316 reliquae
2983 3250 3190 3301 statuis
3222 3251 3362 3301 sunt
3391 3247 3607 3318 Severi,

1962 3335 2270 3403 Harmatii,
2323 3335 2622 3406 Zeuxippi,
2656 3334 2974 3405 Vigilantii,
3025 3335 3124 3406 qui
3175 3334 3467 3406 Viglentia
3515 3353 3609 3391 ex-

1961 3423 2196 3493 struxit,
2236 3429 2294 3478 et
2341 3422 2661 3478 Eleutherii
2721 3421 2922 3494 palatii
2982 3428 3222 3479 senatus
3270 3425 3606 3481 conditoris.

202 3516 325 3572 Has
355 3530 556 3571 omnes
587 3518 814 3570 statuas
845 3512 1270 3571 Constantinus
1297 3516 1543 3585 Magnus
1574 3513 1719 3586 erigi
1749 3515 1993 3583 curavit,
2024 3529 2172 3585 quas
2203 3517 2405 3584 postea
2434 3513 2545 3568 sub
2576 3510 2816 3568 Valente
2848 3512 3042 3567 Ariani
3075 3529 3206 3568 cum
3239 3512 3608 3585 reperissent,

202 3612 365 3662 terra
399 3605 742 3661 obruerunt.

200 3715 330 3774 Πῶς
375 3711 440 3766 οὑ
486 3706 827 3765 δαπανῶνται
877 3707 966 3784 τάΔ
988 3708 1152 3784 τείχη
1199 3715 1302 3778 τῆς
1345 3707 1584 3776 πόλεως,
1614 3709 1681 3763 τά
1709 3708 1856 3783 παρά

883 3779 1177 3852 θαλάσσης.

278 3869 484 3940 Κτίζων
561 3866 620 3924 δὲ
701 3869 801 3938 τήν
877 3868 1041 3925 πόλιν
1098 3871 1126 3924 6
1184 3869 1358 3946 Μέγας
1429 3872 1852 3939 Κωνσταντῖνος,

201 3955 362 4020 ὄντος
417 3963 512 4014 106
564 3954 734 4013 τόπου
792 3955 1128 4033 πετρώδους,
1183 3959 1272 4013 καὶ
1339 3955 1644 4031 μὲλλρντος
1690 3957 1854 4012 αὑτοῦ

200 4047 414 4120 ἔξισοῦν
470 4048 609 4123 πρὸς
664 4046 727 4100 τὸ
783 4047 980 4116 κτίζειν
1013 4047 1140 4109 τοὺς
1199 4041 1474 4120 ἐμϐόλους
1520 4045 1611 4101 καὶ
1646 4046 1853 4121 ἒξάερα,

209 4137 507 4199 κόπτοντες
540 4137 591 4191 οἱ
621 4133 862 4206 λιθοξόοι
891 4137 980 4190 καὶ
1038 4137 1270 4209 λατόμοι
1318 4136 1415 4198 τὰς
1466 4136 1704 4212 κορυφάς
1745 4140 1852 4190 τῶν

201 4224 792 4302 πετρῶν,κατεκύλιον
840 4224 969 4290 τοὺς
1017 4223 1206 4290 λίθους
1236 4224 1362 4287 τοὺς
1419 4226 1704 4298 κειμένους
1752 4223 1855 4295 ἔξω

197 4321 312 4373 τῶν
357 4320 559 4391 τειχῶν
613 4315 718 4370 ἀπὸ
758 4321 860 4384 τῆς
907 4311 1215 4389 Βαρϐάρας,
1252 4317 1418 4391 μέχρι
1450 4318 1547 4369 106
1578 4312 1854 4370 Παλατίου

199 4407 292 4462 καὶ
350 4410 455 4460 τῶν
510 4409 754 4482 Σοφιῶν·
784 4405 871 4458 καὶ
933 4408 1041 4458 τῶν
1091 4403 1457 4480 Ἐλευθερίου,
1496 4403 1661 4479 μέχρι
1713 4424 1856 4480 χρυ-

204 4494 323 4557 σίας
352 4514 364 4526 ·
399 4493 489 4548 καὶ
549 4492 748 4557 ἔσωθεν
806 4496 915 4548 τῶν
968 4491 1150 4547 αὑτῶν
1213 4491 1380 4548 λίθων
1410 4491 1574 4563 ἔπηξε
1600 4493 1666 4548 τὰ
1694 4493 1852 4569 τείχη

202 4583 282 4646 εἷς
337 4581 590 4652 διάστιξι)
647 4586 744 4637 τοῦ
802 4583 1024 4656 τείχους
1076 4582 1163 4636 καὶ
1217 4582 1376 4652 πῆξιν
1466 4581 1650 4651 αὑτοῦ,
1711 4580 1860 4644 ὅπως

2072 3711 2250 3780 Quare
2279 3713 2431 3766 muri
2459 3710 2737 3765 maritimi
2763 3709 2922 3765 urbis
2951 3725 3056 3766 non
3087 3717 3501 3764 consumantur.

2035 3875 2175 3927 Cum
2208 3871 2623 3927 Constantinus
2673 3874 2916 3943 Magnus
2967 3870 3171 3925 urbem
3223 3868 3372 3924 hanc
3402 3870 3614 3926 conde-

1967 3965 2072 4030 ret,
2096 3969 2150 4016 el
2178 3960 2372 4016 locum
2403 3965 2604 4032 utpote
2627 3977 2925 4030 saxosum,
2951 3960 3020 4014 ad
3054 3959 3317 4032 porticus
3347 3960 3618 4030 atriaque

1963 4050 2360 4106 construenda
2409 4049 2784 4121 complanare
2815 4049 3006 4116 vellet,
3041 4048 3303 4120 lapicidas
3355 4065 3420 4104 ac
3469 4049 3617 4105 scal-

1965 4145 2163 4212 ptores
2219 4139 2430 4197 excisis
2484 4146 2780 4212 petrarum
2849 4139 3118 4212 apicibus
3173 4138 3398 4211 lapides
3456 4143 3620 4194 extra

1967 4246 2170 4286 muros
2228 4232 2491 4302 jacentes
2559 4229 3010 4299 convolvebant,
3074 4247 3106 4284 a
3164 4233 3331 4300 porta
3393 4233 3619 4284 Sanctis

1966 4320 2232 4374 Barbara:
2283 4319 2354 4375 ad
2406 4318 2687 4390 palatium
2739 4334 2948 4390 usque,
2978 4323 3033 4372 et
3082 4322 3315 4389 portum
3369 4317 3620 4389 SOpbia-

1967 4425 2131 4476 num,
2155 4427 2187 4462 a
2207 4413 2374 4480 portu
2401 4415 2593 4463 autem
2620 4407 2960 4472 Eleutherii,
2987 4408 3057 4462 ad
3084 4413 3309 4480 portam
3337 4409 3617 4462 Auream:

1969 4514 2033 4552 ac
2091 4497 2245 4552 intra
2302 4497 2537 4552 eosdem
2605 4496 2834 4568 lapides
2893 4513 3100 4551 murus
3154 4497 3428 4551 conditus
3488 4495 3620 4564 fuit,

1970 4604 2085 4658 quo
2137 4586 2407 4641 remotior
2434 4602 2501 4640 ac
2533 4585 2776 4641 solidior
2805 4589 2979 4653 esset,
3014 4591 3080 4641 ut
3125 4586 3409 4657 agitatum
3460 4599 3622 4638 mare

201 4673 581 4744 κυμαινομίνη
642 4673 677 4741 ἡ
741 4669 982 4735 θάλασσα
1039 4669 1114 4732 εἷς
1168 4671 1264 4732 τάς
1322 4669 1522 4746 πέτρας
1585 4669 1853 4747 κρούσασα

1976 4656 2180 4731 iisdem
2226 4675 2522 4746 lapidibus
2573 4674 2824 4740 illisum,
2875 4675 3059 4729 muris
3108 4673 3483 4746 tranquillius
3532 4673 3621 4728 af-

203 4759 382 4838 γαλην
395 4764 468 4830 ιᾷ.

205 4875 505 4953 ἰιλρσιενίουΔ
568 4879 816 4952 μοναχοῦ
900 4875 970 4953 τά
1047 4875 1399 4953 Στρογγύλου
1482 4882 1582 4953 τῆς
1665 4881 1857 4953 μονῆς,

283 4945 538 5026 ξλιήγησίς
570 4945 580 4951 ⁷
613 4945 750 5026 τις”
786 4951 982 5024 μερική
1063 4945 1249 5024 οὗπερ
1285 4951 1319 5019 ἠ
1403 4949 1542 5022 μονὴ
1625 4945 1860 5026 πὲφυκεν

285 5017 478 5093 ἄντρον
506 5019 543 5089 ἢ
573 5019 760 5096 πέτρα.

287 5119 400 5192 Πρὸ
427 5115 620 5193 ὀλίγου
649 5116 856 5193 χρόνου
887 5113 954 5186 δὴ
1007 5115 1058 5172 ἰν
1107 5122 1224 5180 τοῖς
1270 5117 1552 5174 ἔνεστῶσιν
1595 5116 1861 5180 ἐνιαυτοῖς

207 5205 401 5281 γᾶγονὲ
456 5227 509 5261 τι
569 5206 714 5279 ξενον
767 5204 857 5260 καὶ
911 5205 1190 5280 θαύματος
1235 5204 1378 5278 ἄξιον
1408 5227 1420 5241 ·
1453 5206 1543 5261 καὶ
1589 5206 1689 5283 γάρ
1720 5207 1863 5262 ἀπά-

211 5295 402 5370 ραντές
458 5315 601 5356 τινες
657 5298 755 5350 106
811 5294 1086 5371 παραλίου
1138 5294 1337 5372 μέρους
1385 5300 1482 5351 106
1516 5301 1732 5363 Στενοῦ,
1774 5295 1864 5351 καὶ

209 5382 349 5458 πρός
379 5402 429 5438 τι
463 5381 706 5454 νησίδιον
737 5383 830 5438 τὸν
877 5383 1160 5440 ἀπόπλουν
1213 5389 1497 5449 ποιοῦντες
1546 5384 1622 5449 εἷς
1664 5383 1864 5457 ἐξώνη-

213 5493 296 5528 σιν
365 5476 474 5527 τῶν
544 5471 727 5535 αὐτοῖς
795 5470 1108 5548 χρειωδῶν,
1157 5475 1533 5536 καταστάσεως
1598 5471 1864 5544 εὑδιεινῆς

211 5560 620 5637 τυγχανούσης,
655 5560 745 5615 καὶ
795 5561 941 5636 παρὰ
985 5562 1076 5616 τὸν
1118 5561 1370 5638 αἰγιαλὸν
1413 5567 1509 5618 106
1539 5566 1640 5628 τῆς
1676 5562 1866 5617 ἀνατο-

216 5649 323 5720 λῆς
377 5651 576 5726 μὲρους
618 5648 847 5725 ἡσύχως
898 5648 1178 5722 πλέοντες,
1238 5653 1290 5707 οἱ
1349 5651 1400 5707 ὲν
1456 5655 1536 5724 τῷ
1591 5649 1868 5726 πλοιαρίῳ

217 5738 584 5816 τυγχάνοντες
627 5739 817 5796 ναῦταί
863 5760 923 5796 τε
975 5739 1068 5795 καὶ
1097 5735 1350 5797 ἐπιϐάται
1378 5739 1582 5813 ἤκουον
1628 5749 1870 5816 κραυγῆς

1973 4764 2196 4819 ﬂueret.

1971 4879 2191 4934 Arscnii
2220 4877 2474 4933 monachi
2499 4878 2822 4932 monasterii
2866 4876 3170 4950 Strongyli,
3205 4876 3346 4950 quod
3371 4878 3431 4932 in
3463 4885 3622 4932 antro

2169 4951 2281 5005 sive
2302 4957 2455 5020 petra
2484 4951 2654 5004 situm
2684 4953 2826 5019 erat,
2857 4951 3114 5004 narratio
3142 4949 3416 5020 quaedam.

2044 5119 2259 5191 Nuper,
2290 5123 2347 5175 et
2385 5118 2601 5175 recenti
2653 5119 2938 5176 memoria
2985 5134 3197 5174 novum
3229 5116 3533 5190 quidpiam
3565 5120 3624 5173 et

1975 5208 2364 5265 admiratione
2414 5208 2659 5281 dignum
2712 5209 2944 5264 accidit.
2977 5207 3224 5274 Quidam
3273 5205 3428 5263 enim
3456 5223 3490 5261 a
3529 5204 3622 5260 lit-

1974 5303 2098 5354 tore
2146 5297 2304 5354 Steni
2355 5313 2488 5353 cum
2545 5297 2878 5365 solvissent,
2911 5303 2970 5354 et
3019 5298 3088 5352 ad
3139 5312 3377 5368 parvam
3410 5311 3624 5368 quam-

1976 5389 2109 5444 dam
2139 5386 2395 5443 insulam
2427 5388 2500 5443 ad
2533 5388 2866 5444 necessaria
2894 5386 3216 5456 coemenda
3246 5384 3620 5456 navigarent;

1977 5477 2118 5532 dum
2149 5475 2468 5547 tranquillo
2500 5477 2648 5532 mari
2688 5476 2970 5532 orientale
3000 5475 3170 5531 littus
3214 5473 3440 5547 placide
3469 5473 3623 5546 lege-

1977 5569 2151 5622 rent:
2186 5565 2289 5636 qui
2340 5565 2398 5620 in
2449 5563 2720 5619 navicula
2761 5569 2930 5620 erant
2985 5567 3174 5619 nauta:
3223 5566 3623 5632 vectoresque,

1978 5670 2174 5711 vocem
2223 5652 2432 5726 aquilas
2465 5669 2816 5725 magnopere
2859 5651 3173 5709 clamantis
3203 5657 3258 5708 et
3289 5651 3348 5706 in
3375 5650 3504 5706 vita:
3536 5651 3626 5706 di-

1980 5743 2258 5802 scrimine
2308 5743 2562 5816 graviter
2617 5740 2894 5814 lugentis,
2944 5742 3180 5815 Deoque
3227 5740 3623 5814 permittente,
