4056 6346
427 388 584 449 1283

1382 388 1780 450 APPENDIX
1825 389 1932 450 AD
1979 385 2438 450 MIGHAELEM
2482 385 2874 451 PSELLUM.

3689 391 3845 452 1384

425 524 797 598 implorantis
819 523 1124 592 auxilium,
1144 527 1516 596 acceperunt.
1541 525 1706 589 Quod
1730 541 1862 580 cum
1891 523 2071 580 anim-

2189 522 2346 576 άετοῦ
2389 519 2763 597 σφοδροτάτης
2810 523 2908 590 τήν
2959 523 3151 580 ἑαυτοῦ
3207 523 3352 593 ζωὴν
3399 519 3842 598 ἆποδυρομὲνους

428 615 834 680 advertissent,
868 615 938 670 ad
983 613 1151 670 littus
1180 631 1386 669 navem
1439 613 1766 686 appellunt,
1800 619 1858 670 et
1886 629 2075 669 rema-

426 705 805 760 manentibus
848 703 1094 768 caeteris,
1124 720 1225 759 sex
1271 709 1411 758 sunt
1456 704 1674 776 egressi
1728 704 1824 776 qui
1877 719 2073 759 vocem

428 795 553 850 avis
598 810 662 848 eo
714 809 924 864 usque,
955 793 1095 847 dum
1147 793 1723 865 appropinquassent
1751 787 1962 862 secuti,
1991 791 2075 846 vi-

424 885 633 938 derunt
665 881 923 952 aquilam
969 881 1116 936 heu!
1154 881 1442 953 serpentis
1476 881 1643 954 plexu
1693 882 1774 936 ita
1823 882 2072 936 circum-

423 973 639 1035 datam,
677 977 734 1025 ut
771 969 1016 1040 pedibus
1058 971 1383 1042 pennisque
1415 970 1729 1026 constricta
1759 975 2073 1036 teneretur,

425 1061 877 1132 proximumque
909 1064 1082 1130 esset,
1117 1063 1180 1114 ut
1211 1059 1282 1114 ab
1337 1077 1401 1115 eo
1448 1061 1842 1115 devoraretur.
1877 1061 2075 1130 Itaque

426 1149 581 1205 anxii
615 1165 748 1204 cum
799 1149 1135 1218 ignorarent
1181 1165 1294 1219 quo
1344 1155 1510 1220 pacto
1559 1153 1857 1204 servarent
1905 1148 2074 1218 aqui-

425 1239 542 1295 lam
575 1243 1026 1310 serpentemque
1066 1238 1478 1305 interficerent,
1513 1239 1779 1309 protinus
1830 1238 2076 1293 redeunt

424 1329 495 1384 ad
531 1345 733 1383 navem
769 1344 881 1382 non
913 1327 994 1381 ita
1026 1326 1224 1398 procul
1249 1327 1542 1394 dissitam,
1567 1328 1932 1399 arreptisque
1968 1327 2074 1381 for-

423 1417 653 1489 cipibus
684 1434 749 1472 ac
781 1417 990 1488 gladiis
1023 1416 1272 1488 aliisque
1313 1416 1445 1471 telis
1477 1416 1672 1481 mneis,
1709 1433 1930 1471 necnon
1987 1417 2074 1471 fa-

423 1508 665 1562 brorum
699 1505 1034 1560 mrariorum
1065 1506 1497 1576 instrumentis,
1523 1522 1647 1577 qua:
1679 1521 1876 1561 secum
1910 1507 2075 1560 vehe-

426 1594 590 1661 bant,
623 1610 755 1647 cum
807 1592 982 1647 sociis
1017 1591 1164 1661 aliis,
1203 1593 1302 1664 qui
1351 1592 1409 1647 in
1461 1591 1728 1647 navicula
1778 1608 2072 1647 remanse-

428 1688 578 1752 rant,
610 1700 726 1738 una
777 1683 1014 1750 abeunt,
1049 1687 1219 1753 atque
1250 1683 1342 1736 his
1383 1683 1650 1737 instructi
1697 1681 1784 1736 avi
1833 1681 2074 1737 auxilia-

426 1777 550 1827 tum
581 1778 841 1828 currunt.
865 1774 1126 1842 Cumque
1149 1776 1474 1843 serpentem
1503 1771 1722 1838 eodem,
1751 1788 1864 1842 quo
1889 1772 2070 1841 prius,

426 1862 599 1916 modo
649 1862 854 1934 aquila:
914 1861 1340 1916 circumdatum
1390 1861 1766 1932 reperissent,
1818 1861 2072 1916 circum-

424 1957 749 2017 steterunt;
805 1955 862 2005 et
909 1967 1042 2006 cum
1098 1949 1409 2021 nequirent
1455 1951 1584 2020 ejus
1643 1949 1832 2021 spiras
1881 1949 2074 2021 gladio

423 2039 724 2108 impetere,
772 2040 938 2095 veriti
991 2057 1060 2094 ne
1091 2038 1348 2110 aquilam
1401 2038 1751 2104 occiderent,
1785 2037 2076 2093 succurrit

423 2129 568 2201 ipsis
614 2131 936 2184 vertebram
986 2129 1165 2200 spina:
1215 2130 1397 2196 dorsi,
1429 2145 1557 2199 quae
1607 2127 1978 2199 prominebat
2016 2132 2074 2182 et

422 2217 680 2288 aquilam
730 2219 958 2288 tegebat
1004 2217 1275 2285 exterior,
1323 2217 1642 2288 forcipibus
1693 2217 2070 2288 prehendere.

423 2307 585 2370 Quod
621 2305 718 2360 ubi
751 2305 995 2361 solerter
1043 2310 1345 2376 peractum
1393 2309 1500 2369 est,
1533 2305 1632 2360 alii
1681 2322 1814 2360 cum
1866 2306 2071 2378 opifice

423 2400 757 2467 serpentem
814 2393 1002 2448 valide
1051 2393 1625 2465 comprehenderunt
1671 2394 2072 2449 strinxerunt-

425 2501 558 2557 que.
582 2483 680 2539 Ille
704 2487 896 2537 autem
924 2500 1049 2539 sese
1071 2482 1160 2538 vel
1186 2483 1404 2538 invitus
1426 2482 1723 2555 explicuit,
1741 2487 1795 2537 et
1822 2484 2067 2537 caudam

423 2576 640 2628 terram
673 2589 876 2628 versus
907 2577 1302 2644 exporrectam
1351 2573 1409 2627 in
1460 2572 1745 2628 auxilium
1797 2573 1908 2627 sibi
1944 2589 2068 2627 mo-

422 2662 594 2717 vebat
633 2663 816 2718 donec
859 2679 891 2716 a
939 2662 1462 2717 circumstantibus
1506 2667 1595 2718 est
1643 2663 1890 2718 occisus.
1925 2662 2072 2717 Tum

423 2751 618 2823 aquila
653 2750 957 2822 paululum
1003 2767 1064 2805 se
1105 2751 1405 2819 subduxit,
1440 2751 1681 2823 alasque
1712 2768 1944 2808 movere
1974 2768 2070 2804 vo-

420 2841 531 2896 luit
562 2858 665 2896 nec
699 2839 904 2911 potuit,
939 2841 1080 2894 adeo
1131 2841 1320 2896 fuerat
1366 2840 1512 2895 male
1545 2857 1576 2894 a
1609 2847 1878 2912 serpente
1909 2857 2072 2896 accc-

422 2935 538 3002 pta.
575 2934 774 2984 Nautaa
819 2945 952 2984 vero
983 2934 1362 3000 vectoresque
1406 2928 1606 2984 relicta
1637 2928 1835 3001 aquila
1866 2929 1935 2984 ad
1971 2947 2071 2984 na-

420 3036 548 3074 vem
583 3019 828 3086 rediere,
853 3017 968 3074 laati
1001 3018 1318 3072 admodum
1351 3017 1488 3089 quia
1521 3035 1681 3074 avem
1716 3017 2069 3073 incolumem

421 3109 856 3181 praestitissent.
926 3108 1304 3178 Rursumque
1371 3107 1503 3162 inde
1569 3107 1895 3179 solverunt,
1967 3123 2071 3163 nec

421 3198 614 3254 stadia
663 3198 777 3253 duo
841 3197 1069 3251 fuerant
1115 3197 1339 3252 emensi
1369 3198 1458 3267 (ut
1505 3213 1638 3252 cum
1682 3198 2070 3269 jurejurando

2185 609 2298 681 καὶ,
2345 612 2460 665 κατ’
2511 611 2823 684 οἰκονομίαν
2881 616 3036 681 Θεοῦ,
3082 614 3172 668 τὸν
3240 612 3591 687 βοηθήσαντα
3649 611 3841 666 ἀνακα-

2187 697 2480 772 λουμένου.
2517 701 2586 757 O'l.
2643 699 2734 756 οὖν
2795 697 2985 776 ἄνδρες
3055 702 3106 756 0i
3151 699 3201 756 ἐν
3264 705 3342 771 τῷ
3387 699 3668 775 πλοιαρίῳ
3717 721 3844 774 προ-

2184 789 2409 862 σχόντες
2460 788 2548 842 καὶ
2596 788 2778 861 τούτῳ
2829 789 2964 864 πρὸς
3022 789 3114 844 τὸν
3167 787 3419 863 αἰγιαλὸν
3467 786 3842 850 ἐποκείλαντες

2184 875 2411 949 ἐξῆλθον
2452 877 2545 931 τὸν
2601 877 2831 951 αριθμὸν
2870 877 2947 948 ἓξ,
2977 882 3082 933 τῶν
3131 876 3343 932 λοιπῶν
3395 878 3842 953 προσμεινάντων

2185 964 2235 1020 ἐν
2286 970 2354 1039 τῇ
2400 966 2515 1037 νηὶ,
2549 967 2636 1020 καὶ
2685 970 2752 1040 τῇ
2804 971 2958 1044 φωνῇ
3019 965 3560 1036 ἐπακολουθήσαντες
3612 967 3709 1020 τοῦ
3752 967 3836 1041 όρ-

2185 1053 2328 1128 νίου,
2361 1056 2451 1110 καὶ
2504 1054 2905 1126 πλησιάσαντες
2954 1055 3122 1129 αὐτῷ,
3174 1055 3340 1128 εἶδον,
3389 1061 3508 1134 φεῦ,
3554 1056 3647 1110 τὸν
3696 1057 3843 1111 ἀετὸν
4006 1054 4007 1142 ί

2187 1145 2290 1199 ὑπὸ
2319 1149 2416 1199 τοῦ
2470 1140 2644 1222 ὄφεως
2696 1143 3223 1220 περικυκλούμενον,
3255 1146 3384 1208 τους
3427 1165 3486 1199 τε
3535 1141 3711 1206 πόδας
3763 1145 3846 1198 καὶ
4006 1149 4007 1164 ³

2181 1235 2248 1288 τὰ
2293 1235 2480 1310 πτερά,
2517 1233 2654 1288 ὥστε
2705 1233 2982 1306 μέλλοντα
3030 1234 3154 1289 ὅσον
3205 1230 3360 1288 οῧπω
3418 1235 3619 1309 βρῶμα
3647 1233 3730 1305 τῷ
3761 1233 3847 1308 ἐρ-

2183 1328 2329 1395 πετῷ
2385 1324 2475 1378 τὸν
2538 1323 2696 1378 αὐτὸν
2752 1319 2896 1398 ὄρνιν
2948 1323 3215 1400 γενέσθαι.
3250 1322 3341 1387 Εἷς
3371 1323 3599 1400 ἀπορίαν
3631 1322 3724 1377 οὖν
3758 1322 3847 1377 ἄν-

2185 1409 2304 1486 δρες
2363 1411 2712 1485 ἐμπεσόντες,
2752 1414 2842 1467 καί
2903 1412 2952 1469 ἐν
3017 1411 3304 1487 ἂμηχανίᾳ
3361 1413 3669 1487 γενέμενοι,
3730 1416 3844 1473 πῶς

2187 1502 2280 1572 μὲν
2307 1502 2398 1556 τὸν
2430 1500 2580 1556 άετὸν
2605 1502 2729 1576 ὑγιῆ
2763 1500 3010 1573 ἐξελῶσι,
3042 1502 3132 1557 τὸν
3165 1499 3223 1556 δὶ
3281 1498 3401 1579 ὅφιν
3456 1500 3840 1569 ἀποκτείνωσι,

2183 1589 2678 1661 παλινοστήσαντες
2731 1590 2880 1653 αὖθις
2920 1593 3079 1667 τάχει
3129 1589 3350 1664 πολλῷ,
3381 1591 3517 1665 πρὸς
3566 1592 3670 1660 τήν
3717 1595 3840 1644 ναῦν

2182 1679 2574 1754 παραγίνονται
2631 1679 2694 1733 οὐ
2751 1679 2941 1757 πόρρω
3001 1680 3398 1756 τυγχάνουσαν,
3429 1679 3521 1735 καὶ
3571 1674 3840 1734 ἀναλαϐό-

2187 1789 2338 1840 μενοι
2389 1768 2420 1821 Et
2461 1766 2782 1846 ἐπεφέροντο
2845 1763 3073 1838 ξυλάϐια
3129 1767 3217 1823 καὶ
3277 1768 3400 1846 ξίφη
3455 1769 3547 1823 καὶ
3600 1767 3844 1842 ἑταίρους

2184 1856 2381 1928 αὐτῶν,
2412 1856 2536 1918 τοὺς
2588 1857 2637 1911 ἐν
2687 1862 2766 1930 τῷ
2814 1856 3018 1930 πλοίῳ,
3048 1857 3139 1911 καί
3189 1879 3308 1912 τινα
3357 1855 3568 1932 χαλκέα
3602 1857 3722 1930 μετ’
3749 1855 3842 1911 αὖ·

2183 1951 2314 2014 τῶν,
2352 1948 2485 2018 μετά
2513 1944 2619 2001 τῶν
2654 1946 2968 2021 προσόντων
3020 1946 3195 2002 αὐτῶν
3243 1944 3620 2022 χαλκευτικῶν
3681 1945 3842 2022 ἐργα-

2185 2033 2344 2107 λίων,
2405 2035 2840 2110 συναπαίρονται,
2902 2035 2991 2090 καὶ
3061 2030 3582 2111 συμπαραλαϐόντες
3655 2038 3839 2103 τοῦτο,

2185 2125 2446 2198 ὥρμησαν
2504 2122 2812 2187 σπουδαίως
2881 2125 2955 2186 εἷς
3025 2122 3229 2198 ἄμυναν
3298 2128 3395 2179 τοῦ
3469 2123 3701 2200 ὀρνέου⁴
3751 2124 3839 2178 καὶ

2185 2213 2430 2287 εὑρόντες
2469 2210 2633 2267 πάλιν
2683 2211 2775 2268 τὸν
2829 2209 2950 2292 ὅφιν
2989 2212 3163 2278 οὕτως
3206 2210 3429 2290 ἔχοντα,
3477 2212 3568 2268 καὶ
3618 2233 3839 2288 περικυ-

2182 2301 2488 2366 κλώσαντες
2519 2302 2701 2370 αὐτὸν,
2735 2301 2834 2357 οὐκ
2864 2304 3012 2379 εἶχον
3058 2303 3207 2365 ὅπως
3254 2310 3353 2372 τῆς
3390 2301 3587 2357 τούτου
3634 2300 3832 2363 διπλᾶς

2182 2391 2481 2469 ἐφάψασθαι
2527 2389 2617 2446 διὰ
2669 2391 2997 2469 ξίφους,⁹ίνα
3047 2394 3123 2464 μῆ
3174 2392 3267 2447 τὸν
3315 2392 3468 2446 ἀετὸν
3504 2392 3832 2469 ἀφανίσωσι.

2184 2480 2514 2537 Σκὲπτονται
2563 2479 2652 2536 οὖν
2698 2482 2789 2536 τὸν
2852 2479 3152 2538 σπόνδυλον
3220 2481 3694 2557 ὑπερανεστηκότα
3741 2479 3838 2536 τοῧ

2185 2569 2373 2646 ὀρνέου
2421 2571 2554 2642 μετᾶ
2598 2569 2694 2625 του
2745 2569 3002 2646 ἐργαλίου
3051 2577 3319 2645 κρατῆσαι
3357 2588 3374 2606 ο
3404 2571 3432 2625 ’ὀ
3483 2567 3550 2639 δὴ
3601 2571 3691 2624 καὶ
3747 2573 3839 2646 γὲν

2181 2681 2332 2736 γονεν
2383 2661 2614 2738 εὐφυῶς,
2663 2661 2753 2715 καὶ
2801 2655 3320 2736 συμπαραλαϐόντες
3369 2660 3458 2714 καὶ
3507 2658 3686 2734 ἕτεροι
3744 2660 3836 2713 συν

2180 2755 2260 2823 τῷ
2316 2750 2566 2825 τεχνίτῃ,
2616 2749 2826 2805 ἐπίεσαν
2879 2751 2970 2805 τὸν
3025 2747 3145 2828 ὅφιν
3207 2746 3434 2828 σφόδρα,
3493 2749 3584 2804 καὶ
3641 2750 3842 2812 ευθέως

2184 2838 2325 2894 ἄκων
2380 2835 2759 2907 άνεδιπλοῧτο,
2792 2840 2882 2894 καὶ
2923 2839 3000 2902 εἷς
3047 2841 3147 2909 την
3197 2846 3298 2914 γῆν
3352 2838 3595 2910 ἐξήπλου
3643 2838 3707 2894 τὸ
3748 2837 3839 2892 οὗ-

2183 2933 2334 3002 ραῖον
2369 2928 2556 2996 αὐτοῦ,
2588 2933 2747 2982 κινῶν
2783 2928 2856 2992 εἰς
2909 2930 3165 3004 βοήθειαν
3215 2927 3400 2986 αὐτοῦ.
3429 2929 3497 2986 Oi
3547 2927 3605 2982 δὶ
3655 2924 3842 2999 ἄνδρες

2180 3021 2370 3072 τοῦτον
2430 3017 2745 3072 άπὲκτειναν
2793 3037 2809 3054 ο
2867 3019 2956 3072 καὶ
3011 3020 3038 3073 ὁ
3095 3018 3248 3078 ἀετὸς
3311 3018 3501 3092 μικρὸν
3569 3017 3836 3078 ὑπεκστὰς

2181 3105 2532 3183 ἐπτερύσσετο
2569 3108 2686 3181 μὲν,
2722 3106 2821 3162 οὐκ
2850 3105 3086 3177 ἠδύνατο
3114 3105 3193 3172 δὲ,
3226 3108 3361 3162 κατά
3389 3105 3532 3161 πολῦ
3581 3106 3684 3160 ὑπὸ
3733 3110 3833 3160 τοῦ

2183 3191 2358 3272 ὄφεως
2407 3196 2934 3270 τεταλαιπωρηκώς.
2985 3198 3086 3252 Καὶ
3134 3195 3382 3258 ἐάσαντες
3433 3196 3620 3265 αὐτὸν,
3673 3193 3838 3250 πάλιν

423 3285 760 3342 affirmabat
809 3285 1154 3350 monachus)
1191 3301 1348 3352 cum,
1381 3301 1495 3340 non
1545 3285 1626 3340 ita
1675 3285 1860 3340 multo
1910 3291 2072 3357 post-

2188 3287 2619 3362 άνθυπέστρεψαν
2669 3286 2746 3350 εἷς
2783 3288 2881 3356 τήν
2934 3290 3082 3359 ναῦν,
3137 3285 3425 3362 χαίροντες
3476 3283 3561 3339 ἐπὶ
3613 3288 3683 3358 τῇ
3741 3290 3841 3340 τοῦ

422 3392 596 3448 quam
653 3375 929 3444 navigare
987 3373 1317 3445 cmpissent,
1369 3375 1756 3446 eamdemque
1810 3375 2069 3446 aquila'n

419 3467 548 3520 tum
580 3468 770 3518 nauta:
805 3469 929 3518 tum
952 3467 1212 3518 vectores
1241 3481 1420 3535 supra
1445 3479 1506 3518 se
1538 3463 1730 3519 volare
1761 3481 2074 3536 conspexe-

419 3559 581 3619 runt,
615 3558 672 3608 et
703 3569 732 3608 e
764 3551 904 3608 coelo
936 3552 994 3607 in
1027 3552 1211 3607 imum
1263 3569 1423 3608 mare
1470 3554 1824 3609 descendere
1873 3555 2072 3609 subla-

419 3647 660 3715 tamque
721 3645 1016 3697 lauracam
1077 3643 1376 3713 ingentem
1434 3643 1691 3714 piscem,
1746 3643 1803 3697 in
1865 3660 2070 3699 navem

418 3732 744 3787 demittere.
781 3735 902 3797 Quo
935 3729 1164 3786 attoniti
1209 3730 1564 3802 spectaculo,
1598 3732 1841 3803 gratias,
1877 3737 1939 3787 ut
1971 3751 2075 3804 par

419 3825 564 3889 erat,
598 3821 712 3876 Deo
743 3825 1011 3892 egerunt,
1046 3819 1148 3892 qui
1190 3819 1365 3875 talem
1411 3820 1784 3891 prudentiam
1819 3825 1875 3875 et
1905 3838 2074 3892 saga-

419 3910 658 3965 citatem
701 3909 788 3965 vel
839 3909 1044 3965 avibus
1096 3908 1425 3964 indidisset.
1463 3909 1578 3980 Ipsi
1629 3909 1814 3981 gloria
1862 3911 1920 3965 in
1969 3929 2075 3966 saa-

417 3998 570 4064 cula,
605 4004 811 4055 Amen.
840 3999 1112 4070 Aquilam
1155 4002 1352 4054 autem
1383 3997 1520 4053 dein
1553 3998 1808 4071 amplius
1842 4015 1956 4054 non
1993 4000 2076 4054 vi-

417 4089 653 4144 derunt.

2183 3377 2339 3432 ἆετοῦ
2390 3374 2688 3450 ἐλευθερίᾳ.
2723 3377 2826 3432 Καὶ
2875 3372 3041 3430 πάλιν
3086 3373 3547 3445 ἀποπλεύσαντες,
3587 3374 3678 3428 καὶ
3729 3376 3839 3446 μή·

2182 3487 2268 3519 πω
2317 3461 2566 3526 σταδίους
2615 3461 2712 3519 δύο
2761 3461 3204 3532 διαπλεύσαντες,
3253 3464 3327 3525 ὡς
3388 3461 3775 3537 ἀφηγούμενος
3811 3464 3838 3516 ὁ

2187 3555 2429 3628 μοναχὸς
2486 3553 2658 3624 ἐξεῖπε
2717 3555 2832 3626 μεθ’
2890 3552 3077 3628 ὅρκου,
3138 3554 3220 3607 δτι
3279 3552 3570 3628 ἀρξάμενοι
3629 3549 3840 3621 πλέειν,

2183 3640 2326 3697 εἶδον
2372 3643 2462 3696 τὸν
2512 3642 2671 3696 αὐτὸν
2719 3642 2870 3696 ἀετὸν
2926 3642 3058 3716 ὑπὲρ
3106 3639 3306 3704 ἄνωθεν
3346 3645 3453 3694 τῶν
3486 3645 3698 3695 ναυτῶν
3751 3640 3845 3694 καὶ

2187 3731 2400 3785 λοιπῶν
2447 3728 2655 3805 ἀνδρῶν
2713 3731 3175 3808 παραγενόμενον,
3221 3730 3311 3784 καὶ
3361 3731 3446 3808 ἀφ’
3493 3730 3662 3802 ὕψους
3707 3732 3845 3784 κατᾶ

2182 3825 2279 3876 τοῦ
2316 3821 2512 3896 βάθους
2541 3827 2641 3890 τῆς
2683 3819 2957 3891 Θαλάσσης
3012 3818 3365 3887 κατελθόντα,
3399 3819 3491 3874 καὶ
3540 3818 3848 3895 λαόρακαν,

2188 3909 2344 3984 ξ’χθὺν
2387 3909 2738 3985 παμμεγέθη,
2773 3907 3129 3982 ἀνελόμενον,
3159 3909 3248 3963 καὶ
3302 3907 3378 3970 είς
3423 3910 3522 3975 τήν
3573 3912 3703 3962 ναῦν
3755 3929 3849 3962 κε-

2188 3997 2494 4074 γαλακότα.
2537 3999 2603 4056 Οἱ
2658 3995 2714 4054 δὶ
2764 3995 2953 4074 ἄνδρες
3000 4002 3160 4053 τοῦτο
3213 3995 3438 4069 ἰδόντες,
3489 3998 3577 4052 καὶ
3635 3998 3850 4071 θαυμά-

2191 4108 2396 4155 σαντες,
2436 4087 2872 4164 ηὖχαρίστησαν,
2925 4087 3002 4149 ὡς
3056 4087 3223 4156 εἰκὸς,
3267 4091 3346 4159 τῷ
3388 4091 3527 4158 Θεῷ,
3581 4091 3660 4157 τῷ
3704 4106 3850 4160 παρ-

415 4176 676 4252 εσχηκότι
722 4176 810 4231 καὶ
857 4182 972 4238 τοῖς
1020 4175 1228 4251 ὀρνέοις
1276 4196 1534 4246 τοιαυτην
1594 4175 1856 4252 φρόνησίν
1903 4196 1961 4231 τε
1990 4177 2080 4232 καὶ
2113 4175 2321 4233 σύνεσιν
2358 4196 2371 4210 ⁸
2408 4178 2453 4250 ᾧ
2484 4180 2518 4247 ἡ
2553 4174 2680 4250 δόξα
2713 4176 2789 4240 εἷς
2823 4175 2952 4240 τοὺς
2983 4176 3205 4240 αίῶνας.
3240 4177 3441 4249 Ἀμήν.
3473 4176 3574 4231 Τὸν
3605 4172 3662 4230 δὶ
3694 4175 3847 4232 ἀετὸν

416 4260 602 4321 ἔκτοτε
633 4267 736 4322 οὐκ
767 4264 844 4320 ἔτι
877 4264 1184 4330 ἐθεάσαντο.

421 4385 630 4440 Titulus
659 4401 890 4455 sequens
935 4400 1227 4456 perperam
1258 4386 1542 4454 appositus
1571 4385 1701 4455 fuit,
1737 4400 1864 4438 nam
1897 4400 2017 4454 quae
2054 4392 2378 4456 sequuntur,
2412 4401 2524 4441 non
2554 4386 2828 4455 originem
2859 4400 2955 4440 seu
2986 4385 3284 4440 historiam
3339 4382 3476 4439 aedis
3522 4382 3847 4455 Sophianm,

487 4457 580 4528 sed
611 4461 795 4511 varias
826 4472 932 4518 res,
965 4471 1090 4527 qua:
1136 4457 1232 4510 sub
1263 4457 1561 4511 Anastasio
1609 4457 1825 4528 Dicor-0,
1868 4456 2083 4510 Iustino
2141 4457 2340 4512 Thrace
2387 4473 2448 4512 ac
2494 4459 2811 4513 Iustiniano
2861 4457 3200 4527 acciderunt,
3247 4457 3581 4513 continent:
3611 4459 3853 4528 suntque

489 4527 672 4583 veluti
699 4531 959 4598 excerpta
990 4527 1244 4598 quwdam
1275 4545 1345 4582 ea:
1375 4530 1547 4582 variis
1581 4527 1864 4582 Chronicis
1897 4529 1956 4582 in
1989 4544 2159 4582 unum
2188 4530 2431 4584 collecta.

420 4641 582 4714 Origo
609 4660 704 4699 seu
744 4643 977 4716 historia
1018 4644 1380 4698 sanctissimae
1411 4643 1625 4716 Magna
1667 4643 1765 4697 Dei
1807 4643 2074 4711 ecclesiae,

2188 4643 2261 4698 Τά
2295 4643 2494 4716 πάτρια
2521 4649 2621 4716 τῆς
2644 4640 3064 4716 ἀγιῳτάτηςτοῦ
3086 4646 3220 4716 Θεοῦ
3244 4638 3501 4716 Μεγάλης
3527 4638 3847 4710 ἐκκλησίας,

872 4715 1119 4772 videlicet
1149 4718 1355 4770 sancta
1383 4715 1626 4784 Saphiae.

495 4826 829 4896 Imperante
887 4824 1220 4892 Anastasio,
1269 4821 1580 4877 Deutcrius
1638 4821 1898 4894 Byzantii
1956 4821 2078 4893 epi-

424 4930 640 4986 scopus
671 4914 948 4981 Arianus,
982 4929 1164 4968 ausus
1215 4917 1306 4967 est
1351 4911 1544 4967 dicere
1575 4927 1587 4967 :
1623 4911 1960 4983 Baptizatur
1991 4911 2082 4967 hic

422 5003 481 5059 in
519 5003 756 5058 nomine
808 5003 1021 5067 Patris,
1056 5017 1155 5072 per
1206 5000 1438 5068 Filium,
1473 5001 1531 5055 in
1583 5006 1786 5056 sancto
1837 5001 2080 5072 Spiritu,

421 5097 480 5148 et
510 5092 818 5148 confestim
869 5091 1096 5162 piscina
1127 5090 1373 5145 exaruit.
1411 5089 1702 5144 Barbarus
1733 5094 1922 5144 autem
1959 5090 2080 5158 [qui

421 5181 852 5252 baptizabatur]
885 5180 1096 5235 timore
1129 5184 1461 5250 correptus,
1496 5179 1694 5234 nudus
1725 5178 1976 5250 aufugit,
2003 5179 2082 5234 ita

423 5275 490 5325 ut
517 5271 653 5325 inde
685 5267 1040 5325 miraculum
1068 5267 1463 5339 evulgaretur.

497 5359 643 5414 Cum
679 5360 794 5413 duo
825 5357 1108 5430 episcopi,
1128 5357 1437 5412 Anastasio
1468 5355 1816 5428 imperante,
1840 5356 1910 5409 de
1935 5355 2081 5426 dog-

427 5453 582 5504 mate
613 5449 1008 5520 disputarunt,
1034 5463 1285 5519 quorum
1329 5463 1481 5502 unus
1524 5445 1902 5513 orthodoxus,
1936 5446 2084 5500 alter

423 5538 675 5594 Arianus
706 5540 858 5606 erat,
881 5537 1244 5609 Arianusque
1267 5535 1583 5592 dialectica:
1609 5535 1860 5607 peritus;
1884 5533 2079 5590 ortho-

423 5627 611 5682 doxus
642 5643 777 5682 vero
808 5625 1121 5682 dialectica:
1156 5625 1393 5697 quidem
1436 5625 1778 5696 imperitus;
1813 5624 1911 5679 sed
1951 5623 2081 5695 pius

423 5714 734 5786 fidelisque
773 5718 953 5770 esset.
985 5714 1293 5785 Proposuit
1337 5713 1721 5783 orthodoxus,
1753 5716 1819 5767 ut
1858 5713 2083 5769 omissa

2600 4711 2817 4785 δηλαδή
2850 4718 2949 4780 τῆς
2981 4715 3165 4789 Ἀγίας
3201 4711 3425 4791 Σοφίας.

2259 4820 2381 4874 Έπῖ
2439 4824 2537 4886 τῆς
2619 4820 2896 4896 βασιλείας
2965 4825 3063 4877 τοῦ
3143 4819 3413 4898 βασιλέως
3464 4819 3847 4885 Ἀναστασίου,

2192 4911 2472 4985 Δευτὲριος
2521 4909 2816 4972 ἐπίσκοπος
2867 4910 3162 4980 Βυζαντίου
3207 4909 3486 4984 Ἀρειανὸς
3537 4905 3848 4979 ἐτόλμησεν

2193 4998 2362 5053 εἰπεῖν
2399 5018 2411 5031 ·
2462 4999 2785 5069 Βαπτίζεται
2833 4997 2924 5054 ὅδε
2981 5000 3057 5061 εἷς
3117 5000 3180 5054 τὸ
3238 4995 3411 5071 ὄνομα
3468 4999 3566 5052 τοῦ
3613 4997 3848 5070 Ματρὸς,

2193 5085 2262 5142 δι’
2306 5089 2456 5156 Υίυῦ,
2507 5087 2558 5143 ἐν
2620 5088 2761 5164 ἁγίῳ
2821 5087 3093 5161 Πνεύματι
3125 5109 3138 5122 ο
3173 5089 3260 5143 καὶ
3320 5088 3517 5148 εὐθέως
3577 5085 3846 5161 ἐξηράνθη

2191 5171 2647 5250 ἧκολυμϐήορα.
2679 5179 2742 5234 '0
2805 5175 2861 5232 δὲ
2904 5171 3190 5251 Βάρϐαρος
3238 5171 3482 5254 ἔμφοϐος
3529 5173 3850 5250 γενόμενος’

2190 5266 2394 5339 γυμνὸς
2427 5261 2641 5343 ἔφυγεν,
2674 5267 2748 5330 ὡς
2779 5265 2830 5336 ἐξ
2864 5267 3032 5320 αὐτοῦ
3058 5267 3362 5342 γνωσθῆναι
3387 5265 3450 5319 τὸ
3482 5267 3688 5336 θαῦμα.

2265 5353 2368 5408 Δύο
2401 5353 2492 5410 οὖν
2543 5354 2852 5410 ἐπισκόπων
2908 5351 3403 5433 ἀμφισϐητούντων
3456 5353 3577 5428 περὶ
3634 5350 3848 5427 δόγμα-

2190 5463 2281 5504 τος
2339 5441 2427 5497 ἐπὶ
2477 5444 2848 5516 Ἀναστασίου,
2893 5441 3189 5521 όρθοδόξου
3244 5443 3335 5498 καὶ
3393 5443 3675 5516 Ἀρειανοῦ
3709 5459 3723 5471 °
3758 5440 3846 5494 καὶ

2190 5536 2286 5587 τοῦ
2344 5533 2439 5605 μὶν
2472 5535 2754 5607 ’Λρειανοῦ
2805 5531 3152 5588 διαλεκτικοῦ
3201 5530 3379 5599 ὄντος,
3423 5533 3518 5586 τοῦ
3574 5525 3635 5584 δὲ
3685 5528 3848 5602 ὀρθο-

2194 5618 2350 5691 δόξου
2407 5618 2751 5678 διαλεκτικοῦ
2811 5621 2908 5676 οὐκ
2965 5619 3145 5692 ὄντος,
3199 5621 3347 5678 άλλᾶ
3410 5613 3698 5685 θεοσεϐοῦς
3757 5619 3845 5671 καὶ

2191 5714 2426 5780 πιστοῦ,
2483 5713 2512 5766 ὁ
2575 5710 2864 5788 ὀρθόθοξος
2926 5710 3278 5786 προῦτεινεν,
3336 5710 3474 5766 ὥστε
3538 5707 3846 5783 ἀφεμένους
