4056 6346
234 378 394 439 1286

1364 370 1732 437 ANONYMI
1772 370 2355 445 ANTIQUITATES
2401 373 2517 436 GP.

3490 385 3653 446 1286

224 511 343 564 τῶν
400 506 586 583 λόγων
635 504 713 570 εἰς
757 508 866 581 πῦρ
927 502 1213 577 εἰσελθεῖν,
1251 504 1343 560 καὶ
1404 502 1547 560 οὕτω
1597 499 1881 578 δειχθῆναι

2003 502 2399 576 disputatione
2437 506 2610 564 ambo
2650 506 3099 581 ingrederentur
3125 511 3185 568 in
3216 528 3420 586 pyram
3452 515 3654 589 sicque

228 599 330 654 τὸν
385 591 757 672 εὐσεϐέστερον
791 615 805 629 ⁶
868 598 966 650 τοῦ
1016 592 1075 649 δὶ
1145 595 1428 669 Ἀρειανοῦ
1475 592 1891 670 παραιτησαμέ-

229 708 354 756 νου,
388 683 648 750 εἰσελθὼν
682 686 711 740 ὁ
760 678 988 754 εὐσεϐὴς
1033 682 1124 738 καὶ
1170 683 1505 758 προσμείνας
1553 685 1622 756 τῇ
1662 680 1887 759 φλογίᾳ,

233 774 468 847 ἐξελθὼν
498 775 605 830 ἀπὸ
642 780 744 845 τῆς
794 779 970 849 πυρᾶς
1021 770 1319 850 διελέγετο,
1364 772 1455 828 καὶ
1502 772 1714 843 ἀπαθής
1758 768 1889 849 ἐφυ-

235 863 486 922 λάττετο.

313 975 605 1035 Ἰουστῖνος
665 972 695 1027 ὑ
748 970 886 1047 Θρᾲξ
946 971 974 1025 ὁ
1043 969 1207 1047 μέγας
1249 964 1593 1026 ἐϐασίλευσεν
1637 963 1730 1039 ἔτη
1777 974 1887 1033 θ’...

233 1062 459 1138 ἄριστος
501 1060 554 1116 ἐν
602 1060 970 1134 πολέμοις...,
1018 1059 1109 1115 καὶ
1152 1059 1487 1133 ᾠκειώσατο,
1520 1059 1610 1114 καὶ
1658 1078 1890 1134 στρατη-

234 1150 411 1221 λάτην
455 1149 703 1223 έτίμησε,
761 1147 853 1203 καὶ
919 1146 1227 1224 παρρησίαν
1308 1146 1455 1224 ἔχειν
1532 1147 1670 1223 πρὸς
1728 1146 1887 1202 αὑτὸν

232 1240 511 1312 ἐποίησεν.
561 1236 976 1317 Ἐδολοιρονήθη
1022 1235 1080 1292 δὶ
1130 1238 1158 1292 ὁ
1213 1236 1539 1300 Βιταλιανὸς
1587 1235 1735 1312 παρὰ
1778 1240 1885 1292 τῶν

231 1328 507 1397 πολιτῶν,
569 1327 876 1401 μηνιόντων
947 1324 1097 1400 αὑτῷ
1169 1324 1257 1381 διά
1313 1326 1413 1395 τήν
1479 1322 1885 1403 προειρημένην

232 1417 611 1474 ἐπανάστασιν.
663 1416 954 1489 Ἀμάντιον
1012 1412 1070 1471 δὲ
1123 1415 1217 1471 τὸν
1271 1414 1649 1483 πραιπόσιτον,
1688 1414 1750 1476 ’ὸς
1792 1414 1886 1469 τὸν

231 1508 363 1564 ναὸν
393 1512 490 1564 τοῦ
510 1507 667 1583 ἁγίου
722 1512 894 1580 Θωμᾶ
941 1510 1039 1561 τοῦ
1088 1505 1382 1579 Ἀμαντίου
1429 1502 1759 1577 ᾠκοδόμησε
1793 1503 1884 1559 καὶ

232 1596 512 1671 ἐκόσμησε
556 1597 792 1670 [λέγεται
855 1592 914 1650 δὲ
960 1596 1228 1670 χρήματα
1276 1593 1424 1667 αὑτῷ
1482 1591 1766 1649 δεδωκέναι
1807 1596 1888 1666 τῷ

229 1684 516 1757 ἰουστίνῳ
564 1680 678 1739 ὄντι
726 1684 933 1757 κόμητι
989 1686 1099 1738 τῶν
1148 1678 1559 1757 έξκουϐητόρων
1595 1681 1684 1737 ἐπὶ
1726 1682 1884 1738 Ἀνα-

230 1776 479 1843 στασίου,
538 1772 687 1837 ὅπως
736 1772 1022 1850 Θεόκριτον
1070 1773 1160 1827 τὸν
1210 1772 1430 1848 ἀνεψιὸν
1479 1772 1647 1827 αὑτοῦ
1690 1772 1884 1847 ἀναγο-

232 1865 405 1940 ρεὺσῃ
444 1863 521 1926 εἰς
572 1862 843 1940 βασιλέα],
890 1867 1079 1918 τοῦτον
1133 1860 1338 1957 ἀνεῖλεν
1453 1863 1763 1957 Ἰουστῖνος,
1793 1860 1884 1957 καὶ
1919 1890 1963 1957 Β

227 1954 365 2017 τοὺς
396 1954 494 2023 τήν
535 1951 822 2029 ἀνταρσίαν
873 1952 965 2006 σὺν
1014 1952 1161 2007 αὗτῶ
1210 1951 1629 2025 μελετήσαντας,
1659 1952 1758 2021 τήν
1796 1950 1888 2026 βα-

230 2042 445 2100 σιλείαν
477 2044 646 2099 αὑτοῦ
666 2047 981 2117 κατασχεῖν.

306 2152 427 2209 Ἐπὶ
470 2150 656 2221 αὑτοῦ,
702 2151 771 2205 τά
818 2149 953 2205 κατά
1000 2149 1093 2204 τὸν
1133 2150 1282 2224 ἅγιον
1342 2147 1559 2223 Ἀρέθαν
1607 2146 1658 2202 ὲν
1708 2150 1887 2223 Νεγρᾷ

224 2246 301 2317 τῇ
342 2239 504 2297 πόλει
551 2236 825 2315 ἰπράχθη,
869 2238 959 2293 καὶ
1007 2238 1073 2293 τά
1124 2240 1257 2294 κατά
1302 2242 1409 2293 τῶν
1456 2239 1775 2314 Ὀμηριτῶν
1816 2234 1888 2292 δι’

228 2325 532 2390 Ἐλεσὸαάν
563 2329 661 2384 τοῦ
713 2325 981 2405 βασιλέως
1030 2331 1138 2383 τῶν
1170 2322 1473 2391 Αἰθιόπων.
1506 2327 1794 2399 Ἐτυπὼθη
1828 2324 1887 2383 δὶ

228 2421 323 2475 ὑπ’
373 2419 537 2474 αὑτοῦ
592 2418 656 2474 τὸ
718 2417 988 2493 ἑορτάζειν
1046 2417 1215 2490 ἡμὰς,
1265 2416 1353 2471 καὶ
1394 2416 1496 2486 τὴν
1544 2414 1740 2489 ἑορτὴν
1783 2422 1884 2485 τῆς

217 2512 570 2579 ’Υπαπαντῆς
606 2528 619 2543 ο
673 2506 725 2578 ἐξ
784 2506 845 2561 οὗ
929 2505 1100 2579 ἀστὴρ
1172 2504 1345 2577 ἐφάνη
1404 2503 1457 2560 ἒν
1510 2509 1591 2577 τῷ
1647 2505 1883 2581 οὐρανῷ,

219 2597 407 2654 ὶπάνω
435 2604 536 2667 τῆς
575 2593 802 2666 Χαλκῆς
828 2592 1031 2665 πύλης,
1066 2595 1143 2656 ὡς
1176 2593 1229 2648 έν
1262 2598 1343 2667 τῷ
1378 2592 1640 2667 Ηαλατὲῳ
1672 2593 1878 2673 φαίνων

220 2688 316 2745 ἰπὶ
354 2687 565 2761 ἡμέρας
618 2685 710 2741 καὶ
753 2683 946 2747 νὺκτας
990 2684 1091 2748 κς’.
1147 2684 1341 2758 Γέγονε
1387 2680 1445 2738 δὲ
1499 2682 1590 2738 καὶ
1655 2683 1879 2756 σεισμὸς

223 2772 611 2857 φοϐερώτατος
644 2795 657 2807 ·
707 2774 798 2829 καὶ
828 2776 864 2843 ἡ
916 2773 1010 2847 μὶν
1064 2771 1653 2834 Κωνσταντινοὺπολις
1687 2770 1738 2827 ἐν
1774 2769 1886 2827 δια-

226 2866 423 2946 φόροις
459 2865 649 2926 τόποις
726 2857 1036 2918 ἀπέλαϐενο
1101 2863 1137 2931 ἡ
1190 2858 1247 2915 δὲ
1308 2860 1519 2937 μεγάλη
1570 2861 1884 2938 Ἀντιόχεια

223 2956 429 3019 πάθοςν
463 2953 651 3009 ἔπαθεν
695 2949 1112 3027 ἀνεκδιήγητον,
1153 2951 1229 3013 ὡς
1276 2956 1649 3021 καταποθῆναι
1710 2955 1885 3006 πᾶσαν

225 3041 427 3121 σχεδὸν
478 3044 580 3114 τὴν
627 3040 811 3111 πόλιν,
868 3040 959 3095 καὶ
1019 3038 1187 3115 τάφον
1245 3039 1425 3095 κοινὸν
1475 3040 1717 3116 γενέσθαι
1774 3043 1883 3095 τῶν

223 3131 558 3207 οἰκητόρων.
617 3129 868 3202 Τοσαύτη
910 3126 968 3184 δὲ
1015 3132 1049 3199 ἡ
1107 3128 1243 3206 ὀργὴ
1300 3132 1399 3184 τοῦ
1456 3132 1591 3185 Θεοῦ
1622 3129 1881 3199 ἐπῆλθεν,

220 3222 303 3285 ὡς
353 3221 441 3277 καὶ
495 3219 622 3284 τοὺς
698 3217 1121 3297 ὑπολειφθέντας
1189 3222 1297 3293 πῦρ
1344 3216 1560 3289 ἐξελθὸν
1615 3217 1721 3273 ἀπὸ
1778 3224 1879 3288 τῆς

220 3319 335 3389 γῆς
367 3310 598 3386 οίκτρῶς
636 3305 949 3384 κατέφλεξε.
997 3306 1174 3365 Ἀλλά
1219 3306 1311 3362 καὶ
1343 3310 1378 3377 ἡ
1411 3308 1877 3381 ΙΙομπηϊούποΛις

217 3408 326 3471 τῆς
372 3399 579 3461 Μυσίας
629 3396 994 3476 διαρῥαγεῖσα,
1052 3396 1212 3471 μέσον
1262 3398 1537 3465 κατεπόθη
1599 3396 1733 3468 μετά
1771 3400 1879 3450 τῶν

223 3488 538 3563 οἷκητόρων
572 3504 584 3518 ’
618 3487 709 3543 καὶ
736 3485 961 3563 ἔκραζον
992 3485 1096 3541 ὑπὸ
1137 3486 1236 3555 τὴν
1271 3492 1376 3561 γῆν
1406 3482 1555 3547 ὅντες
1590 3484 1641 3539 el
1673 3482 1882 3560 ἄνθρω-

221 3596 347 3643 ποι,
382 3573 547 3645 Ἐλεή
558 3594 702 3630 σατε.

302 3666 438 3735 Γυνή
481 3684 566 3726 τις
615 3662 703 3718 ἐπὶ
761 3662 925 3718 αὑτοῦ
975 3663 1211 3741 ἀνεφάνη
1260 3659 1637 3738 γιγαντοειδής
1678 3661 1738 3716 ἐκ
1784 3668 1884 3716 Κι-

223 3753 413 3815 λικίας
445 3751 600 3825 οὖσα,
638 3750 979 3828 ὑπερέχουσα
1017 3755 1087 3826 τῇ
1137 3749 1333 3823 ἡλικίᾳ
1365 3751 1562 3813 παντὸς
1594 3750 1883 3826 ἀνθρώπου

225 3847 442 3919 μακροῦ
499 3849 683 3918 πῆχυν
742 3838 859 3914 ἵνα⁹
940 3841 1030 3896 καὶ
1089 3838 1324 3898 πλατεῖά
1380 3838 1611 3919 σφόδρα,
1670 3841 1744 3903 ὡς
1794 3839 1883 3895 ἐπὶ

223 3930 507 4005 θαύματος
555 3933 607 3986 el.
638 3932 871 4006 δρῶντες
921 3931 1090 4000 αὑτὴν
1140 3928 1193 3985 ἐν
1224 3935 1342 3992 τοῖς
1372 3929 1760 4006 ἐργαστηρίοις
1791 3929 1883 3983 καὶ

222 4018 428 4090 οἴκοις,
449 4017 658 4077 ἐδίδουν
692 4020 832 4095 αὐτῇ
865 4014 1095 4078 ὀϐολόν.

295 4200 356 4253 Ὅ
387 4195 434 4254 δ’
480 4197 640 4262 αὐτὸς
692 4197 949 4274 βασιλεὺς
997 4196 1185 4254 πολλὰ
1229 4196 1701 4275 ἰφιλοφρονήσατο
1729 4202 1797 4272 τῇ
1828 4218 1887 4253 τε

217 4285 389 4345 πόλει
430 4288 739 4364 Ἀντιοχείᾳ
786 4287 922 4359 πρὸς
963 4285 1368 4360 ἀνοικοδομεῖν,
1415 4288 1506 4342 καὶ
1545 4285 1672 4349 τοὺς
1704 4287 1755 4341 ἐν
1788 4286 1882 4341 αὑ-

217 4382 291 4453 τῇ
351 4375 779 4456 ὑπολειφθέντας
839 4381 1112 4447 ζῶντας...
1165 4381 1424 4431 τοσοῦτον
1481 4374 1539 4431 δὲ
1580 4376 1667 4431 ἐπὶ
1717 4376 1883 4432 αὐτοῦ

220 4467 493 4543 ἤλγησεν,
522 4469 596 4529 ὡς
621 4466 712 4522 καὶ
753 4467 816 4521 τὸ
866 4463 1111 4539 διάδημα
1155 4465 1464 4521 ἀποτιθέναι
1489 4467 1578 4521 καὶ
1615 4468 1715 4536 τὴν
1747 4486 1884 4542 πορ-

221 4559 423 4637 φύραν,
480 4558 571 4613 καί
632 4558 827 4613 σάκκον
889 4558 979 4612 καὶ
1031 4554 1234 4612 σποδὸν
1278 4551 1729 4631 περιϐάλλεσθαι,
1790 4557 1879 4612 καὶ

1998 594 2476 665 comprobaretur
2506 599 2697 655 utrius
2728 597 2931 670 religio
2967 604 3290 672 praeteret.
3327 602 3655 663 Reeusante

1996 681 2233 750 Ariane,
2257 684 2563 756 ingressus
2590 686 2649 741 in
2680 704 2880 759 pyram
2907 688 3290 760 erthedexus,
3313 696 3371 748 et
3399 692 3457 748 in
3489 692 3653 751 ﬂam-

2001 771 2115 827 mis
2145 771 2514 845 aliquantum
2539 777 2818 846 temporis
2841 782 3137 846 versatus;
3173 784 3482 852 postquam
3516 783 3652 839 inde

1998 875 2270 931 egressus
2294 863 2423 932 fuit,
2447 864 2830 935 edisserebat,
2857 866 3288 941 incolumisque
3311 873 3650 939 permansit.

2067 967 2344 1027 Justinus
2391 970 2607 1042 Thrax,
2653 987 2903 1045 magnus
2953 972 3074 1043 ille,
3120 975 3433 1048 imperavit
3479 981 3653 1036 annis

1999 1073 2272 1115 novem...
2305 1059 2368 1115 in
2413 1059 2581 1117 bellis
2611 1061 3130 1119 strenuissimus...
3164 1070 3221 1120 et
3250 1065 3310 1121 in
3344 1066 3652 1124 familiari-

1998 1147 2111 1203 bus
2155 1146 2357 1205 habuit
2391 1149 2814 1222 [Vitalianum],
2837 1152 3166 1225 ducemque
3208 1156 3447 1225 creavit,
3479 1157 3650 1231 eique

1998 1252 2201 1293 secum
2243 1239 2474 1309 quidvis
2527 1238 2707 1296 libere
2755 1239 3031 1314 loquendi
3085 1242 3219 1299 fecit
3275 1249 3650 1317 potestatem.

1997 1324 2141 1381 Dolo
2189 1332 2382 1383 autem
2432 1328 2663 1384 occisus
2711 1334 2801 1385 est
2838 1330 3162 1387 Vitalianus
3212 1350 3246 1389 a
3295 1332 3544 1403 civibus,
3577 1336 3651 1391 ob

1996 1414 2304 1471 excitatam
2364 1418 2702 1490 praedictam
2764 1419 3110 1477 seditionem
3167 1421 3319 1495 ipsi,
3378 1424 3647 1482 infensis.

1995 1504 2331 1560 Amantium
2367 1523 2500 1563 vero
2546 1508 2947 1580 praepositum,
2980 1510 3081 1582 qui
3125 1511 3415 1584 templum
3448 1514 3648 1571 Sancti

1996 1591 2234 1649 Thema
2298 1596 2553 1652 Amantii
2622 1598 2965 1669 cognomine
3032 1601 3340 1672 exstruxit,
3400 1602 3646 1672 occidit;

1995 1681 2257 1754 itemque
2286 1699 2385 1740 eos
2418 1685 2517 1757 qui
2551 1702 2684 1741 cum
2718 1688 2847 1759 ipso
2893 1688 2964 1743 ad
3006 1688 3322 1760 imperium
3357 1706 3649 1764 occupan-

1995 1771 2136 1826 dum
2170 1774 2665 1845 censpiraverant.
2700 1776 2925 1832 Dicitur
2970 1777 3125 1833 enim
3162 1778 3330 1834 illum
3362 1781 3652 1852 pecunias

1994 1859 2229 1917 dedisse
2270 1861 2528 1929 Justino,
2561 1864 2661 1935 qui
2720 1866 2830 1920 sub
2878 1867 3190 1922 Anastasio
3238 1868 3645 1926 excubitorum

1995 1964 2194 2005 comes
2214 1956 2358 2019 erat,
2384 1956 2449 2006 ut
2471 1953 2848 2010 Theocritum
2875 1955 3293 2011 consobrinum
3324 1973 3501 2013 suum
3525 1974 3653 2031 pre-

1996 2038 2279 2094 clamaret
2307 2039 2744 2114 imperatorem.

2067 2146 2283 2203 Eedem
2336 2148 2684 2222 imperante,
2718 2151 2776 2206 in
2811 2151 2955 2207 urbe
2984 2152 3175 2225 Negra
3219 2157 3385 2226 gesta
3416 2159 3555 2210 sunt
3583 2171 3649 2211 ea

1997 2253 2125 2307 qua:
2156 2238 2228 2293 de
2250 2242 2450 2294 sancto
2472 2239 2687 2295 Aretha
2714 2245 3065 2297 narrantur:
3092 2258 3315 2299 necnon
3341 2242 3649 2300 Eleshaani

1994 2325 2326 2399 [Ethiepum
2359 2328 2515 2400 regis
2545 2329 2835 2401 eXpeditie
2867 2330 3151 2387 adversus
3184 2331 3534 2389 Hemeritas.
3565 2333 3650 2389 Ab

1995 2414 2095 2471 illo
2128 2416 2265 2471 item
2298 2421 2585 2473 statutum
2637 2423 2745 2485 est,
2781 2424 2845 2474 ut
2892 2418 3232 2493 Hypapante
3282 2422 3403 2478 sive
3431 2422 3651 2479 Occur-

1994 2520 2098 2560 sus
2148 2505 2365 2561 festum
2417 2506 2849 2564 celebraremus
2883 2524 2897 2565 :
2931 2524 2999 2564 ex
3047 2526 3163 2581 quo
3213 2510 3382 2566 stella
3412 2511 3471 2566 in
3504 2512 3649 2568 caele

1996 2609 2099 2664 per
2127 2594 2335 2667 viginti
2367 2613 2467 2652 sex
2510 2596 2637 2651 dies
2666 2597 3027 2669 totidemque
3073 2602 3271 2655 noctes
3305 2616 3487 2672 supra
3516 2618 3652 2674 por-

1995 2687 2116 2737 tam
2157 2699 2365 2740 mream
2416 2684 2539 2740 visa
2589 2688 2701 2752 est,
2736 2685 2903 2757 quasi
2936 2703 2965 2742 e
2999 2686 3214 2758 palatio
3265 2687 3515 2757 luceret;
3568 2690 3650 2745 t‘a-

1995 2776 2242 2844 ctusque
2272 2777 2361 2829 est
2393 2773 2719 2831 horrendus
2751 2779 3140 2847 terraametus,
3175 2793 3349 2848 quem
3380 2778 3558 2835 variis
3590 2780 3649 2834 in

1993 2859 2138 2916 locis
2188 2861 2317 2933 ipsa
2346 2862 2884 2936 Constantinopolis
2931 2865 3136 2921 sensit.
3190 2865 3401 2939 Magna
3450 2872 3647 2924 autem

1993 2950 2300 3006 Antiochia
2353 2951 2746 3008 inenarrabile
2778 2953 3061 3009 damnum
3113 2971 3393 3027 perpessa
3423 2960 3533 3026 est,
3568 2957 3649 3013 ita

1996 3043 2061 3093 ut
2093 3039 2233 3095 urbs
2278 3057 2423 3113 pene
2454 3046 2574 3098 tota
2604 3043 2900 3115 absorpta,
2951 3060 3263 3101 commune
3316 3045 3644 3104 incolarum

1994 3128 2330 3201 sepulcrum
2364 3132 2631 3187 evaserit.
2657 3133 2847 3189 Tanta
2875 3137 3070 3190 autem
3104 3133 3204 3190 Dei
3224 3134 3310 3191 ira
3341 3136 3470 3205 fuit,
3504 3141 3563 3193 ut
3592 3141 3649 3194 et

1993 3220 2343 3289 superstites
2390 3220 2547 3293 ignis
2596 3237 2626 3277 e
2676 3225 2831 3277 terra
2871 3238 3189 3296 erumpens
3232 3224 3647 3283 miserabiliter

1992 3314 2409 3364 concremaret.
2435 3310 2581 3376 Quin
2607 3309 2782 3366 etiam
2816 3312 3248 3385 Pompeiopolis
3278 3314 3471 3384 Mysia:
3501 3317 3645 3373 urbs

1992 3394 2278 3468 disrupta,
2305 3399 2552 3469 ejusque
2581 3399 2897 3455 dimidium
2923 3417 3040 3457 una
3062 3417 3193 3457 cum
3218 3402 3649 3463 habitatoribus

1992 3488 2147 3540 terra
2177 3486 2520 3559 absorptum
2554 3492 2642 3544 est
2670 3506 2683 3543 :
2714 3488 3103 3563 hominesque
3128 3496 3283 3548 terra
3315 3492 3507 3550 obruti
3539 3493 3648 3550 cla-

1995 3574 2238 3630 mahant
2264 3592 2277 3631 :
2312 3578 2685 3633 Miseremini.

2065 3664 2197 3735 Ipse
2229 3664 2365 3720 item
2416 3665 2739 3737 imperante
2788 3666 3002 3724 mulier
3049 3670 3319 3741 quaedam
3350 3687 3419 3727 ex
3449 3671 3650 3729 Cilicia

1993 3750 2267 3821 gigantea
2316 3758 2546 3809 statura
2573 3756 2701 3811 visa
2750 3762 3013 3830 est,qua:
3063 3774 3335 3829 proceros
3389 3776 3654 3833 quosque

1992 3843 2147 3897 vires
2181 3859 2296 3898 une
2347 3844 2545 3901 cubito
2595 3845 2931 3917 superabat,
2965 3851 3207 3918 eratque
3255 3865 3497 3922 corpore
3545 3851 3646 3906 ad-

1994 3932 2315 3988 admodum
2346 3950 2565 3989 orasse.
2600 3934 2683 3990 Ob
2715 3935 3036 4008 spectaculi
3076 3945 3271 3993 autem
3306 3939 3650 4012 novitatem,

1994 4021 2095 4094 qui
2150 4037 2278 4077 earn
2336 4021 2392 4076 in
2456 4022 2705 4079 ofﬁcinis
2750 4030 2807 4080 et
2853 4025 3131 4082 domibus
3190 4028 3650 4101 conspiciebant,

1992 4110 2161 4167 obolo
2193 4110 2418 4183 singuli
2449 4112 2770 4169 donabant.

2067 4199 2221 4255 Idem
2254 4200 2573 4273 imperator
2602 4200 2863 4258 humane
2905 4207 3099 4260 metus
3142 4205 3350 4262 atl‘ectu
3384 4220 3523 4279 erga
3551 4223 3649 4263 ur-

1993 4288 2126 4345 bem
2156 4289 2548 4360 Antiochiam,
2581 4294 2639 4345 et
2680 4306 2779 4346 eos
2809 4290 2909 4362 qui
2941 4308 3010 4347 ex
3038 4296 3205 4349 tanta
3234 4292 3400 4350 clade
3430 4295 3653 4351 residui

1992 4383 2178 4445 erant,
2212 4379 2284 4434 de
2333 4395 2399 4433 ea
2450 4380 2833 4435 restauranda
2863 4380 3180 4453 cogitabat.
3203 4383 3458 4439 Tantum
3490 4384 3648 4441 enim

1992 4485 2170 4540 super
2216 4485 2283 4524 ea
2332 4467 2606 4536 indoluit,
2641 4476 2705 4523 ut
2743 4469 3072 4525 diademate
3122 4488 3500 4544 purpuraque
3550 4475 3649 4530 de-

1991 4556 2219 4628 positis,
2270 4573 2332 4611 se
2390 4573 2558 4612 sacco
2616 4561 2673 4611 et
2728 4559 2921 4613 cinere
2982 4558 3270 4626 indueret,
3329 4561 3650 4634 multisque

220 4636 440 4712 πενθεῖν
490 4647 579 4703 ἐπὶ
627 4644 840 4709 πολλάς
908 4644 1137 4720 ἡμέρας.
1214 4645 1566 4717 Ἐτελεύτησε
1620 4642 1679 4700 δὲ
1724 4666 1880 4700 κατα-

2003 4646 2197 4700 liebus
2254 4644 2502 4717 lugeret.
2540 4645 2701 4700 Obiit
2755 4651 2971 4714 autem,
3032 4649 3370 4707 Justiniano
3429 4652 3649 4708 sororis

220 4736 408 4795 λιπὼν
446 4734 673 4813 βασιλέα
718 4735 1094 4793 Ἰουστινιανὸν
1122 4733 1216 4789 τὸν
1252 4732 1389 4789 ἶδιον
1421 4734 1657 4809 ἀνεψιόν.
1690 4735 1880 4802 Ἐτέθη

224 4826 288 4884 δὶ
331 4828 393 4882 τὸ
436 4832 598 4901 σῶμα
641 4826 808 4882 αὑτοῦ
864 4823 916 4881 ἰν
970 4828 1039 4899 τῇ
1102 4823 1243 4899 μονῇ
1295 4831 1398 4895 τῆς
1452 4823 1772 4901 Αὐγούστης
1832 4824 1884 4879 ἰν

223 4916 457 4993 λάρνακι
513 4916 647 4990 μετά
697 4922 796 4985 τῆς
846 4914 1105 4990 γυναικὸς
1153 4914 1322 4969 αὑτοῦ
1376 4912 1691 4991 Εὑφημίας,
1740 4911 1793 4968 ἰν
1844 4912 1882 4987 ᾖ

218 5006 313 5061 καὶ
367 5003 651 5060 ἐπιστολαὶ
702 5004 1016 5075 εὑρέθησαν.
1059 5003 1163 5059 Τὸν
1214 5000 1272 5057 δὲ
1320 5001 1713 5077 ἀρχιεροσύνης
1757 5000 1883 5074 θρό-

220 5116 317 5150 νον
351 5092 553 5149 διεῖπεν
583 5094 837 5164 Ἰωάννης
867 5093 896 5147 ὁ
928 5090 1225 5169 λεγόμενος
1260 5085 1649 5153 Καππαδόκας.

304 5273 601 5334 Ἰουστῖνος
654 5267 712 5326 δί
776 5268 1143 5326 ἀνεκαλέσατο
1214 5268 1413 5332 πάντας
1500 5263 1740 5332 εὐσεϐεῖς
1795 5267 1885 5325 καὶ

220 5365 393 5437 ’ἱερεῖς
470 5357 815 5437 ὀρθοδόξους,
913 5357 1005 5421 οὓς
1090 5359 1439 5420 Ἀναστάσιος
1523 5356 1723 5420 ἀδίκως
1798 5356 1887 5428 ἒξ-

226 5451 450 5525 ώρισεν.

300 5537 422 5595 Ἐπὶ
463 5544 563 5607 τῆς
619 5535 787 5592 αὑτοῦ
850 5534 1128 5612 βασιλείας
1186 5534 1239 5589 ἐν
1301 5531 1522 5610 Ἐδέσσῃ
1582 5539 1652 5609 τῇ
1702 5534 1886 5608 πόλει,

224 5630 465 5703 Σκιρτοῦ
519 5630 616 5681 τοῦ
676 5628 929 5699 ποταμοῦ
1005 5624 1166 5698 μέσον
1247 5624 1418 5694 αὐτῆς
1498 5621 1889 5700 διερχομένου,

219 5716 769 5792 πλημμυρήσαντος,
824 5713 1030 5785 ταύτην
1103 5712 1197 5769 σὺν
1244 5717 1363 5775 τοῖς
1429 5713 1707 5778 κατοίκοις
1764 5734 1891 5770 κατ-

1994 4751 2111 4789 suae
2136 4735 2254 4789 lilio
2289 4734 2517 4805 imperii
2544 4751 2883 4792 successore
2910 4736 3128 4793 relicto.
3154 4739 3495 4812 Cerpusque
3521 4743 3650 4813 ejus

1993 4820 2324 4893 depositum
2356 4826 2446 4876 est
2488 4820 2545 4875 iu
2579 4822 2935 4878 monasterio
2964 4824 3263 4896 Augustae,
3298 4826 3356 4881 in
3390 4844 3524 4884 arca
3555 4829 3649 4883 in-

1992 4909 2224 4966 clusum
2274 4924 2409 4965 cum
2460 4926 2639 4966 uxore
2677 4910 3004 4981 Euphemia
3037 4929 3051 4967 :
3085 4930 3199 4984 qua
3251 4914 3310 4970 in
3360 4933 3495 4973 area
3525 4917 3648 4990 epi-

1993 4998 2153 5054 stola
2186 5002 2425 5069 repertas
2475 5002 2632 5053 sunt.
2664 4999 3220 5074 Archiepiscopatus
3269 5021 3439 5075 porro
3488 5007 3647 5062 thro-

1994 5105 2136 5145 num
2184 5092 2326 5144 tunc
2375 5087 2681 5144 obtinebat
2727 5087 2985 5145 Joannes
3035 5093 3379 5163 cognomine
3424 5097 3648 5169 Cappa-

1993 5180 2127 5234 dex.

2063 5266 2337 5323 Justinus
2385 5271 2582 5322 autem
2614 5265 2744 5338 pios
2775 5282 2980 5323 omnes
3028 5268 3502 5343 orthodexosque
3549 5290 3646 5329 εει

1994 5357 2280 5427 cerdotes,
2313 5372 2464 5428 quos
2507 5356 2725 5427 injuste
2768 5356 3115 5413 Anastasius
3150 5356 3523 5431 relegaverat,
3558 5380 3645 5419 re-

1993 5447 2239 5504 vocavit.

2068 5537 2171 5594 Illo
2232 5535 2589 5608 imperante,
2639 5551 2772 5590 cum
2835 5535 3061 5591 Scirtus
3120 5535 3333 5592 ﬂuvius
3390 5539 3487 5610 qui
3546 5557 3651 5612 per

1999 5627 2252 5681 mediam
2300 5624 2578 5679 Edessam
2626 5625 2776 5691 ﬂuit,
2809 5626 3189 5695 exundasset,
3221 5625 3410 5699 ipsam
3442 5628 3647 5685 urbem

2000 5730 2133 5772 eum
2163 5712 2371 5770 incolis
2403 5713 2723 5771 demersit:
2756 5714 2930 5789 aquis
2961 5730 3095 5773 vero
3124 5716 3389 5793 dilapsis,
3414 5716 3651 5777 inventa
