4046 6338
461 378 490 436 1
503 374 619 436 287

1431 363 1830 428 APPENDIX
1872 365 1976 426 AD
2025 360 2498 426 MIGHAELEM
2540 361 2931 428 PSELLUM.

3721 371 3874 434 1288

457 513 548 564 est
577 507 634 562 in
667 506 794 578 ripa
825 501 1092 559 ﬂuminis
1133 500 1364 573 lapidca
1407 499 1628 568 tabula,
1664 497 1764 570 qui
1797 495 1952 552 notis
1982 493 2100 550 hie-

2244 500 2456 562 ἔκλυσε·
2489 497 2637 556 Μετὸ
2669 492 2726 550 δὲ
2751 495 2814 549 τὸ
2853 494 3152 550 παυσασθαι
3198 496 3268 550 τὰ
3309 493 3496 568 ὕδατα,
3517 497 3661 570 πλιὶξ
3693 500 3872 572 λιθίνη

456 595 812 670 roglyphicis
843 591 1175 664 insculptus
1199 595 1362 646 erat:
1386 590 1600 646 Scirtus
1629 589 1832 658 ﬂuvius
1855 585 2104 654 saltabit,

455 687 723 758 noxiique
747 684 959 740 civibus
986 681 1161 736 saltus
1191 684 1371 737 erunt.

525 863 786 921 Eulialus
827 862 1072 934 quidam
1103 875 1170 914 ex
1201 857 1380 913 divite
1419 873 1643 929 pauper
1672 856 1936 923 effectus,
1969 870 2104 909 cum

450 971 482 1010 e
523 953 638 1008 vita
693 951 1012 1019 excederet,
1047 951 1399 1003 testamento
1455 945 1758 1002 Iustinum
1815 944 2104 1000 heredem

449 1042 712 1114 reliquit,
775 1039 879 1094 illa
937 1037 1293 1102 conditione,
1341 1040 1406 1090 ut
1462 1040 1581 1090 tres
1637 1034 1790 1089 ﬁlias
1847 1049 1987 1088 suas
2045 1033 2104 1086 in

447 1131 663 1189 tenella
711 1133 878 1184 {etate
937 1126 1169 1182 relictas
1229 1126 1524 1192 educeret,
1585 1123 1850 1194 ipsisque
1907 1123 2104 1176 dotem

448 1221 801 1292 assignaret;
852 1234 918 1272 ac
965 1214 1166 1270 omnia
1220 1213 1420 1269 debita
1476 1213 1863 1268 creditoribus
1921 1210 2105 1267 solve-

447 1315 556 1376 ret,
601 1317 656 1364 et
713 1308 784 1362 ab
845 1307 917 1361 iis
977 1303 1344 1376 syngraphas
1397 1319 1536 1357 suas
1594 1302 1928 1356 redimeret.
1971 1302 2104 1364 Quae

443 1399 643 1455 omnia
691 1396 968 1453 Justinus
1017 1394 1177 1465 regia
1229 1391 1634 1448 muniﬁcentia
1683 1389 1944 1463 perfecit,
1979 1405 2103 1444 ma-

441 1505 564 1560 gna
593 1487 861 1544 omnium
913 1483 1012 1556 qui
1045 1485 1126 1540 rei
1159 1483 1376 1539 famam
1430 1485 1816 1554 perceperunt
1846 1478 2101 1534 admira-

434 1578 624 1634 tione.

505 1665 882 1721 Justinianus
928 1663 1108 1736 igitur
1139 1661 1449 1734 imperavit
1495 1659 1668 1716 annis
1721 1658 1967 1730 triginta
1997 1673 2102 1712 no-

439 1771 600 1822 vem;
631 1761 688 1810 et
719 1756 776 1808 in
811 1753 1004 1808 media
1039 1753 1180 1808 urbe
1224 1749 1596 1807 consulatum
1649 1747 1852 1820 gessit,
1887 1745 2102 1800 multas

2197 613 2202 616 ·
2229 590 2420 668 εὑρέθη
2454 588 2505 644 ἐν
2538 591 2605 662 τῇ
2636 588 2734 641 τοῦ
2783 586 3037 656 ποταμοῦ
3089 579 3231 660 ὄχθῃ
3272 584 3686 662 ἷερογλυφικοῖς
3715 591 3878 666 γράμ.

2236 700 2397 756 μασιν
2445 673 2939 754 ἐγκεκολαμμένοις
2989 671 3324 748 περιέχουσα
3366 681 3530 732 τοῦτο
3563 695 3576 709 ·
3639 681 3866 756 Σκιρτός

2221 768 2472 842 ποταμὸς
2527 765 2804 842 σκιρτήσει
2864 761 3003 816 κακὰ
3059 765 3404 838 σκιρτήματα
3452 765 3734 830 πολίταις.

2285 855 2564 914 Εὐλαλίου
2593 853 2737 914 τινὸς
2771 851 2876 906 ἀπὸ
2924 848 3194 906 πλουσίου
3241 853 3473 924 πένητος
3515 855 3875 928 algu-reg”-

2213 969 2328 1019 τος,
2377 945 2469 1001 καὶ
2515 943 2820 1018 γράψαντος
2870 940 3164 997 Ἰουστῖνον
3219 941 3570 1018 κληρονόμον
3599 944 3650 1000 ἐν
3687 944 3872 1014 διαθή-

2215 1058 2356 1104 καις,
2409 1034 2499 1090 καὶ
2551 1029 3116 1108 παρακελευσαμένου,
3175 1029 3314 1087 ὥστε
3370 1033 3464 1095 τὰς
3521 1041 3670 1110 τρεῖς
3705 1037 3870 1090 adeo?)

2218 1125 2512 1202 θυγατέρας
2591 1121 2788 1196 μικρὰς
2879 1119 3327 1197 καταλειφθείσας
3401 1122 3699 1200 ἀναθρέψαι
3787 1127 3868 1180 καὶ

2217 1215 2578 1290 ὲκπροικῆσαι
2625 1210 2716 1264 τὸν
2772 1206 3018 1284 βασιλέα,
3049 1208 3140 1262 καὶ
3189 1210 3364 1266 πάντα
3409 1212 3476 1266 τὰ
3521 1214 3662 1288 χρὲη
3713 1213 3869 1269 αὖτοῦ

2217 1302 2402 1358 δοῦναι
2455 1305 2571 1362 τοῖς
2636 1296 2968 1372 ὀφειλέταις,
3021 1298 3110 1352 καὶ
3181 1299 3250 1353 τα
3307 1307 3658 1377 γραμματεῖα
3711 1303 3870 1357 αἱ,τηῦ

2215 1395 2388 1450 πάντα
2441 1387 2864 1466 ἀναρῥύσασθαι,
2927 1388 2954 1442 ὁ
3037 1385 3292 1461 βασιλεὺς
3349 1391 3640 1453 Ἰουστῗνος
3707 1390 3874 1462 ἐπλῆ.

2217 1503 2381 1558 ρωσε,
2427 1476 2778 1548 καταπλήξας
2835 1475 2884 1531 ἐν
2963 1476 3143 1548 τούτῳ
3213 1477 3388 1534 πάντα
3439 1477 3728 1555 ἄνθρωπον
3783 1483 3872 1536 τὸν

2217 1571 2540 1626 ἀκούσαντα.

2283 1661 2344 1717 Ὀ
2401 1657 2491 1714 οὖν
2549 1655 2930 1719 Ἰουστινιανὸς
2989 1650 3336 1713 ἐϐασίλευσεν
3389 1653 3482 1728 ε’τη
3543 1659 3628 1723 Αθ¹
3661 1676 3676 1690 ⁸
3737 1661 3872 1715 ὕπα-

2209 1771 2391 1804 τευσεν
2436 1747 2487 1804 ὲν
2535 1747 2670 1821 μέσῃ
2726 1749 2794 1819 τῇ
2845 1743 3030 1816 πόλει,
3079 1745 3172 1800 καὶ
3219 1744 3345 1810 δοὺς
3402 1749 3672 1823 χρήματα
3722 1747 3872 1821 πάμ-

445 1844 730 1918 pecunias
797 1842 1100 1914 elargitus.
1169 1844 1223 1897 Is
1297 1838 1568 1895 Novellas
1647 1835 2100 1894 constitutiones

2219 1836 2419 1895 πολλα.
2469 1837 2641 1896 Οὗτος
2689 1833 2913 1904 ἐποίησε
2965 1833 3061 1898 τὰς
3117 1837 3309 1911 νεαρὰς
3357 1834 3649 1910 διατάξεις,
3699 1837 3872 1915 ἐκφω-

453 1934 672 2001 edidit;
706 1932 1012 2004 legemque
1059 1930 1198 1986 tulit
1245 1930 1314 1984 de
1367 1926 1678 2000 episcopis,
1725 1923 2101 1990 xenodochis,

458 2021 777 2078 (economis
809 2027 866 2076 et
894 2017 1390 2092 orphanotropbis
1423 2035 1437 2073 :
1475 2023 1538 2072 ut
1583 2032 1696 2072 non
1747 2014 1882 2086 plus
1931 2015 2106 2068 testa-

461 2117 658 2167 mento
718 2111 1138 2182 relinquerent,
1191 2124 1365 2176 quam
1425 2111 1559 2160 ante
1618 2104 1829 2159 initum
1891 2117 2108 2158 munus

459 2201 882 2272 possedissent.
915 2197 1178 2254 Absolvit
1225 2211 1458 2267 quoque
1489 2192 1792 2266 publicum
1833 2191 2106 2246 balneum

455 2289 514 2344 in
549 2287 820 2360 Dagistzei
857 2293 1067 2356 tractu,
1101 2287 1254 2358 quod
1313 2289 1610 2341 exstruere
1657 2286 1909 2354 cceperat
1955 2283 2106 2336 Ana-

458 2378 682 2434 stasius
735 2377 1071 2449 imperator.
1106 2374 1424 2430 Antiochiae
1476 2391 1646 2445 porro
1697 2389 1810 2428 non
1861 2368 2108 2426 cessavit

455 2470 846 2535 terrmmotus,
894 2466 1076 2520 donec
1134 2464 1406 2536 religioso
1455 2463 1687 2519 cuidam
1739 2461 1860 2516 viro
1910 2459 2104 2514 visum

454 2561 544 2612 est
600 2553 1152 2627 superliminaribus
1209 2554 1470 2626 positum
1529 2551 1904 2608 inscribere:
1950 2547 2103 2604 Chri-

451 2652 569 2700 stus
617 2644 921 2712 nobiscum,
971 2646 1128 2698 state.
1161 2645 1283 2706 Quo
1341 2642 1514 2708 facto,
1549 2639 1798 2696 cessavit
1843 2637 1932 2692 ira
1979 2636 2101 2692 Dei.

453 2733 671 2788 Exinde
715 2739 908 2788 autem
961 2733 1102 2788 urbs
1131 2730 1463 2803 Theopolis,
1498 2730 1618 2785 sive
1665 2728 1806 2783 urbs
1861 2727 1956 2782 Dei
2006 2743 2101 2781 vo-

457 2825 582 2877 catu
619 2825 724 2878 est.

523 2912 738 2967 Eodem
780 2911 1104 2983 imperante
1153 2907 1454 2982 popularis
1504 2905 1713 2964 seditio
1744 2909 1869 2960 orta
1899 2906 2008 2972 est,
2041 2901 2100 2957 in

453 3018 570 3072 qua
598 3004 870 3056 Sanctam
922 2999 1218 3071 Sophiam,
1252 2997 1440 3053 sancti
1487 2993 1830 3066 Sampsonis
1861 2994 2100 3049 domum

449 3107 586 3145 cum
635 3089 910 3160 inlirmis,
969 3093 1025 3144 et
1081 3088 1298 3143 atrium
1367 3085 1588 3158 palatii,
1648 3083 2098 3154 chalcostegum,

450 3179 604 3250 quod
640 3194 708 3233 ex
739 3195 804 3234 eo
835 3178 1124 3248 hodieque
1155 3175 1364 3231 Chalce
1411 3179 1669 3240 vocatur,
1701 3173 1839 3245 quia
1883 3171 2097 3243 tegulis

2218 1929 2384 1997 νήσας
2413 1927 2498 1980 καὶ
2532 1924 2700 1980 τύπον
2755 1923 2877 2000 περὶ
2929 1923 3262 1992 ἐπισκόπων,
3293 1926 3379 1980 καὶ
3419 1923 3754 2001 ξωοδόχων,
3785 1925 3870 1980 καὶ

2219 2012 2549 2088 οἰκονόμων⁹
2593 2014 2684 2068 καὶ
2747 2013 3190 2091 ὀρφανοτρόφων,
3243 2013 3380 2070 ὥστε
3427 2017 3504 2089 μὴ
3539 2013 3869 2080 διατίθεσθαι

2217 2105 2364 2174 πλὴν
2399 2103 2474 2167 εἰς
2518 2101 2551 2158 ἃ
2599 2103 2704 2176 πρὸ
2757 2107 2852 2158 νοῦ
2910 2103 3157 2178 γενέσθαι
3198 2103 3512 2175 ἐκέκτηντο.
3544 2103 3870 2180 Ἐπλ-ιςρωσε

2219 2193 2278 2250 δὲ
2305 2195 2394 2249 καὶ
2431 2195 2490 2248 τὸ
2536 2190 2802 2266 δημόσιον
2855 2189 3082 2268 λοέτρον
3127 2194 3188 2247 τὸ
3243 2193 3320 2256 εἰς
3351 2195 3416 2248 τὰ
3443 2193 3806 2270 Διηγιστὲως,
3839 2195 3868 2250 ’ὸ

2217 2282 2418 2359 ⁸ἤρξατο
2467 2283 2665 2352 κτίζειν
2713 2280 3062 2344 Ἀναστάσιος
3112 2283 3140 2338 ὁ
3195 2282 3468 2359 βασιλεὺς.
3529 2284 3592 2338 Ἡ
3645 2281 3704 2338 δὲ
3751 2285 3868 2341 Ἀν-

2214 2373 2432 2448 τιόχεια
2463 2374 2564 2428 οὐκ
2611 2371 2881 2426 ἐπαύσατο
2919 2373 3149 2427 σείεσθαι
3204 2373 3402 2448 μέχρις
3443 2371 3503 2428 οὗ
3555 2371 3722 2451 ἐφάνη
3755 2375 3868 2428 Osco

2218 2458 2366 2518 σεϐιῖ
2418 2462 2689 2535 ἀνθρώπῳ
2753 2459 3054 2537 ἐπιγράψαι
3129 2461 3206 2524 εἷς
3277 2461 3343 2517 τὰ
3427 2462 3700 2538 ὑπερθυρα
3761 2467 3866 2518 τῶν

2217 2549 2416 2630 φλιῶν,
2461 2551 2697 2626 Χριστὸς
2763 2552 2878 2622 μεθ’
2929 2553 3115 2623 ἡμῶν,
3171 2553 3332 2621 στῆτε
3363 2571 3376 2583 ·
3409 2551 3499 2606 καὶ
3537 2551 3734 2606 τούτου
3777 2573 3868 2627 γε·

2213 2642 2465 2715 νομένου,
2498 2636 2624 2710 ἔστη
2659 2642 2693 2710 ἡ
2728 2639 2869 2714 ὀργὴ
2901 2644 2998 2694 τοῦ
3046 2644 3178 2695 Θεοῦ
3215 2662 3226 2676 ·
3279 2639 3372 2695 καὶ
3419 2637 3608 2696 ἔκτοτε
3639 2644 3676 2712 ἡ
3707 2640 3866 2696 πόλιν

2215 2729 2508 2803 ὠνομάσθη
2541 2727 2860 2790 Θεούπολις.

2280 2907 2404 2965 Ἐπὶ
2463 2906 2627 2962 αὐτοῦ
2682 2906 2870 2982 γέγονε
2934 2904 3210 2981 δημοτικὴ
3290 2907 3570 2982 άνταρσία,
3623 2908 3716 2964 καὶ
3769 2911 3864 2978 τήν

2210 2997 2392 3072 ’Λγίαν
2430 2997 2634 3074 Σοφίαν
2666 2993 2754 3050 καὶ
2787 2999 2884 3049 τοῦ
2933 2995 3082 3051 ὁσίου
3135 2997 3381 3071 Σαμψὼν
3417 2997 3564 3052 οἷκον
3601 2997 3738 3070 μετᾶ
3761 3003 3864 3052 τῶν

2210 3086 2523 3164 ἀρῥώστων,
2554 3085 2644 3140 καὶ
2673 3085 2772 3154 τὴν
2823 3083 3034 3140 εἴσοδον
3081 3090 3178 3140 τοῦ
3229 3084 3502 3141 Παλατίου
3532 3087 3630 3156 τὴν
3662 3086 3866 3163 χαλκό-

2206 3197 2415 3251 στεγον,
2447 3177 2545 3245 τὴν
2598 3169 2785 3229 ἔκτοτε
2835 3173 2924 3229 καὶ
2979 3179 3069 3229 νῦν
3109 3173 3332 3245 Χαλκῆν
3375 3175 3856 3250 ἐπονομαζομένην

451 3267 619 3322 εει-οἰδ
649 3272 705 3324 et
734 3267 1023 3322 inauratis
1061 3270 1187 3320 erat
1219 3269 1366 3320 tecta
1399 3283 1411 3320 :
1446 3265 1615 3319 binas
1647 3263 1784 3319 item
1834 3241 2094 3334 porticus

2219 3263 2295 3320 Βιά
2348 3265 2410 3319 τὸ
2458 3263 2517 3319 ἐκ
2559 3261 2786 3338 χαλκῶν
2840 3263 3093 3338 κεράμων
3145 3263 3578 3342 κεχρυσωμένων
3641 3264 3857 3340 ἐστεγά-

453 3372 642 3428 usque
673 3357 742 3412 ad
777 3356 988 3411 Forum
1023 3355 1410 3410 incenderunt
1442 3371 1454 3408 :
1487 3351 1892 3408 Justinianum
1918 3350 2098 3423 impe-

451 3452 702 3502 ratorem
771 3443 1144 3500 contumeliis
1202 3444 1541 3510 affecerunt,
1587 3441 1902 3514 Hypatium
1961 3457 2096 3496 vero

450 3534 762 3608 patricium
797 3533 1256 3605 proclamarunt,
1288 3549 1422 3587 cum
1462 3537 1840 3588 coronassent
1869 3547 2002 3586 eum
2037 3530 2095 3586 in

449 3625 596 3682 solio
633 3624 1006 3696 imperatoris
1039 3623 1096 3678 in
1130 3621 1526 3694 Hippodromo
1560 3637 1574 3677 :
1609 3620 1708 3693 qui
1739 3619 2033 3676 tumultus
2065 3637 2099 3676 a

447 3713 752 3784 Bclisario,
809 3713 1024 3770 Mundo
1083 3716 1140 3767 et
1193 3711 1435 3767 Narsete
1491 3711 1732 3766 sedatus
1790 3710 2098 3776 est,ca2sis

451 3802 716 3860 millibus
764 3801 1010 3874 triginta
1055 3799 1314 3873 quinque
1343 3799 1404 3855 in
1435 3799 1852 3872 Hippodromo,
1886 3803 2095 3854 etcum

447 3893 526 3948 iis
557 3892 823 3966 Hypatio.

521 3983 792 4052 Magnam
825 3997 958 4036 vero
991 3981 1090 4036 Dei
1134 3978 1440 4034 ecclesiam
1471 3977 1843 4034 Justinianus
1873 3981 2096 4032 restau-

449 4071 618 4136 ravit,
676 4074 732 4124 et
787 4068 959 4140 longe
1015 4070 1296 4138 majorem
1359 4067 1872 4138 pulchrioremque
1918 4083 2096 4138 quam

443 4165 618 4216 antea
665 4159 872 4226 fuerat,
906 4157 1187 4225 reddidit;
1217 4161 1274 4212 et
1303 4156 1562 4228 troparia
1611 4156 1730 4212 sive
1777 4155 2099 4212 versiculos

439 4249 550 4304 hos
609 4248 815 4316 edidit,
864 4248 964 4320 qui
1023 4249 1080 4302 in
1143 4264 1210 4302 ea
1267 4247 1658 4318 psallerentur
1707 4262 1719 4301 :
1775 4247 2100 4317 Unigem’tus

438 4337 621 4393 Filius
650 4346 708 4392 et
745 4337 970 4392 Verbum
1019 4336 1136 4404 Dei,
1171 4338 1269 4408 qui
1311 4341 1536 4406 proliter
1580 4335 1822 4390 salutem
1851 4343 2097 4391 nostram

447 4427 746 4482 incarnari
773 4426 965 4480 vcluit.
1001 4425 1330 4492 Quinetiam
1363 4425 1704 4496 Hypapante
1731 4424 1852 4480 sive
1884 4425 2096 4480 Occur-

447 4533 551 4572 sus
581 4515 813 4570 Domini
865 4515 988 4570 dies
1040 4515 1206 4581 festa,
1233 4520 1373 4569 tunc
1405 4512 1685 4568 celebrari
1743 4524 1932 4584 coepta
1988 4519 2098 4583 est,

2206 3367 2326 3418 σθαι
2353 3353 2519 3425 αὐτήν
2551 3372 2563 3386 ·
2599 3353 2686 3408 καὶ
2735 3353 2864 3415 τοὺς
2912 3349 3007 3408 δύο
3051 3348 3326 3427 ἐμϐόλους
3369 3354 3534 3430 μέχρι
3567 3359 3666 3409 τοῦ
3689 3355 3858 3432 φόρου

2205 3444 2552 3514 κατέκαυσαν,
2630 3443 2718 3498 καὶ
2802 3443 3182 3498 Ἰουστιτιανὸν
3258 3442 3484 3519 βασιλέα
3540 3438 3860 3522 ἐφύϐρισαν,

2206 3533 2455 3589 ’Υπάτιον
2505 3530 2562 3588 δὲ
2612 3533 2901 3606 πατρίκιον
2955 3533 3276 3611 εὐφήμησαν
3331 3531 3382 3588 ἓν
3436 3537 3515 3604 τῷ
3559 3534 3856 3606 καθίσματι

2207 3623 2494 3697 στέψαντες
2523 3641 2536 3654 ·
2565 3618 2694 3691 ἤτισ
2725 3621 2930 3692 ἐπαύθη
2966 3617 3056 3676 διὰ
3087 3619 3432 3698 Βελισαρίου,
3459 3623 3549 3676 καὶ
3573 3619 3852 3680 Μοῦνόου⁶

2205 3712 2296 3767 καὶ
2337 3715 2547 3786 Ναρσῆ,
2601 3708 2906 3766 ἀνελόντων
2955 3707 3216 3786 χιλιάδας
3246 3709 3341 3782 λε’,
3385 3709 3474 3766 καὶ
3505 3709 3666 3766 αὐτὸν
3699 3712 3858 3766 Ὑπά-

2205 3822 2319 3856 τιον
2353 3800 2405 3856 έν
2434 3805 2513 3873 τῷ
2542 3797 2942 3876 Ἱπποδρομίῳ.

2280 3979 2607 4036 Ἀνεκαίνισε
2661 3977 2719 4034 δὲ
2787 3978 3168 4040 Ἰουστινιανὸς
3223 3979 3324 4049 τὴν
3369 3981 3466 4032 τοῦ
3515 3979 3650 4034 Θεοῦ
3697 3979 3868 4057 Μεγά-

2209 4069 2311 4140 λην
2347 4068 2635 4139 ἐκκλησίαν
2669 4067 2745 4130 εἰς
2794 4066 3003 4129 κάλλος
3053 4069 3140 4122 καὶ
3199 4067 3423 4142 μέγεθος
3475 4068 3608 4144 ὑπὲρ
3637 4070 3704 4124 τὸ
3735 4071 3872 4144 πρό-

2205 4179 2385 4234 τερον,
2438 4155 2715 4234 παραδοὺς
2764 4155 2855 4211 καὶ
2905 4156 3176 4232 τροπάρια
3231 4155 3283 4212 έν
3335 4156 3471 4231 αὐτῇ
3511 4156 3824 4231 ψάλλεσθαι
3859 4179 3870 4192 ·

2204 4253 2263 4304 Ὀ
2325 4248 2620 4324 μονογενὴς
2700 4246 2826 4310 Υἱὸς
2906 4245 2997 4301 καὶ
3083 4245 3257 4320 Λόγος
3321 4251 3418 4301 τοῦ
3479 4251 3612 4301 Θεοῦ
3671 4247 3872 4312 ἀθάναο

2203 4357 2296 4398 τος
2355 4337 2638 4412 ὑπάρχων,
2719 4335 2811 4389 καὶ
2897 4332 3327 4408 καταδεξάμενος
3413 4333 3502 4390 διὰ
3565 4337 3670 4405 τὴν
3731 4339 3870 4410 ἠμε-

2204 4427 2362 4498 τέραν
2443 4425 2713 4502 σωτηρίαν
2824 4431 3193 4499 σαρκωθῆναι.
3278 4421 3451 4481 Ἀλλὰ
3527 4425 3616 4479 καὶ

2206 4516 2381 4584 παντή
2414 4508 2807 4590 ἀρχήνὲλαϐεν
2858 4514 3225 4589 ὲορτάζεσθαι,
3265 4515 3341 4586 μὴ
3377 4519 3862 4590 συναριθμουμὲνη

3710 4427 3870 4481 Ὑπα-

441 4621 578 4660 cum
611 4608 785 4660 antea
833 4603 1152 4659 Dominicis
1203 4604 1367 4659 festis
1418 4619 1533 4658 non
1585 4609 2092 4659 annumeraretur.

2219 4606 2466 4678 πρότερον
2516 4608 2633 4666 ταῖς
2717 4601 3068 4665 Δεσποτικαὶς
3151 4603 3386 4677 ἑορταῖς.
3453 4604 3578 4660 ’Ὁτι
3647 4601 3708 4659 δὲ
3767 4613 3864 4674 τῆς

439 4693 586 4760 Quia
617 4710 748 4749 vero
796 4697 1012 4766 Magnae
1063 4692 1332 4749 Ecclesia:
1387 4691 1742 4747 mentionem
1795 4691 2090 4749 fecimus:

441 4782 733 4854 quomodo
764 4783 837 4837 ab
867 4782 1034 4838 initio
1095 4785 1322 4837 structa
1353 4781 1447 4850 sit,
1481 4785 1535 4836 et
1566 4796 1596 4835 a
1629 4797 1908 4852 quonam,
1941 4782 2094 4854 sigil-

439 4871 604 4928 latim
636 4872 942 4928 enarrabo.
976 4871 1088 4928 Res
1118 4875 1313 4927 autem
1347 4869 1427 4926 ita
1459 4885 1520 4926 se
1553 4869 1746 4926 habet.

2207 4692 2470 4769 Μεγάλης
2531 4689 2820 4758 ἐκκλησίας
2887 4689 3187 4766 ἰμνήσθην,
3250 4691 3605 4766 λεπτομερᾶλς
3663 4690 3860 4768 ὃιηγῆ.

2206 4804 2371 4855 σομαι
2404 4787 2520 4844 πῶς
2551 4781 2603 4853 ἐξ
2656 4783 2837 4856 ἀρχῆς
2886 4780 3128 4850 ἐκτίσθη,
3180 4780 3268 4835 καὶ
3322 4781 3468 4856 παρᾶ
3495 4779 3664 4844 τίνος.
3698 4785 3858 4860 ’Ἐχει

2205 4870 2262 4928 δὲ
2294 4871 2486 4934 οὕτως,
