4046 6338
174 385 346 446 1289

1315 383 1682 447 ANONYMI
1728 385 2312 458 ANTIOUITATES
2358 386 2474 448 ΟΡ.

3447 390 3600 452 i290

1435 673 2366 842 ANONYMI

725 939 900 1034 DE
1009 941 2139 1055 ANTIQUITATIBUS
2257 942 3059 1042 CPOLITANIS

1599 1123 1811 1180 LIBER
1850 1122 2189 1188 QUARTUS

812 1273 1154 1336 Continens
1182 1275 1510 1340 historiam
1542 1284 1604 1340 et
1632 1277 2120 1358 descriptionem
2153 1277 2377 1360 templi
2405 1278 2651 1340 Sanctae
2686 1277 2965 1360 SOphiae.

176 1597 586 1654 Constantinus
615 1599 839 1670 Magnus
888 1598 1134 1669 primum
1185 1595 1438 1653 condidit
1480 1597 1736 1652 Sanctam
1789 1595 2078 1667 Sophiam,
2126 1598 2316 1667 ﬁgura
2365 1600 2621 1670 oblonga,
2674 1599 2874 1652 Ariani
2919 1599 3019 1652 sub
3064 1597 3352 1653 Theodosio
3398 1603 3595 1667 Magno

245 1670 494 1740 ejusdem
526 1669 769 1726 ecclesia
803 1675 1009 1726 tectum
1037 1670 1360 1724 incendunt.
1395 1669 1433 1723 Α
1468 1671 1659 1738 Ruﬁno
1683 1671 1947 1738 magistro
1972 1677 2091 1740 post
2122 1670 2404 1725 biennium
2434 1669 2802 1727 restauratur.
2829 1671 2980 1726 Anno
3015 1671 3053 1724 V
3078 1671 3388 1725 Iustiniani
3418 1672 3597 1739 impe-

241 1744 467 1815 ratoris,
501 1743 558 1796 in
588 1741 850 1797 seditione
885 1742 1078 1812 populi
1105 1740 1448 1797 comburitur
1495 1740 1636 1797 mdes
1681 1742 1988 1813 Sopliiana,
2023 1745 2075 1796 et
2113 1741 2194 1798 ad
2230 1758 2352 1797 eam
2400 1761 2438 1799 a
2483 1743 2870 1815 fundamentis
2916 1742 3278 1797 excitandam
3331 1743 3591 1796 animum

246 1813 498 1885 applicat
525 1815 675 1870 idem
706 1819 999 1883 Augustus.

247 1954 314 2010 Ἠ
346 1952 470 2028 ἁγία
529 1953 703 2031 Σοφία
750 1955 785 2021 ἡ
822 1950 1036 2027 μεγάλη
1073 1949 1338 2022 ἐκκλησία
1368 1949 1541 2014 οὕτως
1583 1950 1821 2021 ἐκτίσθη.

2013 1952 2234 2026 Magna
2264 1952 2515 2010 ecclesia
2546 1955 2760 2009 Sancta
2791 1953 3009 2025 Sophia
3039 1953 3275 2008 condita
3327 1953 3438 2009 fuit
3486 1953 3594 2008 hoc

173 2046 403 2117 Πρῶτον
457 2042 550 2114 μὲν
603 2043 884 2116 ἀνήγειρεν
937 2039 1104 2109 αὐτήν
1152 2041 1180 2094 6
1211 2039 1394 2115 Μέγας
1423 2046 1825 2105 Κωνσταντῖνος

175 2129 475 2206 δρομικὴν,
534 2130 726 2204 ὁμοίαν
790 2134 886 2184 τοῦ
944 2130 1128 2205 Ἁγίου
1183 2128 1533 2205 Ἀγαθονίκου
1581 2129 1670 2184 καὶ
1727 2135 1822 2184 τοῦ

174 2220 373 2293 ’ᾼγίου
404 2219 656 2276 Ίσακίου.
688 2218 777 2273 καὶ
809 2217 1109 2292 πληρώσας
1138 2219 1329 2288 αὐτὴν,
1381 2219 1585 2290 στήλας
1632 2216 1824 2291 ἔστησε

172 2306 416 2370 πολλάς.
469 2309 730 2382 Διήρκεσε
786 2305 843 2362 δὶ
897 2307 958 2362 τὸ
1015 2307 1218 2380 κτίσμα
1247 2307 1421 2363 ἐκεῖνο
1453 2307 1691 2384 χρόνους
1722 2305 1819 2364 οδ’.

174 2399 265 2454 Ἐν
301 2394 357 2451 δὶ
385 2402 502 2459 τοῖς
536 2395 760 2471 χρόνοις
804 2393 1096 2452 Θεοδοσίου
1136 2401 1233 2451 τοῦ
1270 2395 1550 2471 Μεγάλου,
1608 2395 1680 2459 εἲς
1723 2398 1821 2466 τήν

171 2484 424 2560 δευτέραν
477 2483 699 2540 σύνοδον
753 2487 850 2555 τήν
912 2484 962 2539 ἐν
1025 2485 1598 2541 Κωνσταντινοῦπόλει
1670 2507 1822 2561 γενο-

173 2576 371 2650 μένην,
427 2577 803 2638 στασιάσαντες
859 2575 910 2628 οἱ
971 2574 1278 2649 Ἀρειανοὶ,
1337 2573 1662 2653 κατέφλεξαν
1718 2577 1816 2644 τήν

171 2657 372 2738 στέγην
449 2671 549 2734 τῆς
617 2665 788 2733 αὐτῆς
857 2660 1171 2733 ἐκκλησίας,
1246 2658 1400 2725 ὄντος
1477 2665 1819 2739 πατριάρχου

171 2753 474 2828 Νεκταρίου
510 2799 522 2818 ,
579 2752 668 2807 καὶ
723 2751 1037 2822 ἐξελθόντος
1083 2755 1180 2805 τοῦ
1235 2751 1581 2826 ἀγιωτάτου,
1640 2751 1690 2805 ἂν
1751 2755 1818 2825 τῇ

173 2841 340 2916 Ἀγίᾳ
395 2841 606 2917 Εἰρήνῃ
663 2844 731 2914 τῇ
789 2840 998 2910 παλαιᾷ
1041 2840 1425 2912 καθεζομένων
1485 2841 1546 2909 ἢν
1585 2839 1673 2894 καὶ
1722 2841 1818 2895 αὖ·

171 2933 278 3000 τὴν
337 2931 617 3004 ἀνήγειρεν
668 2930 696 2984 6
756 2931 932 3005 Μέγας
989 2935 1414 2990 Κωνσταντῖνος.
1467 2926 1702 2997 Διῆλθον
1764 2927 1820 2984 δὲ

172 3021 374 3096 χρόνοι
422 3017 540 3087 δύο,
566 3019 656 3074 καὶ
690 3017 880 3073 ’ίστατο
913 3018 1174 3087 ἀσκεπής.
1232 3018 1540 3093 ΙΙροστάξας
1576 3016 1631 3072 δὲ
1662 3019 1688 3072 ὁ
1725 3020 1819 3094 βα-

173 3109 364 3171 σιλεὺς
423 3105 709 3170 Θεοδόσιος
775 3109 1059 3184 Ῥουφῖνον
1113 3106 1207 3161 τὸν
1277 3108 1575 3182 μάγιστρον
1635 3107 1819 3176 αὐτοῦ,

170 3197 462 3253 ἐσκέπασεν
533 3197 700 3266 αὐτὴν
771 3194 862 3251 διὰ
917 3193 1278 3270 κυλινδρικῶν
1335 3197 1615 3268 καμάρων.
1681 3196 1825 3251 Μετὰ

1931 2042 2401 2098 modo.Primum
2435 2043 2674 2115 quidem
2709 2043 3002 2098 exstruxit
3023 2059 3148 2097 eam
3173 2043 3421 2114 Magnus
3452 2043 3596 2098 Con-

1927 2130 2251 2199 stantinus,
2275 2131 2525 2203 oblonga
2564 2132 2772 2202 ﬁgura,
2795 2131 2989 2187 Sancti
3009 2131 3349 2204 Agathonici
3373 2135 3430 2187 et
3449 2136 3594 2186 San-

1931 2221 2008 2275 cti
2043 2220 2246 2275 Isaacii
2280 2221 2539 2276 similem
2581 2241 2594 2289 ;
2627 2221 3008 2292 confectoque
3067 2237 3242 2292 Opere
3275 2220 3492 2275 multas
3526 2221 3586 2275 in

1930 2325 1998 2364 ea
2028 2311 2254 2364 statuas
2285 2308 2487 2364 erexit.
2522 2309 2639 2364 Hoc
2664 2326 2835 2381 porro
2884 2307 3197 2364 aediﬁcium
3230 2325 3414 2364 annos
3436 2325 3586 2380 qua-

1929 2402 2064 2452 tuor
2093 2403 2148 2452 et
2177 2398 2551 2470 septuaginta
2581 2399 2869 2453 intactum
2899 2398 3354 2469 mansit.Magno
3389 2403 3585 2453 autem

1931 2485 2259 2540 Theodosio
2292 2485 2637 2557 imperante,
2672 2503 2786 2558 quo
2819 2491 3079 2558 tempore
3118 2488 3376 2542 secunda
3408 2503 3579 2560 syno-

1931 2575 2044 2629 dus
2082 2574 2585 2645 Canstantinopoli
2636 2576 2925 2630 celebrata
2975 2580 3083 2642 est,
3136 2576 3358 2644 Ariani,
3412 2593 3578 2631 com-

1931 2667 2090 2717 mota
2122 2662 2617 2734 seditione,hujus
2648 2663 2904 2719 ecclesiae
2939 2669 3156 2719 tectum
3186 2665 3580 2720 incenderunt

1928 2751 2196 2806 Nectario
2218 2757 2340 2806 tum
2369 2751 2700 2823 patriarcha
2731 2770 2743 2807 :
2769 2753 2869 2823 qui
2895 2753 2982 2807 vir
3001 2753 3417 2810 sanctissimus
3440 2754 3575 2808 inde

1929 2855 2201 2911 egressus
2232 2841 2291 2895 in
2322 2840 2568 2896 ecclesia
2599 2841 2822 2896 Sanctae
2852 2848 3030 2896 Irenae
3061 2843 3238 2897 veteri
3287 2843 3572 2909 consedit,

1929 2945 2108 2999 quam
2143 2929 2282 2984 item
2315 2929 2620 2985 ecclesiam
2644 2947 2895 3002 magnus
2918 2930 3336 2986 Constantinus
3361 2931 3574 2986 excita-

1928 3022 2112 3072 verat.
2164 3018 2380 3073 Exinde
2427 3019 2598 3073 annis
2636 3019 2866 3073 duobus
2911 3024 3112 3074 sancta
3160 3019 3377 3091 Sophia
3423 3023 3576 3074 tecto

1931 3106 2140 3161 caruit.
2176 3107 2548 3177 Imperatoris
2579 3123 2712 3162 vero
2744 3107 3054 3163 Theodosii
3097 3109 3293 3179 jussu,
3328 3109 3579 3164 Ruﬁnus

1934 3195 2217 3268 magister
2249 3212 2376 3250 eam
2409 3195 2750 3268 cylindricis
2783 3196 3101 3252 fornicibus
3151 3198 3400 3268 operuit.
3456 3196 3582 3252 Ela-

174 3285 236 3342 δὶ
299 3286 530 3362 χρόνους
577 3285 652 3341 λε’
702 3290 800 3341 τοῦ
831 3283 1140 3352 Θεοδοσίου,
1173 3286 1254 3340 πε⁹
1302 3284 1434 3339 ἐτῶν
1497 3282 1820 3340 διελθόντων

1935 3285 2058 3355 psis
2087 3290 2284 3339 autem
2319 3301 2350 3339 a
2379 3285 2706 3340 Theodosio
2742 3285 2980 3357 trigint;
3030 3287 3313 3358 quinque,
3367 3304 3400 3340 a
3433 3288 3582 3343 Con-

169 3375 284 3430 ἆπὸ
339 3379 436 3429 τοῦ
493 3373 750 3449 Μεγάλου
804 3373 1232 3441 Κωνσταντίνου,
1292 3373 1367 3435 εἷς
1425 3373 1516 3428 τὸν
1575 3375 1822 3446 πέμπτον

167 3463 376 3540 χρόνον
452 3465 549 3532 τῆς
629 3461 907 3538 βασιλείας
983 3465 1314 3518 Ἰουστιανοῦ
1378 3465 1475 3515 τοῦ
1543 3461 1821 3537 Μεγάλου,

172 3552 316 3624 μετᾶ
365 3552 425 3606 τὸ
485 3558 752 3629 σφαγῆναι
813 3549 864 3604 ἐν
919 3554 999 3622 τῷ
1055 3551 1287 3621 Ἱππικῷ
1336 3549 1628 3621 τριάκοντα
1666 3552 1823 3605 πέντε

167 3637 449 3716 χιλιάδων
505 3638 676 3694 ὶκεῖσε
731 3638 1144 3714 ἀναιρεθέντων,
1200 3637 1380 3701 καθὼς
1429 3638 1518 3691 καὶ
1568 3639 1822 3712 ἀνωτέρω

169 3726 505 3798 δεδήλωται,
539 3726 629 3782 διὰ
656 3727 718 3782 τὸ
748 3726 1170 3802 ἄναγορευθῆναι
1198 3725 1301 3780 ὑπὸ
1330 3729 1437 3779 τῶν
1468 3723 1564 3780 δύο
1597 3723 1823 3799 δημοτι-

170 3820 288 3871 κῶν
323 3820 518 3890 μερῶν,
550 3817 800 3870 Ὑπάτιον
833 3814 1114 3888 πατρίκιον
1155 3813 1352 3890 μέρους
1383 3815 1620 3869 Βενὲτων
1649 3815 1700 3868 ἰν
1745 3815 1823 3887 τῷ

169 3907 214 3960 ε’
245 3901 350 3960 ἔτει
380 3907 479 3973 τῆς
517 3904 795 3980 βασιλείας
819 3903 982 3958 αὑτοῦ
1010 3907 1106 3959 τοῦ
1138 3905 1543 3972 Ἰουστινιανοῦ,
1581 3902 1822 3958 ἐνέπνευ-

164 4015 258 4048 σεν
295 3995 323 4047 6
353 3993 478 4055 Θεὸς
513 3993 588 4054 εἰς
629 3994 729 4061 τήν
790 3989 1030 4046 διάνοιαν
1083 3990 1247 4046 αὐτοῦ
1304 3995 1401 4046 τοῦ
1455 3989 1821 4065 οἶκοδομῆσαι

160 4083 322 4151 ναὸν,
349 4084 467 4145 οῖος
499 4081 598 4137 οὐκ
627 4079 841 4152 ἐκτίσθη
874 4079 980 4135 ἀπὸ
1009 4079 1110 4135 τού
1141 4077 1335 4152 Ἀδάμ.

1931 3372 2192 3428 stantino
2240 3373 2450 3444 Magno
2501 3375 2797 3444 octoginta
2848 3374 3109 3446 quinque
3155 3374 3349 3440 annis,
3397 3375 3580 3430 Justi-

1932 3460 2093 3515 niani
2127 3461 2497 3531 imperatoris
2527 3479 2681 3516 anno
2712 3461 2940 3532 quinto,
2973 3467 3100 3533 post
3151 3464 3364 3518 easdem
3416 3463 3579 3518 illam

1933 3549 1992 3604 in
2023 3549 2418 3621 Iiippodro'no
2453 3550 2688 3616 factam,
2743 3567 2860 3621 qua
2890 3551 3132 3623 triginta
3182 3552 3442 3623 quinque
3476 3553 3579 3606 ho-

1933 3638 2159 3692 minum
2197 3638 2380 3692 millia
2414 3639 2729 3710 perierunt,
2759 3647 2820 3693 ut
2843 3640 3116 3708 superius
3144 3646 3444 3694 narratum
3466 3645 3575 3706 est,

1933 3727 2088 3799 quod
2124 3727 2250 3780 dum
2285 3727 2600 3781 factionum
2651 3731 2845 3797 partes
2899 3727 3228 3798 Hypatium,
3263 3727 3575 3799 patricium

1933 3832 1998 3870 ac
2032 3815 2298 3870 factionis
2329 3818 2558 3870 Venetae
2594 3816 2921 3885 tribunum,
2972 3815 3381 3885 imperatorem
3414 3815 3575 3872 salu-

1933 3908 2197 3971 tassent;
2231 3904 2459 3974 quinto,
2493 3904 2758 3975 inquam,
2804 3903 2934 3974 ejus
2972 3903 3202 3975 imperii
3241 3922 3392 3960 anno
3424 3905 3578 3976 cepit

1933 3991 2267 4059 consilium,
2301 3991 2416 4047 Deo
2447 3991 2785 4063 instigante,
2816 3993 3153 4047 exstruendi
3177 3991 3578 4066 templi,quaie

1935 4095 2240 4151 nunquam
2274 4095 2342 4134 ex
2373 4079 2581 4134 Adami
2615 4085 2875 4151 tempore
2907 4079 3225 4136 excitatum
3261 4083 3470 4138 fuerat.

160 4227 470 4291 larmora,
497 4226 772 4282 columna?
799 4223 1098 4296 reliquave
1142 4224 1384 4279 materia
1426 4233 1737 4296 opportuna
1777 4223 1850 4296 ad
1896 4223 2088 4294 templi
2114 4225 2503 4296 structuram,
2538 4223 2834 4296 aquariis
2874 4224 3027 4278 orbis
3076 4226 3399 4296 prouinciis,
3422 4227 3583 4296 jussu

239 4299 592 4363 imperatoris
619 4294 969 4352 advehuntur
998 4294 1551 4363 Constantinopolim.
1599 4295 1932 4352 Plutarchus
1978 4295 2295 4366 Iustiniano
2319 4297 2386 4349 ab
2415 4294 2660 4365 epistolis
2711 4303 2762 4349 et
2811 4294 3305 4366 historiographus.
3358 4294 3576 4352 Cotum-

236 4385 342 4424 nas
373 4371 642 4424 Romanas
668 4371 782 4422 octo
812 4368 1015 4422 Marcia
1047 4368 1289 4421 Romana
1316 4367 1485 4422 vidua
1510 4368 1588 4422 ad
1615 4369 2008 4438 imperatorem
2037 4369 2234 4421 mittit.
2269 4365 2392 4422 Octo
2421 4381 2548 4420 vero
2579 4367 2724 4420 alias
2761 4369 2980 4436 prasini
3025 4365 3230 4423 coloris
3265 4367 3574 4424 Constanti-

236 4457 347 4495 nus
374 4443 574 4512 prator
601 4440 825 4493 advexit
853 4438 1332 4512 Ephesolleliquae
1362 4455 1486 4493 vero
1515 4439 1786 4496 columnae
1814 4455 1884 4495 ex
1914 4439 2086 4494 variis
2109 4440 2238 4493 locis
2288 4439 2715 4508 transferuntur
2737 4456 2756 4499 ;
2788 4445 2955 4510 atque
2998 4440 3149 4494 intra
3178 4449 3383 4512 septem
3410 4456 3582 4496 annos

240 4527 368 4568 cum
397 4509 631 4567 dimidio
661 4513 919 4565 universa
948 4511 1187 4565 materia
1213 4512 1558 4581 congeritur.

243 4637 488 4710 Ἔγραψε
547 4632 606 4689 δὲ
660 4637 779 4695 τοῖς
839 4637 1185 4708 στρατηγοῖς,
1233 4634 1326 4688 καὶ
1383 4635 1698 4708 σατράπαις,
1730 4633 1819 4688 καὶ

2003 4634 2252 4705 Scripsit
2281 4635 2478 4706 itaque
2509 4635 2781 4704 ducibus,
2814 4638 3086 4706 satrapis,
3112 4636 3581 4708 judicibus,pro-

161 4731 404 4802 κριταῖς,
461 4722 552 4779 καί
582 4720 936 4802 φορολόγοις,
964 4728 1078 4784 τοῖς
1110 4722 1198 4778 ἐπὶ
1228 4727 1335 4778 τῶν
1370 4727 1616 4795 θεμάτων
1646 4724 1817 4778 ἅπαν·

160 4835 266 4876 τας
343 4812 559 4889 ἐρευνᾷν
617 4811 839 4884 αὐτοὺς,
915 4810 1063 4872 ὅπως
1123 4811 1320 4888 εὕρωσι
1397 4812 1578 4873 κίονάς
1627 4833 1686 4866 τε
1735 4813 1825 4865 καὶ

163 4905 512 4977 συστήματα,
591 4900 790 4973 στήθεά
858 4921 915 4956 τε
981 4900 1072 4954 καὶ
1142 4896 1361 4972 ἀϐάκια,
1436 4900 1524 4955 καὶ
1590 4898 1820 4975 καγκελ-

161 4990 490 5068 λοθυρίδας,
540 4993 627 5047 καὶ
662 4992 761 5060 τήν
810 4987 1012 5058 λοιπὴν
1062 4987 1198 5060 ὕλην
1256 4991 1356 5059 τήν
1390 4989 1688 5059 ἀνήκουσαν
1743 4988 1819 5050 εἰς

161 5083 237 5138 τὸ
269 5082 539 5156 ἀνεγεῖραι
596 5081 742 5135 ναόν.
790 5079 989 5139 Πάντες
1022 5074 1078 5132 δὲ
1103 5078 1154 5132 οἱ
1207 5079 1334 5154 παρ’
1364 5076 1530 5132 αὐτοῦ
1578 5077 1820 5152 ὁρισθίν-

163 5192 264 5232 τες
294 5169 402 5225 ἀπὸ
433 5167 738 5225 εἶδωλικῶν
797 5172 962 5239 ναῶν,
1013 5166 1104 5220 καὶ
1151 5166 1256 5221 ἀπὸ
1287 5163 1536 5222 παλαιῶν
1579 5163 1825 5241 λουτρῶν

165 5281 236 5316 τε
290 5259 380 5314 καὶ
439 5256 604 5314 οἷ’κων
660 5254 904 5331 ἔπεμπον
963 5255 1139 5310 πάντα
1187 5259 1267 5328 τῷ
1327 5255 1544 5331 βασιλεῖ
1598 5257 1824 5312 Ἰουστι-

168 5351 342 5420 νιανῷ
409 5347 514 5402 ἀπὸ
572 5345 790 5403 πάντων
841 5350 949 5401 τῶν
1005 5342 1252 5417 Θεμάτων
1313 5344 1585 5414 ἀνατολῆς
1641 5365 1698 5398 τε
1737 5343 1825 5398 καὶ

175 5435 410 5504 δύσεως,
445 5435 618 5512 βορῥᾶ
643 5457 702 5490 τε
748 5434 840 5489 καὶ
887 5433 1069 5501 νότου,
1120 5434 1210 5488 καὶ
1240 5435 1454 5489 πάντων
1485 5437 1591 5487 τῶν
1650 5435 1825 5503 νήσων

173 5527 268 5583 καὶ
323 5524 450 5588 τοὺς
505 5526 600 5598 μὲν
664 5524 809 5579 ὀκτὼ
852 5522 1037 5583 κίονας
1093 5519 1219 5583 τοὺς
1269 5520 1596 5595 Ῥωμαίους,
1649 5521 1829 5582 καθώς

175 5635 316 5695 φησι
350 5612 710 5689 Πλούταρχος
743 5613 772 5668 6
802 5616 1247 5686 πρωτοσεκρῆτις
1300 5610 1390 5664 καὶ
1438 5609 1830 5687 πιστογράιρος,

173 5707 556 5778 Ἰουστινιανῷ
589 5703 724 5779 μετὰ
765 5697 986 5781 σχεδίας
1027 5697 1313 5756 auio-mlle
1341 5701 1494 5778 χήρα
1533 5698 1672 5776 γυνὴ
1721 5697 1829 5752 ἀπὸ

513 5835 770 5897 ΡΑτιιοι..
825 5834 934 5896 Gn.
983 5829 1221 5891 CXXII.

1938 4722 2262 4778 vinciarum
2295 4724 2706 4794 quaestoribus,
2733 4723 2952 4794 jubens
2997 4725 3263 4795 singulos
3313 4730 3579 4782 accurate

1936 4811 2188 4866 scrutari
2221 4828 2286 4866 ac
2318 4813 2676 4882 perquirere,
2711 4827 2849 4865 num
2879 4811 3205 4882 columnas,
3240 4813 3447 4884 fulcra,
3483 4832 3579 4886 pe-

1931 4899 2176 4971 ristylia,
2210 4897 2441 4954 tabulas
2467 4902 2523 4953 et
2552 4898 2868 4954 clathratas
2891 4900 3131 4969 januas,
3175 4918 3240 4956 ac
3294 4901 3580 4973 quidquid

1932 4987 2185 5043 materie
2217 4987 2632 5043 construendis
2665 4986 2904 5058 templis
2942 4993 3366 5059 opportunum,
3417 5006 3581 5061 repe-

1933 5076 2047 5131 rire
2088 5081 2347 5148 possent.
2399 5077 2546 5132 Tum
2595 5077 2658 5145 ii,
2710 5077 2928 5148 quibus
2979 5077 3035 5130 id
3087 5078 3349 5134 muneris
3398 5080 3587 5136 fuerat

1934 5165 2672 5236 demandatum,quidquid
2706 5181 2774 5220 ex
2805 5164 3093 5220 idolorum
3129 5165 3586 5237 templis,exan-

1933 5253 2118 5325 tiquis
2142 5253 2369 5309 balneis
2391 5271 2457 5308 ac
2483 5254 2728 5320 aedibus,
2761 5270 2829 5309 ex
2864 5253 3128 5325 qualibet
3159 5254 3589 5322 orientis,occi-

1937 5342 2150 5408 dentis,
2199 5343 2617 5414 septentrionis
2680 5347 2737 5398 et
2805 5343 2987 5398 austri
3039 5343 3338 5414 provincia
3407 5363 3591 5418 exque

1938 5431 2218 5487 omnibus
2265 5430 2476 5487 insulis
2545 5431 2739 5504 colligi
2801 5430 3008 5503 potuit,
3061 5433 3131 5486 ad
3202 5431 3592 5503 imperaorem

1938 5519 2343 5576 Justinianum
2372 5519 3006 5578 miserunt.Columnas
3031 5520 3272 5592 quidem
3299 5521 3595 5580 Romanas

1941 5615 2092 5675 octo,
2127 5613 2189 5664 ut
2235 5613 2433 5665 narrat
2479 5609 2831 5665 Plutarchus
2881 5609 3108 5681 primus
3157 5627 3190 5667 a
3249 5612 3490 5668 secretis
3539 5620 3597 5670 et

1942 5697 2057 5753 ﬁde
2085 5697 2302 5770 dignus
2333 5697 2604 5771 scriptor,
2638 5697 2854 5754 Marcia
2900 5699 3171 5770 quedam
3227 5699 3491 5759 Romana
3511 5703 3594 5759 vi-

3198 5831 3267 5888 41
