4046 6338
458 409 610 470 1291

1406 404 1803 465 APPENDIX
1845 406 1949 465 AD
1995 402 2457 465 MICHAELEM
2503 405 2888 469 PSELLUM.

3720 410 3871 470 1M

456 538 596 605 dua,
647 554 798 609 quas
847 535 1071 593 dotales
1116 542 1440 608 acceperat,
1492 535 1716 591 ratibus
1766 534 2095 591 Justinianc

2218 532 2438 605 Ῥώμης
2490 532 2718 604 ὀνόματι
2779 534 3021 609 Μαρκία⁶
3077 534 3194 611 εἶχε
3225 531 3282 590 δὲ
3332 534 3528 598 αὐτοὺς
3564 536 3641 599 εἷς
3672 544 3870 613 προῖκα

453 626 698 700 perinde
732 625 910 681 misit.
946 629 1034 679 Ea:
1065 641 1199 680 vero
1226 628 1423 680 Romae
1474 629 1761 680 steterant
1803 625 1862 678 in
1895 621 2114 694 templo

453 716 628 782 Solis,
662 716 814 786 quod
851 718 1145 769 struxerat
1174 714 1529 770 Aurelianus
1570 714 1964 768 Romanorum
1998 712 2108 766 im-

452 809 708 876 perator,
741 803 841 874 qui
874 818 1002 858 sese
1037 802 1228 858 Persis
1262 802 1686 873 prodidit.Ucto
1726 805 1920 855 autem
1954 798 2110 865 illas,

452 893 776 964 stupendae
809 891 1002 963 plane,
1035 890 1248 947 coloris
1280 891 1524 962 prasini,
1576 907 1756 945 caesas
1802 894 1858 945 et
1897 888 2110 960 politas

451 979 873 1039 Constantinus
903 985 1112 1051 praetor
1145 980 1374 1050 Epheso
1418 978 1669 1033 advexit.
1720 978 1936 1033 Marcia
1974 993 2107 1031 vero

449 1069 726 1142 superius
758 1075 1104 1136 memorata,
1140 1068 1262 1122 haec
1306 1068 1650 1139 imperatori
1685 1067 1924 1138 scripsit
1956 1084 1968 1120 :
2002 1065 2107 1120 Co-

446 1157 685 1213 lumnas
716 1157 823 1211 tibi
856 1157 1014 1228 paris
1045 1156 1460 1228 longitudinis,
1521 1156 1799 1226 ponderis
1831 1160 2006 1225 atque
2032 1155 2110 1209 la-

444 1248 742 1312 titudinis,
778 1263 881 1318 pro
913 1246 1105 1301 salute
1139 1245 1348 1300 animae
1382 1261 1518 1300 mea}
1568 1245 1757 1299 mitto.
1792 1242 2105 1299 Columnas

445 1353 580 1393 vero
610 1336 913 1407 reliquias,
948 1335 1161 1406 partim
1196 1334 1419 1406 Cyzico,
1454 1333 1666 1404 partim
1694 1333 1944 1398 Troade,
1978 1349 2105 1402 par-

444 1426 551 1482 tim
601 1441 670 1481 ex
722 1423 1073 1496 Cycladibus
1124 1422 1339 1479 insulis
1406 1423 1659 1494 praefecti
1732 1421 2104 1493 imperatoris

443 1513 924 1572 transmiserunt.
974 1514 1228 1584 Jamque
1276 1513 1514 1567 demum
1564 1510 1829 1576 materia,
1884 1514 2105 1580 quanta

445 1619 595 1674 opus
624 1606 768 1671 erat,
802 1618 904 1674 per
932 1618 1118 1657 annos
1141 1606 1364 1671 septem
1390 1616 1523 1656 cum
1548 1598 1792 1655 dimidio
1824 1603 2105 1670 congesta

444 1694 669 1751 aderat.

439 1852 803 1908 Juslim'anus
850 1850 949 1906 XII
995 1851 1221 1921 imperii
1248 1851 1342 1905 sui
1386 1864 1532 1904 anno
1579 1847 1748 1903 aedem
1781 1847 2127 1921 Sophianam
2189 1861 2224 1900 α
2292 1844 2657 1921 constantino
2698 1847 2765 1902 Μ.
2810 1848 3087 1903 conditam
3132 1866 3166 1903 a

2227 620 2411 689 αὐτῆς.
2471 624 2715 675 Ἵσταντο
2770 619 2826 676 δὲ
2876 622 2953 684 είς
3006 624 3225 697 Ῥώμην
3288 624 3365 687 εἰς
3394 626 3488 679 τὸν
3516 626 3647 680 ναὸν
3681 625 3871 683 Ἡλίου

2219 709 2309 763 τὸν
2395 709 2675 763 κτισθέντα
2756 711 2900 784 παρὰ
2983 710 3322 784 Αύρελιανοῦ
3406 712 3679 787 βασιλέως
3739 716 3867 774 Ῥώ-

2225 818 2355 869 μης,
2409 802 2505 851 τοῦ
2562 795 2861 874 προδόντος
2924 799 3087 854 αὐτὸν
3143 800 3393 875 Πέρσαις.
3453 803 3595 864 Τοὺς
3640 800 3701 857 δὲ
3734 805 3869 859 ὀκτὼ

2218 886 2512 961 πρασίνους
2592 886 2776 952 κίονας
2851 887 2980 950 τοὺς
3076 889 3539 963 ἀξιοθαυμάστους
3646 890 3869 965 ἐκόμισε

2221 981 2618 1037 Κωνσταντῖνος
2674 976 2972 1051 στρατηγὸς
3033 977 3137 1032 ἀπὸ
3201 977 3423 1056 Ἐφέσου
3477 977 3869 1055 λελατομημέ-

2217 1085 2344 1127 νους
2375 1064 2738 1141 ἀμφοτέρους.
2770 1067 2834 1123 Ἡ
2870 1064 2926 1120 δὲ
2967 1069 3343 1142 προειρημένη
3396 1069 3618 1142 Μαρκία
3668 1065 3871 1146 ἔγραψε

2216 1157 2294 1224 τῷ
2347 1151 2562 1228 βασιλεῖ
2592 1153 2784 1225 οὕτως,
2832 1154 2916 1209 ὅτι
2949 1154 3300 1212 Ἀποστέλλω
3329 1156 3513 1219 κίονας
3544 1158 3864 1231 ἰσομήκεας,

2221 1240 2622 1313 ἷσοστάθμους,
2682 1244 2772 1296 καὶ
2828 1242 3200 1317 ἴσοπλάτους,
3267 1244 3401 1321 ὐπὶρ
3454 1249 3705 1321 ψυχικῆς
3768 1270 3865 1320 μου

2215 1330 2511 1406 σωτηρίας.
2563 1332 2704 1395 Τοὺς
2752 1330 2809 1386 δὲ
2864 1330 3095 1388 λοιποὺς
3144 1333 3362 1403 κίονας,
3419 1334 3545 1397 τοὺς
3612 1337 3710 1408 μὶν
3766 1338 3864 1392 ἀπὸ

2214 1420 2473 1492 Κυζίκου,
2502 1419 2627 1482 τοὺς
2679 1418 2734 1475 δὲ
2784 1422 2888 1476 ἀπὸ
2937 1420 3198 1496 Τροάδος,
3242 1421 3446 1486 ἄλλους
3478 1425 3584 1479 ἀπὸ
3611 1431 3722 1480 τῶν
3756 1433 3862 1483 Κυ-

2212 1506 2434 1563 κλάδων
2464 1510 2668 1581 νήσων,
2703 1511 2756 1564 οἱ
2810 1510 3074 1585 ἄρχοντες
3121 1516 3217 1566 τοῦ
3271 1512 3541 1587 βασιλέως
3576 1515 3864 1587 ἐκόμισαν.

2215 1597 2312 1651 Καὶ
2346 1597 2541 1653 λοιπὸν
2573 1599 2729 1667 ἱκανὴ
2764 1597 2868 1669 ὕλη
2904 1599 3161 1669 ἀπετέθη.
3195 1601 3571 1677 Ἀπεσωρεύθη
3608 1601 3667 1658 δὲ
3724 1611 3868 1659 πᾶσι

2213 1688 2248 1755 ἡ
2282 1685 2387 1757 ὕλη
2423 1683 2511 1741 διὰ
2541 1686 2758 1762 χρόνων
2792 1689 2926 1743 ἑπτὰ
2954 1687 3155 1763 ἥμισυ.

3213 1849 3600 1921 fundamenti:
3642 1854 3860 1919 evertit,

513 1933 563 1979 el
592 1922 772 1978 aliam
804 1924 957 1993 longe
986 1919 1310 1993 ampliorem
1341 1925 1659 1975 construere
1688 1919 2260 1993 aggreditur.ADomos
2304 1919 2681 1993 uicinasemil
2700 1935 2721 1979 ;
2750 1927 2801 1973 el
2847 1922 3093 1993 primum
3143 1919 3323 1976 aedem
3366 1922 3658 1992 cujusdam
3686 1924 3863 1981 Anna?

515 1995 739 2050 viduae:
793 1990 909 2066 quo
952 1990 1088 2050 loco'
1119 1993 1598 2064 scevophylacium
1656 1993 1951 2061 exstruxit,
2027 1990 2157 2045 data
2211 1990 2463 2057 mulieri,
2524 1990 2636 2045 loco
2682 1992 2969 2059 mercelis,
3028 1994 3327 2063 sepultura?
3384 1990 3575 2049 eodem
3634 1998 3693 2049 in
3749 1999 3863 2051 loco

514 2067 796 2137 facultate.

518 2189 869 2245 Duodecimo
909 2193 1104 2243 autem
1127 2187 1358 2260 imperii
1391 2204 1544 2243 anno
1564 2186 1934 2242 Justinianus
1956 2190 2095 2241 tem-

2277 2186 2372 2254 Τῷ
2412 2180 2468 2237 δὲ
2499 2180 2788 2258 δωδεκάτῳ
2839 2184 2945 2240 ἔτει
2981 2191 3082 2255 τῆς
3136 2186 3413 2262 βασιλείας
3444 2188 3860 2259 Ἰουστινιανοῦ,

444 2278 613 2351 plum
644 2279 990 2351 praedictum
1024 2294 1055 2331 a
1093 2276 1475 2332 Constantino
1526 2276 1734 2349 Magno
1786 2274 1923 2331 olim
1958 2292 2095 2330 con-

445 2372 735 2423 structum
770 2383 803 2421 a
848 2366 1243 2421 fundamentis
1293 2366 1517 2435 evertit,
1568 2367 1816 2436 ejusque
1864 2365 2092 2429 rudera,

446 2471 577 2526 qua
608 2455 679 2509 ob
712 2460 978 2525 paratam
1020 2452 1316 2524 ingentem
1364 2454 1620 2509 materiae
1670 2453 1897 2526 copiam
1949 2451 2095 2507 nulli

447 2543 581 2599 usui
612 2544 817 2613 forent,
854 2542 1098 2598 seorsim
1135 2542 1414 2615 reposuit.
1449 2542 1636 2614 Coepit
1668 2541 1842 2597 etiam
1872 2541 2096 2596 vicinas

444 2632 597 2687 aedes
629 2647 910 2698 coemere,
944 2648 1009 2685 ac
1046 2630 1230 2702 primo
1252 2630 1517 2686 mulieris
1543 2630 1852 2701 cujusdam
1884 2630 1973 2683 vid
1988 2646 2092 2695 uae,

442 2721 632 2776 Annae
664 2719 940 2774 nomine:
975 2720 1342 2774 aestimantur
1388 2719 1541 2774 {edes
1595 2719 1778 2789 pretio
1809 2718 2094 2772 librarum

445 2808 744 2880 octoginta
766 2808 1051 2879 quinque.
1085 2810 1346 2877 Cumque
1397 2806 1498 2861 illa
1546 2806 1881 2878 imperatori
1918 2805 2097 2860 nollet

442 2898 788 2963 vendere,ac
818 2897 1038 2952 diceret
1071 2914 1083 2951 :
1118 2896 1242 2950 Non
1270 2896 1317 2950 si
1353 2896 1786 2967 quinquaginta
1809 2895 2093 2949 librarum

444 2986 782 3043 centenaria
808 2986 1120 3057 praeberes,
1154 3001 1253 3040 eas
1302 2984 1679 3039 concederem
1707 3004 1721 3051 ;
1754 2984 2094 3054 imperator,

446 3074 647 3130 missis
678 3074 1063 3146 optimatibus
1096 3074 1242 3128 bene
1268 3072 1491 3140 multis,
1527 3072 1630 3143 qui
1662 3071 1967 3127 mulierem
2000 3073 2097 3127 ob-

446 3168 763 3229 secrarent,
797 3179 932 3218 cum
968 3162 1114 3217 nihil
1146 3163 1472 3233 proﬁceret,
1508 3161 1632 3233 ipse
1673 3162 1911 3216 demum
1942 3161 2098 3215 venit

447 3255 505 3306 et
535 3249 842 3306 mulierem
875 3250 1123 3322 supplex
1156 3249 1399 3321 rogavit,
1434 3254 1499 3305 ut
1528 3249 1782 3321 pretium
1826 3265 1927 3321 pro
1959 3249 2096 3304 aedi-

445 3339 557 3394 bus
588 3338 895 3411 acciperet.
928 3343 1075 3393 Tum
1107 3338 1225 3409 illa,
1259 3343 1568 3410 conspecto
1622 3338 1992 3410 imperatore,
2023 3341 2094 3394 ad

444 3428 623 3499 pedes
652 3428 780 3498 ejus
813 3427 1084 3499 procidit,
1117 3427 1372 3497 itemque
1402 3425 1688 3498 supplicis
1722 3443 1881 3482 more
1900 3427 2089 3482 ‘dixit:

442 3516 675 3572 IEdium
709 3516 961 3588 pretium
994 3516 1221 3571 nullum
1246 3517 1350 3570 abs
1372 3520 1428 3571 te
1453 3514 1734 3587 accipiam
1760 3532 1774 3570 :
1809 3532 1948 3587 rogo
1970 3521 2093 3571 tan-
2123 3556 2166 3623 α

442 3609 570 3660 tum
604 3610 667 3661 ut
696 3604 923 3675 templi,
957 3604 1113 3675 quod
1152 3608 1447 3660 exstruere
1493 3621 1663 3675 paras
1715 3620 1819 3676 ego
1860 3621 2091 3676 quoque

444 3695 502 3750 in
536 3694 628 3750 die
650 3695 860 3766 judicii
897 3696 1219 3751 mercedem
1250 3695 1560 3766 accipiam,
1586 3711 1651 3749 ac
1683 3699 1919 3765 propter
1949 3696 2099 3750 aedes

445 3800 608 3839 meas
638 3782 910 3855 sepeliar.
946 3783 1266 3852 Imperator
1296 3800 1426 3837 vero
1460 3782 1766 3837 mulierem
1798 3780 1918 3836 illic
1968 3786 2099 3854 post

445 3871 784 3927 absolutum
816 3871 1128 3926 aediﬁcium
1175 3871 1479 3943 sepultura
1502 3872 1829 3926 donandam
1865 3871 2097 3943 pollice-

448 3964 570 4031 tur,
602 3978 668 4016 ac
698 3961 826 4031 ejus
860 3960 1229 4027 memoriam,
1263 3964 1325 4014 ut
1356 3976 1482 4031 qua
1514 3959 1815 4031 proprium
1849 3960 2095 4016 fundum

446 4048 820 4119 concesserit,
856 4053 1136 4120 perpetuo
1157 4048 1703 4104 habendam.Locus
1726 4065 1857 4104 vero
1882 4049 2095 4104 aedium

445 4138 573 4208 ejus
604 4143 692 4193 est
722 4142 912 4194 totum
945 4136 1473 4209 scevophylacium.

2204 2272 2297 2324 τὸν
2327 2274 2728 2348 προειρημένον
2759 2275 2910 2343 ναὸν,
2959 2276 3050 2330 τὸν
3102 2276 3247 2351 παρᾶ
3290 2280 3386 2331 τοῦ
3419 2276 3679 2351 Μεγάλου
3708 2280 3862 2335 Κων-

2206 2360 2486 2415 σταντίνου
2532 2362 2849 2432 κτισθέντα,
2919 2363 2979 2418 ὲκ
3027 2362 3293 2437 θεμελίων
3344 2366 3688 2440 κατέστρεψε,
3751 2370 3861 2435 Τὴν

2207 2445 2264 2503 δὲ
2316 2447 2452 2519 ὕλην
2512 2449 2676 2505 αὐτοῦ
2711 2448 2866 2514 ἰδίως
2936 2451 3181 2507 ἀπέθετο·
3226 2450 3355 2507 οὐδὶ
3400 2456 3502 2530 γὰρ
3536 2455 3725 2529 χρείαν
3759 2457 3862 2511 αύ-

2204 2544 2303 2606 τῆς
2353 2538 2489 2613 εἶχε,
2524 2536 2612 2593 διὰ
2641 2538 2859 2609 πολλὴν
2912 2542 3000 2595 ναὶ
3054 2540 3272 2617 ἄπειρον
3326 2541 3466 2613 ὕλην
3518 2543 3859 2616 ἣτοιμάσθαι

2205 2626 2439 2702 ’Ἠρξατο
2472 2624 2529 2681 δὲ
2560 2626 2812 2683 ὠνεῖσθαι
2845 2629 3119 2703 οἰκήματα
3160 2635 3269 2685 τῶν
3315 2629 3484 2686 ἐκεῖσε
3532 2631 3858 2687 οἷκούντων·

2204 2717 2295 2769 καὶ
2325 2720 2541 2790 πρῶτον
2579 2717 2672 2789 μὲν
2726 2719 2903 2793 χήρας
2958 2720 3104 2783 τινὸς
3149 2720 3404 2795 γυναικὸς
3438 2720 3689 2794 ὀνόματι.
3734 2724 3859 2779 Ἀν-

2205 2824 2321 2874 νης·
2373 2805 2783 2878 ἀπετιμήθησαν
2840 2809 3152 2881 νομίσματα
3201 2808 3391 2884 λίτρας
3447 2812 3547 2866 πί.
3610 2811 3855 2880 Ἐκείνης

2208 2890 2265 2947 δέ
2311 2895 2384 2967 μή
2443 2894 2792 2970 βουλομένης
2845 2894 3196 2967 διαπωλῆσαι
3246 2902 3324 2970 τῷ
3372 2896 3608 2974 βασιλεῖ,
3642 2895 3856 2974 ἔλεγεν,

2207 2980 2290 3037 ὅτι
2347 2984 2527 3059 Μέχρι
2582 2984 2821 3058 χρυσίων
2881 2988 2922 3040 ν’
2969 2988 3290 3062 κεπηνάρια
3340 2985 3426 3041 ἐάν
3487 3009 3579 3061 μοι
3641 2986 3845 3063 δώσῃς,

2207 3069 2267 3125 οὗ
2328 3068 2487 3125 δώσω
2543 3077 2730 3131 ταῦτα.
2792 3073 2896 3129 Καὶ
2954 3076 2981 3130 6
3036 3074 3290 3151 βασιλεὺς
3345 3081 3453 3131 τῶν
3516 3080 3858 3152 μεγιστάνων

2207 3160 2370 3214 αὐτοῦ
2430 3158 2677 3224 πολλοὺς
2706 3162 3032 3227 ἀποστείλας
3082 3164 3158 3225 εἷς
3207 3164 3407 3221 ἱκεσίαν
3455 3171 3554 3235 τῆς
3601 3168 3861 3241 γυναικὸς

2208 3245 2361 3303 ούδὶν
2418 3246 2569 3317 ἤνυε.
2641 3252 3086 3325 Παραγενόμενος
3145 3252 3321 3308 τοίνυν
3381 3254 3410 3308 6
3469 3252 3727 3329 βασιλεὺς
3781 3255 3857 3317 είς

2206 3338 2409 3392 ἱκεσίαν
2464 3345 2563 3407 τῆς
2618 3341 2891 3414 γυναικὸς,
2953 3338 3129 3397 ἐδέετο
3188 3343 3355 3412 αὐτῆς
3410 3343 3670 3418 περὶτῶν
3706 3342 3858 3415 οἰκη-

2212 3425 2416 3499 μάτων.
2488 3427 2550 3483 ἸΙ
2623 3424 2680 3481 δὲ
2728 3431 3033 3502 θεασαμένη
3099 3430 3192 3485 τὸν
3253 3430 3499 3505 βασιλέα,
3553 3433 3860 3504 προσέπεσε

2205 3520 2323 3576 τοῖς
2380 3513 2537 3569 ποσὶν
2589 3514 2776 3587 αὐτοῦ,
2829 3514 3055 3591 δεομένη
3110 3517 3200 3574 καὶ
3228 3516 3479 3594 λέγουσα,
3530 3518 3613 3574 δυι
3675 3522 3854 3593 Τιμὴν

2210 3604 2302 3675 μὶν
2360 3603 2458 3657 οὐκ
2506 3603 2709 3682 ὀφείλω
2743 3600 2928 3661 λαϐεῖν
2987 3606 3063 3669 εἷς
3094 3608 3159 3662 τὰ
3189 3607 3485 3679 οἶκήματα’
3516 3607 3607 3663 τὸν
3646 3606 3704 3663 δὲ
3728 3610 3855 3663 ναὸν

2208 3693 2265 3746 ’ὸν
2320 3691 2505 3767 βούλει
2554 3692 2756 3761 κτίσαι,
2788 3694 3046 3769 αἰτοῦμαί
3079 3716 3135 3750 σε
3159 3694 3251 3751 ’ίνα
3300 3690 3416 3771 ἔχω
3442 3697 3591 3772 κάγὼ
3624 3696 3677 3751 έν
3712 3700 3856 3769 ἡμέο

2210 3800 2277 3855 ρᾳ
2328 3780 2558 3856 κρίσεως
2590 3783 2804 3854 μισθὸν,
2853 3785 2941 3838 καὶ
2983 3784 3136 3861 ταφῶ
3184 3783 3260 3846 εἷς
3308 3785 3377 3839 τὰ
3405 3783 3690 3858 οἰκήματά
3748 3809 3856 3860 μου

2207 3866 2465 3938 πλησίον.
2521 3871 2579 3927 Ὀ
2639 3868 2695 3925 δὶ
2751 3869 3006 3945 βασιλεὺς
3060 3873 3326 3947 ὑπέσχετο
3388 3873 3556 3942 αὐτὴν
3613 3882 3855 3952 ταφῆναι

2208 3957 2415 4029 ἐκεῖσε,
2476 3958 2610 4031 μετὰ
2666 3959 2728 4014 τὸ
2784 3960 3142 4031 τελειωθῆναι
3198 3963 3288 4017 τὸν
3349 3963 3516 4031 ναὸν,
3577 3964 3653 4025 ὡς
3714 3962 3855 4020 ἴδιον

2204 4055 2389 4121 κτῆμα
2436 4046 2653 4118 δοῦσαν,
2684 4050 2773 4105 καὶ
2808 4050 3241 4125 μνημονεύεσθαι
3274 4050 3559 4123 διηνεκῶς.
3611 4055 3765 4112 Ἔστι
3803 4055 3859 4111 δὶ

2207 4138 2234 4191 6
2264 4136 2429 4199 τόπος
2459 4142 2566 4191 τῶν
2602 4137 2919 4212 οἰκημάτων
2950 4139 3117 4210 αὐτῆς
3146 4142 3209 4196 τὸ
3236 4141 3664 4219 σκευοφυλάκιον
3700 4144 3856 4202 ὅλον.

446 4295 557 4361 Quo
606 4293 723 4369 loco
767 4292 1011 4369 primum
1061 4289 1420 4369 eral_domus
1463 4288 1721 4369 Anl‘ioclii
1775 4289 2015 4369 eunuchi
2079 4298 2132 4345 el
2188 4292 2425 4369 ostiarii,
2471 4309 2624 4349 sacer
2660 4295 3109 4369 puteus,_bema,
3161 4301 3325 4369 atque
3360 4296 3519 4351 ambo
3574 4312 3747 4368 usque
3792 4299 3862 4352 ad

513 4362 760 4441 medium
815 4363 1009 4433 templi
1062 4365 1479 4417 construuntur.
1541 4361 1760 4430 Quibus
1816 4361 2030 4417 artibus
2090 4363 2308 4432 cogilur
2359 4361 2990 4436 praelatus-Antiochus
3044 4361 3116 4423 ad
3192 4361 3564 4424 vcndilionem
3610 4361 3863 4441 propria

512 4434 727 4489 domus.

510 4564 683 4616 Sacer
711 4564 907 4615 autem
940 4563 1174 4632 puteus,
1201 4562 1265 4615 ut
1288 4560 1812 4628 vocant,totusque
1844 4557 2095 4614 bematis

439 4652 618 4719 atque
662 4648 934 4703 ambonis
984 4648 1148 4703 locus
1198 4662 1387 4717 usque
1436 4647 1504 4701 ad
1560 4646 1818 4700 medium
1867 4645 2092 4717 templi,

437 4739 651 4793 domus
680 4742 803 4793 erat
833 4736 1105 4792 Antiochi
1138 4735 1395 4791 eunuchi
1426 4739 1484 4790 et
1534 4734 1755 4790 ostiarii
1792 4752 1803 4789 :
1835 4736 2090 4791 aestima-

436 4830 615 4898 taque
648 4826 758 4881 fuit
789 4825 1031 4896 triginta
1060 4828 1117 4879 et
1146 4828 1273 4879 octo
1324 4823 1511 4879 libris.
1546 4824 1648 4879 Illo
1697 4828 1893 4879 autem
1942 4840 2093 4896 aegre

437 4915 655 4971 ferente
688 4931 801 4969 non
828 4915 994 4984 justo
1027 4913 1210 4984 pretio
1243 4912 1476 4967 divendi
1499 4912 2091 4984 domum,imperator

2274 4559 2343 4613 T6
2386 4557 2443 4614 δὲ
2496 4559 2897 4635 ὀνομαζόμενον
2941 4564 3129 4639 ’Ἀγιον
3179 4564 3383 4638 Φρέαρ,
3433 4562 3616 4617 καὶτὸ
3669 4576 3856 4628 θυσια-

2205 4650 2428 4721 στήριον
2476 4647 2636 4717 ὅλον,
2683 4651 2770 4705 καὶ
2829 4652 2856 4705 6
2906 4650 3075 4714 τόπος
3123 4656 3221 4707 τοῦ
3267 4647 3545 4724 ἅμϐωνος,
3611 4654 3704 4707 καὶ
3755 4654 3857 4713 ἓως

2200 4742 2299 4805 τῆς
2347 4736 2514 4809 μέσης
2561 4742 2656 4793 τοῦ
2704 4743 2856 4806 ναοῦ,
2909 4739 3156 4816 ὑπῆρχεν
3208 4741 3378 4802 οἶκος.
3433 4741 3737 4816 ’Λντιόχου
3768 4743 3855 4797 εὖ·

2204 4825 2410 4900 νούχου
2468 4827 2559 4881 καὶ
2615 4827 2915 4903 όστιαρίουο
2975 4830 3061 4883 καὶ
3124 4830 3439 4900 ἀπετιμήθη
3492 4827 3691 4903 λίτρας
3746 4832 3851 4900 λη’.

2198 4917 2302 4967 Τοῦ
2362 4912 2418 4968 δὲ
2475 4912 2922 4991 δυσχεραίνοντος
2976 4921 3071 4971 τοῦ
3131 4918 3207 4990 μὴ
3267 4917 3465 4991 πράσαι
3538 4917 3708 4987 ἀξίως
3765 4921 3855 4973 τὸν

436 5005 589 5076 aequi
620 5020 828 5061 amans
851 5007 908 5058 et
938 5005 1009 5058 ab
1040 5002 1258 5073 injuria
1289 5002 1593 5057 inferenda
1622 5002 1871 5065 alienus,
1904 5003 2091 5057 incer-

2208 5000 2335 5056 ξ’διον
2396 5004 2544 5058 οἶκον
2587 5009 2665 5077 τῷ
2722 5006 2959 5080 βασιλεῖ,
2991 5003 3339 5083 φιλοδίκαιος
3397 5004 3469 5059 ὢν
3503 5008 3530 5060 ὁ
3566 5006 3853 5081 βασιλεὺς,

434 5098 534 5149 tus
565 5093 793 5149 consilii
827 5092 967 5163 quid
1002 5092 1263 5147 facturus
1306 5096 1459 5147 esset
1482 5092 1788 5162 ignorabat
1821 5109 1833 5146 :
1862 5093 2075 5147 Strate-

436 5183 572 5254 gius
601 5198 739 5238 vero
773 5180 1077 5253 magister,
1121 5179 1482 5251 imperatorii
1534 5180 1720 5234 aerarii
1776 5181 2086 5250 praefectus

433 5272 742 5343 ipsiusque
789 5269 1165 5341 imperatoris
1216 5269 1396 5324 frater
1447 5267 1798 5340 spiritualis,
1854 5285 1972 5324 rem
2023 5284 2085 5325 se

431 5365 555 5417 arte
642 5361 841 5432 aliqua
925 5358 1264 5415 ell‘ecturum
1338 5358 1677 5429 imperatori
1754 5357 2079 5429 pollicetur.

431 5449 720 5505 Ostiarius
779 5450 905 5519 jam
975 5454 1336 5504 memoratus
1416 5447 1737 5503 Antiochus
1804 5446 2079 5503 ludorum

430 5539 784 5595 circensium
820 5537 1269 5593 amantissimus
1299 5540 1605 5593 erat.Cum
1641 5537 1840 5609 itaque
1862 5536 2079 5591 circen-

428 5644 523 5683 ses
554 5628 678 5683 ludi
702 5625 1394 5697 imminerent,magister
1416 5626 1743 5697 Strategius
1775 5624 2079 5681 ostiarium

428 5715 693 5771 detrudit
721 5714 781 5768 in
810 5729 1119 5769 carcerem.
1154 5714 1286 5785 Ipso
1337 5716 1536 5771 autem
1566 5713 1842 5770 ludorum
1873 5713 2078 5770 dieille

2197 5093 2394 5163 καὶμὴ
2449 5090 2621 5146 θέλων
2669 5094 2830 5148 αὐτὸν
2882 5092 3160 5164 ἀδικῆσαι,
3202 5094 3405 5167 ἠθύμει
3466 5092 3770 5167 ἀδημονῶν
3801 5098 3851 5151 τί

2195 5180 2387 5250 πράξοι
2423 5224 2435 5236 .
2515 5184 2857 5258 Στρατήγιος
2935 5184 3231 5259 μάγιστρος
3289 5181 3365 5237 ὢν
3412 5187 3509 5238 τοῦ
3573 5184 3854 5257 βασιλέως

2193 5266 2652 5345 ἀδελφοποιητὸς,
2686 5270 2773 5324 καὶ
2805 5269 2976 5347 φύλαξ
3024 5271 3127 5341 ξῶν
3171 5271 3472 5348 βασιλικῶν
3507 5271 3847 5347 χρημάτων,

2197 5357 2513 5433 ὑπισχνεῖτο
2545 5363 2621 5430 τῷ
2655 5359 2873 5434 βασιλεῖ
2916 5363 3013 5413 τοῦ
3046 5357 3320 5430 διοικῆσαι
3366 5364 3527 5415 τοῦτο
3560 5358 3652 5414 διά
3702 5382 3853 5422 τινος

2194 5453 2474 5521 μηχανῆς,
2524 5448 2587 5503 Ὀ
2638 5445 2694 5502 δὲ
2743 5448 2928 5524 ῥηθεὶς
2958 5448 3245 5524 Ἀντίοχος
3298 5450 3593 5523 ὁστιάριος,
3649 5448 3849 5526 φιλιπ-

2189 5532 2473 5610 πόδρομος
2506 5535 2601 5607 ὢν,
2653 5538 2882 5592 ἱππικοῦ
2934 5536 3226 5613 ἀγαμένου,
3261 5538 3291 5592 6
3326 5540 3623 5613 μαγιστρος
3671 5544 3847 5614 Στραο

2186 5624 2377 5694 τήγιος
2426 5626 2698 5699 καθιῖρξεν
2728 5625 2887 5679 αὐτὸν
2948 5625 3001 5681 ἂν
3058 5630 3127 5698 τῇ
3173 5632 3405 5702 φρουρᾷ.
3434 5628 3518 5699 Τῇ
3546 5623 3605 5679 δὲ
3662 5627 3845 5701 ἡμέρᾳ

2185 5715 2282 5765 τοῦ
2312 5712 2541 5768 ἱππικοῦ
2589 5710 2791 5788 ἤρξατο
2824 5716 2952 5789 βοᾷν
3003 5714 3061 5771 ἐκ
3104 5715 3203 5785 τῆς
3246 5714 3488 5791 εῗρκτῆς.
3545 5716 3839 5789 Θεάσωμειι
