4046 6338
213 442 245 498 1
257 441 378 502 293

1349 439 1711 505 ANONYMI
1756 442 2338 516 ANTIOUITATES
2383 453 2501 513 ΟΡ.

3482 465 3635 528 1294

202 574 276 627 τὸ
370 570 790 650 Ἰπποδρόμιον,
867 575 954 629 καὶ
1021 573 1086 630 τὸ
1175 573 1395 648 θελημὰ
1444 579 1542 631 τοῦ
1602 573 1858 650 βασιλέωι

1985 578 2260 650 ejulando
2327 585 2576 645 clamare
2643 592 2818 663 cmpit
2885 610 2954 649 ex
3003 611 3256 670 carcere,
3318 598 3629 657 Circenses

205 665 454 734 ποιήσω.
487 665 731 739 ’Ἠγαγον
792 660 848 718 δὲ
880 663 1039 719 αὐτὸν
1071 664 1121 718 ἐν
1165 667 1245 736 τῷ
1297 664 1526 739 στάματι
1583 669 1680 720 τοῦ
1729 677 1864 728 καθ-

210 748 460 824 ίσματος,
515 751 568 807 ἐν
628 753 674 825 ᾧ
724 751 1003 822 ἐκαθέζετο
1053 753 1081 808 ὁ
1134 752 1388 829 βασιλεὺς
1446 753 1499 808 ἐν
1564 759 1861 826 τῷἹππο-

206 838 453 916 δρομίῳ,
511 843 602 896 καὶ
659 841 830 898 ἐκεῖσε
857 840 1080 913 ἐποίησε
1126 845 1226 912 τὴν
1280 839 1586 916 διάπρασιν,
1622 845 1863 920 ὑπογρά-

202 933 412 1004 ψαντος
472 928 642 985 ὶκεῖσε
696 936 794 986 τοῦ
860 931 1206 1007 κοιαίστορος
1259 931 1349 987 καί
1407 940 1507 1002 τῆς
1555 933 1864 1009 συγκλήτου

205 1018 414 1090 πάσης,
466 1021 573 1096 πρὸ
637 1024 733 1075 τοῦ
791 1021 918 1084 τοὺς
960 1019 1166 1084 ’ίππους
1222 1024 1515 1096 γυμνάσαι.
1568 1023 1751 1085 Τόπος
1808 1022 1865 1078 δὲ

202 1112 275 1177 ἦν
337 1108 397 1163 ἐκ
459 1107 717 1177 παλαιοῦ,
777 1111 941 1179 ἡνίκα
999 1111 1273 1186 ἀνήρχετο
1332 1111 1360 1164 ὁ
1416 1111 1668 1186 βασιλεὺς
1703 1111 1753 1166 ἐν
1783 1117 1863 1184 τῷ

201 1198 521 1270 καθὲσματι,
569 1198 836 1274 παρευθὺς
886 1197 1109 1274 ἔτρεχον
1167 1200 1218 1254 οἱ
1249 1202 1630 1275 ἡνιοχευτικοί
1675 1199 1861 1255 ’ἵπποιο

202 1284 298 1342 διὸ
339 1285 396 1342 δὲ
420 1285 667 1363 ἤργησαν
729 1288 804 1350 εἰς
859 1289 959 1358 τήν
1020 1293 1216 1360 πρᾶσιν
1274 1293 1385 1344 τῶν
1418 1289 1735 1362 οἰκημάτων
1768 1295 1863 1344 τοῦ

203 1375 500 1451 εὐνούχου,
559 1378 735 1453 ἀργῶς
767 1375 1079 1452 ἐξέρχονται
1117 1378 1184 1433 τὰ
1236 1379 1598 1454 ἡνιοχευτικᾶ
1650 1376 1864 1454 ἅρματα

199 1469 319 1521 τῶν
343 1463 553 1524 ⁴ἵππων.

1975 673 2255 740 spectem,
2290 678 2345 729 et
2375 693 2478 747 pro
2507 677 2884 751 imperatoris
2913 682 3098 740 lubito
3129 685 3360 743 faciam.
3397 694 3622 748 Ductus

1975 757 2171 850 itaque
2201 763 2270 817 ad
2301 764 2560 821 tribunal
2595 768 2974 841 Hippodromi
3008 789 3124 844 quo
3149 775 3272 832 loco
3303 777 3623 850 imperator

1973 848 2384 916 sedebat,suas
2415 853 2535 911 illic
2565 858 2718 912 aedes
2744 848 3616 928 divendidit,subscribentibus

1975 943 2262 1007 questore
2291 958 2357 996 ac
2388 949 2595 1000 senatu
2632 947 2926 1004 universo.
2961 951 3138 1022 quue
3172 955 3389 1010 factum
3425 957 3616 1028 prius-

1975 1043 2150 1097 quam
2185 1031 2318 1102 equi
2353 1032 2732 1103 agitarentur.
2782 1038 2845 1092 In
2897 1055 3056 1094 more
3089 1046 3282 1096 autem
3315 1045 3426 1099 fuit
3455 1045 3619 1112 olim,

1977 1120 2039 1169 ut
2070 1117 2268 1173 statim
2299 1125 2474 1192 atque
2504 1121 2826 1194 imperator
2855 1129 2926 1183 ad
2969 1129 3226 1186 tribunal
3258 1135 3619 1203 ascenderat,

1975 1205 2187 1276 aurigas
2237 1223 2523 1278 equorum
2587 1229 2827 1270 cursum
2893 1217 3234 1289 inciperent.
3300 1221 3447 1284 Quia
3492 1240 3626 1280 vero

1975 1297 2122 1362 tum,
2158 1299 2222 1349 ut
2273 1298 2532 1354 eunuchi
2581 1302 2734 1357 aedes
2778 1307 3277 1377 venundarentur,
3327 1316 3625 1367 cessatum

1974 1387 2083 1452 est,
2115 1383 2254 1439 hinc
2285 1390 2649 1445 consuetudo
2699 1391 2957 1448 obtinuit
2982 1399 3045 1449 ut
3091 1395 3150 1450 in
3196 1396 3352 1453 ludis
3401 1399 3624 1456 circen-

1975 1470 2161 1539 sibus,
2196 1477 2448 1546 egressis
2479 1478 2672 1549 equis,
2705 1497 2912 1537 currus
2942 1483 3249 1554 paululum
3283 1503 3455 1543 mora:
3477 1489 3627 1546 face-

1977 1564 2126 1615 rent.

202 1688 355 1765 Pars
379 1683 609 1765 (tegetem
637 1685 1058 1765 gynaeconitidis
1087 1701 1262 1757 usque
1286 1684 1356 1741 ad
1385 1686 1700 1741 columnam
1829 1685 2048 1765 Basilii,
2102 1702 2316 1765 necnon
2355 1705 2500 1765 pars
2523 1691 2735 1765 templi
2781 1696 3056 1765 quaedam,
3107 1698 3297 1755 domus
3324 1705 3442 1757 erat
3474 1703 3621 1760 Cha-

278 1758 480 1812 ritonis
522 1758 762 1813 eunuchi
805 1759 1080 1813 :sinistra
1127 1773 1255 1837 vero
1301 1773 1652 1837 pars-usque
1697 1762 1768 1812 act
1809 1759 2123 1837 columnam
2169 1758 2244 1837 S_.A
2279 1758 2547 1837 Gregorii
2577 1758 2989 1837 Timumaturgi,
3039 1758 3238 1825 domus
3283 1782 3403 1828 erat
3449 1758 3622 1830 Xeno-

277 1829 498 1900 phontis
542 1829 833 1900 cujusdam
875 1832 998 1885 arte
1043 1831 1248 1884 sutoris
1300 1845 1312 1884 :

1366 1830 1466 1918 qui
1513 1830 1818 1918 inferorum
1867 1831 2132 1913 princeps
2185 1829 2470 1918 dicebatur
2513 1834 2644 1889 dum
2686 1837 2754 1918 ab
2783 1829 2997 1918 euripis
3025 1841 3352 1918 ador-aretur
3381 1846 3461 1918 in
3487 1829 3624 1918 Hip-

277 1900 560 1971 podromo.
595 1901 798 1972 Templi
826 1917 982 1970 area,
1013 1904 1255 1972 quatuor
1282 1901 1585 1972 nartheces,
1615 1901 2003 1972 baptisterium
2034 1917 2097 1956 ac
2127 1903 2340 1973 reliqua
2387 1907 2777 1978 circumposita
2806 1900 2946 1967 aede}
2993 1921 3156 1968 erant
3203 1916 3464 1971 Damiani
3506 1900 3618 1990 p2:-

278 1975 429 2028 tricti
447 1972 732 2030 Seleuciae.

279 2087 359 2143 Τὸ
416 2085 475 2143 δὶ
530 2084 700 2158 δεξιὸν
731 2088 896 2163 μέρος
921 2086 1050 2142 ὅλον
1081 2090 1177 2141 τοῦ
1199 2085 1591 2162 γυναικωνίτου
1619 2084 1722 2150 ἕως
1749 2088 1848 2142 τοῦ

2031 2088 2274 2146 Dextera
2302 2109 2438 2163 pars
2469 2096 2910 2165 gynaeconitidis
2936 2101 3057 2154 tota
3088 2117 3276 2172 usque
3301 2104 3368 2157 ad
3397 2103 3620 2160 colum-

196 2177 391 2238 κίονος
432 2174 530 2230 τοῦ
588 2176 742 2252 ἁγίου
792 2174 1104 2244 Βασιλείου,
1157 2176 1247 2231 καὶ
1281 2176 1340 2231 ἐκ
1366 2180 1464 2231 τοῦ
1512 2181 1643 2231 ναοῦ
1697 2177 1859 2251 μέρος

201 2287 283 2335 τι,
340 2265 591 2341 ὑπῆρχον
643 2264 918 2339 οἰκήματα
970 2265 1274 2334 Χαρίτωνος
1317 2264 1583 2340 εὐνούχου
1611 2269 1708 2320 τοῦ
1740 2265 1858 2319 ὶπί-

196 2354 346 2425 κλην
407 2352 788 2423 Χηνοπώλου,
844 2353 876 2408 ἃ
919 2356 1006 2409 καὶ
1066 2353 1410 2426 ἐξωνήθησαν
1475 2356 1590 2428 μετ’
1635 2355 1856 2432 εὐχαρι-

194 2443 374 2506 στίας.
446 2443 522 2499 Τὸ
595 2440 652 2498 δὲ
731 2444 1008 2521 ἀριστερὸν
1084 2444 1250 2520 μέρος
1303 2447 1401 2498 τοῦ
1462 2445 1856 2518 γυναικωνίτου

189 2529 306 2595 ἕως
380 2537 478 2588 τοῦ
529 2531 712 2595 κίονος
770 2536 867 2588 τοῦ
924 2531 1077 2610 ἁγίου
1138 2532 1444 2609 Γρηγορίου
1493 2537 1589 2588 τοῦ
1646 2540 1859 2604 Θαυμα-

191 2626 458 2699 τουργοῦ,
530 2623 784 2697 ὑπῆρχον
845 2621 1120 2696 οῐκήματα
1175 2621 1536 2696 Ξενοφῶντός
1589 2641 1733 2684 τινος
1786 2626 1854 2696 τῇ

193 2715 372 2788 τέχνῃ
452 2710 907 2788 βασιλισκαρίουο
988 2711 1048 2774 ὃς
1122 2710 1296 2768 Θέλων
1369 2709 1735 2782 ἱξωνήσασθαι
1789 2714 1856 2767 τὰ

203 2801 484 2875 οἷ’κήματα
539 2801 739 2870 αὐτοῦ,
789 2800 1032 2875 ᾐτήσατο
1085 2804 1174 2856 τὸν
1240 2798 1488 2877 βασιλέα,
1549 2803 1625 2872 μή
1686 2800 1852 2874 μόνον

198 2890 424 2964 τίμημα
494 2887 719 2946 διπλοῦν
794 2884 980 2944 λαϐεῖν
1061 2889 1135 2952 εἷς
1208 2889 1304 2950 τὰς
1380 2889 1582 2960 σκηνὰς
1667 2889 1850 2945 αὐτοῦ·

201 2979 334 3035 ἀλλ’
382 2977 476 3034 ἵνα
531 2980 737 3052 ποιήσῃ
791 2982 979 3033 τοῦτον
1037 2976 1089 3032 ἐν
1138 2982 1219 3051 τῷ
1250 2977 1506 3052 ἀγομένῳ
1537 2978 1767 3051 ἱππικῳ,
1801 2978 1853 3033 ἐν

202 3071 242 3141 ᾖ
305 3067 678 3133 ἐπιτελεῖται,
754 3068 1011 3139 τιμᾶσθαι
1083 3066 1175 3121 καὶ
1240 3073 1651 3140 προσκυνεῖσθαι
1709 3067 1855 3141 παρὰ

202 3163 317 3213 τῶν
371 3158 647 3233 τεσσάρων
707 3155 978 3230 ἡνιόχων.
1036 3159 1140 3209 Τοῦ
1199 3151 1257 3209 δὲ
1319 3153 1584 3230 βασιλέως
1614 3155 1854 3230 προστά-

202 3251 363 3322 ξαντο
417 3251 600 3310 τοῦτο,
646 3246 784 3320 πρὸς
827 3244 1044 3320 γέλωτα
1100 3242 1396 3315 πεποίηκεν
1454 3243 1533 3307 εἷς
1577 3245 1641 3300 τὸ
1673 3243 1852 3316 διηνε-

200 3337 320 3408 κὶς,
371 3333 461 3390 ’ἶνα
517 3335 740 3407 τυπωθῇ
801 3333 878 3395 εἷς
933 3334 1026 3388 τὸν
1087 3331 1167 3387 ἀεὶ
1201 3332 1425 3408 χρόνον,
1487 3332 1540 3387 ἐν
1569 3337 1637 3407 τῇ
1671 3333 1853 3410 ἡμέρᾳ

1971 2195 2108 2234 nam
2141 2181 2329 2235 sancti
2357 2181 2580 2250 Basilii,
2612 2202 2838 2241 necnon
2890 2204 3027 2257 pars
3077 2190 3279 2260 templi
3325 2194 3617 2264 quaedam,

1968 2270 2120 2324 aedes
2153 2274 2318 2325 erant
2342 2271 2673 2329 Charitonis
2702 2276 2984 2342 eunuchi,
3032 2280 3378 2350 cognomine
3399 2283 3617 2340 Cheno-

1967 2356 2106 2428 poli,
2141 2373 2268 2429 quae
2300 2359 2454 2416 bona
2484 2378 2617 2417 cum
2661 2365 2851 2435 gratia
2898 2366 3143 2422 venditas
3178 2374 3336 2425 sunt.
3370 2369 3620 2429 Sinistra

1964 2461 2099 2501 vero
2123 2463 2258 2517 pars
2281 2449 2746 2522 gynaeconitidis,
2765 2470 2954 2525 usque
2976 2457 3046 2509 ad
3071 2455 3408 2513 columnam
3431 2461 3617 2516 sancti

1966 2534 2226 2606 Gregorii
2277 2535 2724 2610 Thaumaturgi,
2778 2543 2933 2599 aedes
2969 2538 3163 2600 'erant
3211 2545 3616 2619 Xenophontis

1965 2623 2273 2693 cujusdam
2308 2629 2431 2680 arte
2463 2628 2698 2684 sutoris.
2735 2630 2788 2684 Is
2819 2647 2947 2686 cum
2981 2633 3133 2688 aedes
3155 2651 3366 2691 venum
3394 2643 3617 2708 prosta-

1964 2716 2113 2781 rent,
2148 2713 2220 2767 ab
2252 2713 2605 2786 imperatore
2636 2734 2748 2772 non
2782 2719 2997 2790 duplex
3031 2723 3204 2778 modo
3236 2725 3485 2795 pretium
3512 2743 3614 2798 pro

1961 2799 2061 2854 vili
2093 2816 2230 2856 casa
2278 2803 2614 2874 postulavit,
2646 2806 2744 2860 sed
2798 2807 2976 2863 etiam
3025 2812 3247 2883 rogavit
3277 2817 3341 2867 ut
3371 2813 3467 2869 die
3497 2816 3610 2870 cir-

1963 2889 2227 2944 censium
2262 2895 2510 2960 quatuor
2547 2893 2865 2949 factionum
2919 2899 3132 2970 auriga:
3165 2917 3226 2955 se
3258 2901 3614 2959 honorarent

1963 2981 2019 3033 et
2050 2984 2484 3036 venerarentur.
2517 2981 2676 3045 Quod
2711 3000 2844 3039 cum
2877 2984 3195 3056 imperator
3245 2991 3507 3061 praestari
3538 2993 3612 3047 ad

1963 3067 2148 3122 risum
2201 3071 2595 3139 spectantium
2637 3071 2935 3142 jussisset,
2985 3076 3238 3133 decrevit
3304 3079 3480 3135 etiam
3551 3085 3615 3135 ut

1963 3156 2020 3210 in
2070 3163 2421 3228 perpetuum
2467 3159 2829 3216 circensibus
2881 3163 3036 3218 ludis
3098 3164 3148 3220 is
3192 3165 3251 3220 in
3330 3169 3613 3224 cancellis

1963 3246 2192 3300 medius
2225 3247 2472 3317 sederet,
2505 3248 2753 3320 ejusque
2782 3255 2946 3323 terga
2966 3253 3038 3308 ab
3054 3254 3273 3326 aurigis
3293 3260 3609 3329 antequam

1962 3351 2170 3390 currus
2202 3337 2660 3393 conscenderent
2691 3340 2758 3393 ad
2797 3340 2983 3395 risum
3034 3346 3090 3397 et
3122 3343 3444 3400 ludibrium
3472 3348 3611 3402 ado-

198 3429 304 3479 τοῦ
371 3423 638 3499 ἀγομένου
709 3423 937 3476 ἱππικοῦ
1011 3419 1326 3490 καθέζεσθαι
1377 3425 1569 3475 τοῦτον
1626 3420 1676 3475 ἐν
1736 3425 1852 3484 τοῖς

1969 3428 2268 3478 rarentur:
2303 3427 2460 3496 quod
2510 3428 2581 3482 ad
2634 3427 2792 3484 hunc
2835 3447 3023 3501 usque
3073 3432 3227 3487 diem
3277 3433 3608 3490 factitatum

199 3511 535 3589 καγκὲλλοις
597 3513 790 3585 μέσον,
847 3512 935 3566 καῖ
995 3510 1063 3565 τὰ
1118 3510 1339 3574 ὀπίσθια
1391 3510 1555 3564 αὐτοῦ
1611 3531 1848 3585 προσκυε

198 3604 408 3656 νεῖσθαι
461 3602 606 3676 παρὰ
661 3603 770 3654 τῶν
825 3600 1072 3675 ἡνιόχων
1133 3600 1270 3676 πρὸς
1315 3598 1550 3674 γέλωτα,
1609 3601 1715 3673 πρὸ
1754 3603 1851 3653 τοῦ

203 3685 469 3760 ἀναϐῆναι
547 3688 743 3751 αὐτοὺς
820 3689 906 3744 ἐπὶ
981 3693 1090 3743 τῶν
1167 3689 1448 3764 ἁρμάτων.
1530 3689 1632 3744 Καὶ
1691 3693 1849 3742 τοῦτο

203 3778 458 3855 διήρκεσε
492 3782 658 3853 μέχρι
686 3785 786 3847 τῆς
819 3779 883 3848 σή
895 3797 1080 3854 μερον.
1113 3779 1212 3840 "Oc
1241 3775 1486 3832 καλεῖται
1527 3776 1713 3853 ἅρχων
1743 3781 1852 3832 τῶν

200 3867 604 3945 καταχθονίωυ·
659 3867 1011 3946 ἂμφιᾶννυται
1063 3865 1120 3922 δὲ
1169 3865 1434 3943 χλαμύδα
1465 3865 1666 3936 λευκὴν
1719 3867 1854 3941 μετά

206 3957 412 4036 βύσσου
440 3957 846 4034 ἠμφιεσμίνην.
877 3958 948 4012 Τὸ
980 3954 1037 4011 δὲ
1066 3953 1319 4011 ἰπίπεδον
1347 3960 1444 4011 τοῦ
1486 3959 1612 4010 ναοῦ
1658 3955 1747 4010 καὶ
1799 3957 1852 4010 οἱ

199 4049 458 4123 τεσσαρες
479 4046 768 4120 νάρθηκες,
799 4047 889 4102 καὶ
935 4047 963 4100 ὁ
995 4045 1224 4121 λουτὴρ,
1255 4045 1346 4100 καὶ
1370 4045 1437 4100 τὰ
1466 4045 1620 4119 περῖξ
1651 4043 1849 4113 αὐτῶν,

1961 3515 2071 3566 est.
2104 3511 2205 3568 Ille
2236 3530 2369 3568 vero
2399 3520 2638 3570 vocatur
2665 3516 2988 3572 inferorum
3021 3521 3313 3592 princeps.
3339 3522 3610 3577 Induitur

1962 3605 2155 3657 autem
2212 3601 2517 3674 chlamyde
2569 3605 2820 3659 candida
2870 3607 3045 3678 bysso
3093 3608 3331 3666 intexta.
3385 3610 3607 3682 Templi

1964 3707 2096 3746 vero
2144 3708 2299 3761 area,
2350 3697 2407 3746 et
2447 3699 2698 3762 quatuor
2741 3695 3043 3750 nartheces
3091 3712 3192 3751 seu
3243 3698 3505 3768 porticus
3539 3715 3604 3755 ac

1961 3781 2375 3852 baptisterium
2431 3786 2489 3837 et
2553 3799 2679 3854 quas
2745 3784 3164 3855 circumposita
3225 3791 3385 3853 sunt,
3455 3788 3608 3844 aedes

1962 3873 2129 3924 erant
2160 3869 2427 3924 Damiani
2469 3871 2696 3942 patricii
2746 3870 3044 3943 Seleuciae,
3096 3889 3244 3943 quas
3289 3875 3608 3947 nonaginta

1962 3957 2129 4014 libris
2177 3958 2495 4015 estimatas
2559 3960 2780 4032 ingenti
2833 3961 3047 4032 gaudio
3104 3962 3441 4034 imperatori
3491 3969 3611 4020 tra-

1965 4045 2133 4103 didit.

205 4137 462 4212 ὑπῆρχον
495 4136 769 4209 οἰκήματα
799 4139 1074 4208 Δαμιανοῦ
1103 4133 1391 4210 πατρικίου
1424 4131 1736 4196 Σελευκίας·
1771 4135 1905 4210 ἅπερ
1939 4133 2251 4206 ἀπετιμήθη
2287 4131 2474 4208 λίτρας
2499 4134 2568 4212 ις,
2600 4136 2690 4190 καὶ
2726 4137 2860 4209 μετὰ
2903 4135 3123 4207 πολλῆς
3169 4137 3494 4215 περιχαρίας
3535 4137 3612 4195 δέ·

205 4221 350 4279 δωκε
377 4227 544 4278 ταῦτα
570 4223 650 4294 τῷ
682 4220 916 4298 βασιλεῖ.

202 4368 384 4426 Trulli
412 4366 792 4438 fundamenta
819 4384 988 4438 supra
1042 4375 1255 4455 petram
1285 4366 1656 4455 Stephaneam
1678 4365 2329 4455 jaciuntupfulgclzius
2357 4367 2674 4437 patriarcha
2703 4385 2803 4438 pro
2857 4369 3102 4455 ecclesia:
3129 4374 3407 4426 structura
3434 4387 3622 4455 preces

271 4440 484 4526 fundit.
517 4441 838 4526 Oratorium
865 4439 1162 4494 rotundum
1187 4453 1358 4526 prape
1386 4439 1740 4526 horologium
1767 4439 1970 4526 Joanni
1997 4440 2261 4526 Baptista?
2287 4455 2528 4526 sacrum,
2559 4455 2795 4526 necnon;
2811 4444 3054 4512 porticus
3100 4460 3136 4496 a
3181 4459 3382 4526 magno
3410 4439 3621 4526 palatio

279 4512 351 4567 ad
378 4511 550 4569 adem
599 4510 935 4586 Sapliianam
984 4526 1151 4581 usque
1189 4511 1558 4582 pertingentes
1604 4514 1985 4565 exstruuntur.
2037 4511 2297 4581 Magistri
2337 4510 2628 4566 architecti
2677 4510 2917 4578 centum,
2962 4530 3136 4586 operae
3184 4510 3364 4570 decem
3410 4510 3620 4569 'mz'llz'a.

283 4583 623 4642 Caementum
652 4588 714 4637 ut
744 4582 1050 4638 subactum.

278 4700 341 4756 Ὀ
392 4695 448 4753 δὶ
504 4695 757 4772 βασιλεὺς
811 4696 1183 4756 Ἰουστινιανὸς
1235 4697 1326 4750 τὸν
1385 4694 1554 4750 τόπον
1615 4714 1850 4766 καταμε-

2033 4697 2250 4751 Locum
2315 4697 2623 4753 dimensus
2684 4698 3003 4770 imperator
3043 4700 3441 4769 Justinianus,
3493 4717 3627 4755 cum

201 4789 434 4865 τρήσας,
504 4787 592 4842 καὶ
663 4786 832 4860 εὑρὼν
893 4783 1181 4860 στεφανὲαν
1237 4786 1434 4861 πέτραν
1497 4784 1603 4838 ἀπό
1657 4804 1712 4838 τε
1764 4786 1862 4837 τοῦ

205 4875 598 4951 θυσιαστηρίου
647 4873 736 4929 καί
796 4877 962 4950 μεχρι
1017 4881 1118 4944 τῆς
1177 4872 1325 4928 κάτω
1384 4871 1614 4946 ἀψίδος,
1675 4870 1863 4942 ἐθεμε-

207 4963 408 5020 λίωσεν
455 4963 620 5032 αὐτὴν
674 4961 916 5038 γῦρωθεν
945 4962 1013 5016 τὰ
1056 4961 1228 5037 βάθρα
1251 4964 1347 5016 τοῦ
1381 4958 1624 5034 μεγάλου
1654 4956 1864 5033 Τρούλ-

208 5050 335 5109 λου.
368 5052 506 5107 Ἀπὸ
538 5049 595 5106 δὲ
629 5055 739 5106 τῶν
785 5049 996 5125 ἀψίδων
1050 5051 1217 5125 μᾶχρι
1266 5052 1362 5104 τοῦ
1420 5047 1688 5118 ἐξωτάτου
1737 5047 1864 5120 νάρ-

208 5154 402 5214 θηκος,
453 5140 529 5203 εἰς
558 5142 649 5196 τὸν
680 5144 882 5216 χαῦνον
926 5139 1013 5194 καὶ
1065 5136 1289 5207 ἀλσώδη
1352 5137 1520 5192 κόπον
1572 5134 1865 5208 ἐθεμελίω-

207 5250 324 5286 οεν.
386 5228 713 5305 ’Δρξάμενος
764 5227 821 5284 δὲ
861 5229 928 5284 τὰ
969 5227 1197 5302 θεμέλια
1246 5226 1468 5298 κτίζειν,
1527 5223 1860 5296 προσεκαλὲ-

207 5339 341 5372 σατο
374 5319 645 5393 Εὐτύχιον
678 5317 1048 5394 πατριάρχην,
1097 5317 1186 5372 καὶ
1246 5315 1496 5386 ἐποίησεν
1543 5315 1712 5390 εὐχῆν
1742 5311 1864 5388 περὶ

211 5405 518 5471 συστάσεως
564 5413 663 5476 τῆς
712 5405 1030 5476 ἐκκλησίας.
1091 5403 1227 5464 Τότε
1259 5406 1286 5459 ὁ
1323 5402 1576 5480 βασιλεὺς
1637 5403 1864 5457 Ἰουστι-

207 5496 394 5558 νιανὸς
442 5497 616 5570 κύψας
643 5495 736 5551 καὶ
794 5495 1022 5558 οἰκείαις
1083 5495 1270 5569 χερσὶν
1299 5487 1556 5547 ἄσϐεστον
1593 5491 1725 5564 μετὲι
1770 5493 1868 5543 τοῦ

212 5585 480 5659 ὀστράκου
516 5627 529 5653 ,
606 5585 944 5662 εὐχαριστῶν
1003 5589 1082 5656 τῷ
1151 5587 1268 5654 Θεῷ
1304 5625 1318 5651 ,
1395 5577 1584 5637 ἔϐαλεν
1654 5580 1740 5634 ἐπὶ
1804 5583 1866 5636 τὸ

209 5674 466 5748 θεμέλιον
525 5675 633 5748 πρὸ
692 5677 945 5731 πάντων·
1008 5675 1120 5749 Πρὸ
1172 5677 1270 5728 τοῦ
1328 5669 1387 5727 δὲ
1436 5671 1687 5746 ἄρξασθαι
1737 5673 1868 5742 gitt-

221 5770 329 5836 ζειν
403 5765 494 5821 τὸν
572 5765 717 5836 ναὸν,
796 5763 1110 5842 προίκτισεν
1179 5762 1462 5839 εὑκτήριον
1521 5760 1864 5839 χρυσόροφον

1974 4788 2199 4856 petram
2247 4785 2642 4857 Stephaneam
2689 4803 2722 4842 a
2772 4788 2997 4842 bemate
3058 4789 3130 4843 ad
3204 4789 3385 4845 imam
3439 4805 3627 4861 usque

1975 4873 2240 4942 apsidem
2273 4873 2608 4944 reperisset,
2644 4875 2884 4944 majoris
2913 4873 3094 4929 Trulli
3126 4893 3306 4948 super
3333 4894 3461 4934 eam
3495 4878 3626 4933 fun-

1973 4961 2246 5015 damenta
2267 4961 2430 5031 jecit.
2465 4961 2552 5016 Ab
2586 4962 2788 5033 apside
2809 4977 2943 5017 vero
2968 4963 3036 5016 ad
3061 4964 3406 5019 exteriorem
3443 4983 3628 5035 usque

1975 5049 2334 5118 narthecem,
2381 5048 2440 5104 in
2492 5051 2617 5106 solo
2670 5050 2914 5122 palustri
2964 5055 3021 5106 et
3071 5049 3283 5108 limoso
3335 5054 3627 5108 fundavit.

1977 5138 2448 5192 Fundamentum
2491 5143 2683 5194 autem
2734 5155 3070 5211 aggressus,
3125 5140 3477 5212 Eutychium
3526 5159 3632 5212 pa-

1975 5226 2288 5282 triarcham
2322 5228 2650 5298 evocat,qui
2679 5245 2779 5300 pro
2811 5228 3070 5284 ecclesim
3103 5233 3403 5284 structura
3436 5247 3635 5300 preces

1975 5315 2264 5370 funderet.
2301 5317 2451 5370 Tum
2483 5316 2804 5388 imperator
2835 5318 2960 5373 suis
2994 5318 3120 5389 ipse
3176 5316 3453 5373 manibus
3502 5334 3637 5372 cum

1976 5407 2127 5458 tosta
2157 5407 2504 5459 caementum
2539 5404 2832 5478 accipiens
2863 5407 3096 5476 Deoque
3155 5406 3378 5477 gratias
3431 5422 3635 5478 agens,

1977 5491 2033 5546 id
2079 5492 2304 5563 primus
2353 5493 2613 5549 omnium
2667 5495 2725 5549 in
2774 5495 3222 5550 fundamentum
3267 5495 3431 5566 jecit.
3483 5496 3630 5548 Ante

1977 5586 2228 5653 coeptam
2260 5597 2392 5636 vero
2427 5582 2625 5653 templi
2659 5587 3040 5649 structuram,
3065 5583 3386 5639 oratorium
3419 5586 3620 5637 rotun«

1979 5672 2120 5726 dum
2152 5687 2327 5727 aureo
2359 5670 2577 5726 fornice
2609 5671 2987 5739 instructum,
3011 5671 3243 5744 egregio
3268 5671 3640 5742 circumqua-

1980 5777 2092 5834 que
2123 5759 2460 5832 lapillorum
2491 5765 2722 5833 ornatu,
2753 5762 3000 5819 Joannis
3054 5761 3437 5819 Praecursoris
3469 5776 3636 5817 voca-
