3986 6340
167 418 334 478 1297

1306 407 1671 485 ANONYMI
1716 425 2296 496 ANTIOUl’l‘ATES
2341 429 2460 488 ep.

3429 425 3581 487 1208

157 567 225 601 τε
292 546 586 622 εὐωνύμων
644 553 731 607 καὶ
793 551 1002 624 δεξιῶν,
1061 554 1152 608 καὶ
1216 555 1414 618 ταύτας
1473 553 1794 630 στεγάσαντε

1941 557 2140 613 lateris
2175 560 2519 626 fornicibus,
2553 561 2783 631 ipsique
2821 545 2878 614 iu
2920 559 3126 631 scyphi
3159 576 3379 615 morem
3411 562 3579 617 obte-

156 639 431 714 σκυφικὰς
473 637 692 714 ἀψίδας,
725 642 928 718 ὡρίσθη
984 644 1200 720 ἀγαγεῖν
1263 645 1571 718 μιλιαρίσια
1625 644 1684 699 έκ
1729 648 1826 699 τοῦ

156 729 443 785 παλατίου
493 733 520 786 6
576 739 788 808 κρατῶν
860 737 1045 811 ἡμέρᾳ
1124 731 1448 791 Σαϐϐἅτου·
1507 738 1575 806 ἧν
1632 738 1732 812 γὰρ
1781 750 1827 800 ς’

159 816 292 892 ὥρα
337 827 434 889 τῆς
483 820 695 896 ἡμέρας
730 844 744 860 ο
797 824 884 879 καὶ
924 826 1240 901 προσέταξιν
1276 827 1303 880 6
1338 829 1673 902 Στραγήγιος
1726 830 1823 880 τοῦ

158 905 406 976 ἐξελθεῖν
450 909 578 973 τοὺς
628 909 851 989 έργάτας
894 913 982 968 καὶ
1031 915 1281 991 τεχνίτας
1330 916 1405 977 εἷς
1461 915 1524 970 τὸ
1579 913 1820 990 ἄριστον.

155 996 582 1072 Κατερχόμενος
627 997 683 1055 δὶ
715 1002 744 1056 6
775 1001 1106 1078 προρῥηθεὶς
1158 1005 1424 1079 Ἰγνάτιος
1487 1004 1820 1079 μηχανικὸς,

151 1081 426 1142 κατέλιπε
477 1088 568 1142 τὸν
619 1090 734 1144 υἱὸν
784 1093 953 1146 αὑτοῦ
996 1089 1198 1157 ἄνωθεν
1247 1098 1356 1148 τῶν
1427 1093 1686 1167 ὑπερῴων
1743 1092 1818 1156 εἰς

149 1177 222 1229 τὸ
279 1173 446 1246 δεξιὸν
508 1179 695 1255 μέρος,
755 1181 832 1243 εἷς
888 1183 952 1236 τὸ
1009 1185 1137 1257 ὁρᾷν
1195 1184 1261 1238 τά
1317 1185 1453 1258 πρὸς
1513 1179 1816 1254 οἰκοδομὴν

149 1263 417 1339 ἐργαλεῖα
468 1266 660 1324 πάντα.
717 1271 776 1327 Ὀ
823 1267 880 1325 δὲ
913 1277 1041 1334 παῖς
1090 1273 1157 1340 ἦν
1209 1271 1336 1326 ὡσεὶ
1388 1272 1606 1347 χρόνων
1663 1269 1816 1326 δεκα-

145 1355 458 1427 τεσσάρων.
511 1360 886 1431 Καθεζομένου
930 1357 988 1415 δὲ
1024 1364 1124 1416 τοῦ
1171 1357 1386 1429 παιδὸς,
1443 1359 1610 1435 ἐφάνη
1670 1361 1818 1431 αὑτῷ

149 1442 448 1519 εὐνοῦχος,
497 1444 726 1522 λαμπρᾷ
795 1447 979 1514 ἐσθῆτι
1039 1449 1432 1528 ἠμφιεσμένος,
1491 1451 1690 1521 ὡραῖος
1740 1453 1817 1521 τῷ

147 1530 314 1603 εἷ’δει,
347 1533 420 1596 ὡς
456 1531 616 1604 δῆθεν
645 1535 706 1592 έκ
732 1542 830 1592 τοῦ
867 1535 1140 1594 παλατίου
1196 1540 1485 1616 πεμφθεὶς,
1527 1538 1616 1593 καὶ
1668 1537 1813 1614 λέγει

145 1627 239 1694 τῷ
269 1620 540 1699 παιδαρίῳ
579 1644 592 1657 ⁸
623 1627 787 1688 Τίνος
823 1628 984 1702 χάριν
1013 1627 1112 1682 οὐκ
1164 1626 1500 1702 ἐκπληροῦσι
1545 1627 1608 1682 τὸ
1657 1625 1809 1703 ἔργον

143 1717 256 1765 τοῦ
305 1716 437 1766 Θεοῦ
485 1714 538 1767 οἱ
593 1714 860 1786 καμόντες
913 1718 1149 1792 ταχέως,
1212 1714 1358 1772 ἀλλὰ
1422 1713 1811 1778 καταλιπόντες

145 1800 287 1854 αὐτὸ
344 1801 593 1870 ἀπῆλθον
654 1802 882 1873 έσθίειν;
953 1806 1014 1862 Ὀ
1075 1803 1133 1860 δὲ
1193 1811 1320 1866 παῖς
1392 1803 1536 1881 λέγει
1613 1803 1806 1877 αὐτῷ’

1933 648 2062 712 etis,
2116 647 2300 703 voluit
2329 649 2645 720 imperator
2688 655 2752 703 ut
2780 649 3090 704 miliarisia
3122 649 3179 703 in
3205 650 3298 703 die
3329 649 3576 704 Sabbati

1935 752 2004 789 ex
2052 735 2266 808 palatio
2308 743 2772 810 exportarentur;
2815 745 2939 793 erat
2992 737 3210 809 quippe
3266 737 3411 793 hora
3462 737 3575 794 diei

1934 829 2096 880 sexta
2119 825 2417 897 jussitque
2452 827 2780 899 Strategius
2820 844 2953 882 cum
2995 843 3202 898 operas
3241 831 3368 881 tum
3391 827 3572 882 artiﬁ-

1931 929 2026 969 ces
2057 931 2338 984 pransum
2374 915 2476 970 ire.
2503 916 2873 972 Descendens
2893 932 3025 971 vero
3059 914 3370 986 praedictus
3403 919 3575 986 Igna-

1932 1003 2053 1057 tius
2084 1003 2482 1070 mechanicus,
2506 1005 2693 1059 filium
2737 1021 2918 1076 supra
2941 1006 3196 1074 porticus
3226 1003 3407 1058 dextri
3429 1003 3572 1058 late-

1932 1091 2012 1149 ris
2060 1093 2132 1147 ad
2185 1093 2716 1150 instrumentorum
2772 1093 3098 1150 custodiam
3149 1091 3406 1164 reliquit.
3439 1093 3576 1148 Erat

1930 1187 2128 1236 autem
2165 1199 2307 1253 puer
2338 1200 2627 1238 annorum
2679 1183 2909 1237 circiter
2956 1181 3417 1253 quatuordecim.
3469 1181 3574 1236 Se-

1929 1270 2102 1325 dente
2150 1287 2355 1342 puero,
2409 1273 2720 1327 eunuchus
2769 1272 3008 1342 quidam
3069 1269 3376 1342 splendida
3416 1275 3575 1325 veste

1928 1359 2193 1426 indutus,
2230 1360 2417 1414 forma
2447 1361 2716 1425 decorus,
2748 1359 2905 1414 velut
2944 1361 3224 1414 nimirum
3251 1377 3321 1415 ex
3360 1359 3572 1429 palatio

1928 1447 2145 1503 missus
2187 1465 2314 1504 sese
2373 1466 2552 1519 puero
2607 1449 2768 1504 sistit
2797 1454 2855 1505 et
2889 1450 3010 1504 ait:
3047 1449 3193 1513 Quid
3247 1465 3438 1503 causa:
3486 1452 3573 1503 est

1926 1552 2029 1591 cur
2057 1537 2294 1608 opiﬁces
2326 1555 2473 1609 opus
2529 1537 2630 1592 Dei
2690 1555 2804 1593 non
2855 1539 2970 1594 cito
3016 1538 3338 1608 perﬁciant,
3370 1537 3470 1592 sed
3503 1553 3568 1592 eo

1925 1624 2123 1681 relicto
2155 1633 2548 1682 comessatum
2581 1629 2894 1683 abierunt?
2923 1628 3025 1683 Cui
3075 1643 3238 1697 puer,
3285 1626 3564 1696 Jamjam,

1920 1714 2131 1785 inquit,
2165 1715 2420 1786 domine,
2474 1717 2742 1772 aderunt.
2797 1715 2898 1772 Ille
2946 1732 3100 1785 vero,
3150 1716 3308 1771 Vade
3361 1715 3474 1769 cito
3506 1721 3564 1770 et

1917 1818 2092 1858 evoca
2133 1820 2146 1860 :
2191 1820 2325 1858 nam
2375 1821 2523 1875 opus
2569 1804 2767 1876 perfici
2818 1820 3050 1860 summo
3111 1802 3304 1858 studio
3365 1801 3559 1873 cupio.

147 1888 322 1964 Κύριέ
372 1911 500 1964 μου,
530 1891 744 1967 ταχέως
789 1893 1189 1970 παραγίνονται.
1225 1895 1468 1948 Ἐκείνου
1527 1891 1584 1948 δὲ
1638 1893 1798 1950 πάλιν

1916 1892 2101 1947 Puero
2149 1900 2342 1948 autem
2401 1909 2464 1949 se
2521 1893 2888 1948 dicessurum
2937 1896 3208 1965 negante,
3254 1909 3325 1946 ne
3377 1892 3558 1947 ferra-

146 1978 400 2040 εἷπόντος
435 2001 448 2013 δ
503 1981 790 2057 Πορευθεὶς
837 1982 1080 2054 λάλησον
1161 1983 1343 2045 αὐτοῖς
1377 2003 1389 2016 ’
1441 1981 1657 2038 σπεύδω
1704 1984 1804 2058 γὰρ

146 2072 253 2124 τοῦ
295 2069 506 2145 ταχέως
573 2070 932 2141 τελειωθῆναι
985 2073 1046 2127 τὸ
1105 2070 1265 2147 ἔργον
1298 2092 1310 2105 ·
1345 2076 1441 2128 τοῦ
1502 2070 1558 2127 δὲ
1615 2069 1808 2136 παιδὸς

151 2159 452 2234 φήσαντος,
488 2157 643 2214 αὑτὸν
699 2163 774 2232 μή
836 2160 1115 2229 ἀπελθεῖν,
1156 2159 1246 2216 διὰ
1301 2162 1362 2216 τὸ
1424 2163 1624 2234 μήπως
1667 2163 1806 2216 εἰπο-

146 2245 414 2315 λεσθῆναι
465 2249 532 2302 τὰ
580 2247 858 2324 έργαλεῖα,
890 2250 979 2304 καί
1027 2271 1191 2328 φησιν
1244 2252 1272 2305 6
1321 2250 1584 2326 εὐνοῦχος
1616 2271 1628 2283 ·
1663 2252 1805 2306 ’Ἄπ-

149 2334 279 2400 ελθε
311 2335 364 2391 έν
398 2334 632 2411 σπουδῇ,
665 2339 754 2393 καὶ
786 2340 1037 2416 φώνησον
1068 2339 1264 2404 αὐτοὺς
1315 2339 1531 2415 ταχέως
1583 2339 1757 2395 ἐλθεῖν
1791 2359 1802 2371 ·

146 2425 245 2479 καὶ
295 2424 406 2501 ἐγὼ
459 2422 667 2500 ὄμνυμί
724 2449 832 2497 σοι,
879 2429 1088 2497 τέκνον,
1123 2425 1317 2497 οὕτως,
1361 2432 1438 2501 μὰ
1491 2430 1590 2498 τήν
1650 2429 1802 2502 ἁγίαν

151 2513 358 2589 Σοφίαν
413 2515 504 2570 τὸν
561 2515 732 2592 Λόγον
782 2521 878 2571 τοῦ
937 2521 1094 2586 Θεοῦ,
1147 2518 1247 2587 τὴν
1307 2521 1399 2570 νῦν
1454 2517 1803 2590 κτιζομένην,

147 2601 268 2677 οὐχ
301 2603 582 2679 ὑποχωρῶ
613 2604 720 2660 ἀπὸ
749 2609 856 2660 τῶν
890 2603 1018 2676 ὧδε,
1045 2602 1149 2668 ἓως
1182 2607 1269 2660 ὅτε
1293 2606 1384 2660 καὶ
1409 2606 1750 2680 ὑποστρέψῃς
1786 2627 1798 2640 ·

145 2689 378 2746 ἐνταῦθα
460 2692 565 2768 γάρ
647 2691 884 2768 ἐτάχθην
969 2691 1246 2749 δουλεύειν
1323 2692 1415 2748 καί
1490 2692 1798 2773 φυλάττειν.

144 2784 334 2837 Ταῦτα
391 2780 623 2844 ἀκούσας
680 2783 708 2836 6
757 2787 906 2850 παῖς,
958 2779 1239 2858 δρομαίως
1289 2780 1578 2858 ἐπορεύθη,
1638 2805 1800 2839 κατα-

142 2867 327 2925 λιπὼν
387 2869 440 2924 έν
494 2871 576 2943 τῷ
635 2872 864 2945 ὑπερῴῳ
910 2871 1162 2945 κτίσματι
1230 2872 1322 2927 τὸν
1409 2870 1642 2948 ἄγγελον
1701 2878 1800 2929 τοῦ

142 2958 352 3030 Κυρίου
396 2957 706 3034 φυλάττειν.
754 2967 841 3024 Ὠς
899 2957 957 3015 δὲ
1017 2959 1284 3030 κατῆλθεν
1341 2961 1368 3014 6
1416 2967 1568 3030 παῖς,
1625 2961 1796 3037 εὑρὼν

137 3067 236 3100 τον
287 3046 492 3118 πατέρα
549 3048 714 3104 αὑτοῦ
768 3050 860 3104 τὸν
911 3053 1126 3124 πρῶτον
1175 3046 1468 3122 οἰκοδόμον
1525 3051 1660 3122 μετὰ
1708 3052 1797 3106 καὶ

135 3137 252 3190 τών
301 3135 533 3206 λοιπῶν,
567 3137 871 3212 έξηγήσατο
919 3137 1094 3193 πάντα
1126 3158 1138 3172 ο
1173 3138 1262 3193 καὶ
1316 3139 1344 3194 6
1389 3139 1568 3213 πατὴρ
1610 3134 1793 3194 λαϐὼν

136 3223 234 3278 τὸν
286 3223 476 3294 παῖδα,
527 3224 730 3303 ἤγαγεν
785 3227 863 3289 εἷς
925 3227 1017 3282 τὸν
1076 3225 1343 3303 βασιλέα·
1404 3226 1517 3283 ἐκεῖ
1564 3229 1668 3304 γὰρ
1726 3231 1793 3299 ἦν

1917 1986 2118 2037 menta
2139 1981 2418 2053 perirent,
2441 1983 2523 2037 ait
2547 1981 2855 2037 eunuchus
2882 1999 2893 2036 :
2915 1981 3020 2036 Abi
3049 1981 3487 2052 quamprimum
3504 1984 3562 2035 et

1915 2070 2128 2125 dic’ut
2174 2069 2443 2126 celeriter
2491 2069 2744 2124 veniant.
2798 2069 2942 2124 Nam
2983 2071 3113 2140 iuro
3161 2069 3288 2134 tibi,
3322 2068 3427 2132 ﬁli,
3465 2084 3562 2138 per

1915 2163 2181 2213 sanctam
2214 2158 2492 2229 Sophiam
2546 2157 2641 2213 Dei
2672 2159 2934 2225 verbum,
2967 2175 3092 2229 qua:
3125 2174 3281 2213 nunc
3312 2157 3560 2212 aedifica-

1914 2251 2030 2317 tur,
2067 2264 2159 2302 me
2193 2264 2307 2302 non
2335 2247 2473 2302 hinc
2505 2247 2874 2302 dicessurum
2916 2247 3100 2302 donec
3129 2251 3192 2301 tu
3223 2247 3555 2311 revertaris,

1914 2336 2124 2407 quippe
2147 2335 2246 2408 qui
2271 2337 2481 2406 jussus
2515 2336 2625 2390 sim
2660 2335 2754 2391 hic
2783 2334 3120 2390 ministrare
3141 2339 3198 2390 et
3231 2334 3558 2390 custodiam

1914 2442 2103 2498 agere.
2154 2427 2258 2481 His
2297 2425 2515 2480 auditis
2561 2441 2704 2495 puer
2735 2424 2904 2480 celeri
2937 2441 3114 2480 cursu
3149 2423 3559 2494 proficiscitur,

1914 2512 2112 2569 relicto
2167 2514 2263 2568 Dei
2306 2513 2511 2586 angelo
2567 2515 2623 2568 in
2677 2513 2978 2585 superiore
3011 2517 3174 2585 parte
3205 2511 3433 2568 aadiiicii
3464 2529 3561 2567 cu-

1912 2603 2076 2658 stode
2102 2618 2114 2658 :
2141 2618 2206 2657 ac
2230 2602 2326 2658 ubi
2355 2605 2581 2673 patrem
2608 2602 3058 2657 architectorum
3086 2602 3403 2674 principem
3420 2617 3555 2657 cum

1910 2689 2154 2763 reliquis
2175 2691 2462 2760 convenit,
2491 2707 2613 2746 rem
2645 2690 2848 2746 ordine
2883 2690 3158 2746 narravit.
3208 2691 3376 2746 Pater
3422 2708 3555 2748 vero

1910 2779 2098 2835 filium
2131 2781 2201 2836 ad
2226 2781 2641 2852 imperatorem
2666 2779 2928 2835 adduxit.
2954 2780 3274 2850 Imperator
3297 2779 3452 2835 enim
3478 2781 3552 2836 ad

1907 2869 2224 2926 oratorium
2245 2869 2431 2925 sancti
2453 2869 2701 2925 Joannis
2737 2870 3119 2925 Praecursoris
3154 2870 3208 2924 in
3257 2869 3555 2940 horologio

1908 2961 2250 3034 prandebat.
2273 2961 2590 3031 Imperator
2620 2964 2839 3026 autem,
2871 2959 3090 3014 auditis
3113 2976 3239 3031 quae
3281 2961 3558 3014 narrabat

1909 3065 2070 3121 puer,
2127 3049 2432 3104 eunuchos
2469 3065 2675 3104 omnes
2706 3053 2929 3110 evocat,
2961 3064 3028 3102 ac
3056 3065 3235 3117 puero
3269 3049 3552 3116 ostendit,

1907 3139 2238 3209 sciscitans,
2264 3138 2502 3194 Hiceine
2524 3137 2651 3193 est?
2688 3137 2836 3192 Tum
2862 3153 3029 3209 puer,
3062 3135 3304 3206 Horum,
3339 3137 3558 3210 inquit,

1908 3245 2080 3284 nemo
2131 3232 2242 3297 est,
2293 3243 2478 3300 neque
2531 3226 2686 3282 enim
2737 3227 2947 3281 horum
3000 3227 3311 3298 quisquam
3363 3226 3559 3282 simile

143 3313 174 3367 6
241 3313 495 3389 βασιλεὺς
569 3297 757 3370 έσθνίων
835 3315 920 3371 έπὶ
998 3297 1420 3392 16'e6x1'ljpiov
1480 3297 1589 3372 τοῦ-
1635 3297 1794 3393 άγίου

1910 3317 2050 3389 quid
2083 3316 2259 3372 habet
2307 3297 2412 3385 illi,
2449 3331 2621 3388 quem
2674 3316 2731 3370 in
2778 3297 3343 3387 temploiconspexi.
3390 3315 3552 3371 Tunc

141 3402 403 3458 Ἰωάννου
457 3407 554 3458 τοῦ
611 3401 939 3481 Προδρόμου
1003 3403 1056 3460 ἐν
1109 3409 1188 3478 τῷ
1244 3405 1569 3481 Ὠρολογίῳ.
1623 3407 1683 3463 Ὀ
1738 3404 1795 3462 δέ

145 3489 404 3566 βασιλεὺς
447 3492 678 3554 ἀκούσας
722 3497 832 3547 τῶν
876 3492 1136 3569 ῥημάτων
1202 3493 1298 3548 τοῦ
1354 3491 1568 3563 παιδὸς,
1625 3514 1793 3570 προσ-

143 3580 440 3636 εκαλέσατο
492 3583 694 3644 πάντας
739 3582 865 3644 τοὺς
917 3583 1240 3658 εὐνούχους,
1283 3583 1372 3638 καὶ
1433 3581 1672 3654 ὑπέδειξε
1713 3589 1794 3656 τῷ

136 3667 440 3746 παιδαρίῳ,
501 3668 722 3746 λέγων·
784 3672 872 3740 Μὴ
949 3672 1104 3734 οὗτός
1180 3671 1360 3741 έστιν;
1423 3674 1484 3728 Ὀ
1551 3670 1608 3728 δὲ
1663 3679 1792 3736 παῖς

135 3780 304 3833 φησιν
342 3779 354 3793 ·
399 3757 590 3821 Οὐδεὶς
623 3757 672 3832 ἐξ
706 3761 884 3815 αὐτῶν
937 3758 1105 3827 ἐστιν,
1139 3759 1266 3816 ἀλλ’
1318 3759 1446 3814 οὐδὲ
1496 3768 1595 3830 τῆς
1647 3758 1790 3823 ἰδέας

132 3844 258 3922 ἔχει
291 3869 375 3909 τις
399 3847 450 3920 ἐξ
485 3847 660 3903 αὐτῶν
692 3846 921 3922 ἐκείνου,
955 3849 1013 3903 ’ὸν
1048 3847 1098 3903 έν
1129 3853 1209 3922 τῷ
1246 3853 1358 3921 ναῷ
1404 3849 1510 3924 έγὼ
1557 3851 1790 3926 ἑώρακα.

131 3937 272 3990 Τότε
329 3935 471 4011 ἔγνω
529 3939 557 3992 6
621 3937 899 4011 βασιλεὺς,
961 3938 1043 3992 ὅτι
1111 3937 1342 4014 ἅγγελος
1400 3938 1600 4013 Κυρίου
1657 3939 1790 4009 ἐστὶ,

129 4025 227 4080 καὶ
277 4026 338 4079 τὸ
391 4025 541 4101 ῥῆμα
589 4026 871 4102 γνώριμόν
933 4025 1068 4096 έστι,
1128 4026 1219 4081 καὶ
1278 4028 1306 4080 6
1365 4026 1526 4102 ὅρκος
1579 4028 1786 4083 αὐτοῦ·

132 4113 391 4176 εἰπόντος
442 4115 533 4169 καὶ
589 4119 687 4169 τοῦ
757 4111 950 4176 παιδὸς
994 4116 1077 4170 δτι
1140 4112 1473 4193 λευκοφόρος
1521 4115 1652 4185 ἐστὶ,
1702 4117 1791 4170 καὶ

127 4205 189 4258 αἱ
238 4203 458 4279 παρειαὶ
506 4202 671 4258 αὑτοῦ
725 4207 832 4279 πῦρ
877 4202 1221 4277 ἀπέπεμπον,
1271 4201 1361 4258 καὶ
1406 4201 1789 4280 ἐνηλλαγμένη

128 4295 168 4364 ἡ
207 4294 393 4368 ὅρασις
441 4291 626 4362 αὑτοῦ,
665 4289 920 4368 μεγάλως
968 4289 1186 4364 έδόξασε
1233 4292 1323 4348 τὸν
1379 4294 1506 4347 Θεὸν
1559 4294 1586 4348 6
1641 4295 1792 4363 βασι-

129 4381 291 4449 λεὺς,
341 4381 541 4457 λέγων,
592 4383 718 4439 ’Ὁτι
761 4379 970 4436 εὐδύκει
1023 4382 1050 4435 6
1107 4383 1236 4444 Θεὸς
1291 4381 1354 4436 τὸ
1399 4377 1556 4458 ἔργον
1608 4383 1792 4451 τοῦτο,

124 4471 223 4525 καὶ
255 4472 338 4525 ὅτι
375 4468 643 4546 λογισμὸς
677 4469 845 4545 μέγας
891 4492 984 4544 μοι
1045 4472 1364 4545 περιέπιπτε
1411 4476 1530 4532 πῶς
1578 4469 1792 4526 καλέσω

121 4561 224 4613 τὸν
277 4559 422 4615 ναόν.
480 4559 579 4614 Καὶ
633 4555 817 4615 ἔκτοτε
891 4560 1310 4636 προσηγορεύθη
1370 4561 1398 4615 ὁ
1449 4561 1574 4622 ναὸς
1640 4561 1794 4635 Ἀγία

1905 3405 2224 3477 imperator
2253 3405 2526 3478 angelum
2577 3421 2706 3461 esse
2754 3405 2986 3460 Domini
3013 3410 3140 3460 tum
3173 3420 3241 3460 ex
3270 3406 3396 3475 ejus
3423 3421 3550 3460 ser-

1906 3511 2074 3550 mone
2129 3500 2252 3549 tum
2308 3510 2375 3548 ex
2427 3495 2818 3565 jurejurando
2872 3495 3163 3566 cognovit,
3221 3495 3544 3566 praesertim

1901 3600 2081 3655 puero
2113 3584 2446 3638 afﬁrmante
2481 3582 2662 3638 fuisse
2694 3582 2858 3637 illum
2891 3587 3052 3639 veste
3081 3583 3352 3651 candida,
3380 3583 3547 3654 genis

1900 3672 2094 3744 ignem
2126 3672 2512 3741 vibrantibus,
2535 3677 2591 3726 et
2610 3671 2769 3725 vario
2791 3671 2949 3725 vultu
2977 3689 2992 3739 ;
3019 3688 3084 3726 ac
3106 3671 3288 3726 Deum
3313 3672 3545 3742 magnis

1901 3759 2179 3817 laudibus
2234 3759 2556 3816 cumulavit
2609 3760 2924 3830 imperator
2965 3759 3165 3815 dicens
3200 3775 3212 3813 :
3247 3761 3351 3815 Deo
3404 3777 3538 3818 sane

1898 3859 2179 3922 acceptum
2207 3854 2286 3905 est
2316 3850 2414 3904 hoc
2439 3865 2592 3922 Opus,
2634 3849 3013 3920 haerebamque
3061 3850 3300 3904 multum
3341 3853 3545 3906 anxius

1901 3956 2009 4012 quo
2055 3941 2280 3994 nomine
2315 3947 2558 4010 tempum
2615 3936 2976 4009 appellarem.
3015 3937 3351 4008 Exindeque
3385 3945 3535 3993 tem-

1902 4028 2064 4101 plum
2099 4027 2466 4101 appellatum
2497 4032 2586 4082 est
2615 4027 2827 4082 Sancta
2849 4026 3086 4096 Sophia,
3119 4028 3274 4097 quod
3321 4027 3543 4100 signiﬁ-

1901 4123 2013 4188 cat,
2046 4116 2301 4172 Verbum
2340 4118 2456 4172 Dei.
2491 4119 2569 4172 Re
2617 4132 2752 4171 vero
2785 4131 2984 4170 secum
3019 4132 3324 4187 perpensa,
3357 4116 3544 4187 impe-

1901 4211 2058 4262 rator
2090 4206 2174 4261 sic
2201 4205 2317 4261 ait:
2342 4206 2466 4260 Non
2486 4205 2675 4261 sinam
2699 4221 2946 4276 puerum
2970 4205 3039 4260 ad
3065 4205 3348 4278 templum
3373 4206 3546 4261 remi-

1901 4310 2090 4367 grare,
2156 4299 2218 4349 ut
2273 4293 2514 4365 angelus
2573 4294 2806 4348 Domini
2875 4293 3016 4348 illud
3078 4294 3137 4348 in
3197 4299 3544 4366 perpetuum

1901 4382 2215 4450 custodiat,
2247 4383 2744 4454 quemadmodum
2761 4383 3096 4453 juramento
3110 4382 3406 4454 pollicitus
3436 4389 3544 4440 est.

1899 4472 1957 4526 Si
1979 4472 2134 4527 enim
2159 4473 2229 4526 ad
2256 4471 2536 4528 fabricam
2560 4471 2798 4527 redierit
2821 4488 2984 4542 puer,
3019 4471 3266 4543 angelus
3318 4473 3546 4528 Domini

1901 4561 2107 4622 abibit,
2141 4577 2275 4616 cum
2303 4577 2481 4631 puero
2505 4559 2736 4626 dixerit,
2770 4559 2964 4616 Donec
2995 4561 3255 4631 redieris,
3290 4565 3547 4632 Impera-

124 4648 328 4726 Σοφία.
398 4649 426 4702 6
493 4648 669 4724 Λόγος
750 4652 847 4702 τοῦ
931 4653 1066 4704 Θεοῦ
1143 4647 1607 4722 ἑρμηνευόμενος.
1687 4651 1791 4705 Καὶ

1910 4653 1992 4705 tor
2020 4649 2218 4721 itaque
2251 4649 2498 4705 consilio
2529 4666 2661 4704 cum
2714 4649 3026 4719 praecipuis
3077 4655 3415 4704 senatorum
3449 4667 3543 4705 sa-

124 4739 412 4808 σκοπήσας
468 4737 496 4791 6
559 4736 816 4812 βασιλεὺς
877 4739 1021 4793 εἶπεν
1080 4736 1253 4799 οὕτως
1287 4757 1300 4771 ·
1343 4739 1432 4807 Μὴ
1487 4738 1628 4792 έάσω
1692 4739 1783 4792 τὸν

122 4824 303 4884 παῖδα
352 4827 702 4902 ὑποστρέψαι,
752 4825 844 4881 ’ίνα
893 4825 971 4890 εἷς
1023 4826 1086 4882 τὸ
1143 4823 1386 4897 διηνεκὲς
1459 4825 1704 4903 φυλάττῃ
1757 4829 1784 4881 6

128 4914 375 4990 ἅγγελος
437 4915 658 4990 Κυρίου,
710 4915 786 4978 ὡς
851 4915 964 4970 εἷπε
1011 4911 1288 4978 κατελθὼν
1349 4915 1401 4970 έν
1461 4913 1669 4988 ὅρκοις.
1721 4914 1784 4972 Ei.

125 5005 237 5079 γὰρ
287 5005 315 5058 6
361 5009 490 5065 παῖς
525 5003 837 5078 ὑποστρέψῃ
895 5004 985 5057 καὶ
1043 5002 1216 5067 ἐλθὼν
1270 5003 1322 5057 έν
1376 5007 1454 5075 τῷ
1509 5003 1784 5076 κτίσματι,

124 5094 224 5149 καὶ
268 5094 498 5169 ἅγγελος
546 5092 750 5166 Κυρίου
805 5091 1149 5166 ὑποστρέφει,
1189 5091 1328 5156 καθὰ
1384 5093 1661 5170 προέφησε
1706 5093 1785 5163 τῷ

122 5179 408 5257 παιδαρίῳ
477 5181 561 5253 τὸ,
614 5183 760 5243 Ἕως
836 5181 898 5235 οὗ
970 5177 1159 5256 ἔλθῃς.
1224 5180 1679 5255 Βουλευσαμένου
1730 5179 1787 5236 δὶ

122 5277 227 5328 τοῦ
280 5271 547 5347 βασιλέως
617 5269 743 5334 τοὺς
801 5269 1111 5345 κρείττονας
1165 5272 1266 5339 τῆς
1325 5269 1637 5342 συγκλήτου
1694 5269 1784 5325 καὶ

123 5359 436 5437 ἱερατικοὺς
515 5358 802 5433 ποιμέ·.ας,
861 5358 1010 5413 εἶπον
1067 5358 1212 5430 αύτῷ
1255 5379 1268 5393 ο
1327 5359 1419 5427 Μή
1484 5357 1786 5414 ὑπόστελλε

121 5452 220 5506 τὸν
278 5446 446 5504 παῖδα
502 5448 578 5510 εἷς
631 5449 730 5516 τήν
788 5444 1116 5520 οἰκοδομὴν,
1148 5447 1282 5502 κατὰ
1337 5448 1428 5501 τὸν
1482 5446 1644 5521 ὅρκον
1689 5452 1786 5503 τοῦ

1899 4738 2099 4809 crique
2130 4738 2357 4793 ordinis
2391 4738 2727 4808 pastoribus
2757 4737 2924 4805 inito,
2958 4736 3107 4790 hanc
3139 4738 3209 4791 ab
3245 4736 3358 4790 illis
3413 4754 3544 4792 sen-

1895 4826 2138 4882 tentiam
2169 4827 2392 4896 accepit
2424 4843 2437 4880 :
2473 4825 2553 4879 Ne
2601 4826 2801 4879 mittas
2834 4840 3080 4896 puerum
3126 4825 3198 4879 ad
3241 4825 3543 4895 fabricam,

1895 4919 1960 4968 ut
1990 4913 2234 4985 angelus
2267 4913 2410 4968 illud
2443 4929 2512 4967 ex
2555 4913 2946 4983 jurejurando
2979 4929 3094 4982 quo
3116 4930 3178 4968 se
3209 4913 3542 4982 obstrinxit,

1894 5003 1964 5058 ad
2001 5002 2176 5057 finem
2213 5017 2400 5073 usque
2431 5002 2659 5069 mundi,
2697 5001 2789 5056 Dei
2815 5001 3014 5070 jussu,
3050 5002 3355 5055 custodiat.
3390 5001 3542 5055 Divi-

1894 5092 1994 5147 tiis
2031 5091 2209 5162 igitur
2262 5095 2321 5145 et
2361 5091 2652 5162 dignitate
2704 5096 2942 5144 auctum
2996 5106 3266 5160 puerum,
3319 5089 3542 5145 volente

1896 5187 2077 5253 patre,
2097 5180 2168 5234 ad
2201 5179 2479 5250 Cycladas
2512 5177 2741 5234 insulas
2772 5177 3072 5250 relegavit.
3103 5180 3216 5232 lloc
3245 5195 3415 5249 porro
3437 5195 3541 5233 an-

1896 5269 2007 5342 geli
2038 5285 2173 5323 cum
2207 5285 2385 5339 puero
2417 5267 2800 5338 colloquium,
2833 5267 2889 5321 in
2924 5268 3160 5322 dextera
3208 5272 3372 5338 parte
3411 5267 3541 5338 pilas

1897 5356 2218 5428 superioris
2240 5357 2500 5427 fornicis,
2525 5357 2592 5411 ad
2619 5355 2887 5410 Trullum
2913 5355 3393 5426 ascendentibus,
3429 5355 3538 5411 ba-

1898 5448 2086 5504 bitum
2122 5451 2232 5502 est.

129 5537 386 5615 άγγέλου,
419 5538 569 5602 ὅπως
597 5537 657 5592 έκ
681 5541 816 5592 Θεοῦ
847 5535 1057 5614 φυλάξῃ
1085 5537 1176 5590 τὸν
1203 5537 1326 5591 ναὸν
1359 5534 1462 5597 ἓως
1493 5537 1684 5598 τέλους
1715 5538 1950 5610 κόσμου.
1983 5537 2041 5588 Ὀ
2074 5530 2130 5587 δὲ
2176 5531 2426 5606 βασιλεὺς
2470 5532 2770 5594 πλουτίσας
2814 5532 2905 5585 τὸν
2955 5528 3122 5585 παῖδα
3168 5530 3256 5584 καὶ
3308 5532 3539 5601 ἀξιώσας

127 5627 292 5682 αὑτὸν
321 5633 489 5700 τιμῆς
525 5625 794 5701 μεγάλης,
827 5623 1112 5680 ἀπέστειλε
1145 5625 1280 5698 μετὰ
1313 5624 1520 5700 βουλῆς
1548 5629 1646 5679 τοῦ
1675 5627 1878 5701 πατρὸς
1911 5623 2072 5679 ούτοῦ
2100 5622 2176 5684 εἷς
2208 5621 2413 5697 έξορίαν
2447 5621 2521 5682 εἷς
2568 5621 2663 5682 τὰς
2717 5616 3000 5681 Κυκλάδας
3047 5622 3265 5689 νήσους,
3299 5621 3540 5695 Ἐγένετο

129 5713 190 5771 δέ
243 5716 307 5770 τὸ
366 5715 518 5792 ῥῆμα
568 5719 665 5771 τοῦ
721 5714 953 5792 ἀγγέλου
1010 5712 1088 5778 εἰς
1140 5713 1203 5769 τὸ
1264 5712 1434 5784 δεξιὸν
1500 5714 1665 5789 μέρος
1717 5711 1813 5768 τοῦ
1869 5717 2064 5768 πινσοῦ
2121 5718 2221 5782 τῆς
2283 5711 2391 5766 ἄνω
2447 5707 2664 5784 ἀψίδος,
2712 5713 2829 5769 τοῖς
2889 5708 3278 5783 ἂνερχομένοις
3321 5709 3408 5763 έπὶ
3449 5710 3540 5764 τὸν

124 5801 402 5881 Τροῦλον.
