4046 6338
442 366 595 425 1299

1397 364 1794 425 APPENDIX
1842 364 1946 424 AD
1991 359 2457 424 MICHAELEM
2500 358 2885 421 PSELLUM.

3700 358 3854 419 1300

444 494 703 563 Angelus,
732 494 971 551 eunuchi
996 496 1755 573 forma,imperatori_auxio
1803 495 1866 551 ob
1914 493 2157 573 pecuniae
2193 493 2513 573 penuriam,
2550 497 2808 573 apparet,
2841 498 2891 545 et
2914 505 3174 562 magnam
3218 490 3353 545 auri
3380 490 3600 563 copiam
3621 492 3685 544 in
3721 504 3853 560 0pm

1492 568 1720 639 [abricw
1746 562 2038 639 promittit,
2072 571 2124 621 et
2153 562 2399 636 sequenti
2427 563 2517 618 die
2546 562 2805 632 largitur.

518 664 659 718 Cum
694 668 884 719 autem
909 665 1183 729 artiﬁces,
1209 670 1522 738 postquam
1547 667 1617 721 ad
1644 666 1930 721 secundas
1955 681 2083 735 por-

2273 660 2602 714 Φθασάντων
2636 655 2693 712 δὲ
2720 662 2826 711 τῶν
2860 654 3171 730 οἰκοδόμων
3232 655 3309 720 εἷς
3340 659 3407 712 τὰ
3438 658 3663 731 δεύτερα
3695 657 3853 731 671:9-

447 752 599 807 ticus
630 754 1010 824 pertigerunt,
1054 755 1479 825 superioribus,
1532 755 1824 810 columnis
1859 771 1925 809 ac
1974 755 2087 808 for-

449 841 678 896 nicibus
710 843 938 911 erectis,
975 844 1405 915 circumpositae
1434 845 1662 899 fabricae
1708 849 1858 899 tecta
1899 844 2089 914 impo-

447 931 729 1000 suissent,
766 931 1083 1003 imperator
1131 934 1202 987 ob
1257 934 1516 1004 pecuniae
1568 933 1873 1006 penuriam
1921 934 2089 987 vehe-

450 1024 676 1074 menter
698 1021 834 1091 angi
865 1020 1061 1093 ccepit.
1086 1025 1286 1077 Stante
1317 1028 1514 1078 autem
1572 1022 1669 1077 illo
1711 1023 1771 1077 in
1804 1020 2091 1093 superiori

451 1108 682 1163 fabricae
730 1114 916 1181 parte,
972 1127 1106 1164 cum
1161 1110 1429 1166 Trullum
1479 1112 1873 1167 aediﬁcaturus
1914 1114 2091 1178 esset,

449 1196 706 1251 Sabbato
750 1198 875 1267 jam
933 1197 1251 1254 inclinante
1311 1200 1423 1267 die,
1473 1202 1780 1256 eunuchus
1811 1200 1909 1255 ille
1938 1203 2095 1255 veste

449 1284 700 1338 candida
730 1285 899 1340 anxio
932 1286 1273 1356 imperatori
1306 1304 1368 1343 se
1402 1288 1579 1357 sistit,
1613 1290 1815 1361 sicque
1837 1287 2093 1359 compel-

449 1371 568 1427 lat:
604 1372 751 1436 Quid
786 1375 1045 1445 pecuniae
1078 1392 1258 1432 causa
1316 1377 1574 1444 domine,
1628 1378 1897 1449 angeris?
1946 1377 2097 1432 Jube

453 1476 583 1515 cras
610 1462 724 1516 cito
757 1463 955 1517 venire
1004 1465 1293 1535 quosdam
1330 1483 1395 1521 ex
1445 1466 1829 1537 Optimatibus
1869 1466 2009 1535 tuis,
2041 1470 2099 1520 et

454 1555 735 1621 quantam
759 1552 936 1607 fuerit
958 1570 1105 1625 opus
1127 1554 1253 1608 auri
1276 1556 1491 1626 signati
1514 1572 1809 1610 summam
1834 1555 2094 1609 aﬂ‘eram.

455 1640 734 1709 Sequenti
785 1657 915 1696 vero
953 1643 1045 1697 die
1076 1643 1315 1700 veniens
1354 1644 1663 1699 eunuchus
1686 1646 1965 1699 fabricam
2010 1643 2098 1697 vi-

461 1732 687 1783 sentem
712 1728 1125 1801 imperatorem
1159 1733 1399 1789 oﬁ'endit
1434 1751 1447 1790 :
1484 1735 1585 1805 qui
1616 1733 1969 1802 Strategium
2001 1733 2099 1788 de-

463 1818 783 1887 putavit,et
812 1819 1125 1876 Basilidem
1160 1826 1533 1894 quaestorem,
1583 1823 1946 1878 Theodorum
2000 1840 2100 1895 pa-

462 1906 719 1977 tricium,
760 1916 1146 1981 cognomento
1177 1911 1611 1984 Colocynthem,
1644 1913 1745 1984 qui
1771 1912 1945 1968 etiam
1979 1917 2105 1969 erat

2199 754 2302 820 ᾦα,
2351 769 2441 802 και
2499 746 2817 823 ἐγειράντων
2871 747 2998 807 τοὺς
3054 745 3234 800 ἐπάνω
3290 746 3475 808 κίονας
3529 749 3618 801 καὶ
3682 745 3853 819 καμά-

2199 859 2316 912 ρας,
2350 836 2440 891 καὶ
2494 835 2871 891 σκεπασάντων
2922 835 2987 889 τὰ
3035 836 3210 910 πὲριξ,
3242 834 3441 909 ἠθύμει
3496 837 3523 890 6
3572 834 3853 909 βασιλεὺς,

2202 924 2290 980 διὰ
2336 927 2396 980 τὸ
2451 928 2525 998 μὴ
2572 920 2719 1000 ἔχειν
2783 929 2989 1000 χρυσοῦ
3038 924 3336 995 ποσότητα.
3396 925 3709 998 Ἱσταμὲνου
3766 922 3853 978 οῦν

2200 1018 2295 1069 τοῦ
2344 1013 2611 1090 βασιλέως
2681 1014 2756 1076 είς
2814 1015 2882 1068 τὰ
2945 1015 3162 1090 ὑπερῷα
3216 1018 3326 1068 τῶν
3376 1016 3721 1087 κτισμάτων,
3770 1014 3854 1067 καὶ

2208 1103 2504 1176 μέλλοντος
2537 1103 2741 1178 ἐγεῖραι
2794 1103 2885 1157 τὸν
2934 1102 3177 1179 Τροῦλον
3224 1104 3357 1176 μετὰ
3398 1105 3497 1173 τὴν
3559 1103 3709 1179 ὥραν
3763 1106 3855 1156 τοῦ

2206 1188 2513 1261 Σαϐϐάτου,
2566 1193 2640 1254 ὡς
2712 1189 2822 1263 ἤδη
2898 1192 3091 1267 βαθέος
3144 1193 3390 1265 ἀρίστου,
3442 1191 3857 1266 ἀδημονοῦντος

2202 1288 2298 1338 τοῦ
2360 1281 2649 1357 βασιλέως,
2704 1280 2871 1356 ἐφάνη
2942 1280 3088 1353 αὐτῷ
3162 1281 3445 1356 εὐνοῦχος,
3498 1281 3855 1359 λευκονξόροςο

2208 1372 2442 1448 εἰρηκὼς
2500 1370 2645 1443 αύτῷ
2679 1390 2691 1403 ’
2752 1371 2810 1424 Τί
2871 1369 3019 1444 λυπῇ
3070 1370 3192 1445 περὶ
3238 1370 3583 1446 χρημάτων;
3620 1370 3858 1446 πρόστα-

2207 1462 2291 1531 ξον
2355 1460 2531 1525 ἐλθεῖν
2585 1459 2728 1535 ταχὺ
2770 1461 2868 1528 τὴν
2903 1456 3089 1535 αὔριον
3123 1459 3178 1514 ἐκ
3207 1465 3317 1515 τῶν
3352 1463 3692 1535 μεγιστᾶνων
3743 1482 3858 1527 σου,

2206 1552 2291 1605 καὶ
2344 1550 2560 1623 κομίσω
2611 1571 2694 1604 σοι
2743 1550 2973 1625 χρυσίου
3022 1551 3281 1625 χάραγμα
3326 1549 3449 1604 ὅσον
3500 1548 3560 1604 ἂν
3613 1548 3859 1628 ὀφείλης.

2208 1642 2293 1713 Τῇ
2340 1636 2396 1693 δὲ
2446 1638 2702 1714 ἐπαύριον
2767 1637 2938 1701 ἐλθὼν
2986 1639 3013 1692 6
3064 1637 3345 1713 εὐνοῦχος,
3393 1640 3482 1693 καὶ
3534 1640 3710 1712 εὑρὼν
3770 1639 3859 1692 τὸν

2215 1727 2462 1802 βασιλέα,
2496 1728 2577 1783 δτι
2616 1726 2902 1803 ἐπορεύετο
2950 1728 3080 1802 ὁρᾷν
3126 1728 3192 1782 τά
3235 1727 3523 1800 κτίσματα,
3554 1725 3791 1782 δέδωκεν
3833 1729 3859 1781 6

2216 1815 2471 1893 βασιλεὺς
2510 1818 2601 1872 τὸν
2654 1818 3013 1892 Στρατήγιον,
3056 1815 3145 1871 καὶ
3197 1814 3493 1886 Βασιλίδην
3539 1817 3631 1870 τὸν
3690 1815 3865 1871 xmch-

2214 1928 2399 1983 στορα,
2430 1907 2520 1962 καὶ
2569 1904 2848 1982 Θεόδωρον
2893 1904 3201 1982 πατρίκιον,
3243 1906 3334 1960 τὸν
3396 1904 3629 1977 ἐπίκλην
3679 1904 3861 1961 Κολο-

464 1996 795 2066 praefectus,
820 2014 953 2053 cum
978 2000 1162 2055 servis
1194 2000 1425 2056 circiter
1450 2001 1900 2073 quinquaginta,
1927 2002 2104 2057 mulis

2215 1996 2435 2067 κύνθην,
2490 1997 2580 2050 τὸν
2626 1996 2715 2050 καὶ
2767 1992 3031 2071 ἔπαρχον,
3077 1994 3164 2049 καὶ
3218 1994 3490 2068 ὑπηρέτας
3542 1994 3711 2070 μέχρι
3754 1998 3864 2048 τῶν

2374 2088 2385 2105 1
2705 2084 2721 2105 \
2790 2087 2804 2105 ε
2904 2084 2915 2105 Ι
3138 2082 3162 2104 ν
3450 2084 3467 2105 ‘,
3530 2084 3558 2105 Ι)
3633 2082 3653 2105 Ἴ
3741 2080 3789 2105 5'
3857 2102 3863 2105 .

460 2086 783 2157 viginti,ac
809 2087 1125 2159 bulgarum
1165 2089 1373 2161 viginti
1424 2096 1645 2161 septem
1695 2092 1955 2163 paribus.
2009 2092 2108 2147 His

460 2174 558 2229 ille
585 2176 903 2247 assumptis
935 2192 1039 2247 per
1082 2179 1327 2233 Auream
1363 2184 1590 2250 portam
1642 2195 1775 2235 cum
1818 2183 1887 2235 ad
1928 2181 2112 2237 tribu-

464 2263 624 2318 nalia
654 2265 932 2333 venisset,
992 2265 1093 2335 qui
1125 2267 1289 2321 missi
1322 2273 1490 2323 erant
1520 2268 1792 2325 viderunt
1822 2272 2113 2343 stupenda

457 2352 677 2423 palatia
710 2370 722 2407 :
752 2357 927 2423 atque
984 2371 1051 2409 ex
1099 2356 1264 2425 equis
1310 2373 1442 2412 cum
1494 2359 1959 2429 descendissent,
2011 2377 2113 2431 per

456 2441 862 2496 admirandam
909 2442 1127 2498 scalam
1168 2445 1239 2499 ab
1269 2447 1540 2503 eunucho
1594 2449 1911 2504 ducuntur.
1961 2451 2109 2505 Tum

454 2529 612 2583 clave
644 2546 802 2585 aenea
826 2535 882 2585 et
914 2531 1218 2603 splendida
1247 2536 1591 2591 cubiculum
1619 2538 1864 2608 aperuit.
1888 2538 2109 2594 Utvero

454 2620 737 2689 magister
783 2620 1107 2691 Strategius
1149 2624 1430 2694 narravit,
1470 2625 1870 2696 pavimentum
1920 2631 2107 2682 totum

461 2723 603 2761 auro
638 2706 865 2778 signato
897 2713 1149 2764 stratum
1185 2717 1240 2765 et
1278 2712 1518 2783 plenum
1551 2720 1675 2769 erat
1709 2732 1720 2768 :
1756 2720 2109 2787 acceptaque

454 2795 588 2866 pala
646 2796 979 2861 eunuchus,
1039 2799 1291 2870 singulis
1347 2802 1542 2873 bulgis
1603 2804 1727 2858 auri
1778 2805 2111 2859 centenaria

456 2885 1019 2956 quatuorimmisit;
1073 2905 1285 2961 nempe
1337 2890 1514 2945 simul
1572 2894 1909 2947 centenaria
1954 2900 2109 2949 octo-

452 2971 636 3044 ginta,
668 2978 721 3028 et
774 2991 910 3029 cum
958 2980 1119 3031 tanto
1170 2995 1414 3033 munere
1466 2980 1883 3053 imperatorem
1935 2984 2111 3038 remi-

467 3060 562 3129 sit,
597 3061 913 3133 clausoque
944 3082 1142 3120 coram
1176 3066 1260 3122 eis
1291 3068 1586 3140 cubiculo,
1637 3070 1695 3124 in
1736 3088 1849 3142 quo
1899 3089 2109 3127 aurum

458 3150 758 3221 signatum
797 3157 940 3219 erat,
978 3154 1057 3209 ait
1082 3155 1200 3211 illis
1226 3173 1238 3209 :
1265 3158 1391 3211 Haec
1417 3158 1615 3214 afferte
1653 3159 2013 3231 imperatori,
2047 3167 2112 3217 ut

450 3239 511 3293 in
544 3240 773 3295 fabricae
807 3258 953 3312 opus
1006 3250 1224 3315 eroget.
1280 3246 1393 3311 Illi,
1440 3248 1710 3303 eunucho
1758 3249 1837 3303 ibi
1888 3250 2110 3320 relicto,

451 3329 608 3399 quod
641 3336 1008 3401 acceperant,
1043 3331 1382 3404 imperatori
1416 3353 1627 3391 aurum
1684 3338 1973 3394 deferunt.
2009 3339 2111 3394 Ille

2220 2088 2575 2156 πεντήκοντα,
2631 2084 2721 2139 καὶ
2780 2084 3047 2157 ἡμιόνους
3108 2082 3278 2139 εἷ’κοσι
3340 2084 3475 2155 μετᾶ
3530 2080 3864 2158 βουλγιδὶων

2225 2180 2400 2249 ζυγῶν
2446 2177 2544 2244 κζ’.
2593 2174 2827 2235 Τούτους
2878 2168 3062 2229 λαϐὼν
3110 2174 3137 2227 6
3190 2174 3456 2248 εὐνοῦχος
3526 2172 3718 2243 ἐξῆλθε
3765 2178 3869 2241 τῆς

2222 2265 2458 2339 Χρυσίας
2518 2263 2743 2338 πόρτας,
2800 2261 2890 2316 καὶ
2949 2260 3121 2317 ἐλθὼν
3190 2262 3267 2326 εἷς
3339 2263 3406 2316 τὰ
3480 2256 3869 2337 Τριϐουνάλια,

2221 2352 2387 2430 ἐφάνη
2445 2354 2538 2424 μὲν
2600 2357 2719 2414 τοῖς
2778 2350 3130 2406 ἆποσταλεῖσι
3188 2348 3429 2405 παλάτια
3483 2350 3670 2406 κτιστὰ
3742 2361 3874 2413 θαυο

2224 2442 2418 2515 μαστά.
2480 2444 2575 2499 Ἐκ
2632 2446 2739 2495 τῶν
2794 2438 2980 2496 ’ίππων
3043 2438 3099 2494 δὶ
3154 2435 3499 2511 καταϐάντες,
3558 2434 3873 2493 ἀνεϐίϐασεν

2221 2532 2415 2595 αὐτοὺς
2448 2533 2475 2585 6
2508 2531 2766 2607 εὐνοῦχος
2799 2532 2873 2592 εἷς
2905 2528 3150 2602 κλίμακα
3200 2532 3535 2602 θαυμαστὴν,
3575 2528 3667 2583 καὶ
3714 2524 3873 2583 ἐκϐα-

2222 2620 2332 2676 λὼν
2383 2620 2576 2676 κλεῖδα
2624 2620 2877 2696 λαμπρὰν
2929 2616 3174 2695 χαλκῆν,
3223 2618 3404 2688 ἤνοιξε
3459 2612 3831 2673 κουϐούκλιον
3860 2638 3873 2649 ·

2220 2709 2331 2781 καὶ,
2366 2710 2439 2773 ὥς
2490 2732 2621 2789 φησι
2672 2711 3009 2783 Στρατήγιος
3038 2709 3066 2762 6
3106 2707 3420 2783 μάγιστρος,
3453 2707 3521 2775 ἦν
3564 2708 3628 2761 τὸ
3672 2704 3873 2785 ἔδαιρος

2222 2800 2564 2874 ἐστρωμένον
2594 2800 2682 2855 καὶ
2724 2798 3164 2873 πεπληρωμένον
3208 2796 3436 2872 χρυσίου
3485 2800 3870 2871 χαράγματος.

2222 2890 2319 2943 Καὶ
2369 2885 2554 2943 λαϐὼν
2607 2888 2773 2943 πτύον
2828 2888 2854 2940 ὀ
2905 2886 3187 2961 εὐνοῦχος,
3233 2879 3424 2939 ἔϐαλεν
3486 2883 3565 2961 ἐφ’
3605 2882 3693 2938 ἕνα
3743 2881 3871 2938 ἔκα-

2223 2998 2345 3031 στον
2383 2974 2716 3053 βουλγίδιον,
2750 2978 2957 3052 χρυσοῦ
2987 2975 3311 3050 κεντηνάρια
3338 2972 3568 3047 τέσσαρα
3601 2992 3613 3003 ’
3648 2976 3692 3049 ρ’
3718 2975 3767 3049 ρ’
3796 2974 3868 3027 π’.

2222 3066 2318 3123 Καὶ
2372 3064 2496 3128 δοὺς
2548 3066 2733 3127 αὐτοῖς
2782 3062 3065 3119 ἀπέστειλε
3111 3064 3247 3138 πρὸς
3294 3063 3386 3117 τὸν
3462 3058 3687 3138 βασιλέα
3722 3079 3738 3093 ⁶
3781 3062 3871 3115 καὶ

2220 3153 2440 3217 κλείσας
2492 3154 2791 3229 ἔμπροσθεν
2842 3153 3015 3208 αὐτῶν
3066 3154 3127 3207 τὸ
3174 3148 3562 3218 κουὸούκλιον,
3605 3150 3656 3206 ἓν
3707 3151 3757 3221 ᾧ
3809 3151 3874 3219 ἧν

2220 3244 2282 3298 τὸ
2340 3243 2622 3319 χάραγμα,
2680 3241 2781 3319 ἔφη
2837 3244 3021 3304 αὐτοῖς
3055 3261 3067 3275 ⁸
3128 3242 3310 3313 Ὑμεῖς
3366 3240 3631 3313 κομίσατε
3703 3245 3877 3294 ταῦτα

2222 3338 2299 3402 τῷ
2365 3331 2601 3407 βασιλεῖ,
2653 3332 2732 3395 εἵς
2796 3333 2858 3387 τὸ
2915 3336 3285 3386 κατακειοῶσαι
3334 3330 3467 3385 αὐτὰ
3527 3330 3603 3393 εἷς
3659 3328 3878 3385 οἰκοδο·

452 3432 586 3471 vero
623 3416 1066 3488 obstupefactus
1096 3437 1107 3475 :
1134 3423 1420 3487 Quonam,
1456 3424 1670 3496 inquit,
1702 3428 2104 3493 concessistis,

2226 3422 2331 3494 μὴν
2368 3427 2469 3476 τοῦ
2512 3427 2668 3480 ναοῦ.
2709 3423 2765 3475 Ὀ
2822 3419 2879 3475 δὲ
2927 3422 3187 3495 εὐνοῦχος
3243 3417 3571 3489 κατελείφθη
3635 3418 3771 3477 ἐκεῖ.
3814 3421 3878 3477 Οἱ

456 3505 659 3575 quisve
686 3507 995 3563 eunuchus
1026 3508 1167 3563 ille?
1188 3512 1306 3582 Ipsi
1346 3529 1479 3567 vero
1504 3519 1717 3568 cuncta
1749 3515 1953 3571 ordine
1977 3534 2109 3570 nar-

456 3600 590 3649 rant
621 3594 815 3650 locum
841 3598 1091 3663 aediﬁcii,
1118 3601 1358 3672 vimque
1396 3604 1521 3657 auri
1555 3604 1903 3660 immensam
1929 3607 1985 3661 in
2010 3623 2114 3660 cu-

457 3683 1233 3760 biculojacentem.Cupide
1276 3692 1594 3761 imperator
1640 3697 2011 3765 exspectabat
2033 3714 2116 3750 re-

460 3772 648 3828 ditum
681 3777 935 3830 eunuchi
973 3794 985 3831 :
1021 3794 1151 3831 cum
1190 3785 1386 3835 autem
1411 3797 1526 3836 non
1551 3783 1794 3849 veniret,
1826 3801 2056 3839 servum
2082 3802 2115 3840 a

458 3862 705 3933 pedibus
737 3864 807 3918 ad
842 3864 1008 3920 illum
1044 3867 1208 3922 misit
1257 3885 1510 3942 cumque
1558 3869 1751 3926 locum
1778 3872 1836 3926 in
1872 3890 1985 3943 quo
2017 3890 2113 3944 pa-

460 3949 602 4005 latia
622 3952 909 4021 viderant,
930 3955 1101 4011 domo
1124 3974 1375 4013 vacuum
1405 3959 2107 4030 deprehendisset,rever—

458 4056 560 4094 sus
592 4045 801 4096 cuncta
848 4042 1187 4112 imperatori
1237 4048 1552 4103 renuntiat.
1610 4051 1859 4121 Stupore
1890 4050 2111 4121 percul-

458 4144 561 4183 sus
596 4128 713 4198 ille,
757 4148 816 4184 re
847 4131 1163 4204 intellecta,
1204 4135 1383 4190 dixit:
1410 4136 1554 4190 Vere
1578 4136 1703 4209 ipse
1737 4138 1831 4192 Dei
1866 4138 2109 4210 angelus

458 4222 601 4281 erat,
623 4222 680 4271 et
710 4219 1064 4275 miraculum
1093 4222 1364 4278 effectum
1397 4231 1505 4295 est,
1536 4231 1598 4280 ut
1621 4227 1969 4296 sciamus,ac
1993 4227 2107 4282 Deo

457 4304 704 4375 gloriam
734 4307 1088 4364 tribuamus.

2225 3509 2281 3565 δὲ
2321 3509 2526 3586 ἤγαγον
2577 3516 2657 3584 τῷ
2702 3508 2920 3587 βασιλεῖ
2966 3510 3028 3564 τὸ
3073 3528 3328 3585 χρύσιον,
3361 3508 3451 3563 καὶ
3505 3506 3802 3583 ἐκπλαγεῖς
3852 3511 3878 3563 ὁ

2228 3600 2504 3675 βασιλεὺς,
2534 3596 2635 3677 ἔφη
2681 3599 2865 3661 αὐτοῖς
2898 3618 2911 3632 ’
2947 3600 3032 3655 Ἐν
3081 3598 3225 3671 ποίῳ
3266 3597 3420 3670 τόπῳ
3462 3596 3757 3664 ἀπέλθατε,
3788 3597 3875 3651 καί

2221 3689 2303 3751 τίς
2336 3691 2361 3745 ὁ
2398 3691 2705 3765 εύνοῦχος;
2739 3688 2842 3745 Καὶ
2892 3685 3215 3763 ἀνήγγειλαν
3253 3686 3400 3759 αὐτῷ
3452 3688 3647 3757 πάντα,
3678 3687 3776 3740 τόν
3822 3706 3876 3741 τε

2222 3779 2387 3835 τόπον
2434 3783 2540 3833 τῶν
2590 3777 2907 3851 οἰκημάτων
2955 3776 3125 3849 αὐτῷ,
3176 3776 3264 3832 καὶ
3325 3777 3407 3831 ὅτι
3466 3776 3695 3852 χρυσίον
3758 3774 3877 3851 οἶγε

2223 3868 2525 3943 κεχυμένον
2556 3865 2643 3921 ἐπί
2667 3866 2728 3921 τὸ
2759 3861 3119 3921 κουῦούκλιον
3155 3865 3230 3927 εἷς
3280 3864 3493 3933 πλῆθος
3541 3862 3709 3920 πολύ.
3762 3870 3876 3919 Κα-

2226 3955 2469 4033 ραδοκῶν
2518 3957 2545 4010 6
2603 3954 2858 4031 βασιλεὺς
2910 3956 3002 4009 τὸν
3041 3953 3305 4028 εὐνοῦχον
3366 3953 3541 4017 ἐλθεῖν
3594 3955 3732 4027 πρὸς
3790 3953 3876 4007 αύ-

2220 4048 2309 4102 τὸν
2380 4045 2514 4118 μετὰ
2568 4044 2695 4106 τοὺς
2750 4042 3059 4112 σταλέντας,
3120 4043 3209 4098 γαὶ
3266 4043 3340 4106 ὡς
3396 4043 3460 4097 οὐ
3525 4042 3876 4117 παρεγένετο,

2221 4134 2504 4190 ἀπέστειλε
2558 4134 2648 4188 τὸν
2702 4132 3005 4196 ἀκόλουθον
3065 4133 3234 4187 αὐτοῦ
3295 4130 3373 4193 εἷς
3428 4132 3519 4185 τὸν
3571 4130 3875 4206 εὐνοῦχονο

2220 4224 2310 4279 καὶ
2366 4224 2534 4299 εὑρὼν
2590 4222 2680 4277 τὸν
2732 4222 2899 4277 τόπον
2955 4222 3006 4275 ἐν
3071 4220 3115 4294 ᾧ
3183 4219 3432 4275 ἐθεάσατο
3494 4220 3563 4275 τὰ
3636 4218 3879 4275 παλάτια

2222 4312 2350 4368 ὅλον
2402 4310 2634 4383 ἄνοικον,
2660 4311 2749 4367 καὶ
2803 4311 3165 4385 ὑποστρέψας,
3210 4308 3469 4384 ἐγνώρισε
3516 4308 3598 4380 τῷ
3662 4307 3881 4383 βασιλεῖ

459 4391 633 4448 πάντα
664 4394 763 4449 ὅσα
794 4395 1068 4453 ἐθεάσατο.
1104 4398 1429 4475 Ἐκπλαγεῖς
1460 4400 1516 4457 δὲ
1545 4403 1635 4457 καὶ
1666 4405 1845 4479 γνοὺς,
1872 4404 2033 4475 εἶπεν,
2068 4410 2190 4462 ’Ότι
2222 4404 2444 4475 ἀληθῶς
2478 4403 2636 4467 αὐτὸς
2661 4400 2888 4480 ἅγγελος
2919 4406 3052 4457 Θεοῦ
3076 4401 3164 4471 ἦν,
3197 4401 3286 4455 καὶ
3319 4399 3496 4473 θοῦμα
3524 4399 3772 4475 γέγονεν,
3789 4398 3878 4454 ἵνα

457 4485 691 4555 γνῶμεν,
718 4484 808 4538 καὶ
846 4487 1099 4561 μεγάλως
1131 4483 1438 4563 δοξάσωμεν
1481 4491 1572 4546 τὸν
1606 4493 1757 4550 Θεόν.

458 4611 660 4691 Divina
683 4615 899 4691 monitu
932 4617 1140 4686 triplici
1166 4618 1358 4689 apside
1385 4637 1483 4675 seu
1512 4624 1722 4691 [amice
1754 4623 1908 4678 bema
1939 4622 2290 4679 illustratur.
2321 4624 2463 4679 Pilae
2510 4638 2704 4679 omnes
2748 4622 2987 4677 interius
3011 4621 3363 4690 exteriusque
3388 4619 3589 4689 ferrei:
3630 4618 3877 4673 vectibus

636 4687 1103 4756 lerruminantur,
1138 4687 1211 4745 ac
1231 4692 1347 4747 oleo
1376 4700 1427 4747 et
1458 4687 1605 4748 calce
1634 4694 1999 4764 obducuntur,
2030 4700 2085 4749 et
2128 4697 2209 4749 ita
2256 4696 2539 4750 variorum
2576 4709 2914 4749 marmorum
2946 4687 3691 4761 iucrustatidnesaptantur.

528 4790 671 4847 Cum
696 4796 889 4848 autem
915 4811 1146 4851 sacrum
1177 4797 1351 4854 bema
1383 4801 1713 4870 perfecturi,
1749 4818 1815 4856 ac
1860 4818 1961 4873 per
1990 4802 2105 4857 for-
2136 4804 2185 4869 ι)

456 4876 614 4935 uices
638 4879 782 4936 vitro
814 4881 1135 4940 instructos
1187 4884 1380 4943 lucem
1431 4889 1832 4945 intromissuri
1883 4896 2103 4955 essent,

455 4970 730 5040 praecepit
760 4971 1096 5039 architecto,
1120 4978 1185 5028 ut
1216 4976 1390 5031 unica
1429 4978 1633 5047 apside
1665 4978 1886 5032 concha
1912 4978 2101 5032 lucem

456 5058 747 5127 acciperet
779 5077 791 5114 :
830 5077 1183 5131 rursumque
1207 5070 1429 5119 mutata
1459 5067 1763 5133 sententia,
1790 5068 1973 5135 jussit
2004 5082 2104 5136 per

453 5145 745 5216 duplicem
780 5149 1043 5218 apsidem
1077 5150 1316 5205 immitti
1342 5152 1553 5219 lucem,
1578 5156 1717 5223 quia
1738 5172 1943 5209 murus
1968 5155 2097 5209 nul-

451 5231 525 5288 lis
559 5234 825 5291 lirmatus
883 5238 1091 5308 tignis,
1143 5240 1337 5307 qualia
1400 5242 1659 5297 nartheci
1704 5260 1769 5297 ac
1816 5243 2099 5300 lateribus

451 5322 714 5379 adhibita
747 5326 999 5391 fuerant,
1032 5329 1263 5397 pondus
1295 5346 1411 5384 non
1452 5332 1819 5386 admittebat.
1866 5331 2095 5403 Reliqui

450 5424 583 5464 vero
619 5413 873 5469 artifices
901 5416 1353 5487 contendebant,
1388 5422 1629 5475 unicum
1664 5421 1941 5475 fornicem
1966 5438 2094 5476 esse

450 5496 801 5557 illustrando
829 5504 1048 5559 bemati
1106 5506 1271 5560 satis.
1321 5508 1543 5563 Anxius
1576 5510 1772 5580 itaque
1821 5510 2091 5581 princeps

455 5588 908 5648 architectorum
933 5594 1221 5666 inopsque
1241 5596 1473 5652 consilii
1522 5600 1829 5670 erat,quod
1850 5599 1922 5653 im
1934 5614 2093 5670 pera-

452 5678 545 5729 tor
574 5680 747 5734 modo
776 5681 1036 5750 apsidem
1058 5686 1439 5752 unam,modo
1469 5687 1616 5743 duas
1637 5688 1895 5744 construi
1914 5688 2091 5758 jube-

2288 4800 2372 4855 Ἐν
2422 4796 2479 4854 δὲ
2524 4804 2603 4871 τῷ
2650 4796 2873 4871 μέλλειν
2917 4798 2981 4852 τὸ
3029 4798 3177 4870 ἅγιον
3231 4796 3614 4870 θυσιαστήριον
3640 4791 3873 4848 τελειῶ-

2215 4909 2325 4956 σαι,
2376 4887 2467 4943 καὶ
2526 4886 2615 4942 διὰ
2663 4891 2773 4942 τῶν
2831 4890 3002 4941 στοῶν
3060 4892 3462 4961 φωταγωγῆσαι
3522 4880 3613 4937 διὰ
3675 4882 3873 4937 ὑελὶων

2210 4977 2505 5052 προσέταξε
2544 4981 2626 5047 τῷ
2678 4979 2995 5051 μηχανικῷ,
3039 4973 3135 5029 ’ίνα
3182 4976 3389 5047 γένοιτο
3438 4973 3467 5026 ὁ
3517 4970 3653 5043 μύαξ
3707 4992 3877 5042 μονο-

2209 5068 2457 5141 κάμαρος
2495 5085 2506 5097 ·
2558 5066 2649 5120 καὶ
2692 5064 2858 5120 πάλιν
2916 5061 3320 5136 μεταμεληθεὶς
3377 5059 3672 5132 προσέταξε
3724 5060 3879 5134 γενέ-

2210 5157 2325 5209 σθαι
2362 5154 2618 5232 δίφωτον,
2652 5152 2742 5208 διὰ
2772 5151 2866 5208 δύο
2898 5150 3135 5226 ἀψίδων·
3168 5149 3256 5206 διὰ
3282 5151 3347 5205 τὸ
3377 5152 3453 5222 μὴ
3489 5146 3742 5219 δέξασθαι
3779 5151 3877 5223 βά·

2208 5265 2323 5318 ρος,
2370 5244 2454 5299 ὅτι
2504 5245 2674 5299 ἐκεῖσε
2724 5242 3021 5319 ἷκριόματα
3071 5242 3169 5296 οὐκ
3217 5235 3418 5310 ἔθεντο,
3453 5240 3634 5311 ὥσπερ
3682 5236 3740 5292 ἐν
3802 5242 3880 5307 τῷ

2204 5335 2461 5408 νάρθηκι,
2512 5334 2597 5387 κοὶ
2673 5331 2761 5387 ἐπὶ
2832 5331 2927 5394 τὰς
2993 5328 3239 5403 πλευρὰς
3294 5332 3390 5382 τοῦ
3440 5331 3593 5381 ναοῦ.
3643 5330 3765 5379 Τῶν
3828 5324 3882 5381 δὶ

2206 5420 2417 5476 λοιπῶν
2458 5426 2725 5497 τεχνιτῶν
2791 5419 3209 5494 ἀντιλεγόντων,
3245 5418 3321 5482 ὡς
3371 5416 3471 5490 μία
3509 5415 3735 5489 καμάρα
3764 5438 3882 5492 τρω-

2200 5510 2332 5580 τίζει
2384 5512 2446 5565 τὸ
2505 5511 2916 5583 θυσιαστήριον,
2957 5508 3045 5563 καὶ
3096 5504 3509 5581 ἀδημονοῦντος
3562 5508 3663 5559 τοῦ
3724 5525 3877 5580 πρω·

2198 5598 2569 5674 τοοικοδόμου
2597 5600 2650 5655 τί
2680 5597 2741 5653 ἂν
2771 5619 3012 5669 ποιησει,
3046 5597 3132 5652 ὅτι
3162 5597 3294 5652 ποτὶ
3346 5596 3442 5669 μὶν
3492 5592 3642 5668 λέγει
3696 5594 3729 5648 6
3774 5595 3875 5667 βα-

2198 5688 2385 5752 σιλεὺς
2430 5690 2560 5762 μίαν
2617 5685 2784 5761 ἁψίδα
2822 5687 3089 5762 γενέσθαι,
3126 5684 3332 5742 ἄλλοτε
3363 5683 3422 5740 δὲ
3446 5680 3566 5756 δύο,
3589 5681 3682 5738 καὶ
3733 5678 3873 5738 ἐστό
