  <div class='ocr_page' id='page_1' title='image "/cluster/home/n/w/nwhite01/storage/ocr_20150623/122/hvd.32044073502452/660.png"; bbox 0 0 3986 6340; ppageno 0'>
   <div class='ocr_carea' id='block_1_1' title="bbox 127 347 1794 425">
    <p class='ocr_par' dir='ltr' id='par_1_1' title="bbox 127 347 1792 416">
     <span class='ocr_line' id='line_1_1' title="bbox 127 347 1792 416; baseline 0.002 -8"><span class='ocrx_word' id='word_1_1' title='bbox 127 347 302 411; x_wconf 74' lang='grc'><strong>1301</strong></span> <span class='ocrx_word' id='word_1_2' title='bbox 1281 351 1646 416; x_wconf 78' lang='grc' dir='ltr'><strong>ΑΝΟΝῩΜῙ</strong></span> <span class='ocrx_word' id='word_1_3' title='bbox 1689 352 1792 413; x_wconf 87' lang='grc' dir='ltr'><strong>ΑΝ</strong></span> 
     </span>
    </p>
   </div>
   <div class='ocr_carea' id='block_1_2' title="bbox 1905 347 3562 425">
    <p class='ocr_par' dir='ltr' id='par_1_2' title="bbox 1905 352 3562 425">
     <span class='ocr_line' id='line_1_2' title="bbox 1905 352 3562 425; baseline 0.001 -11"><span class='ocrx_word' id='word_1_4' title='bbox 1905 352 2267 425; x_wconf 76' lang='lat' dir='ltr'><strong>)UITATES</strong></span> <span class='ocrx_word' id='word_1_5' title='bbox 2312 354 2427 415; x_wconf 77' lang='grc' dir='ltr'><strong>ΟΡ.</strong></span> <span class='ocrx_word' id='word_1_6' title='bbox 3403 355 3562 416; x_wconf 73' lang='grc'><strong>1302</strong></span> 
     </span>
    </p>
   </div>
   <div class='ocr_carea' id='block_1_3' title="bbox 103 477 1794 558">
    <p class='ocr_par' dir='ltr' id='par_1_3' title="bbox 103 477 1784 558">
     <span class='ocr_line' id='line_1_3' title="bbox 103 477 1784 558; baseline 0.004 -26"><span class='ocrx_word' id='word_1_7' title='bbox 103 497 236 541; x_wconf 74' lang='grc' dir='ltr'><strong>τος</strong></span> <span class='ocrx_word' id='word_1_8' title='bbox 293 479 460 534; x_wconf 80' lang='grc' dir='ltr'>αὐτοῦ</span> <span class='ocrx_word' id='word_1_9' title='bbox 521 477 693 535; x_wconf 86' lang='grc' dir='ltr'>ἐκεῖσε</span> <span class='ocrx_word' id='word_1_10' title='bbox 738 479 827 536; x_wconf 78' lang='grc' dir='ltr'><strong>καὶ</strong></span> <span class='ocrx_word' id='word_1_11' title='bbox 878 477 1272 551; x_wconf 82' lang='grc' dir='ltr'>ἀκηδιάσαντος</span> <span class='ocrx_word' id='word_1_12' title='bbox 1299 481 1483 558; x_wconf 74' lang='grc' dir='ltr'>ἡμέρᾳ</span> <span class='ocrx_word' id='word_1_13' title='bbox 1513 479 1554 538; x_wconf 88' lang='grc' dir='ltr'>δ’</span> <span class='ocrx_word' id='word_1_14' title='bbox 1585 481 1701 558; x_wconf 79' lang='grc' dir='ltr'><strong>ὥρᾳ</strong></span> <span class='ocrx_word' id='word_1_15' title='bbox 1727 483 1784 553; x_wconf 85' lang='grc' dir='ltr'>ε’,</span> 
     </span>
    </p>
   </div>
   <div class='ocr_carea' id='block_1_4' title="bbox 1905 477 3559 558">
    <p class='ocr_par' dir='ltr' id='par_1_4' title="bbox 1905 483 3559 558">
     <span class='ocr_line' id='line_1_4' title="bbox 1905 483 3559 558; baseline 0.003 -20"><span class='ocrx_word' id='word_1_16' title='bbox 1905 499 1982 540; x_wconf 88' lang='lat' dir='ltr'><strong>re.</strong></span> <span class='ocrx_word' id='word_1_17' title='bbox 2013 483 2271 540; x_wconf 90' lang='lat' dir='ltr'><strong>Sollicito</strong></span> <span class='ocrx_word' id='word_1_18' title='bbox 2302 489 2501 542; x_wconf 90' lang='lat' dir='ltr'><strong>autem</strong></span> <span class='ocrx_word' id='word_1_19' title='bbox 2532 483 2616 540; x_wconf 88' lang='lat' dir='ltr'>illi</span> <span class='ocrx_word' id='word_1_20' title='bbox 2650 489 2706 541; x_wconf 92' lang='lat' dir='ltr'><strong>et</strong></span> <span class='ocrx_word' id='word_1_21' title='bbox 2739 484 2956 542; x_wconf 84' lang='lat' dir='ltr'><strong>ibidem</strong></span> <span class='ocrx_word' id='word_1_22' title='bbox 2982 484 3163 541; x_wconf 86' lang='lat' dir='ltr'><strong>stanti</strong></span> <span class='ocrx_word' id='word_1_23' title='bbox 3193 485 3351 542; x_wconf 67' lang='lat' dir='ltr'><strong>feriae</strong></span> <span class='ocrx_word' id='word_1_24' title='bbox 3381 503 3559 558; x_wconf 91' lang='lat' dir='ltr'><strong>quar-</strong></span> 
     </span>
    </p>
   </div>
   <div class='ocr_carea' id='block_1_5' title="bbox 103 565 1794 649">
    <p class='ocr_par' dir='ltr' id='par_1_5' title="bbox 103 565 1794 644">
     <span class='ocr_line' id='line_1_5' title="bbox 103 565 1794 644; baseline 0.002 -22"><span class='ocrx_word' id='word_1_25' title='bbox 103 565 309 642; x_wconf 73' lang='grc' dir='ltr'>ἑφάνη</span> <span class='ocrx_word' id='word_1_26' title='bbox 343 567 491 640; x_wconf 78' lang='grc' dir='ltr'>αὑτῷ</span> <span class='ocrx_word' id='word_1_27' title='bbox 516 565 753 643; x_wconf 67' lang='grc' dir='ltr'>ἅγγελος</span> <span class='ocrx_word' id='word_1_28' title='bbox 803 568 1002 643; x_wconf 78' lang='grc' dir='ltr'><strong>Κυρίου</strong></span> <span class='ocrx_word' id='word_1_29' title='bbox 1034 568 1086 624; x_wconf 81' lang='grc' dir='ltr'><strong>ἐν</strong></span> <span class='ocrx_word' id='word_1_30' title='bbox 1116 571 1433 644; x_wconf 81' lang='grc' dir='ltr'><strong>ὁμοιώματι</strong></span> <span class='ocrx_word' id='word_1_31' title='bbox 1480 573 1794 628; x_wconf 84' lang='grc' dir='ltr'>’[ουστινια-</span> 
     </span>
    </p>
   </div>
   <div class='ocr_carea' id='block_1_6' title="bbox 1905 565 3560 649">
    <p class='ocr_par' dir='ltr' id='par_1_6' title="bbox 1912 573 3560 649">
     <span class='ocr_line' id='line_1_6' title="bbox 1912 573 3560 649; baseline 0.003 -21"><span class='ocrx_word' id='word_1_32' title='bbox 1912 579 1984 629; x_wconf 79' lang='lat' dir='ltr'><strong>tae</strong></span> <span class='ocrx_word' id='word_1_33' title='bbox 2015 573 2159 630; x_wconf 90' lang='lat' dir='ltr'><strong>hora</strong></span> <span class='ocrx_word' id='word_1_34' title='bbox 2187 573 2417 646; x_wconf 87' lang='lat' dir='ltr'><strong>quinta,</strong></span> <span class='ocrx_word' id='word_1_35' title='bbox 2463 575 2737 647; x_wconf 79' lang='lat' dir='ltr'><strong>apparuit</strong></span> <span class='ocrx_word' id='word_1_36' title='bbox 2785 573 3032 646; x_wconf 83' lang='lat' dir='ltr'><strong>angelus</strong></span> <span class='ocrx_word' id='word_1_37' title='bbox 3082 575 3333 641; x_wconf 82' lang='lat' dir='ltr'><strong>Domini,</strong></span> <span class='ocrx_word' id='word_1_38' title='bbox 3365 577 3560 649; x_wconf 81' lang='lat' dir='ltr'><strong>specie</strong></span> 
     </span>
    </p>
   </div>
   <div class='ocr_carea' id='block_1_7' title="bbox 111 656 1794 736">
    <p class='ocr_par' dir='ltr' id='par_1_7' title="bbox 111 656 1794 735">
     <span class='ocr_line' id='line_1_7' title="bbox 111 656 1794 735; baseline 0.002 -24"><span class='ocrx_word' id='word_1_39' title='bbox 111 661 239 712; x_wconf 75' lang='grc' dir='ltr'><strong>νοῦ</strong></span> <span class='ocrx_word' id='word_1_40' title='bbox 293 657 428 730; x_wconf 81' lang='grc' dir='ltr'><strong>μετά</strong></span> <span class='ocrx_word' id='word_1_41' title='bbox 475 656 768 731; x_wconf 83' lang='grc' dir='ltr'>βασιλικης</span> <span class='ocrx_word' id='word_1_42' title='bbox 798 657 1026 727; x_wconf 77' lang='grc' dir='ltr'>ἐσθῆτος</span> <span class='ocrx_word' id='word_1_43' title='bbox 1072 659 1162 714; x_wconf 88' lang='grc' dir='ltr'><strong>καὶ</strong></span> <span class='ocrx_word' id='word_1_44' title='bbox 1217 659 1478 735; x_wconf 75' lang='grc' dir='ltr'><strong>ἐρυθριῶν</strong></span> <span class='ocrx_word' id='word_1_45' title='bbox 1533 658 1794 730; x_wconf 82' lang='grc' dir='ltr'>πεδιλῶν,</span> 
     </span>
    </p>
   </div>
   <div class='ocr_carea' id='block_1_8' title="bbox 1905 656 3560 736">
    <p class='ocr_par' dir='ltr' id='par_1_8' title="bbox 1911 662 3560 736">
     <span class='ocr_line' id='line_1_8' title="bbox 1911 662 3560 736; baseline 0.003 -20"><span class='ocrx_word' id='word_1_46' title='bbox 1911 666 1969 717; x_wconf 90' lang='lat' dir='ltr'><strong>et</strong></span> <span class='ocrx_word' id='word_1_47' title='bbox 1991 662 2178 719; x_wconf 80' lang='lat' dir='ltr'><strong>forma</strong></span> <span class='ocrx_word' id='word_1_48' title='bbox 2206 663 2619 736; x_wconf 79' lang='lat' dir='ltr'><strong>imperatorem</strong></span> <span class='ocrx_word' id='word_1_49' title='bbox 2640 664 3306 734; x_wconf 78' lang='lat' dir='ltr'><strong>referens,imperatorio</strong></span> <span class='ocrx_word' id='word_1_50' title='bbox 3326 667 3560 734; x_wconf 89' lang='lat' dir='ltr'><strong>vestitu,</strong></span> 
     </span>
    </p>
   </div>
   <div class='ocr_carea' id='block_1_9' title="bbox 111 745 1794 824">
    <p class='ocr_par' dir='ltr' id='par_1_9' title="bbox 111 745 1794 824">
     <span class='ocr_line' id='line_1_9' title="bbox 111 745 1794 824; baseline 0.001 -24"><span class='ocrx_word' id='word_1_51' title='bbox 111 747 230 800; x_wconf 72' lang='grc' dir='ltr'>καί</span> <span class='ocrx_word' id='word_1_52' title='bbox 266 767 398 824; x_wconf 79' lang='grc' dir='ltr'>φησι</span> <span class='ocrx_word' id='word_1_53' title='bbox 427 751 508 818; x_wconf 79' lang='grc' dir='ltr'><strong>τῷ</strong></span> <span class='ocrx_word' id='word_1_54' title='bbox 536 746 783 821; x_wconf 80' lang='grc' dir='ltr'>τεχνίτῃ’</span> <span class='ocrx_word' id='word_1_55' title='bbox 817 746 972 804; x_wconf 78' lang='grc' dir='ltr'>Θὲλω</span> <span class='ocrx_word' id='word_1_56' title='bbox 1025 745 1118 802; x_wconf 69' lang='grc' dir='ltr'>ἵνα</span> <span class='ocrx_word' id='word_1_57' title='bbox 1176 770 1269 820; x_wconf 88' lang='grc' dir='ltr'><strong>μοι</strong></span> <span class='ocrx_word' id='word_1_58' title='bbox 1300 750 1534 823; x_wconf 80' lang='grc' dir='ltr'>ποιήσῃς</span> <span class='ocrx_word' id='word_1_59' title='bbox 1579 748 1794 823; x_wconf 82' lang='grc' dir='ltr'>τρίφοι-</span> 
     </span>
    </p>
   </div>
   <div class='ocr_carea' id='block_1_10' title="bbox 1905 745 3561 824">
    <p class='ocr_par' dir='ltr' id='par_1_10' title="bbox 1911 751 3561 824">
     <span class='ocr_line' id='line_1_10' title="bbox 1911 751 3561 824; baseline 0.002 -19"><span class='ocrx_word' id='word_1_60' title='bbox 1911 751 2107 807; x_wconf 84' lang='lat' dir='ltr'><strong>rubris</strong></span> <span class='ocrx_word' id='word_1_61' title='bbox 2135 752 2370 816; x_wconf 79' lang='lat' dir='ltr'><strong>calceis,</strong></span> <span class='ocrx_word' id='word_1_62' title='bbox 2405 769 2660 824; x_wconf 90' lang='lat' dir='ltr'><strong>eumque</strong></span> <span class='ocrx_word' id='word_1_63' title='bbox 2703 753 2788 809; x_wconf 91' lang='lat' dir='ltr'><strong>sic</strong></span> <span class='ocrx_word' id='word_1_64' title='bbox 2847 755 3058 808; x_wconf 81' lang='lat' dir='ltr'><strong>all‘atur</strong></span> <span class='ocrx_word' id='word_1_65' title='bbox 3087 764 3101 800; x_wconf 68' lang='grc' dir='ltr'><strong>ε</strong></span> <span class='ocrx_word' id='word_1_66' title='bbox 3138 753 3332 809; x_wconf 83' lang='lat' dir='ltr'><strong>Placet</strong></span> <span class='ocrx_word' id='word_1_67' title='bbox 3361 759 3427 808; x_wconf 92' lang='lat' dir='ltr'><strong>ut</strong></span> <span class='ocrx_word' id='word_1_68' title='bbox 3455 755 3561 810; x_wconf 92' lang='lat' dir='ltr'><strong>tri-</strong></span> 
     </span>
    </p>
   </div>
   <div class='ocr_carea' id='block_1_11' title="bbox 119 833 1794 915">
    <p class='ocr_par' dir='ltr' id='par_1_11' title="bbox 119 833 1794 913">
     <span class='ocr_line' id='line_1_11' title="bbox 119 833 1794 913; baseline 0.001 -23"><span class='ocrx_word' id='word_1_69' title='bbox 119 856 242 890; x_wconf 85' lang='grc' dir='ltr'><strong>τον</strong></span> <span class='ocrx_word' id='word_1_70' title='bbox 292 835 491 908; x_wconf 76' lang='grc' dir='ltr'>μὺακα,</span> <span class='ocrx_word' id='word_1_71' title='bbox 551 836 640 890; x_wconf 81' lang='grc' dir='ltr'><strong>καὶ</strong></span> <span class='ocrx_word' id='word_1_72' title='bbox 675 833 765 890; x_wconf 80' lang='grc' dir='ltr'><strong>διὰ</strong></span> <span class='ocrx_word' id='word_1_73' title='bbox 791 840 957 911; x_wconf 81' lang='grc' dir='ltr'>τριῶν</span> <span class='ocrx_word' id='word_1_74' title='bbox 992 841 1164 892; x_wconf 83' lang='grc' dir='ltr'><strong>στοῶν</strong></span> <span class='ocrx_word' id='word_1_75' title='bbox 1198 837 1450 913; x_wconf 80' lang='grc' dir='ltr'><strong>φωτίζειν</strong></span> <span class='ocrx_word' id='word_1_76' title='bbox 1501 839 1564 893; x_wconf 87' lang='grc' dir='ltr'>τὸ</span> <span class='ocrx_word' id='word_1_77' title='bbox 1614 840 1794 892; x_wconf 85' lang='grc' dir='ltr'>θυσια-</span> 
     </span>
    </p>
   </div>
   <div class='ocr_carea' id='block_1_12' title="bbox 1905 833 3562 915">
    <p class='ocr_par' dir='ltr' id='par_1_12' title="bbox 1911 840 3562 915">
     <span class='ocr_line' id='line_1_12' title="bbox 1911 840 3562 915; baseline 0.002 -21"><span class='ocrx_word' id='word_1_78' title='bbox 1911 840 2062 912; x_wconf 89' lang='lat' dir='ltr'><strong>plice</strong></span> <span class='ocrx_word' id='word_1_79' title='bbox 2081 842 2286 912; x_wconf 82' lang='lat' dir='ltr'><strong>apside</strong></span> <span class='ocrx_word' id='word_1_80' title='bbox 2309 842 2534 898; x_wconf 88' lang='lat' dir='ltr'><strong>concha</strong></span> <span class='ocrx_word' id='word_1_81' title='bbox 2557 843 2748 898; x_wconf 89' lang='lat' dir='ltr'><strong>lucem</strong></span> <span class='ocrx_word' id='word_1_82' title='bbox 2773 843 3041 915; x_wconf 86' lang='lat' dir='ltr'><strong>accipiat,</strong></span> <span class='ocrx_word' id='word_1_83' title='bbox 3065 841 3402 914; x_wconf 88' lang='lat' dir='ltr'><strong>triplicique</strong></span> <span class='ocrx_word' id='word_1_84' title='bbox 3427 859 3562 914; x_wconf 87' lang='lat' dir='ltr'><strong>por-</strong></span> 
     </span>
    </p>
   </div>
   <div class='ocr_carea' id='block_1_13' title="bbox 130 920 1800 1001">
    <p class='ocr_par' dir='ltr' id='par_1_13' title="bbox 130 920 1800 1001">
     <span class='ocr_line' id='line_1_13' title="bbox 130 920 1800 1001; baseline 0 -22"><span class='ocrx_word' id='word_1_85' title='bbox 130 927 394 1000; x_wconf 75' lang='grc' dir='ltr'>στήριον,</span> <span class='ocrx_word' id='word_1_86' title='bbox 429 923 506 988; x_wconf 70' lang='grc' dir='ltr'><strong>εἴς</strong></span> <span class='ocrx_word' id='word_1_87' title='bbox 553 920 726 998; x_wconf 73' lang='grc' dir='ltr'>ὄνομα</span> <span class='ocrx_word' id='word_1_88' title='bbox 774 926 983 1001; x_wconf 81' lang='grc' dir='ltr'>Πατρὸς</span> <span class='ocrx_word' id='word_1_89' title='bbox 1032 926 1122 980; x_wconf 85' lang='grc' dir='ltr'><strong>καὶ</strong></span> <span class='ocrx_word' id='word_1_90' title='bbox 1152 927 1281 981; x_wconf 74' lang='grc' dir='ltr'>Υἱοῦ</span> <span class='ocrx_word' id='word_1_91' title='bbox 1306 927 1394 982; x_wconf 79' lang='grc' dir='ltr'><strong>καὶ</strong></span> <span class='ocrx_word' id='word_1_92' title='bbox 1443 926 1599 1001; x_wconf 80' lang='grc' dir='ltr'>ἁγίου</span> <span class='ocrx_word' id='word_1_93' title='bbox 1634 927 1800 981; x_wconf 73' lang='grc' dir='ltr'>Πνεῦ-</span> 
     </span>
    </p>
   </div>
   <div class='ocr_carea' id='block_1_14' title="bbox 130 1013 1802 1093">
    <p class='ocr_par' dir='ltr' id='par_1_14' title="bbox 130 1013 1802 1093">
     <span class='ocr_line' id='line_1_14' title="bbox 130 1013 1802 1093; baseline 0.001 -25"><span class='ocrx_word' id='word_1_94' title='bbox 130 1034 340 1086; x_wconf 80' lang='grc' dir='ltr'><strong>ματος.</strong></span> <span class='ocrx_word' id='word_1_95' title='bbox 418 1013 520 1070; x_wconf 77' lang='grc' dir='ltr'><strong>Καὲ</strong></span> <span class='ocrx_word' id='word_1_96' title='bbox 596 1013 754 1076; x_wconf 74' lang='grc' dir='ltr'>εὐθὺς</span> <span class='ocrx_word' id='word_1_97' title='bbox 833 1015 1008 1093; x_wconf 76' lang='grc' dir='ltr'>ἀφνὴς</span> <span class='ocrx_word' id='word_1_98' title='bbox 1066 1014 1318 1090; x_wconf 74' lang='grc' dir='ltr'>ἐγένετο·</span> <span class='ocrx_word' id='word_1_99' title='bbox 1378 1015 1467 1071; x_wconf 86' lang='grc' dir='ltr'><strong>καὶ</strong></span> <span class='ocrx_word' id='word_1_100' title='bbox 1524 1015 1802 1070; x_wconf 85' lang='grc' dir='ltr'>καταπλα-</span> 
     </span>
    </p>
   </div>
   <div class='ocr_carea' id='block_1_15' title="bbox 114 1100 1799 1180">
    <p class='ocr_par' dir='ltr' id='par_1_15' title="bbox 114 1100 1799 1180">
     <span class='ocr_line' id='line_1_15' title="bbox 114 1100 1799 1180; baseline 0.001 -22"><span class='ocrx_word' id='word_1_101' title='bbox 114 1103 259 1177; x_wconf 78' lang='grc' dir='ltr'>γεὶς</span> <span class='ocrx_word' id='word_1_102' title='bbox 291 1103 316 1158; x_wconf 88' lang='lat'><strong>6</strong></span> <span class='ocrx_word' id='word_1_103' title='bbox 352 1100 620 1178; x_wconf 70' lang='grc' dir='ltr'>μαΐστωρ,</span> <span class='ocrx_word' id='word_1_104' title='bbox 647 1103 967 1180; x_wconf 68' lang='grc' dir='ltr'>παρεγένετο</span> <span class='ocrx_word' id='word_1_105' title='bbox 998 1103 1084 1160; x_wconf 86' lang='grc' dir='ltr'><strong>ἐπὶ</strong></span> <span class='ocrx_word' id='word_1_106' title='bbox 1115 1105 1178 1160; x_wconf 82' lang='grc' dir='ltr'>τὸ</span> <span class='ocrx_word' id='word_1_107' title='bbox 1224 1103 1511 1176; x_wconf 78' lang='grc' dir='ltr'>παλᾶτιον,</span> <span class='ocrx_word' id='word_1_108' title='bbox 1552 1105 1643 1160; x_wconf 76' lang='grc' dir='ltr'><strong>καὶ</strong></span> <span class='ocrx_word' id='word_1_109' title='bbox 1674 1104 1799 1160; x_wconf 85' lang='grc' dir='ltr'>άντ-</span> 
     </span>
    </p>
   </div>
   <div class='ocr_carea' id='block_1_16' title="bbox 121 1191 1797 1269">
    <p class='ocr_par' dir='ltr' id='par_1_16' title="bbox 121 1191 1797 1269">
     <span class='ocr_line' id='line_1_16' title="bbox 121 1191 1797 1269; baseline 0.001 -23"><span class='ocrx_word' id='word_1_110' title='bbox 121 1191 300 1268; x_wconf 78' lang='grc' dir='ltr'>ἑλεγε</span> <span class='ocrx_word' id='word_1_111' title='bbox 328 1197 406 1264; x_wconf 82' lang='grc' dir='ltr'><strong>τῷ</strong></span> <span class='ocrx_word' id='word_1_112' title='bbox 439 1191 654 1268; x_wconf 84' lang='grc' dir='ltr'>βασιλεῖ</span> <span class='ocrx_word' id='word_1_113' title='bbox 671 1192 978 1268; x_wconf 81' lang='grc' dir='ltr'>αὐστηρῶς,</span> <span class='ocrx_word' id='word_1_114' title='bbox 1008 1195 1132 1251; x_wconf 77' lang='grc' dir='ltr'>’Ότι</span> <span class='ocrx_word' id='word_1_115' title='bbox 1165 1193 1228 1249; x_wconf 85' lang='grc' dir='ltr'>σὺ</span> <span class='ocrx_word' id='word_1_116' title='bbox 1263 1191 1518 1269; x_wconf 81' lang='grc' dir='ltr'>βασιλεὺς</span> <span class='ocrx_word' id='word_1_117' title='bbox 1547 1198 1797 1256; x_wconf 88' lang='grc' dir='ltr'>τοιοῦτος</span> 
     </span>
    </p>
   </div>
   <div class='ocr_carea' id='block_1_17' title="bbox 128 1275 1795 1358">
    <p class='ocr_par' dir='ltr' id='par_1_17' title="bbox 128 1275 1795 1358">
     <span class='ocr_line' id='line_1_17' title="bbox 128 1275 1795 1358; baseline 0.001 -24"><span class='ocrx_word' id='word_1_118' title='bbox 128 1279 242 1349; x_wconf 82' lang='grc' dir='ltr'>ὢν,</span> <span class='ocrx_word' id='word_1_119' title='bbox 290 1277 382 1336; x_wconf 66' lang='grc' dir='ltr'>ἕνα</span> <span class='ocrx_word' id='word_1_120' title='bbox 416 1279 578 1356; x_wconf 88' lang='grc' dir='ltr'>λόγον</span> <span class='ocrx_word' id='word_1_121' title='bbox 612 1281 712 1337; x_wconf 76' lang='grc' dir='ltr'>οὐκ</span> <span class='ocrx_word' id='word_1_122' title='bbox 738 1275 908 1358; x_wconf 77' lang='grc' dir='ltr'>ἔχεις·</span> <span class='ocrx_word' id='word_1_123' title='bbox 946 1283 1112 1358; x_wconf 82' lang='grc' dir='ltr'>μέχρι</span> <span class='ocrx_word' id='word_1_124' title='bbox 1137 1289 1239 1353; x_wconf 81' lang='grc' dir='ltr'><strong>τῆς</strong></span> <span class='ocrx_word' id='word_1_125' title='bbox 1270 1281 1390 1358; x_wconf 77' lang='grc' dir='ltr'>ἄρτι</span> <span class='ocrx_word' id='word_1_126' title='bbox 1423 1278 1585 1346; x_wconf 77' lang='grc' dir='ltr'>ἐϐόας</span> <span class='ocrx_word' id='word_1_127' title='bbox 1614 1287 1795 1338; x_wconf 82' lang='grc' dir='ltr'>ποιεῖν</span> 
     </span>
    </p>
   </div>
   <div class='ocr_carea' id='block_1_18' title="bbox 133 1368 1795 1446">
    <p class='ocr_par' dir='ltr' id='par_1_18' title="bbox 133 1368 1795 1446">
     <span class='ocr_line' id='line_1_18' title="bbox 133 1368 1795 1446; baseline 0.001 -22"><span class='ocrx_word' id='word_1_128' title='bbox 133 1390 210 1442; x_wconf 85' lang='grc' dir='ltr'><strong>με</strong></span> <span class='ocrx_word' id='word_1_129' title='bbox 278 1368 400 1442; x_wconf 86' lang='grc' dir='ltr'>μίαν</span> <span class='ocrx_word' id='word_1_130' title='bbox 458 1370 644 1441; x_wconf 76' lang='grc' dir='ltr'>στοὰν,</span> <span class='ocrx_word' id='word_1_131' title='bbox 705 1370 910 1427; x_wconf 75' lang='grc' dir='ltr'>ἄλλοτε</span> <span class='ocrx_word' id='word_1_132' title='bbox 940 1369 998 1426; x_wconf 75' lang='grc' dir='ltr'>δὲ</span> <span class='ocrx_word' id='word_1_133' title='bbox 1043 1369 1160 1439; x_wconf 79' lang='grc' dir='ltr'>δύο,</span> <span class='ocrx_word' id='word_1_134' title='bbox 1190 1370 1243 1427; x_wconf 79' lang='grc' dir='ltr'><strong>ἐν</strong></span> <span class='ocrx_word' id='word_1_135' title='bbox 1292 1376 1373 1444; x_wconf 81' lang='grc' dir='ltr'><strong>τῷ</strong></span> <span class='ocrx_word' id='word_1_136' title='bbox 1403 1371 1795 1446; x_wconf 85' lang='grc' dir='ltr'>Θυσιαστηρίῳ·</span> 
     </span>
    </p>
   </div>
   <div class='ocr_carea' id='block_1_19' title="bbox 128 1454 1798 1536">
    <p class='ocr_par' dir='ltr' id='par_1_19' title="bbox 128 1454 1798 1536">
     <span class='ocr_line' id='line_1_19' title="bbox 128 1454 1798 1536; baseline 0.001 -23"><span class='ocrx_word' id='word_1_137' title='bbox 128 1459 226 1513; x_wconf 81' lang='grc' dir='ltr'><strong>καὶ</strong></span> <span class='ocrx_word' id='word_1_138' title='bbox 269 1458 358 1516; x_wconf 76' lang='grc' dir='ltr'><strong>ὅτε</strong></span> <span class='ocrx_word' id='word_1_139' title='bbox 387 1458 679 1531; x_wconf 78' lang='grc' dir='ltr'>ἐτελειωθη</span> <span class='ocrx_word' id='word_1_140' title='bbox 712 1461 774 1516; x_wconf 85' lang='grc' dir='ltr'>τὸ</span> <span class='ocrx_word' id='word_1_141' title='bbox 821 1454 1005 1536; x_wconf 81' lang='grc' dir='ltr'>ἔργον,</span> <span class='ocrx_word' id='word_1_142' title='bbox 1052 1460 1320 1536; x_wconf 71' lang='grc' dir='ltr'>παρίω-της</span> <span class='ocrx_word' id='word_1_143' title='bbox 1349 1483 1442 1534; x_wconf 90' lang='grc' dir='ltr'><strong>μοι</strong></span> <span class='ocrx_word' id='word_1_144' title='bbox 1485 1459 1684 1536; x_wconf 70' lang='grc' dir='ltr'>λέγων,</span> <span class='ocrx_word' id='word_1_145' title='bbox 1713 1458 1798 1515; x_wconf 78' lang='grc' dir='ltr'><strong>ὅτι</strong></span> 
     </span>
    </p>
   </div>
   <div class='ocr_carea' id='block_1_20' title="bbox 130 1547 1796 1627">
    <p class='ocr_par' dir='ltr' id='par_1_20' title="bbox 130 1547 1796 1627">
     <span class='ocr_line' id='line_1_20' title="bbox 130 1547 1796 1627; baseline -0.001 -22"><span class='ocrx_word' id='word_1_146' title='bbox 130 1549 231 1605; x_wconf 84' lang='grc' dir='ltr'>Ἐν</span> <span class='ocrx_word' id='word_1_147' title='bbox 266 1549 409 1625; x_wconf 87' lang='grc' dir='ltr'>τρισί</span> <span class='ocrx_word' id='word_1_148' title='bbox 440 1548 710 1623; x_wconf 84' lang='grc' dir='ltr'>καμάραις</span> <span class='ocrx_word' id='word_1_149' title='bbox 743 1549 979 1627; x_wconf 78' lang='grc' dir='ltr'>φώτισον</span> <span class='ocrx_word' id='word_1_150' title='bbox 1009 1551 1071 1605; x_wconf 88' lang='grc' dir='ltr'>τὸ</span> <span class='ocrx_word' id='word_1_151' title='bbox 1122 1552 1502 1625; x_wconf 74' lang='grc' dir='ltr'>θυσιαστήριον</span> <span class='ocrx_word' id='word_1_152' title='bbox 1552 1547 1642 1604; x_wconf 74' lang='grc' dir='ltr'><strong>διὰ</strong></span> <span class='ocrx_word' id='word_1_153' title='bbox 1696 1550 1796 1617; x_wconf 78' lang='grc' dir='ltr'>τὴν</span> 
     </span>
    </p>
   </div>
   <div class='ocr_carea' id='block_1_21' title="bbox 132 1635 1796 1715">
    <p class='ocr_par' dir='ltr' id='par_1_21' title="bbox 132 1635 1796 1715">
     <span class='ocr_line' id='line_1_21' title="bbox 132 1635 1796 1715; baseline 0.001 -24"><span class='ocrx_word' id='word_1_154' title='bbox 132 1644 248 1706; x_wconf 73' lang='grc' dir='ltr'>τῆς</span> <span class='ocrx_word' id='word_1_155' title='bbox 297 1635 535 1712; x_wconf 86' lang='grc' dir='ltr'>Τριάδος</span> <span class='ocrx_word' id='word_1_156' title='bbox 583 1637 790 1696; x_wconf 86' lang='grc' dir='ltr'>πίστιν.</span> <span class='ocrx_word' id='word_1_157' title='bbox 861 1638 1028 1702; x_wconf 81' lang='grc' dir='ltr'>Γνοὺς</span> <span class='ocrx_word' id='word_1_158' title='bbox 1071 1637 1128 1694; x_wconf 72' lang='grc' dir='ltr'>δὲ</span> <span class='ocrx_word' id='word_1_159' title='bbox 1158 1640 1186 1693; x_wconf 98' lang='lat'><strong>6</strong></span> <span class='ocrx_word' id='word_1_160' title='bbox 1229 1637 1508 1715; x_wconf 79' lang='grc' dir='ltr'>βασιλεὺς,</span> <span class='ocrx_word' id='word_1_161' title='bbox 1544 1637 1626 1693; x_wconf 83' lang='grc' dir='ltr'><strong>ὅτι</strong></span> <span class='ocrx_word' id='word_1_162' title='bbox 1661 1637 1796 1709; x_wconf 81' lang='grc' dir='ltr'>αὑτῇ</span> 
     </span>
    </p>
   </div>
   <div class='ocr_carea' id='block_1_22' title="bbox 129 1725 1790 1804">
    <p class='ocr_par' dir='ltr' id='par_1_22' title="bbox 129 1725 1790 1804">
     <span class='ocr_line' id='line_1_22' title="bbox 129 1725 1790 1804; baseline 0 -23"><span class='ocrx_word' id='word_1_163' title='bbox 129 1725 326 1800; x_wconf 64' lang='grc' dir='ltr'>ἡμέρᾳ</span> <span class='ocrx_word' id='word_1_164' title='bbox 370 1729 458 1781; x_wconf 81' lang='grc' dir='ltr'><strong>καὶ</strong></span> <span class='ocrx_word' id='word_1_165' title='bbox 516 1726 632 1804; x_wconf 79' lang='grc' dir='ltr'>ὥρᾳ</span> <span class='ocrx_word' id='word_1_166' title='bbox 680 1727 740 1783; x_wconf 75' lang='grc' dir='ltr'><strong>ἐκ</strong></span> <span class='ocrx_word' id='word_1_167' title='bbox 785 1732 883 1782; x_wconf 91' lang='grc' dir='ltr'><strong>τοῦ</strong></span> <span class='ocrx_word' id='word_1_168' title='bbox 931 1725 1203 1783; x_wconf 87' lang='grc' dir='ltr'>παλατίου</span> <span class='ocrx_word' id='word_1_169' title='bbox 1252 1727 1416 1784; x_wconf 80' lang='grc' dir='ltr'>αὐτοῦ</span> <span class='ocrx_word' id='word_1_170' title='bbox 1449 1727 1547 1782; x_wconf 84' lang='grc' dir='ltr'><strong>οῦκ</strong></span> <span class='ocrx_word' id='word_1_171' title='bbox 1578 1725 1790 1797; x_wconf 80' lang='grc' dir='ltr'>ἐξῆλθε.</span> 
     </span>
    </p>
   </div>
   <div class='ocr_carea' id='block_1_23' title="bbox 127 1810 1873 1921">
    <p class='ocr_par' dir='ltr' id='par_1_23' title="bbox 127 1810 1873 1921">
     <span class='ocr_line' id='line_1_23' title="bbox 127 1810 1873 1921; baseline -0.001 -49"><span class='ocrx_word' id='word_1_172' title='bbox 127 1810 416 1921; x_wconf 78' lang='grc' dir='ltr'>Ἀκριϐῶς</span> <span class='ocrx_word' id='word_1_173' title='bbox 448 1815 659 1921; x_wconf 71' lang='grc' dir='ltr'>[ιρησίν]</span> <span class='ocrx_word' id='word_1_174' title='bbox 699 1816 936 1921; x_wconf 57' lang='grc' dir='ltr'>ἐπέγνων</span> <span class='ocrx_word' id='word_1_175' title='bbox 963 1815 1047 1872; x_wconf 80' lang='grc' dir='ltr'><strong>ὅτι</strong></span> <span class='ocrx_word' id='word_1_176' title='bbox 1079 1814 1315 1892; x_wconf 81' lang='grc' dir='ltr'>ἄγγελός</span> <span class='ocrx_word' id='word_1_177' title='bbox 1344 1816 1453 1872; x_wconf 86' lang='grc' dir='ltr'>ἐτιν</span> <span class='ocrx_word' id='word_1_178' title='bbox 1483 1817 1511 1870; x_wconf 89' lang='lat'><strong>6</strong></span> <span class='ocrx_word' id='word_1_179' title='bbox 1546 1815 1792 1921; x_wconf 40' lang='grc' dir='ltr'>λαλήσας</span> <span class='ocrx_word' id='word_1_180' title='bbox 1827 1857 1873 1921; x_wconf 81' lang='grc' dir='ltr'><strong>Β</strong></span> 
     </span>
    </p>
   </div>
   <div class='ocr_carea' id='block_1_24' title="bbox 1911 929 3566 1001">
    <p class='ocr_par' dir='ltr' id='par_1_24' title="bbox 1911 929 3566 1001">
     <span class='ocr_line' id='line_1_24' title="bbox 1911 929 3566 1001; baseline 0.002 -17"><span class='ocrx_word' id='word_1_181' title='bbox 1911 929 2029 985; x_wconf 89' lang='lat' dir='ltr'><strong>ticu</strong></span> <span class='ocrx_word' id='word_1_182' title='bbox 2062 931 2231 986; x_wconf 87' lang='lat' dir='ltr'><strong>bema</strong></span> <span class='ocrx_word' id='word_1_183' title='bbox 2263 931 2615 1001; x_wconf 88' lang='lat' dir='ltr'><strong>illustretur,</strong></span> <span class='ocrx_word' id='word_1_184' title='bbox 2652 932 2711 986; x_wconf 93' lang='lat' dir='ltr'><strong>in</strong></span> <span class='ocrx_word' id='word_1_185' title='bbox 2744 933 2980 987; x_wconf 84' lang='lat' dir='ltr'><strong>nomine</strong></span> <span class='ocrx_word' id='word_1_186' title='bbox 3007 930 3195 987; x_wconf 82' lang='lat' dir='ltr'><strong>Patris</strong></span> <span class='ocrx_word' id='word_1_187' title='bbox 3244 936 3302 987; x_wconf 90' lang='lat' dir='ltr'><strong>et</strong></span> <span class='ocrx_word' id='word_1_188' title='bbox 3349 931 3481 988; x_wconf 87' lang='lat' dir='ltr'><strong>Filii</strong></span> <span class='ocrx_word' id='word_1_189' title='bbox 3510 937 3566 988; x_wconf 85' lang='lat' dir='ltr'><strong>et</strong></span> 
     </span>
    </p>
   </div>
   <div class='ocr_carea' id='block_1_25' title="bbox 1909 1019 3560 1090">
    <p class='ocr_par' dir='ltr' id='par_1_25' title="bbox 1909 1019 3560 1090">
     <span class='ocr_line' id='line_1_25' title="bbox 1909 1019 3560 1090; baseline 0.002 -17"><span class='ocrx_word' id='word_1_190' title='bbox 1909 1020 2166 1090; x_wconf 72' lang='lat' dir='ltr'><strong>Spiritus</strong></span> <span class='ocrx_word' id='word_1_191' title='bbox 2215 1020 2523 1076; x_wconf 80' lang='lat' dir='ltr'><strong>sanctizet</strong></span> <span class='ocrx_word' id='word_1_192' title='bbox 2562 1022 2764 1076; x_wconf 78' lang='lat' dir='ltr'><strong>statim</strong></span> <span class='ocrx_word' id='word_1_193' title='bbox 2808 1022 2879 1075; x_wconf 88' lang='lat' dir='ltr'><strong>ab</strong></span> <span class='ocrx_word' id='word_1_194' title='bbox 2911 1019 3099 1076; x_wconf 89' lang='lat' dir='ltr'><strong>oculis</strong></span> <span class='ocrx_word' id='word_1_195' title='bbox 3127 1021 3258 1090; x_wconf 87' lang='lat' dir='ltr'><strong>ejus</strong></span> <span class='ocrx_word' id='word_1_196' title='bbox 3307 1021 3560 1077; x_wconf 84' lang='lat' dir='ltr'><strong>evanuit.</strong></span> 
     </span>
    </p>
   </div>
   <div class='ocr_carea' id='block_1_26' title="bbox 1909 1107 3562 1182">
    <p class='ocr_par' dir='ltr' id='par_1_26' title="bbox 1909 1107 3562 1182">
     <span class='ocr_line' id='line_1_26' title="bbox 1909 1107 3562 1182; baseline 0.002 -19"><span class='ocrx_word' id='word_1_197' title='bbox 1909 1107 2336 1164; x_wconf 78' lang='lat' dir='ltr'><strong>Consternatus</strong></span> <span class='ocrx_word' id='word_1_198' title='bbox 2359 1109 2718 1164; x_wconf 80' lang='lat' dir='ltr'><strong>architectus</strong></span> <span class='ocrx_word' id='word_1_199' title='bbox 2749 1109 2809 1165; x_wconf 88' lang='lat' dir='ltr'><strong>in</strong></span> <span class='ocrx_word' id='word_1_200' title='bbox 2841 1109 3124 1181; x_wconf 86' lang='lat' dir='ltr'><strong>palatium</strong></span> <span class='ocrx_word' id='word_1_201' title='bbox 3158 1114 3395 1182; x_wconf 86' lang='lat' dir='ltr'><strong>repente</strong></span> <span class='ocrx_word' id='word_1_202' title='bbox 3425 1127 3562 1166; x_wconf 87' lang='lat' dir='ltr'><strong>con-</strong></span> 
     </span>
    </p>
   </div>
   <div class='ocr_carea' id='block_1_27' title="bbox 1909 1197 3562 1270">
    <p class='ocr_par' dir='ltr' id='par_1_27' title="bbox 1909 1197 3562 1270">
     <span class='ocr_line' id='line_1_27' title="bbox 1909 1197 3562 1270; baseline 0.001 -18"><span class='ocrx_word' id='word_1_203' title='bbox 1909 1197 2083 1265; x_wconf 84' lang='lat' dir='ltr'><strong>cedit,</strong></span> <span class='ocrx_word' id='word_1_204' title='bbox 2116 1201 2174 1252; x_wconf 90' lang='lat' dir='ltr'><strong>et</strong></span> <span class='ocrx_word' id='word_1_205' title='bbox 2205 1197 2620 1268; x_wconf 78' lang='lat' dir='ltr'><strong>imperatorem</strong></span> <span class='ocrx_word' id='word_1_206' title='bbox 2674 1197 2944 1269; x_wconf 88' lang='lat' dir='ltr'><strong>asperius</strong></span> <span class='ocrx_word' id='word_1_207' title='bbox 2993 1199 3276 1270; x_wconf 85' lang='lat' dir='ltr'><strong>increpat.</strong></span> <span class='ocrx_word' id='word_1_208' title='bbox 3327 1199 3438 1268; x_wconf 91' lang='lat' dir='ltr'><strong>Tu,</strong></span> <span class='ocrx_word' id='word_1_209' title='bbox 3471 1199 3562 1254; x_wconf 90' lang='lat' dir='ltr'><strong>in-</strong></span> 
     </span>
    </p>
   </div>
   <div class='ocr_carea' id='block_1_28' title="bbox 1908 1285 3561 1358">
    <p class='ocr_par' dir='ltr' id='par_1_28' title="bbox 1908 1285 3561 1358">
     <span class='ocr_line' id='line_1_28' title="bbox 1908 1285 3561 1358; baseline 0.001 -17"><span class='ocrx_word' id='word_1_210' title='bbox 1908 1285 2056 1358; x_wconf 86' lang='lat' dir='ltr'><strong>quit,</strong></span> <span class='ocrx_word' id='word_1_211' title='bbox 2090 1286 2411 1356; x_wconf 89' lang='lat' dir='ltr'><strong>imperator</strong></span> <span class='ocrx_word' id='word_1_212' title='bbox 2444 1285 2576 1341; x_wconf 90' lang='lat' dir='ltr'><strong>talis</strong></span> <span class='ocrx_word' id='word_1_213' title='bbox 2596 1301 2729 1341; x_wconf 91' lang='lat' dir='ltr'><strong>cum</strong></span> <span class='ocrx_word' id='word_1_214' title='bbox 2761 1285 2866 1353; x_wconf 91' lang='lat' dir='ltr'><strong>sis,</strong></span> <span class='ocrx_word' id='word_1_215' title='bbox 2901 1302 3016 1342; x_wconf 94' lang='lat' dir='ltr'><strong>non</strong></span> <span class='ocrx_word' id='word_1_216' title='bbox 3051 1291 3391 1342; x_wconf 89' lang='lat' dir='ltr'><strong>constanter</strong></span> <span class='ocrx_word' id='word_1_217' title='bbox 3410 1302 3561 1342; x_wconf 91' lang='lat' dir='ltr'><strong>uno-</strong></span> 
     </span>
    </p>
   </div>
   <div class='ocr_carea' id='block_1_29' title="bbox 1908 1374 3553 1446">
    <p class='ocr_par' dir='ltr' id='par_1_29' title="bbox 1908 1374 3553 1446">
     <span class='ocr_line' id='line_1_29' title="bbox 1908 1374 3553 1446; baseline 0.001 -17"><span class='ocrx_word' id='word_1_218' title='bbox 1908 1391 2021 1446; x_wconf 91' lang='lat' dir='ltr'><strong>que</strong></span> <span class='ocrx_word' id='word_1_219' title='bbox 2070 1376 2242 1430; x_wconf 90' lang='lat' dir='ltr'><strong>modo</strong></span> <span class='ocrx_word' id='word_1_220' title='bbox 2291 1374 2570 1446; x_wconf 89' lang='lat' dir='ltr'><strong>loqueris.</strong></span> <span class='ocrx_word' id='word_1_221' title='bbox 2619 1375 2912 1432; x_wconf 81' lang='lat' dir='ltr'><strong>Hactenus</strong></span> <span class='ocrx_word' id='word_1_222' title='bbox 2974 1375 3310 1446; x_wconf 88' lang='lat' dir='ltr'><strong>imperabas</strong></span> <span class='ocrx_word' id='word_1_223' title='bbox 3366 1392 3553 1431; x_wconf 89' lang='lat' dir='ltr'><strong>unum</strong></span> 
     </span>
    </p>
   </div>
   <div class='ocr_carea' id='block_1_30' title="bbox 1906 1462 3557 1534">
    <p class='ocr_par' dir='ltr' id='par_1_30' title="bbox 1906 1462 3557 1534">
     <span class='ocr_line' id='line_1_30' title="bbox 1906 1462 3557 1534; baseline 0 -16"><span class='ocrx_word' id='word_1_224' title='bbox 1906 1462 2216 1534; x_wconf 88' lang='lat' dir='ltr'><strong>fornicem,</strong></span> <span class='ocrx_word' id='word_1_225' title='bbox 2245 1480 2382 1518; x_wconf 85' lang='lat' dir='ltr'><strong>mox</strong></span> <span class='ocrx_word' id='word_1_226' title='bbox 2412 1464 2560 1518; x_wconf 90' lang='lat' dir='ltr'><strong>duos</strong></span> <span class='ocrx_word' id='word_1_227' title='bbox 2588 1464 2660 1518; x_wconf 89' lang='lat' dir='ltr'><strong>ad</strong></span> <span class='ocrx_word' id='word_1_228' title='bbox 2692 1462 3116 1519; x_wconf 88' lang='lat' dir='ltr'><strong>illustrandum</strong></span> <span class='ocrx_word' id='word_1_229' title='bbox 3171 1463 3342 1520; x_wconf 88' lang='lat' dir='ltr'><strong>bema</strong></span> <span class='ocrx_word' id='word_1_230' title='bbox 3373 1463 3557 1518; x_wconf 64' lang='lat' dir='ltr'><strong>ediﬁ-</strong></span> 
     </span>
    </p>
   </div>
   <div class='ocr_carea' id='block_1_31' title="bbox 1907 1551 3560 1624">
    <p class='ocr_par' dir='ltr' id='par_1_31' title="bbox 1907 1551 3560 1624">
     <span class='ocr_line' id='line_1_31' title="bbox 1907 1551 3560 1624; baseline 0.001 -17"><span class='ocrx_word' id='word_1_231' title='bbox 1907 1551 2064 1619; x_wconf 87' lang='lat' dir='ltr'><strong>cari;</strong></span> <span class='ocrx_word' id='word_1_232' title='bbox 2090 1553 2216 1623; x_wconf 80' lang='lat' dir='ltr'><strong>jam</strong></span> <span class='ocrx_word' id='word_1_233' title='bbox 2251 1569 2424 1624; x_wconf 89' lang='lat' dir='ltr'><strong>opere</strong></span> <span class='ocrx_word' id='word_1_234' title='bbox 2454 1551 2720 1608; x_wconf 85' lang='lat' dir='ltr'><strong>absoluto</strong></span> <span class='ocrx_word' id='word_1_235' title='bbox 2737 1552 2809 1608; x_wconf 89' lang='lat' dir='ltr'><strong>ad</strong></span> <span class='ocrx_word' id='word_1_236' title='bbox 2832 1568 2923 1608; x_wconf 88' lang='lat' dir='ltr'><strong>me</strong></span> <span class='ocrx_word' id='word_1_237' title='bbox 2952 1553 3114 1608; x_wconf 90' lang='lat' dir='ltr'><strong>venis</strong></span> <span class='ocrx_word' id='word_1_238' title='bbox 3133 1552 3334 1608; x_wconf 90' lang='lat' dir='ltr'><strong>dicens</strong></span> <span class='ocrx_word' id='word_1_239' title='bbox 3369 1570 3382 1608; x_wconf 91' lang='lat'>:</span> <span class='ocrx_word' id='word_1_240' title='bbox 3418 1553 3560 1608; x_wconf 89' lang='lat' dir='ltr'><strong>Tres</strong></span> 
     </span>
    </p>
   </div>
   <div class='ocr_carea' id='block_1_32' title="bbox 1907 1639 3558 1714">
    <p class='ocr_par' dir='ltr' id='par_1_32' title="bbox 1907 1639 3558 1714">
     <span class='ocr_line' id='line_1_32' title="bbox 1907 1639 3558 1714; baseline 0.001 -20"><span class='ocrx_word' id='word_1_241' title='bbox 1907 1641 2160 1695; x_wconf 73' lang='lat' dir='ltr'><strong>fornices</strong></span> <span class='ocrx_word' id='word_1_242' title='bbox 2196 1639 2384 1696; x_wconf 88' lang='lat' dir='ltr'><strong>lucem</strong></span> <span class='ocrx_word' id='word_1_243' title='bbox 2409 1641 2623 1696; x_wconf 87' lang='lat' dir='ltr'><strong>bemati</strong></span> <span class='ocrx_word' id='word_1_244' title='bbox 2656 1641 2876 1696; x_wconf 84' lang='lat' dir='ltr'><strong>faciant</strong></span> <span class='ocrx_word' id='word_1_245' title='bbox 2905 1648 3140 1714; x_wconf 85' lang='lat' dir='ltr'><strong>propter</strong></span> <span class='ocrx_word' id='word_1_246' title='bbox 3171 1642 3344 1696; x_wconf 81' lang='lat' dir='ltr'><strong>ﬁdem</strong></span> <span class='ocrx_word' id='word_1_247' title='bbox 3367 1641 3558 1696; x_wconf 88' lang='lat' dir='ltr'><strong>Trini-</strong></span> 
     </span>
    </p>
   </div>
   <div class='ocr_carea' id='block_1_33' title="bbox 1906 1729 3556 1800">
    <p class='ocr_par' dir='ltr' id='par_1_33' title="bbox 1906 1729 3556 1800">
     <span class='ocr_line' id='line_1_33' title="bbox 1906 1729 3556 1800; baseline 0.001 -15"><span class='ocrx_word' id='word_1_248' title='bbox 1906 1729 2066 1786; x_wconf 84' lang='lat' dir='ltr'><strong>tatis.</strong></span> <span class='ocrx_word' id='word_1_249' title='bbox 2099 1729 2424 1800; x_wconf 88' lang='lat' dir='ltr'><strong>Imperator</strong></span> <span class='ocrx_word' id='word_1_250' title='bbox 2455 1747 2588 1786; x_wconf 90' lang='lat' dir='ltr'><strong>cum</strong></span> <span class='ocrx_word' id='word_1_251' title='bbox 2632 1735 2833 1786; x_wconf 88' lang='lat' dir='ltr'><strong>nosset</strong></span> <span class='ocrx_word' id='word_1_252' title='bbox 2863 1747 2926 1786; x_wconf 91' lang='lat' dir='ltr'><strong>se</strong></span> <span class='ocrx_word' id='word_1_253' title='bbox 2953 1729 3056 1786; x_wconf 89' lang='lat' dir='ltr'><strong>illa</strong></span> <span class='ocrx_word' id='word_1_254' title='bbox 3104 1729 3197 1786; x_wconf 88' lang='lat' dir='ltr'><strong>die</strong></span> <span class='ocrx_word' id='word_1_255' title='bbox 3245 1735 3303 1786; x_wconf 87' lang='lat' dir='ltr'><strong>et</strong></span> <span class='ocrx_word' id='word_1_256' title='bbox 3352 1731 3494 1786; x_wconf 86' lang='lat' dir='ltr'><strong>hora</strong></span> <span class='ocrx_word' id='word_1_257' title='bbox 3525 1746 3556 1786; x_wconf 91' lang='lat' dir='ltr'><strong>e</strong></span> 
     </span>
    </p>
   </div>
   <div class='ocr_carea' id='block_1_34' title="bbox 1905 1817 3554 1890">
    <p class='ocr_par' dir='ltr' id='par_1_34' title="bbox 1905 1817 3554 1890">
     <span class='ocr_line' id='line_1_34' title="bbox 1905 1817 3554 1890; baseline 0.001 -18"><span class='ocrx_word' id='word_1_258' title='bbox 1905 1817 2121 1890; x_wconf 88' lang='lat' dir='ltr'><strong>palatio</strong></span> <span class='ocrx_word' id='word_1_259' title='bbox 2153 1820 2362 1889; x_wconf 85' lang='lat' dir='ltr'><strong>pedem</strong></span> <span class='ocrx_word' id='word_1_260' title='bbox 2396 1835 2509 1874; x_wconf 92' lang='lat' dir='ltr'><strong>non</strong></span> <span class='ocrx_word' id='word_1_261' title='bbox 2559 1818 2866 1875; x_wconf 82' lang='lat' dir='ltr'><strong>extulisse.</strong></span> <span class='ocrx_word' id='word_1_262' title='bbox 2923 1820 3113 1890; x_wconf 87' lang='lat' dir='ltr'><strong>Certo,</strong></span> <span class='ocrx_word' id='word_1_263' title='bbox 3173 1819 3386 1890; x_wconf 89' lang='lat' dir='ltr'><strong>inquit,</strong></span> <span class='ocrx_word' id='word_1_264' title='bbox 3421 1819 3554 1874; x_wconf 89' lang='lat' dir='ltr'><strong>novi</strong></span> 
     </span>
    </p>
   </div>
   <div class='ocr_carea' id='block_1_35' title="bbox 131 1903 1794 1980">
    <p class='ocr_par' dir='ltr' id='par_1_35' title="bbox 131 1903 1794 1976">
     <span class='ocr_line' id='line_1_35' title="bbox 131 1903 1794 1976; baseline 0.001 -18"><span class='ocrx_word' id='word_1_265' title='bbox 131 1923 252 1959; x_wconf 89' lang='grc' dir='ltr'>σοι·</span> <span class='ocrx_word' id='word_1_266' title='bbox 283 1905 371 1960; x_wconf 86' lang='grc' dir='ltr'><strong>καὶ</strong></span> <span class='ocrx_word' id='word_1_267' title='bbox 405 1905 634 1976; x_wconf 89' lang='grc' dir='ltr'>ποίησον</span> <span class='ocrx_word' id='word_1_268' title='bbox 668 1905 842 1968; x_wconf 75' lang='grc' dir='ltr'>οὕτως</span> <span class='ocrx_word' id='word_1_269' title='bbox 873 1907 948 1969; x_wconf 84' lang='grc' dir='ltr'><strong>ὡς</strong></span> <span class='ocrx_word' id='word_1_270' title='bbox 978 1907 1069 1961; x_wconf 88' lang='grc' dir='ltr'><strong>καὶ</strong></span> <span class='ocrx_word' id='word_1_271' title='bbox 1099 1906 1215 1962; x_wconf 76' lang='grc' dir='ltr'>εἶπέ</span> <span class='ocrx_word' id='word_1_272' title='bbox 1247 1927 1354 1962; x_wconf 89' lang='grc' dir='ltr'>σοι.</span> <span class='ocrx_word' id='word_1_273' title='bbox 1387 1907 1587 1968; x_wconf 88' lang='grc' dir='ltr'>Πάντες</span> <span class='ocrx_word' id='word_1_274' title='bbox 1635 1903 1692 1961; x_wconf 78' lang='grc' dir='ltr'>δὶ</span> <span class='ocrx_word' id='word_1_275' title='bbox 1742 1907 1794 1961; x_wconf 79' lang='grc' dir='ltr'><strong>οἱ</strong></span> 
     </span>
    </p>
   </div>
   <div class='ocr_carea' id='block_1_36' title="bbox 1905 1903 3553 1980">
    <p class='ocr_par' dir='ltr' id='par_1_36' title="bbox 1905 1907 3553 1980">
     <span class='ocr_line' id='line_1_36' title="bbox 1905 1907 3553 1980; baseline 0 -18"><span class='ocrx_word' id='word_1_276' title='bbox 1905 1907 2175 1980; x_wconf 81' lang='lat' dir='ltr'><strong>angelum</strong></span> <span class='ocrx_word' id='word_1_277' title='bbox 2207 1907 2442 1963; x_wconf 90' lang='lat' dir='ltr'><strong>Domini</strong></span> <span class='ocrx_word' id='word_1_278' title='bbox 2477 1924 2604 1964; x_wconf 90' lang='lat' dir='ltr'><strong>esse</strong></span> <span class='ocrx_word' id='word_1_279' title='bbox 2637 1907 2736 1979; x_wconf 88' lang='lat' dir='ltr'><strong>qui</strong></span> <span class='ocrx_word' id='word_1_280' title='bbox 2781 1912 2837 1964; x_wconf 90' lang='lat' dir='ltr'><strong>te</strong></span> <span class='ocrx_word' id='word_1_281' title='bbox 2867 1907 3160 1964; x_wconf 87' lang='lat' dir='ltr'><strong>allocutus</strong></span> <span class='ocrx_word' id='word_1_282' title='bbox 3210 1913 3332 1980; x_wconf 85' lang='lat' dir='ltr'><strong>est;</strong></span> <span class='ocrx_word' id='word_1_283' title='bbox 3373 1913 3553 1979; x_wconf 89' lang='lat' dir='ltr'><strong>utque</strong></span> 
     </span>
    </p>
   </div>
   <div class='ocr_carea' id='block_1_37' title="bbox 142 1988 1794 2071">
    <p class='ocr_par' dir='ltr' id='par_1_37' title="bbox 142 1988 1794 2071">
     <span class='ocr_line' id='line_1_37' title="bbox 142 1988 1794 2071; baseline 0.002 -23"><span class='ocrx_word' id='word_1_284' title='bbox 142 1995 330 2048; x_wconf 83' lang='grc' dir='ltr'>πινσοὶ</span> <span class='ocrx_word' id='word_1_285' title='bbox 363 1988 560 2058; x_wconf 77' lang='grc' dir='ltr'>ἔσωθεν</span> <span class='ocrx_word' id='word_1_286' title='bbox 594 1994 698 2049; x_wconf 83' lang='grc' dir='ltr'><strong>ὑπὸ</strong></span> <span class='ocrx_word' id='word_1_287' title='bbox 727 1992 966 2070; x_wconf 83' lang='grc' dir='ltr'>σιδηρῶν</span> <span class='ocrx_word' id='word_1_288' title='bbox 1014 1993 1246 2071; x_wconf 85' lang='grc' dir='ltr'>μοχλῶν</span> <span class='ocrx_word' id='word_1_289' title='bbox 1295 1999 1617 2069; x_wconf 79' lang='grc' dir='ltr'>κρατοῦνται</span> <span class='ocrx_word' id='word_1_290' title='bbox 1649 1994 1794 2069; x_wconf 87' lang='grc' dir='ltr'>ἐγκε-</span> 
     </span>
    </p>
   </div>
   <div class='ocr_carea' id='block_1_38' title="bbox 1905 1988 3551 2071">
    <p class='ocr_par' dir='ltr' id='par_1_38' title="bbox 1905 1996 3551 2069">
     <span class='ocr_line' id='line_1_38' title="bbox 1905 1996 3551 2069; baseline -0.001 -17"><span class='ocrx_word' id='word_1_291' title='bbox 1905 1997 2141 2068; x_wconf 89' lang='lat' dir='ltr'><strong>jussum</strong></span> <span class='ocrx_word' id='word_1_292' title='bbox 2170 2000 2259 2051; x_wconf 89' lang='lat' dir='ltr'><strong>est</strong></span> <span class='ocrx_word' id='word_1_293' title='bbox 2289 1996 2490 2054; x_wconf 84' lang='lat' dir='ltr'><strong>facito.</strong></span> <span class='ocrx_word' id='word_1_294' title='bbox 2520 1997 2736 2052; x_wconf 88' lang='lat' dir='ltr'><strong>Omnes</strong></span> <span class='ocrx_word' id='word_1_295' title='bbox 2767 2013 2937 2068; x_wconf 83' lang='lat' dir='ltr'><strong>porro</strong></span> <span class='ocrx_word' id='word_1_296' title='bbox 2965 1996 3093 2069; x_wconf 62' lang='lat' dir='ltr'><strong>pile</strong></span> <span class='ocrx_word' id='word_1_297' title='bbox 3123 1997 3370 2053; x_wconf 89' lang='lat' dir='ltr'><strong>interius</strong></span> <span class='ocrx_word' id='word_1_298' title='bbox 3395 2002 3551 2052; x_wconf 82' lang='lat' dir='ltr'><strong>exte-</strong></span> 
     </span>
    </p>
   </div>
   <div class='ocr_carea' id='block_1_39' title="bbox 143 2080 1794 2160">
    <p class='ocr_par' dir='ltr' id='par_1_39' title="bbox 143 2080 1794 2160">
     <span class='ocr_line' id='line_1_39' title="bbox 143 2080 1794 2160; baseline 0.001 -23"><span class='ocrx_word' id='word_1_299' title='bbox 143 2080 469 2156; x_wconf 79' lang='grc' dir='ltr'>κλεισμὲνοι</span> <span class='ocrx_word' id='word_1_300' title='bbox 495 2086 632 2156; x_wconf 88' lang='grc' dir='ltr'>πρὸς</span> <span class='ocrx_word' id='word_1_301' title='bbox 661 2081 948 2154; x_wconf 67' lang='grc' dir='ltr'>ἀλλήλους</span> <span class='ocrx_word' id='word_1_302' title='bbox 992 2089 1232 2160; x_wconf 75' lang='grc' dir='ltr'>κρατεῖν,</span> <span class='ocrx_word' id='word_1_303' title='bbox 1282 2085 1369 2139; x_wconf 86' lang='grc' dir='ltr'><strong>καὶ</strong></span> <span class='ocrx_word' id='word_1_304' title='bbox 1422 2085 1552 2138; x_wconf 81' lang='grc' dir='ltr'>εἶναι</span> <span class='ocrx_word' id='word_1_305' title='bbox 1600 2084 1794 2157; x_wconf 85' lang='grc' dir='ltr'>ἀμετα-</span> 
     </span>
    </p>
   </div>
   <div class='ocr_carea' id='block_1_40' title="bbox 1905 2080 3556 2160">
    <p class='ocr_par' dir='ltr' id='par_1_40' title="bbox 1910 2085 3556 2158">
     <span class='ocr_line' id='line_1_40' title="bbox 1910 2085 3556 2158; baseline -0.001 -16"><span class='ocrx_word' id='word_1_306' title='bbox 1910 2086 2151 2158; x_wconf 90' lang='lat' dir='ltr'><strong>riusque</strong></span> <span class='ocrx_word' id='word_1_307' title='bbox 2186 2086 2390 2142; x_wconf 79' lang='lat' dir='ltr'><strong>ferreis</strong></span> <span class='ocrx_word' id='word_1_308' title='bbox 2416 2085 2684 2142; x_wconf 86' lang='lat' dir='ltr'><strong>vectibus</strong></span> <span class='ocrx_word' id='word_1_309' title='bbox 2726 2087 3124 2142; x_wconf 75' lang='lat' dir='ltr'><strong>ferruminatze</strong></span> <span class='ocrx_word' id='word_1_310' title='bbox 3170 2090 3445 2142; x_wconf 88' lang='lat' dir='ltr'><strong>tenentur</strong></span> <span class='ocrx_word' id='word_1_311' title='bbox 3491 2088 3556 2140; x_wconf 91' lang='lat' dir='ltr'><strong>ut</strong></span> 
     </span>
    </p>
   </div>
   <div class='ocr_carea' id='block_1_41' title="bbox 143 2169 1794 2246">
    <p class='ocr_par' dir='ltr' id='par_1_41' title="bbox 143 2169 1794 2246">
     <span class='ocr_line' id='line_1_41' title="bbox 143 2169 1794 2246; baseline 0.001 -21"><span class='ocrx_word' id='word_1_312' title='bbox 143 2173 428 2242; x_wconf 80' lang='grc' dir='ltr'>κινήτους.</span> <span class='ocrx_word' id='word_1_313' title='bbox 457 2173 530 2230; x_wconf 73' lang='grc' dir='ltr'><strong>⁸Η</strong></span> <span class='ocrx_word' id='word_1_314' title='bbox 561 2169 619 2227; x_wconf 67' lang='grc' dir='ltr'>δὲ</span> <span class='ocrx_word' id='word_1_315' title='bbox 649 2170 919 2245; x_wconf 72' lang='grc' dir='ltr'>ἔμπλασις</span> <span class='ocrx_word' id='word_1_316' title='bbox 949 2173 1186 2244; x_wconf 89' lang='grc' dir='ltr'>πάντων,</span> <span class='ocrx_word' id='word_1_317' title='bbox 1226 2177 1334 2229; x_wconf 91' lang='grc' dir='ltr'><strong>τῶν</strong></span> <span class='ocrx_word' id='word_1_318' title='bbox 1384 2177 1614 2243; x_wconf 87' lang='grc' dir='ltr'>πινσῶν,</span> <span class='ocrx_word' id='word_1_319' title='bbox 1667 2173 1794 2246; x_wconf 86' lang='grc' dir='ltr'><strong>μετᾶ</strong></span> 
     </span>
    </p>
   </div>
   <div class='ocr_carea' id='block_1_42' title="bbox 1905 2169 3560 2246">
    <p class='ocr_par' dir='ltr' id='par_1_42' title="bbox 1909 2174 3560 2246">
     <span class='ocr_line' id='line_1_42' title="bbox 1909 2174 3560 2246; baseline 0 -16"><span class='ocrx_word' id='word_1_320' title='bbox 1909 2175 2063 2232; x_wconf 90' lang='lat' dir='ltr'><strong>inter</strong></span> <span class='ocrx_word' id='word_1_321' title='bbox 2092 2191 2154 2231; x_wconf 91' lang='lat' dir='ltr'><strong>se</strong></span> <span class='ocrx_word' id='word_1_322' title='bbox 2185 2175 2464 2242; x_wconf 65' lang='lat' dir='ltr'><strong>hareant,</strong></span> <span class='ocrx_word' id='word_1_323' title='bbox 2515 2183 2569 2230; x_wconf 84' lang='lat' dir='ltr'><strong>et</strong></span> <span class='ocrx_word' id='word_1_324' title='bbox 2610 2175 2867 2231; x_wconf 68' lang='lat' dir='ltr'><strong>immotae</strong></span> <span class='ocrx_word' id='word_1_325' title='bbox 2915 2177 3262 2245; x_wconf 87' lang='lat' dir='ltr'><strong>consistant,</strong></span> <span class='ocrx_word' id='word_1_326' title='bbox 3311 2174 3560 2246; x_wconf 86' lang='lat' dir='ltr'><strong>oleoque</strong></span> 
     </span>
    </p>
   </div>
   <div class='ocr_carea' id='block_1_43' title="bbox 143 2256 1794 2334">
    <p class='ocr_par' dir='ltr' id='par_1_43' title="bbox 143 2256 1794 2334">
     <span class='ocr_line' id='line_1_43' title="bbox 143 2256 1794 2334; baseline 0.001 -20"><span class='ocrx_word' id='word_1_327' title='bbox 143 2257 337 2315; x_wconf 79' lang='grc' dir='ltr'>ἐλαίου</span> <span class='ocrx_word' id='word_1_328' title='bbox 367 2261 456 2316; x_wconf 84' lang='grc' dir='ltr'><strong>καὶ</strong></span> <span class='ocrx_word' id='word_1_329' title='bbox 486 2256 776 2316; x_wconf 74' lang='grc' dir='ltr'>ἀσϐἐπου*</span> <span class='ocrx_word' id='word_1_330' title='bbox 813 2261 904 2316; x_wconf 85' lang='grc' dir='ltr'><strong>καὶ</strong></span> <span class='ocrx_word' id='word_1_331' title='bbox 936 2261 1110 2324; x_wconf 78' lang='grc' dir='ltr'>οὕτως</span> <span class='ocrx_word' id='word_1_332' title='bbox 1142 2262 1324 2318; x_wconf 87' lang='grc' dir='ltr'>ἐπάνω</span> <span class='ocrx_word' id='word_1_333' title='bbox 1379 2261 1672 2334; x_wconf 73' lang='grc' dir='ltr'>ἀνέστησαν</span> <span class='ocrx_word' id='word_1_334' title='bbox 1705 2262 1794 2324; x_wconf 84' lang='grc' dir='ltr'><strong>τὰς</strong></span> 
     </span>
    </p>
   </div>
   <div class='ocr_carea' id='block_1_44' title="bbox 1905 2256 3558 2334">
    <p class='ocr_par' dir='ltr' id='par_1_44' title="bbox 1911 2263 3558 2321">
     <span class='ocr_line' id='line_1_44' title="bbox 1911 2263 3558 2321; baseline -0.001 0"><span class='ocrx_word' id='word_1_335' title='bbox 1911 2269 1969 2321; x_wconf 88' lang='lat' dir='ltr'><strong>et</strong></span> <span class='ocrx_word' id='word_1_336' title='bbox 2024 2263 2180 2321; x_wconf 90' lang='lat' dir='ltr'><strong>calce</strong></span> <span class='ocrx_word' id='word_1_337' title='bbox 2237 2265 2508 2320; x_wconf 68' lang='lat' dir='ltr'><strong>obducta:</strong></span> <span class='ocrx_word' id='word_1_338' title='bbox 2552 2280 2566 2320; x_wconf 89' lang='lat'>:</span> <span class='ocrx_word' id='word_1_339' title='bbox 2617 2268 2676 2319; x_wconf 90' lang='lat' dir='ltr'><strong>et</strong></span> <span class='ocrx_word' id='word_1_340' title='bbox 2730 2265 2812 2320; x_wconf 85' lang='lat' dir='ltr'><strong>ita</strong></span> <span class='ocrx_word' id='word_1_341' title='bbox 2867 2264 3161 2320; x_wconf 84' lang='lat' dir='ltr'><strong>variorum</strong></span> <span class='ocrx_word' id='word_1_342' title='bbox 3196 2279 3558 2320; x_wconf 89' lang='lat' dir='ltr'><strong>marmorum</strong></span> 
     </span>
    </p>
   </div>
   <div class='ocr_carea' id='block_1_45' title="bbox 141 2347 1794 2428">
    <p class='ocr_par' dir='ltr' id='par_1_45' title="bbox 141 2347 985 2428">
     <span class='ocr_line' id='line_1_45' title="bbox 141 2347 985 2428; baseline 0.004 -24"><span class='ocrx_word' id='word_1_343' title='bbox 141 2347 409 2412; x_wconf 80' lang='grc' dir='ltr'>ποικίλας</span> <span class='ocrx_word' id='word_1_344' title='bbox 438 2349 985 2428; x_wconf 84' lang='grc' dir='ltr'>όρθομαρμαρώσεις.</span> 
     </span>
    </p>
   </div>
   <div class='ocr_carea' id='block_1_46' title="bbox 1905 2347 2826 2428">
    <p class='ocr_par' dir='ltr' id='par_1_46' title="bbox 1911 2353 2826 2425">
     <span class='ocr_line' id='line_1_46' title="bbox 1911 2353 2826 2425; baseline 0.001 -16"><span class='ocrx_word' id='word_1_345' title='bbox 1911 2353 2370 2410; x_wconf 86' lang='lat' dir='ltr'><strong>incrustationes</strong></span> <span class='ocrx_word' id='word_1_346' title='bbox 2401 2357 2612 2425; x_wconf 67' lang='lat' dir='ltr'><strong>aptata:</strong></span> <span class='ocrx_word' id='word_1_347' title='bbox 2645 2354 2826 2410; x_wconf 79' lang='lat' dir='ltr'><strong>fuere.</strong></span> 
     </span>
    </p>
   </div>
   <div class='ocr_carea' id='block_1_47' title="bbox 140 2498 3562 2571">
    <p class='ocr_par' dir='ltr' id='par_1_47' title="bbox 140 2498 3562 2571">
     <span class='ocr_line' id='line_1_47' title="bbox 140 2498 3562 2571; baseline 0 -16"><span class='ocrx_word' id='word_1_348' title='bbox 140 2501 232 2555; x_wconf 78' lang='lat' dir='ltr'><strong>Ea:</strong></span> <span class='ocrx_word' id='word_1_349' title='bbox 263 2499 452 2555; x_wconf 78' lang='lat' dir='ltr'><strong>insula</strong></span> <span class='ocrx_word' id='word_1_350' title='bbox 482 2498 666 2556; x_wconf 77' lang='lat' dir='ltr'><strong>Rhodo</strong></span> <span class='ocrx_word' id='word_1_351' title='bbox 687 2500 884 2555; x_wconf 78' lang='lat' dir='ltr'><strong>lateres</strong></span> <span class='ocrx_word' id='word_1_352' title='bbox 916 2499 986 2554; x_wconf 84' lang='lat' dir='ltr'><strong>ad</strong></span> <span class='ocrx_word' id='word_1_353' title='bbox 1008 2500 1183 2555; x_wconf 85' lang='lat' dir='ltr'><strong>Trulli</strong></span> <span class='ocrx_word' id='word_1_354' title='bbox 1209 2503 1544 2556; x_wconf 78' lang='lat' dir='ltr'><strong>structuram</strong></span> <span class='ocrx_word' id='word_1_355' title='bbox 1573 2501 1911 2571; x_wconf 78' lang='lat' dir='ltr'><strong>aﬂeruniur.</strong></span> <span class='ocrx_word' id='word_1_356' title='bbox 1947 2500 2219 2571; x_wconf 65' lang='lat' dir='ltr'><strong>Reliquiae</strong></span> <span class='ocrx_word' id='word_1_357' title='bbox 2246 2504 2562 2571; x_wconf 84' lang='lat' dir='ltr'><strong>sanctorum</strong></span> <span class='ocrx_word' id='word_1_358' title='bbox 2583 2501 2642 2555; x_wconf 86' lang='lat' dir='ltr'><strong>in</strong></span> <span class='ocrx_word' id='word_1_359' title='bbox 2662 2499 2956 2555; x_wconf 78' lang='lat' dir='ltr'><strong>duodecim</strong></span> <span class='ocrx_word' id='word_1_360' title='bbox 2975 2516 3046 2555; x_wconf 76' lang='lat' dir='ltr'><strong>ex</strong></span> <span class='ocrx_word' id='word_1_361' title='bbox 3086 2499 3157 2556; x_wconf 86' lang='lat' dir='ltr'><strong>iis</strong></span> <span class='ocrx_word' id='word_1_362' title='bbox 3201 2507 3562 2570; x_wconf 82' lang='lat' dir='ltr'><strong>reponuntur.</strong></span> 
     </span>
    </p>
   </div>
   <div class='ocr_carea' id='block_1_48' title="bbox 219 2570 3562 2644">
    <p class='ocr_par' dir='ltr' id='par_1_48' title="bbox 219 2570 3562 2644">
     <span class='ocr_line' id='line_1_48' title="bbox 219 2570 3562 2644; baseline 0 -17"><span class='ocrx_word' id='word_1_363' title='bbox 219 2571 547 2644; x_wconf 79' lang='lat' dir='ltr'><strong>Sacerdotes</strong></span> <span class='ocrx_word' id='word_1_364' title='bbox 574 2587 674 2644; x_wconf 76' lang='lat' dir='ltr'><strong>pro</strong></span> <span class='ocrx_word' id='word_1_365' title='bbox 704 2573 951 2628; x_wconf 72' lang='lat' dir='ltr'><strong>ecclesiae</strong></span> <span class='ocrx_word' id='word_1_366' title='bbox 997 2571 1260 2640; x_wconf 82' lang='lat' dir='ltr'><strong>ﬁrmitate</strong></span> <span class='ocrx_word' id='word_1_367' title='bbox 1288 2587 1474 2643; x_wconf 79' lang='lat' dir='ltr'><strong>preces</strong></span> <span class='ocrx_word' id='word_1_368' title='bbox 1521 2570 1787 2644; x_wconf 81' lang='lat' dir='ltr'><strong>fundunt.</strong></span> <span class='ocrx_word' id='word_1_369' title='bbox 1839 2570 2222 2628; x_wconf 64' lang='lat' dir='ltr'><strong>Commissum</strong></span> <span class='ocrx_word' id='word_1_370' title='bbox 2267 2588 2332 2627; x_wconf 90' lang='lat' dir='ltr'><strong>ac</strong></span> <span class='ocrx_word' id='word_1_371' title='bbox 2377 2570 2601 2642; x_wconf 83' lang='lat' dir='ltr'><strong>reliqua</strong></span> <span class='ocrx_word' id='word_1_372' title='bbox 2647 2577 2982 2644; x_wconf 81' lang='lat' dir='ltr'><strong>ornamenta</strong></span> <span class='ocrx_word' id='word_1_373' title='bbox 3021 2588 3159 2628; x_wconf 87' lang='lat' dir='ltr'><strong>auro</strong></span> <span class='ocrx_word' id='word_1_374' title='bbox 3198 2572 3562 2628; x_wconf 81' lang='lat' dir='ltr'><strong>abducuntur.</strong></span> 
     </span>
    </p>
   </div>
   <div class='ocr_carea' id='block_1_49' title="bbox 221 2642 3565 2715">
    <p class='ocr_par' dir='ltr' id='par_1_49' title="bbox 221 2642 3565 2715">
     <span class='ocr_line' id='line_1_49' title="bbox 221 2642 3565 2715; baseline 0.001 -18"><span class='ocrx_word' id='word_1_375' title='bbox 221 2643 429 2713; x_wconf 80' lang='lat' dir='ltr'><strong>Templi</strong></span> <span class='ocrx_word' id='word_1_376' title='bbox 455 2642 864 2715; x_wconf 74' lang='lat' dir='ltr'><strong>parvimentum</strong></span> <span class='ocrx_word' id='word_1_377' title='bbox 889 2644 1146 2714; x_wconf 81' lang='lat' dir='ltr'><strong>pretiosis</strong></span> <span class='ocrx_word' id='word_1_378' title='bbox 1173 2642 1410 2700; x_wconf 80' lang='lat' dir='ltr'><strong>ornatur</strong></span> <span class='ocrx_word' id='word_1_379' title='bbox 1436 2642 1824 2700; x_wconf 76' lang='lat' dir='ltr'><strong>marmoribus.</strong></span> <span class='ocrx_word' id='word_1_380' title='bbox 1859 2645 2062 2701; x_wconf 86' lang='lat' dir='ltr'><strong>Latera</strong></span> <span class='ocrx_word' id='word_1_381' title='bbox 2093 2646 2229 2701; x_wconf 86' lang='lat' dir='ltr'><strong>item</strong></span> <span class='ocrx_word' id='word_1_382' title='bbox 2249 2645 2422 2700; x_wconf 86' lang='lat' dir='ltr'><strong>variis</strong></span> <span class='ocrx_word' id='word_1_383' title='bbox 2451 2643 2820 2698; x_wconf 87' lang='lat' dir='ltr'><strong>marmoribus</strong></span> <span class='ocrx_word' id='word_1_384' title='bbox 2847 2643 3146 2712; x_wconf 79' lang='lat' dir='ltr'><strong>decoravit,</strong></span> <span class='ocrx_word' id='word_1_385' title='bbox 3167 2660 3232 2700; x_wconf 89' lang='lat' dir='ltr'><strong>ac</strong></span> <span class='ocrx_word' id='word_1_386' title='bbox 3253 2645 3565 2715; x_wconf 79' lang='lat' dir='ltr'><strong>ingentibus</strong></span> 
     </span>
    </p>
   </div>
   <div class='ocr_carea' id='block_1_50' title="bbox 218 2715 1226 2787">
    <p class='ocr_par' dir='ltr' id='par_1_50' title="bbox 218 2715 1226 2787">
     <span class='ocr_line' id='line_1_50' title="bbox 218 2715 1226 2787; baseline -0.002 -15"><span class='ocrx_word' id='word_1_387' title='bbox 218 2719 273 2772; x_wconf 81' lang='lat' dir='ltr'><strong>et</strong></span> <span class='ocrx_word' id='word_1_388' title='bbox 299 2715 555 2786; x_wconf 79' lang='lat' dir='ltr'><strong>pretiosis</strong></span> <span class='ocrx_word' id='word_1_389' title='bbox 582 2715 866 2787; x_wconf 80' lang='lat' dir='ltr'><strong>lapidibus</strong></span> <span class='ocrx_word' id='word_1_390' title='bbox 893 2717 1226 2770; x_wconf 81' lang='lat' dir='ltr'><strong>constravit.</strong></span> 
     </span>
    </p>
   </div>
   <div class='ocr_carea' id='block_1_51' title="bbox 223 2832 1794 2913">
    <p class='ocr_par' dir='ltr' id='par_1_51' title="bbox 223 2832 1794 2913">
     <span class='ocr_line' id='line_1_51' title="bbox 223 2832 1794 2913; baseline 0 -21"><span class='ocrx_word' id='word_1_391' title='bbox 223 2835 542 2893; x_wconf 83' lang='grc' dir='ltr'>’Δπὲστειλε</span> <span class='ocrx_word' id='word_1_392' title='bbox 570 2835 628 2892; x_wconf 64' lang='grc' dir='ltr'>δὲ</span> <span class='ocrx_word' id='word_1_393' title='bbox 676 2837 703 2892; x_wconf 84' lang='lat'><strong>6</strong></span> <span class='ocrx_word' id='word_1_394' title='bbox 756 2837 1012 2913; x_wconf 76' lang='grc' dir='ltr'>βασιλεὺς</span> <span class='ocrx_word' id='word_1_395' title='bbox 1057 2836 1313 2912; x_wconf 84' lang='grc' dir='ltr'>Τρώϊλον</span> <span class='ocrx_word' id='word_1_396' title='bbox 1365 2837 1453 2892; x_wconf 82' lang='grc' dir='ltr'><strong>τὸν</strong></span> <span class='ocrx_word' id='word_1_397' title='bbox 1505 2832 1794 2892; x_wconf 76' lang='grc' dir='ltr'>κουϐικου-</span> 
     </span>
    </p>
   </div>
   <div class='ocr_carea' id='block_1_52' title="bbox 1905 2832 3557 2913">
    <p class='ocr_par' dir='ltr' id='par_1_52' title="bbox 1983 2837 3557 2911">
     <span class='ocr_line' id='line_1_52' title="bbox 1983 2837 3557 2911; baseline 0 -17"><span class='ocrx_word' id='word_1_398' title='bbox 1983 2839 2696 2911; x_wconf 88' lang='lat' dir='ltr'><strong>Misitveroimperatorin</strong></span> <span class='ocrx_word' id='word_1_399' title='bbox 2721 2838 2976 2896; x_wconf 86' lang='lat' dir='ltr'><strong>insulam</strong></span> <span class='ocrx_word' id='word_1_400' title='bbox 3003 2838 3271 2895; x_wconf 80' lang='lat' dir='ltr'><strong>Rhodum</strong></span> <span class='ocrx_word' id='word_1_401' title='bbox 3298 2837 3557 2895; x_wconf 89' lang='lat' dir='ltr'><strong>Troilum</strong></span> 
     </span>
    </p>
   </div>
   <div class='ocr_carea' id='block_1_53' title="bbox 145 2923 1794 3002">
    <p class='ocr_par' dir='ltr' id='par_1_53' title="bbox 145 2923 1794 3002">
     <span class='ocr_line' id='line_1_53' title="bbox 145 2923 1794 3002; baseline -0.001 -19"><span class='ocrx_word' id='word_1_402' title='bbox 145 2926 390 3002; x_wconf 82' lang='grc' dir='ltr'>λάρίον,</span> <span class='ocrx_word' id='word_1_403' title='bbox 446 2926 535 2982; x_wconf 79' lang='grc' dir='ltr'><strong>καὶ</strong></span> <span class='ocrx_word' id='word_1_404' title='bbox 595 2923 879 2999; x_wconf 86' lang='grc' dir='ltr'>Θεόδωρον</span> <span class='ocrx_word' id='word_1_405' title='bbox 938 2925 1223 3002; x_wconf 84' lang='grc' dir='ltr'>πατρίκιον</span> <span class='ocrx_word' id='word_1_406' title='bbox 1261 2971 1275 2998; x_wconf 91' lang='grc'><strong>,</strong></span> <span class='ocrx_word' id='word_1_407' title='bbox 1347 2927 1438 2981; x_wconf 83' lang='grc' dir='ltr'><strong>καὶ</strong></span> <span class='ocrx_word' id='word_1_408' title='bbox 1515 2926 1794 2984; x_wconf 74' lang='grc' dir='ltr'>Βασίλειον</span> 
     </span>
    </p>
   </div>
   <div class='ocr_carea' id='block_1_54' title="bbox 1905 2923 3556 3002">
    <p class='ocr_par' dir='ltr' id='par_1_54' title="bbox 1914 2927 3556 3000">
     <span class='ocr_line' id='line_1_54' title="bbox 1914 2927 3556 3000; baseline -0.001 -16"><span class='ocrx_word' id='word_1_409' title='bbox 1914 2928 2363 2999; x_wconf 87' lang='lat' dir='ltr'><strong>cubicularium,</strong></span> <span class='ocrx_word' id='word_1_410' title='bbox 2394 2928 2767 2984; x_wconf 88' lang='lat' dir='ltr'><strong>Theodorum</strong></span> <span class='ocrx_word' id='word_1_411' title='bbox 2815 2928 3124 3000; x_wconf 89' lang='lat' dir='ltr'><strong>patricium</strong></span> <span class='ocrx_word' id='word_1_412' title='bbox 3155 2932 3212 2983; x_wconf 89' lang='lat' dir='ltr'><strong>et</strong></span> <span class='ocrx_word' id='word_1_413' title='bbox 3242 2927 3556 2984; x_wconf 88' lang='lat' dir='ltr'><strong>Basilidem</strong></span> 
     </span>
    </p>
   </div>
   <div class='ocr_carea' id='block_1_55' title="bbox 144 3012 1794 3090">
    <p class='ocr_par' dir='ltr' id='par_1_55' title="bbox 144 3012 1794 3090">
     <span class='ocr_line' id='line_1_55' title="bbox 144 3012 1794 3090; baseline 0.001 -20"><span class='ocrx_word' id='word_1_414' title='bbox 144 3015 474 3089; x_wconf 86' lang='grc' dir='ltr'>κοιαίστορα</span> <span class='ocrx_word' id='word_1_415' title='bbox 527 3015 580 3070; x_wconf 76' lang='grc' dir='ltr'><strong>ἐν</strong></span> <span class='ocrx_word' id='word_1_416' title='bbox 631 3019 700 3090; x_wconf 78' lang='grc' dir='ltr'>τῇ</span> <span class='ocrx_word' id='word_1_417' title='bbox 757 3013 930 3088; x_wconf 84' lang='grc' dir='ltr'>Ῥόδῳ</span> <span class='ocrx_word' id='word_1_418' title='bbox 986 3017 1159 3088; x_wconf 81' lang='grc' dir='ltr'>νήσῳ,</span> <span class='ocrx_word' id='word_1_419' title='bbox 1217 3015 1308 3070; x_wconf 82' lang='grc' dir='ltr'><strong>καὶ</strong></span> <span class='ocrx_word' id='word_1_420' title='bbox 1363 3012 1572 3089; x_wconf 73' lang='grc' dir='ltr'>ἓκαμον</span> <span class='ocrx_word' id='word_1_421' title='bbox 1633 3016 1794 3071; x_wconf 85' lang='grc' dir='ltr'>ἐκεῖσε</span> 
     </span>
    </p>
   </div>
   <div class='ocr_carea' id='block_1_56' title="bbox 1905 3012 3554 3090">
    <p class='ocr_par' dir='ltr' id='par_1_56' title="bbox 1914 3017 3554 3089">
     <span class='ocr_line' id='line_1_56' title="bbox 1914 3017 3554 3089; baseline -0.001 -16"><span class='ocrx_word' id='word_1_422' title='bbox 1914 3024 2304 3089; x_wconf 67' lang='lat' dir='ltr'><strong>quaestorem:</strong></span> <span class='ocrx_word' id='word_1_423' title='bbox 2332 3019 2432 3089; x_wconf 92' lang='lat' dir='ltr'><strong>qui</strong></span> <span class='ocrx_word' id='word_1_424' title='bbox 2474 3018 2554 3072; x_wconf 91' lang='lat' dir='ltr'><strong>ibi</strong></span> <span class='ocrx_word' id='word_1_425' title='bbox 2592 3033 2661 3072; x_wconf 83' lang='lat' dir='ltr'><strong>ex</strong></span> <span class='ocrx_word' id='word_1_426' title='bbox 2686 3018 3128 3085; x_wconf 82' lang='lat' dir='ltr'><strong>cretaingentes</strong></span> <span class='ocrx_word' id='word_1_427' title='bbox 3167 3017 3377 3072; x_wconf 74' lang='lat' dir='ltr'><strong>lateres</strong></span> <span class='ocrx_word' id='word_1_428' title='bbox 3396 3017 3554 3088; x_wconf 89' lang='lat' dir='ltr'><strong>paris</strong></span> 
     </span>
    </p>
   </div>
   <div class='ocr_carea' id='block_1_57' title="bbox 150 3101 1794 3180">
    <p class='ocr_par' dir='ltr' id='par_1_57' title="bbox 150 3101 1794 3180">
     <span class='ocr_line' id='line_1_57' title="bbox 150 3101 1794 3180; baseline 0 -21"><span class='ocrx_word' id='word_1_429' title='bbox 150 3104 292 3178; x_wconf 78' lang='grc' dir='ltr'>μετὰ</span> <span class='ocrx_word' id='word_1_430' title='bbox 332 3101 518 3173; x_wconf 77' lang='grc' dir='ltr'>πηλοῦ</span> <span class='ocrx_word' id='word_1_431' title='bbox 578 3101 796 3180; x_wconf 86' lang='grc' dir='ltr'>βήσαλα</span> <span class='ocrx_word' id='word_1_432' title='bbox 845 3103 1165 3177; x_wconf 78' lang='grc' dir='ltr'>ίσόσταθμα,</span> <span class='ocrx_word' id='word_1_433' title='bbox 1219 3104 1308 3158; x_wconf 82' lang='grc' dir='ltr'><strong>καὶ</strong></span> <span class='ocrx_word' id='word_1_434' title='bbox 1367 3105 1611 3177; x_wconf 75' lang='grc' dir='ltr'>ἱσόμηκα</span> <span class='ocrx_word' id='word_1_435' title='bbox 1658 3125 1794 3177; x_wconf 88' lang='grc' dir='ltr'>παμ-</span> 
     </span>
    </p>
   </div>
   <div class='ocr_carea' id='block_1_58' title="bbox 1905 3101 3552 3180">
    <p class='ocr_par' dir='ltr' id='par_1_58' title="bbox 1916 3105 3552 3178">
     <span class='ocr_line' id='line_1_58' title="bbox 1916 3105 3552 3178; baseline -0.001 -16"><span class='ocrx_word' id='word_1_436' title='bbox 1916 3107 2192 3177; x_wconf 91' lang='lat' dir='ltr'><strong>ponderis</strong></span> <span class='ocrx_word' id='word_1_437' title='bbox 2208 3111 2265 3162; x_wconf 86' lang='lat' dir='ltr'><strong>et</strong></span> <span class='ocrx_word' id='word_1_438' title='bbox 2284 3106 2674 3178; x_wconf 85' lang='lat' dir='ltr'><strong>longitudinis</strong></span> <span class='ocrx_word' id='word_1_439' title='bbox 2695 3106 3092 3171; x_wconf 77' lang='lat' dir='ltr'><strong>confecerunt,</strong></span> <span class='ocrx_word' id='word_1_440' title='bbox 3114 3105 3192 3160; x_wconf 88' lang='lat' dir='ltr'><strong>ita</strong></span> <span class='ocrx_word' id='word_1_441' title='bbox 3218 3105 3552 3178; x_wconf 86' lang='lat' dir='ltr'><strong>inscriptos.</strong></span> 
     </span>
    </p>
   </div>
   <div class='ocr_carea' id='block_1_59' title="bbox 149 3191 1794 3271">
    <p class='ocr_par' dir='ltr' id='par_1_59' title="bbox 149 3191 1794 3271">
     <span class='ocr_line' id='line_1_59' title="bbox 149 3191 1794 3271; baseline 0 -23"><span class='ocrx_word' id='word_1_442' title='bbox 149 3192 387 3268; x_wconf 74' lang='grc' dir='ltr'>μεγέθη,</span> <span class='ocrx_word' id='word_1_443' title='bbox 442 3193 824 3271; x_wconf 79' lang='grc' dir='ltr'>σφραγίζοντες</span> <span class='ocrx_word' id='word_1_444' title='bbox 883 3191 1077 3261; x_wconf 75' lang='grc' dir='ltr'>οὕτως,</span> <span class='ocrx_word' id='word_1_445' title='bbox 1141 3217 1169 3244; x_wconf 88' lang='grc'><strong>‹‹</strong></span> <span class='ocrx_word' id='word_1_446' title='bbox 1225 3194 1287 3250; x_wconf 90' lang='grc' dir='ltr'>Ὁ</span> <span class='ocrx_word' id='word_1_447' title='bbox 1319 3193 1448 3255; x_wconf 86' lang='grc' dir='ltr'>Θεὸς</span> <span class='ocrx_word' id='word_1_448' title='bbox 1507 3191 1794 3266; x_wconf 76' lang='grc' dir='ltr'>ἐθεμελίωε</span> 
     </span>
    </p>
   </div>
   <div class='ocr_carea' id='block_1_60' title="bbox 1905 3191 3556 3271">
    <p class='ocr_par' dir='ltr' id='par_1_60' title="bbox 1917 3194 3556 3263">
     <span class='ocr_line' id='line_1_60' title="bbox 1917 3194 3556 3263; baseline 0.002 -17"><span class='ocrx_word' id='word_1_449' title='bbox 1917 3218 1945 3247; x_wconf 88' lang='grc'>‹‹</span> <span class='ocrx_word' id='word_1_450' title='bbox 1980 3196 2134 3252; x_wconf 88' lang='lat' dir='ltr'><strong>Deus</strong></span> <span class='ocrx_word' id='word_1_451' title='bbox 2167 3197 2434 3251; x_wconf 85' lang='lat' dir='ltr'><strong>fundavit</strong></span> <span class='ocrx_word' id='word_1_452' title='bbox 2463 3211 2614 3263; x_wconf 90' lang='lat' dir='ltr'><strong>eam,</strong></span> <span class='ocrx_word' id='word_1_453' title='bbox 2643 3200 2701 3251; x_wconf 89' lang='lat' dir='ltr'><strong>et</strong></span> <span class='ocrx_word' id='word_1_454' title='bbox 2749 3211 2863 3250; x_wconf 91' lang='lat' dir='ltr'><strong>non</strong></span> <span class='ocrx_word' id='word_1_455' title='bbox 2912 3194 3378 3262; x_wconf 83' lang='lat' dir='ltr'><strong>commovebitur</strong></span> <span class='ocrx_word' id='word_1_456' title='bbox 3407 3210 3422 3252; x_wconf 89' lang='lat'><strong>:</strong></span> <span class='ocrx_word' id='word_1_457' title='bbox 3457 3194 3556 3249; x_wconf 91' lang='lat' dir='ltr'><strong>ad-</strong></span> 
     </span>
    </p>
   </div>
   <div class='ocr_carea' id='block_1_61' title="bbox 145 3281 1794 3357">
    <p class='ocr_par' dir='ltr' id='par_1_61' title="bbox 145 3281 1794 3357">
     <span class='ocr_line' id='line_1_61' title="bbox 145 3281 1794 3357; baseline 0.001 -21"><span class='ocrx_word' id='word_1_458' title='bbox 145 3303 239 3337; x_wconf 87' lang='grc' dir='ltr'><strong>σεν</strong></span> <span class='ocrx_word' id='word_1_459' title='bbox 295 3282 485 3353; x_wconf 70' lang='grc' dir='ltr'>αὐτὴν,</span> <span class='ocrx_word' id='word_1_460' title='bbox 539 3284 629 3338; x_wconf 83' lang='grc' dir='ltr'><strong>καὶ</strong></span> <span class='ocrx_word' id='word_1_461' title='bbox 690 3283 776 3338; x_wconf 77' lang='grc' dir='ltr'><strong>οὖ’</strong></span> <span class='ocrx_word' id='word_1_462' title='bbox 814 3281 1227 3352; x_wconf 87' lang='grc' dir='ltr'>σαλευθησεται·</span> <span class='ocrx_word' id='word_1_463' title='bbox 1266 3283 1530 3356; x_wconf 88' lang='grc' dir='ltr'>βοηθήσει</span> <span class='ocrx_word' id='word_1_464' title='bbox 1577 3283 1714 3357; x_wconf 76' lang='grc' dir='ltr'>αὐτῇ</span> <span class='ocrx_word' id='word_1_465' title='bbox 1776 3283 1794 3337; x_wconf 72' lang='grc' dir='ltr'>ἐ</span> 
     </span>
    </p>
   </div>
   <div class='ocr_carea' id='block_1_62' title="bbox 1905 3281 3555 3357">
    <p class='ocr_par' dir='ltr' id='par_1_62' title="bbox 1909 3282 3555 3357">
     <span class='ocr_line' id='line_1_62' title="bbox 1909 3282 3555 3357; baseline -0.001 -17"><span class='ocrx_word' id='word_1_466' title='bbox 1909 3285 2145 3357; x_wconf 89' lang='lat' dir='ltr'><strong>juvabit</strong></span> <span class='ocrx_word' id='word_1_467' title='bbox 2195 3301 2324 3340; x_wconf 89' lang='lat' dir='ltr'><strong>eam</strong></span> <span class='ocrx_word' id='word_1_468' title='bbox 2383 3289 2536 3340; x_wconf 90' lang='lat' dir='ltr'><strong>Deus</strong></span> <span class='ocrx_word' id='word_1_469' title='bbox 2589 3300 2761 3340; x_wconf 88' lang='lat' dir='ltr'><strong>mane</strong></span> <span class='ocrx_word' id='word_1_470' title='bbox 2820 3282 3103 3339; x_wconf 91' lang='lat' dir='ltr'><strong>diliculo:</strong></span> <span class='ocrx_word' id='word_1_471' title='bbox 3143 3305 3169 3332; x_wconf 84' lang='lat'><strong>»</strong></span> <span class='ocrx_word' id='word_1_472' title='bbox 3201 3288 3377 3355; x_wconf 89' lang='lat' dir='ltr'><strong>atque</strong></span> <span class='ocrx_word' id='word_1_473' title='bbox 3426 3283 3555 3351; x_wconf 91' lang='lat' dir='ltr'><strong>hos,</strong></span> 
     </span>
    </p>
   </div>
   <div class='ocr_carea' id='block_1_63' title="bbox 146 3368 1794 3448">
    <p class='ocr_par' dir='ltr' id='par_1_63' title="bbox 146 3368 1794 3448">
     <span class='ocr_line' id='line_1_63' title="bbox 146 3368 1794 3448; baseline 0 -22"><span class='ocrx_word' id='word_1_474' title='bbox 146 3372 282 3434; x_wconf 82' lang='grc' dir='ltr'>Θεὸς</span> <span class='ocrx_word' id='word_1_475' title='bbox 326 3373 392 3427; x_wconf 85' lang='grc' dir='ltr'>τὸ</span> <span class='ocrx_word' id='word_1_476' title='bbox 446 3372 584 3448; x_wconf 82' lang='grc' dir='ltr'>πρὸς</span> <span class='ocrx_word' id='word_1_477' title='bbox 639 3369 787 3447; x_wconf 69' lang='grc' dir='ltr'>πρωΐ</span> <span class='ocrx_word' id='word_1_478' title='bbox 841 3369 1009 3446; x_wconf 75' lang='grc' dir='ltr'>πρωί.</span> <span class='ocrx_word' id='word_1_479' title='bbox 1073 3373 1228 3425; x_wconf 81' lang='grc' dir='ltr'>»Καὶ</span> <span class='ocrx_word' id='word_1_480' title='bbox 1259 3368 1674 3446; x_wconf 72' lang='grc' dir='ltr'>διαμετροῦντες</span> <span class='ocrx_word' id='word_1_481' title='bbox 1707 3371 1794 3426; x_wconf 79' lang='grc' dir='ltr'><strong>αὖ·</strong></span> 
     </span>
    </p>
   </div>
   <div class='ocr_carea' id='block_1_64' title="bbox 1905 3368 3551 3448">
    <p class='ocr_par' dir='ltr' id='par_1_64' title="bbox 1913 3372 3551 3444">
     <span class='ocr_line' id='line_1_64' title="bbox 1913 3372 3551 3444; baseline -0.001 -15"><span class='ocrx_word' id='word_1_482' title='bbox 1913 3391 2046 3429; x_wconf 90' lang='lat' dir='ltr'><strong>cum</strong></span> <span class='ocrx_word' id='word_1_483' title='bbox 2078 3390 2281 3429; x_wconf 90' lang='lat' dir='ltr'><strong>eorum</strong></span> <span class='ocrx_word' id='word_1_484' title='bbox 2296 3372 2512 3429; x_wconf 91' lang='lat' dir='ltr'><strong>molem</strong></span> <span class='ocrx_word' id='word_1_485' title='bbox 2539 3377 2736 3429; x_wconf 89' lang='lat' dir='ltr'><strong>essent</strong></span> <span class='ocrx_word' id='word_1_486' title='bbox 2755 3373 3120 3438; x_wconf 90' lang='lat' dir='ltr'><strong>dimensi,ad</strong></span> <span class='ocrx_word' id='word_1_487' title='bbox 3141 3373 3551 3444; x_wconf 87' lang='lat' dir='ltr'><strong>imperatorem</strong></span> 
     </span>
    </p>
   </div>
   <div class='ocr_carea' id='block_1_65' title="bbox 145 3457 1794 3535">
    <p class='ocr_par' dir='ltr' id='par_1_65' title="bbox 145 3457 1794 3535">
     <span class='ocr_line' id='line_1_65' title="bbox 145 3457 1794 3535; baseline 0.001 -20"><span class='ocrx_word' id='word_1_488' title='bbox 145 3464 258 3515; x_wconf 88' lang='grc' dir='ltr'><strong>τῶν</strong></span> <span class='ocrx_word' id='word_1_489' title='bbox 315 3462 416 3531; x_wconf 72' lang='grc' dir='ltr'>τὴν</span> <span class='ocrx_word' id='word_1_490' title='bbox 472 3460 771 3531; x_wconf 79' lang='grc' dir='ltr'>ποσότητα,</span> <span class='ocrx_word' id='word_1_491' title='bbox 833 3459 1166 3516; x_wconf 73' lang='grc' dir='ltr'>ἀπέστελλον</span> <span class='ocrx_word' id='word_1_492' title='bbox 1219 3464 1300 3532; x_wconf 82' lang='grc' dir='ltr'>τῷ</span> <span class='ocrx_word' id='word_1_493' title='bbox 1357 3461 1593 3535; x_wconf 72' lang='grc' dir='ltr'>βασιλεῖ.</span> <span class='ocrx_word' id='word_1_494' title='bbox 1640 3462 1700 3518; x_wconf 73' lang='grc' dir='ltr'>Ὀ</span> <span class='ocrx_word' id='word_1_495' title='bbox 1743 3457 1794 3516; x_wconf 76' lang='grc' dir='ltr'>δὲ</span> 
     </span>
    </p>
   </div>
   <div class='ocr_carea' id='block_1_66' title="bbox 1905 3457 3556 3535">
    <p class='ocr_par' dir='ltr' id='par_1_66' title="bbox 1912 3459 3556 3534">
     <span class='ocr_line' id='line_1_66' title="bbox 1912 3459 3556 3534; baseline -0.002 -16"><span class='ocrx_word' id='word_1_496' title='bbox 1912 3463 2222 3519; x_wconf 89' lang='lat' dir='ltr'><strong>miserunt.</strong></span> <span class='ocrx_word' id='word_1_497' title='bbox 2261 3463 2579 3518; x_wconf 89' lang='lat' dir='ltr'><strong>Duodecim</strong></span> <span class='ocrx_word' id='word_1_498' title='bbox 2629 3479 2759 3518; x_wconf 87' lang='lat' dir='ltr'><strong>vero</strong></span> <span class='ocrx_word' id='word_1_499' title='bbox 2813 3461 3026 3517; x_wconf 88' lang='lat' dir='ltr'><strong>lateres</strong></span> <span class='ocrx_word' id='word_1_500' title='bbox 3057 3461 3398 3534; x_wconf 88' lang='lat' dir='ltr'><strong>hujusmodi</strong></span> <span class='ocrx_word' id='word_1_501' title='bbox 3452 3459 3556 3515; x_wconf 87' lang='lat' dir='ltr'><strong>uni</strong></span> 
     </span>
    </p>
   </div>
   <div class='ocr_carea' id='block_1_67' title="bbox 148 3546 1799 3625">
    <p class='ocr_par' dir='ltr' id='par_1_67' title="bbox 148 3546 1799 3625">
     <span class='ocr_line' id='line_1_67' title="bbox 148 3546 1799 3625; baseline 0 -21"><span class='ocrx_word' id='word_1_502' title='bbox 148 3551 389 3623; x_wconf 82' lang='grc' dir='ltr'>σταθμὸς</span> <span class='ocrx_word' id='word_1_503' title='bbox 456 3555 562 3605; x_wconf 89' lang='grc' dir='ltr'><strong>τῶν</strong></span> <span class='ocrx_word' id='word_1_504' title='bbox 645 3546 857 3604; x_wconf 78' lang='grc' dir='ltr'>δώδεκα</span> <span class='ocrx_word' id='word_1_505' title='bbox 937 3548 1196 3624; x_wconf 82' lang='grc' dir='ltr'>βησάλων</span> <span class='ocrx_word' id='word_1_506' title='bbox 1255 3548 1470 3604; x_wconf 76' lang='grc' dir='ltr'>ἐκείνων</span> <span class='ocrx_word' id='word_1_507' title='bbox 1528 3549 1799 3625; x_wconf 68' lang='grc' dir='ltr'>ἡμετέρου</span> 
     </span>
    </p>
   </div>
   <div class='ocr_carea' id='block_1_68' title="bbox 151 3634 1796 3712">
    <p class='ocr_par' dir='ltr' id='par_1_68' title="bbox 151 3634 1796 3712">
     <span class='ocr_line' id='line_1_68' title="bbox 151 3634 1796 3712; baseline -0.001 -19"><span class='ocrx_word' id='word_1_508' title='bbox 151 3637 406 3712; x_wconf 86' lang='grc' dir='ltr'>βησάλου</span> <span class='ocrx_word' id='word_1_509' title='bbox 464 3637 576 3694; x_wconf 77' lang='grc' dir='ltr'>ἐστὶ</span> <span class='ocrx_word' id='word_1_510' title='bbox 618 3639 854 3711; x_wconf 80' lang='grc' dir='ltr'>σταθμὸς</span> <span class='ocrx_word' id='word_1_511' title='bbox 883 3638 1020 3706; x_wconf 81' lang='grc' dir='ltr'>ἐνὸς,</span> <span class='ocrx_word' id='word_1_512' title='bbox 1055 3634 1145 3692; x_wconf 82' lang='grc' dir='ltr'><strong>διὰ</strong></span> <span class='ocrx_word' id='word_1_513' title='bbox 1197 3637 1259 3692; x_wconf 86' lang='grc' dir='ltr'><strong>τὸ</strong></span> <span class='ocrx_word' id='word_1_514' title='bbox 1298 3638 1448 3706; x_wconf 73' lang='grc' dir='ltr'>εἶναι,</span> <span class='ocrx_word' id='word_1_515' title='bbox 1477 3641 1578 3707; x_wconf 85' lang='grc' dir='ltr'><strong>τήν</strong></span> <span class='ocrx_word' id='word_1_516' title='bbox 1617 3638 1796 3708; x_wconf 84' lang='grc' dir='ltr'>πηλὸν</span> 
     </span>
    </p>
   </div>
   <div class='ocr_carea' id='block_1_69' title="bbox 146 3724 1796 3806">
    <p class='ocr_par' dir='ltr' id='par_1_69' title="bbox 146 3724 1796 3806">
     <span class='ocr_line' id='line_1_69' title="bbox 146 3724 1796 3806; baseline -0.001 -24"><span class='ocrx_word' id='word_1_517' title='bbox 146 3725 356 3799; x_wconf 74' lang='grc' dir='ltr'>ἐκείνην</span> <span class='ocrx_word' id='word_1_518' title='bbox 402 3727 638 3806; x_wconf 75' lang='grc' dir='ltr'>ἐλαφρὰν</span> <span class='ocrx_word' id='word_1_519' title='bbox 684 3727 842 3799; x_wconf 90' lang='grc' dir='ltr'>πάνυ,</span> <span class='ocrx_word' id='word_1_520' title='bbox 887 3727 976 3782; x_wconf 81' lang='grc' dir='ltr'><strong>καὶ</strong></span> <span class='ocrx_word' id='word_1_521' title='bbox 1012 3724 1365 3803; x_wconf 67' lang='grc' dir='ltr'>σποΠοειδῆ,</span> <span class='ocrx_word' id='word_1_522' title='bbox 1427 3726 1518 3781; x_wconf 87' lang='grc' dir='ltr'><strong>καὶ</strong></span> <span class='ocrx_word' id='word_1_523' title='bbox 1572 3731 1796 3804; x_wconf 78' lang='grc' dir='ltr'>κοῦφον,</span> 
     </span>
    </p>
   </div>
   <div class='ocr_carea' id='block_1_70' title="bbox 145 3815 1797 3893">
    <p class='ocr_par' dir='ltr' id='par_1_70' title="bbox 145 3815 1797 3893">
     <span class='ocr_line' id='line_1_70' title="bbox 145 3815 1797 3893; baseline -0.001 -22"><span class='ocrx_word' id='word_1_524' title='bbox 145 3818 238 3871; x_wconf 77' lang='grc' dir='ltr'><strong>καὶ</strong></span> <span class='ocrx_word' id='word_1_525' title='bbox 273 3815 649 3892; x_wconf 84' lang='grc' dir='ltr'>λιυκόχρωον.</span> <span class='ocrx_word' id='word_1_526' title='bbox 710 3817 802 3870; x_wconf 84' lang='grc' dir='ltr'><strong>Διὸ</strong></span> <span class='ocrx_word' id='word_1_527' title='bbox 830 3815 920 3870; x_wconf 86' lang='grc' dir='ltr'><strong>καὶ</strong></span> <span class='ocrx_word' id='word_1_528' title='bbox 952 3815 1120 3891; x_wconf 89' lang='grc' dir='ltr'>λόγος</span> <span class='ocrx_word' id='word_1_529' title='bbox 1153 3817 1428 3892; x_wconf 72' lang='grc' dir='ltr'>ἱστορικὸς</span> <span class='ocrx_word' id='word_1_530' title='bbox 1487 3815 1797 3893; x_wconf 75' lang='grc' dir='ltr'>ἐμφέρεται,</span> 
     </span>
    </p>
   </div>
   <div class='ocr_carea' id='block_1_71' title="bbox 144 3902 1798 3981">
    <p class='ocr_par' dir='ltr' id='par_1_71' title="bbox 144 3902 1798 3981">
     <span class='ocr_line' id='line_1_71' title="bbox 144 3902 1798 3981; baseline 0 -21"><span class='ocrx_word' id='word_1_531' title='bbox 144 3905 402 3981; x_wconf 83' lang='grc' dir='ltr'>κισηρίου</span> <span class='ocrx_word' id='word_1_532' title='bbox 434 3905 574 3960; x_wconf 79' lang='grc' dir='ltr'>ἐστὶν</span> <span class='ocrx_word' id='word_1_533' title='bbox 609 3905 636 3959; x_wconf 87' lang='lat'><strong>6</strong></span> <span class='ocrx_word' id='word_1_534' title='bbox 681 3903 953 3981; x_wconf 79' lang='grc' dir='ltr'>Τροῦλος⁹</span> <span class='ocrx_word' id='word_1_535' title='bbox 1014 3903 1141 3959; x_wconf 71' lang='grc' dir='ltr'>ἀλλ’</span> <span class='ocrx_word' id='word_1_536' title='bbox 1199 3905 1301 3959; x_wconf 82' lang='grc' dir='ltr'>οὐκ</span> <span class='ocrx_word' id='word_1_537' title='bbox 1351 3902 1460 3959; x_wconf 77' lang='grc' dir='ltr'>ἔστι</span> <span class='ocrx_word' id='word_1_538' title='bbox 1495 3905 1610 3978; x_wconf 74' lang='grc' dir='ltr'>μὶν,</span> <span class='ocrx_word' id='word_1_539' title='bbox 1673 3903 1798 3960; x_wconf 82' lang='grc' dir='ltr'>ἐλα-</span> 
     </span>
    </p>
   </div>
   <div class='ocr_carea' id='block_1_72' title="bbox 147 3990 1798 4070">
    <p class='ocr_par' dir='ltr' id='par_1_72' title="bbox 147 3990 1798 4070">
     <span class='ocr_line' id='line_1_72' title="bbox 147 3990 1798 4070; baseline -0.001 -21"><span class='ocrx_word' id='word_1_540' title='bbox 147 3994 286 4069; x_wconf 79' lang='grc' dir='ltr'>φρὸς</span> <span class='ocrx_word' id='word_1_541' title='bbox 334 3992 392 4049; x_wconf 66' lang='grc' dir='ltr'>δὲ</span> <span class='ocrx_word' id='word_1_542' title='bbox 447 3994 703 4070; x_wconf 78' lang='grc' dir='ltr'>ὑπάρχει.</span> <span class='ocrx_word' id='word_1_543' title='bbox 764 3995 892 4050; x_wconf 81' lang='grc' dir='ltr'>Μετ’</span> <span class='ocrx_word' id='word_1_544' title='bbox 949 3993 1124 4049; x_wconf 80' lang='grc' dir='ltr'>αὑτων</span> <span class='ocrx_word' id='word_1_545' title='bbox 1177 3990 1235 4048; x_wconf 78' lang='grc' dir='ltr'>δὶ</span> <span class='ocrx_word' id='word_1_546' title='bbox 1264 3991 1798 4066; x_wconf 77' lang='grc' dir='ltr'>ἀνοικοδομήσαντες</span> 
     </span>
    </p>
   </div>
   <div class='ocr_carea' id='block_1_73' title="bbox 141 4080 1798 4161">
    <p class='ocr_par' dir='ltr' id='par_1_73' title="bbox 141 4080 1798 4161">
     <span class='ocr_line' id='line_1_73' title="bbox 141 4080 1798 4161; baseline -0.001 -23"><span class='ocrx_word' id='word_1_547' title='bbox 141 4084 244 4146; x_wconf 82' lang='grc' dir='ltr'><strong>τὰς</strong></span> <span class='ocrx_word' id='word_1_548' title='bbox 298 4084 555 4160; x_wconf 75' lang='grc' dir='ltr'>τέσσαρας</span> <span class='ocrx_word' id='word_1_549' title='bbox 611 4081 849 4161; x_wconf 79' lang='grc' dir='ltr'>μεγάλας</span> <span class='ocrx_word' id='word_1_550' title='bbox 909 4080 1147 4157; x_wconf 80' lang='grc' dir='ltr'>ἀψίδας·</span> <span class='ocrx_word' id='word_1_551' title='bbox 1207 4081 1296 4138; x_wconf 84' lang='grc' dir='ltr'><strong>καὶ</strong></span> <span class='ocrx_word' id='word_1_552' title='bbox 1355 4082 1643 4157; x_wconf 83' lang='grc' dir='ltr'>ἀρξάμενοι</span> <span class='ocrx_word' id='word_1_553' title='bbox 1701 4103 1798 4136; x_wconf 80' lang='grc' dir='ltr'><strong>κο-</strong></span> 
     </span>
    </p>
   </div>
   <div class='ocr_carea' id='block_1_74' title="bbox 144 4168 1792 4248">
    <p class='ocr_par' dir='ltr' id='par_1_74' title="bbox 144 4168 1792 4248">
     <span class='ocr_line' id='line_1_74' title="bbox 144 4168 1792 4248; baseline -0.002 -18"><span class='ocrx_word' id='word_1_554' title='bbox 144 4173 287 4230; x_wconf 84' lang='grc' dir='ltr'>λίειν</span> <span class='ocrx_word' id='word_1_555' title='bbox 360 4174 453 4229; x_wconf 82' lang='grc' dir='ltr'><strong>τὸν</strong></span> <span class='ocrx_word' id='word_1_556' title='bbox 528 4171 813 4248; x_wconf 85' lang='grc' dir='ltr'>Τροῦλον,</span> <span class='ocrx_word' id='word_1_557' title='bbox 876 4168 1088 4226; x_wconf 86' lang='grc' dir='ltr'>δώδεκα</span> <span class='ocrx_word' id='word_1_558' title='bbox 1148 4170 1367 4247; x_wconf 81' lang='grc' dir='ltr'>βήσαλα</span> <span class='ocrx_word' id='word_1_559' title='bbox 1416 4171 1645 4236; x_wconf 82' lang='grc' dir='ltr'>ἐτίθουν·</span> <span class='ocrx_word' id='word_1_560' title='bbox 1705 4173 1792 4227; x_wconf 83' lang='grc' dir='ltr'><strong>καὶ</strong></span> 
     </span>
    </p>
   </div>
   <div class='ocr_carea' id='block_1_75' title="bbox 141 4259 1797 4337">
    <p class='ocr_par' dir='ltr' id='par_1_75' title="bbox 141 4259 1797 4337">
     <span class='ocr_line' id='line_1_75' title="bbox 141 4259 1797 4337; baseline -0.001 -20"><span class='ocrx_word' id='word_1_561' title='bbox 141 4261 448 4336; x_wconf 77' lang='grc' dir='ltr'>ἆναμεταξῦ</span> <span class='ocrx_word' id='word_1_562' title='bbox 504 4267 610 4318; x_wconf 85' lang='grc' dir='ltr'><strong>τῶν</strong></span> <span class='ocrx_word' id='word_1_563' title='bbox 660 4259 869 4317; x_wconf 84' lang='grc' dir='ltr'>δώδεκα</span> <span class='ocrx_word' id='word_1_564' title='bbox 928 4259 1185 4337; x_wconf 88' lang='grc' dir='ltr'>βησάλων</span> <span class='ocrx_word' id='word_1_565' title='bbox 1245 4259 1464 4316; x_wconf 76' lang='grc' dir='ltr'>ἐποίουν</span> <span class='ocrx_word' id='word_1_566' title='bbox 1524 4262 1575 4315; x_wconf 74' lang='grc' dir='ltr'><strong>οἱ</strong></span> <span class='ocrx_word' id='word_1_567' title='bbox 1634 4262 1797 4332; x_wconf 80' lang='grc' dir='ltr'>ἱερεῖς</span> 
     </span>
    </p>
   </div>
   <div class='ocr_carea' id='block_1_76' title="bbox 141 4348 1794 4428">
    <p class='ocr_par' dir='ltr' id='par_1_76' title="bbox 141 4348 1794 4428">
     <span class='ocr_line' id='line_1_76' title="bbox 141 4348 1794 4428; baseline -0.001 -22"><span class='ocrx_word' id='word_1_568' title='bbox 141 4351 317 4427; x_wconf 72' lang='grc' dir='ltr'>εὐχὴν</span> <span class='ocrx_word' id='word_1_569' title='bbox 367 4351 492 4428; x_wconf 87' lang='grc' dir='ltr'>περὶ</span> <span class='ocrx_word' id='word_1_570' title='bbox 549 4348 854 4414; x_wconf 76' lang='grc' dir='ltr'>συστάσεως</span> <span class='ocrx_word' id='word_1_571' title='bbox 905 4348 1235 4422; x_wconf 78' lang='grc' dir='ltr'>ἐκκλησίας,</span> <span class='ocrx_word' id='word_1_572' title='bbox 1307 4351 1395 4405; x_wconf 86' lang='grc' dir='ltr'><strong>καὶ</strong></span> <span class='ocrx_word' id='word_1_573' title='bbox 1466 4348 1683 4405; x_wconf 78' lang='grc' dir='ltr'>ἐποίουν</span> <span class='ocrx_word' id='word_1_574' title='bbox 1743 4352 1794 4405; x_wconf 78' lang='grc' dir='ltr'><strong>οἱ</strong></span> 
     </span>
    </p>
   </div>
   <div class='ocr_carea' id='block_1_77' title="bbox 139 4433 1793 4516">
    <p class='ocr_par' dir='ltr' id='par_1_77' title="bbox 139 4433 1793 4516">
     <span class='ocr_line' id='line_1_77' title="bbox 139 4433 1793 4516; baseline -0.002 -19"><span class='ocrx_word' id='word_1_575' title='bbox 139 4441 355 4497; x_wconf 85' lang='grc' dir='ltr'>κτίσται</span> <span class='ocrx_word' id='word_1_576' title='bbox 416 4446 551 4498; x_wconf 85' lang='grc' dir='ltr'>κατᾶ</span> <span class='ocrx_word' id='word_1_577' title='bbox 608 4438 819 4496; x_wconf 86' lang='grc' dir='ltr'>δώδεκα</span> <span class='ocrx_word' id='word_1_578' title='bbox 879 4439 1098 4516; x_wconf 86' lang='grc' dir='ltr'>βήσαλα</span> <span class='ocrx_word' id='word_1_579' title='bbox 1155 4433 1680 4511; x_wconf 79' lang='grc' dir='ltr'>ὁπὴν,ἐμϐαλόντες</span> <span class='ocrx_word' id='word_1_580' title='bbox 1741 4438 1793 4494; x_wconf 82' lang='grc' dir='ltr'><strong>ἐν</strong></span> 
     </span>
    </p>
   </div>
   <div class='ocr_carea' id='block_1_78' title="bbox 142 4525 1794 4606">
    <p class='ocr_par' dir='ltr' id='par_1_78' title="bbox 142 4525 1794 4606">
     <span class='ocr_line' id='line_1_78' title="bbox 142 4525 1794 4606; baseline -0.002 -20"><span class='ocrx_word' id='word_1_581' title='bbox 142 4536 266 4594; x_wconf 85' lang='grc' dir='ltr'>ταῖς</span> <span class='ocrx_word' id='word_1_582' title='bbox 299 4533 459 4594; x_wconf 83' lang='grc' dir='ltr'>ὀπαῖς</span> <span class='ocrx_word' id='word_1_583' title='bbox 488 4531 648 4605; x_wconf 78' lang='grc' dir='ltr'>τίμια</span> <span class='ocrx_word' id='word_1_584' title='bbox 694 4530 784 4586; x_wconf 83' lang='grc' dir='ltr'><strong>καὶ</strong></span> <span class='ocrx_word' id='word_1_585' title='bbox 835 4531 963 4605; x_wconf 79' lang='grc' dir='ltr'>ἅγια</span> <span class='ocrx_word' id='word_1_586' title='bbox 1011 4527 1241 4604; x_wconf 77' lang='grc' dir='ltr'>Λείψανα</span> <span class='ocrx_word' id='word_1_587' title='bbox 1273 4525 1545 4606; x_wconf 84' lang='grc' dir='ltr'>διαφόρων</span> <span class='ocrx_word' id='word_1_588' title='bbox 1600 4527 1794 4604; x_wconf 84' lang='grc' dir='ltr'>ἁγίων,</span> 
     </span>
    </p>
   </div>
   <div class='ocr_carea' id='block_1_79' title="bbox 143 4614 1798 4693">
    <p class='ocr_par' dir='ltr' id='par_1_79' title="bbox 143 4614 1798 4693">
     <span class='ocr_line' id='line_1_79' title="bbox 143 4614 1798 4693; baseline -0.002 -17"><span class='ocrx_word' id='word_1_589' title='bbox 143 4617 253 4682; x_wconf 74' lang='grc' dir='ltr'>ἕως</span> <span class='ocrx_word' id='word_1_590' title='bbox 313 4621 376 4674; x_wconf 85' lang='grc' dir='ltr'>οῦ</span> <span class='ocrx_word' id='word_1_591' title='bbox 433 4620 724 4690; x_wconf 80' lang='grc' dir='ltr'>ἐτελειώθη</span> <span class='ocrx_word' id='word_1_592' title='bbox 774 4621 802 4675; x_wconf 91' lang='lat'><strong>6</strong></span> <span class='ocrx_word' id='word_1_593' title='bbox 849 4617 1113 4690; x_wconf 87' lang='grc' dir='ltr'>Τροῦλος.</span> <span class='ocrx_word' id='word_1_594' title='bbox 1164 4620 1265 4675; x_wconf 78' lang='grc' dir='ltr'>Ἠν</span> <span class='ocrx_word' id='word_1_595' title='bbox 1319 4614 1375 4672; x_wconf 75' lang='grc' dir='ltr'>δὲ</span> <span class='ocrx_word' id='word_1_596' title='bbox 1404 4618 1431 4671; x_wconf 90' lang='lat'><strong>6</strong></span> <span class='ocrx_word' id='word_1_597' title='bbox 1479 4617 1798 4693; x_wconf 62' lang='grc' dir='ltr'>νεωτερικὸς</span> 
     </span>
    </p>
   </div>
   <div class='ocr_carea' id='block_1_80' title="bbox 145 4705 1797 4786">
    <p class='ocr_par' dir='ltr' id='par_1_80' title="bbox 145 4705 1797 4786">
     <span class='ocr_line' id='line_1_80' title="bbox 145 4705 1797 4786; baseline -0.004 -22"><span class='ocrx_word' id='word_1_598' title='bbox 145 4705 331 4786; x_wconf 62' lang='grc' dir='ltr'>ὄρθιος</span> <span class='ocrx_word' id='word_1_599' title='bbox 387 4709 701 4783; x_wconf 69' lang='grc' dir='ltr'>ἱστάμενος.</span> <span class='ocrx_word' id='word_1_600' title='bbox 760 4708 858 4763; x_wconf 84' lang='grc' dir='ltr'>Καὶ</span> <span class='ocrx_word' id='word_1_601' title='bbox 917 4709 1010 4763; x_wconf 77' lang='grc' dir='ltr'><strong>εἶθ’</strong></span> <span class='ocrx_word' id='word_1_602' title='bbox 1067 4706 1240 4770; x_wconf 72' lang='grc' dir='ltr'>οὕτως</span> <span class='ocrx_word' id='word_1_603' title='bbox 1281 4705 1675 4781; x_wconf 83' lang='grc' dir='ltr'>πληρώσαντες</span> <span class='ocrx_word' id='word_1_604' title='bbox 1702 4706 1797 4766; x_wconf 78' lang='grc' dir='ltr'><strong>τὰς</strong></span> 
     </span>
    </p>
   </div>
   <div class='ocr_carea' id='block_1_81' title="bbox 147 4794 1796 4873">
    <p class='ocr_par' dir='ltr' id='par_1_81' title="bbox 147 4794 1796 4873">
     <span class='ocr_line' id='line_1_81' title="bbox 147 4794 1796 4873; baseline -0.005 -19"><span class='ocrx_word' id='word_1_605' title='bbox 147 4797 408 4873; x_wconf 72' lang='grc' dir='ltr'>λαμπράς</span> <span class='ocrx_word' id='word_1_606' title='bbox 472 4799 563 4853; x_wconf 85' lang='grc' dir='ltr'><strong>καὶ</strong></span> <span class='ocrx_word' id='word_1_607' title='bbox 619 4795 976 4873; x_wconf 78' lang='grc' dir='ltr'>περικαλλεῖς</span> <span class='ocrx_word' id='word_1_608' title='bbox 1039 4794 1600 4872; x_wconf 83' lang='grc' dir='ltr'>ὀρθομαρμαρώσεις,</span> <span class='ocrx_word' id='word_1_609' title='bbox 1672 4814 1796 4847; x_wconf 66' lang='grc' dir='ltr'>κατε</span> 
     </span>
    </p>
   </div>
   <div class='ocr_carea' id='block_1_82' title="bbox 147 4881 1793 4962">
    <p class='ocr_par' dir='ltr' id='par_1_82' title="bbox 147 4881 1793 4962">
     <span class='ocr_line' id='line_1_82' title="bbox 147 4881 1793 4962; baseline -0.005 -20"><span class='ocrx_word' id='word_1_610' title='bbox 147 4887 466 4962; x_wconf 78' lang='grc' dir='ltr'>εχρὺσωσαν</span> <span class='ocrx_word' id='word_1_611' title='bbox 499 4889 596 4948; x_wconf 77' lang='grc' dir='ltr'>τὰς</span> <span class='ocrx_word' id='word_1_612' title='bbox 641 4886 837 4956; x_wconf 81' lang='grc' dir='ltr'>ζεόξεις</span> <span class='ocrx_word' id='word_1_613' title='bbox 893 4889 1000 4940; x_wconf 89' lang='grc' dir='ltr'><strong>τῶν</strong></span> <span class='ocrx_word' id='word_1_614' title='bbox 1060 4881 1524 4960; x_wconf 84' lang='grc' dir='ltr'>ἀρθομαρμάρων,</span> <span class='ocrx_word' id='word_1_615' title='bbox 1553 4881 1643 4936; x_wconf 84' lang='grc' dir='ltr'><strong>καὶ</strong></span> <span class='ocrx_word' id='word_1_616' title='bbox 1699 4881 1793 4943; x_wconf 77' lang='grc' dir='ltr'><strong>τὰς</strong></span> 
     </span>
    </p>
   </div>
   <div class='ocr_carea' id='block_1_83' title="bbox 144 4969 1794 5053">
    <p class='ocr_par' dir='ltr' id='par_1_83' title="bbox 144 4969 1794 5053">
     <span class='ocr_line' id='line_1_83' title="bbox 144 4969 1794 5053; baseline -0.005 -22"><span class='ocrx_word' id='word_1_617' title='bbox 144 4974 388 5053; x_wconf 71' lang='grc' dir='ltr'>κεφαλὰς</span> <span class='ocrx_word' id='word_1_618' title='bbox 438 4981 547 5031; x_wconf 90' lang='grc' dir='ltr'><strong>τῶν</strong></span> <span class='ocrx_word' id='word_1_619' title='bbox 605 4975 825 5043; x_wconf 83' lang='grc' dir='ltr'>κιόνων,</span> <span class='ocrx_word' id='word_1_620' title='bbox 878 4973 968 5029; x_wconf 86' lang='grc' dir='ltr'><strong>καὶ</strong></span> <span class='ocrx_word' id='word_1_621' title='bbox 1023 4975 1118 5035; x_wconf 77' lang='grc' dir='ltr'><strong>τὰς</strong></span> <span class='ocrx_word' id='word_1_622' title='bbox 1175 4971 1467 5048; x_wconf 72' lang='grc' dir='ltr'>λαγαρικᾶ,</span> <span class='ocrx_word' id='word_1_623' title='bbox 1519 4970 1609 5025; x_wconf 83' lang='grc' dir='ltr'><strong>καὶ</strong></span> <span class='ocrx_word' id='word_1_624' title='bbox 1668 4969 1794 5032; x_wconf 78' lang='grc' dir='ltr'>τοὺς</span> 
     </span>
    </p>
   </div>
   <div class='ocr_carea' id='block_1_84' title="bbox 142 5059 1794 5140">
    <p class='ocr_par' dir='ltr' id='par_1_84' title="bbox 142 5059 1794 5140">
     <span class='ocr_line' id='line_1_84' title="bbox 142 5059 1794 5140; baseline -0.006 -19"><span class='ocrx_word' id='word_1_625' title='bbox 142 5067 428 5138; x_wconf 85' lang='grc' dir='ltr'>κοσμήτας</span> <span class='ocrx_word' id='word_1_626' title='bbox 476 5069 584 5120; x_wconf 87' lang='grc' dir='ltr'><strong>τῶν</strong></span> <span class='ocrx_word' id='word_1_627' title='bbox 637 5064 918 5140; x_wconf 80' lang='grc' dir='ltr'>ὑπερῴων,</span> <span class='ocrx_word' id='word_1_628' title='bbox 973 5067 1083 5117; x_wconf 88' lang='grc' dir='ltr'><strong>τῶν</strong></span> <span class='ocrx_word' id='word_1_629' title='bbox 1138 5083 1196 5117; x_wconf 89' lang='grc' dir='ltr'><strong>τε</strong></span> <span class='ocrx_word' id='word_1_630' title='bbox 1227 5059 1497 5138; x_wconf 71' lang='grc' dir='ltr'>διορόςρων</span> <span class='ocrx_word' id='word_1_631' title='bbox 1526 5081 1614 5114; x_wconf 87' lang='grc' dir='ltr'><strong>και</strong></span> <span class='ocrx_word' id='word_1_632' title='bbox 1644 5079 1794 5133; x_wconf 84' lang='grc' dir='ltr'>τριο-</span> 
     </span>
    </p>
   </div>
   <div class='ocr_carea' id='block_1_85' title="bbox 145 5148 1793 5232">
    <p class='ocr_par' dir='ltr' id='par_1_85' title="bbox 145 5148 1793 5232">
     <span class='ocr_line' id='line_1_85' title="bbox 145 5148 1793 5232; baseline -0.005 -23"><span class='ocrx_word' id='word_1_633' title='bbox 145 5155 354 5232; x_wconf 75' lang='grc' dir='ltr'>ρόφων.</span> <span class='ocrx_word' id='word_1_634' title='bbox 415 5152 726 5230; x_wconf 84' lang='grc' dir='ltr'>Ἐχρὺσωσε</span> <span class='ocrx_word' id='word_1_635' title='bbox 783 5151 840 5207; x_wconf 67' lang='grc' dir='ltr'>δὲ</span> <span class='ocrx_word' id='word_1_636' title='bbox 895 5153 1070 5207; x_wconf 88' lang='grc' dir='ltr'>πάντα</span> <span class='ocrx_word' id='word_1_637' title='bbox 1125 5149 1186 5206; x_wconf 77' lang='grc' dir='ltr'><strong>ἐκ</strong></span> <span class='ocrx_word' id='word_1_638' title='bbox 1241 5148 1473 5226; x_wconf 85' lang='grc' dir='ltr'>χρυσίου</span> <span class='ocrx_word' id='word_1_639' title='bbox 1537 5150 1793 5224; x_wconf 77' lang='grc' dir='ltr'>καθαροῦ,</span> 
     </span>
    </p>
   </div>
   <div class='ocr_carea' id='block_1_86' title="bbox 145 5234 1790 5317">
    <p class='ocr_par' dir='ltr' id='par_1_86' title="bbox 145 5234 1790 5317">
     <span class='ocr_line' id='line_1_86' title="bbox 145 5234 1790 5317; baseline -0.005 -18"><span class='ocrx_word' id='word_1_640' title='bbox 145 5244 386 5299; x_wconf 85' lang='grc' dir='ltr'>πετάλου</span> <span class='ocrx_word' id='word_1_641' title='bbox 437 5244 501 5298; x_wconf 88' lang='grc' dir='ltr'>τὸ</span> <span class='ocrx_word' id='word_1_642' title='bbox 558 5242 849 5317; x_wconf 72' lang='grc' dir='ltr'>σύμπαχον</span> <span class='ocrx_word' id='word_1_643' title='bbox 906 5246 1004 5296; x_wconf 85' lang='grc' dir='ltr'>τοῦ</span> <span class='ocrx_word' id='word_1_644' title='bbox 1059 5240 1450 5317; x_wconf 83' lang='grc' dir='ltr'>χρυσώματος,</span> <span class='ocrx_word' id='word_1_645' title='bbox 1509 5234 1790 5292; x_wconf 83' lang='grc' dir='ltr'>δακτύλων</span> 
     </span>
    </p>
   </div>
   <div class='ocr_carea' id='block_1_87' title="bbox 147 5327 1792 5409">
    <p class='ocr_par' dir='ltr' id='par_1_87' title="bbox 147 5327 1792 5409">
     <span class='ocr_line' id='line_1_87' title="bbox 147 5327 1792 5409; baseline -0.005 -21"><span class='ocrx_word' id='word_1_646' title='bbox 147 5331 267 5388; x_wconf 76' lang='grc' dir='ltr'>δύο·</span> <span class='ocrx_word' id='word_1_647' title='bbox 326 5331 450 5394; x_wconf 79' lang='grc' dir='ltr'>τοὺς</span> <span class='ocrx_word' id='word_1_648' title='bbox 481 5329 538 5386; x_wconf 74' lang='grc' dir='ltr'>δὲ</span> <span class='ocrx_word' id='word_1_649' title='bbox 567 5331 800 5409; x_wconf 80' lang='grc' dir='ltr'>ὀρόφους</span> <span class='ocrx_word' id='word_1_650' title='bbox 831 5332 1054 5400; x_wconf 85' lang='grc' dir='ltr'>πάντας,</span> <span class='ocrx_word' id='word_1_651' title='bbox 1111 5329 1216 5384; x_wconf 86' lang='grc' dir='ltr'><strong>ἀπό</strong></span> <span class='ocrx_word' id='word_1_652' title='bbox 1253 5348 1313 5383; x_wconf 82' lang='grc' dir='ltr'><strong>τε</strong></span> <span class='ocrx_word' id='word_1_653' title='bbox 1361 5331 1469 5382; x_wconf 89' lang='grc' dir='ltr'><strong>τῶν</strong></span> <span class='ocrx_word' id='word_1_654' title='bbox 1534 5327 1792 5398; x_wconf 76' lang='grc' dir='ltr'>ὑπερῴων</span> 
     </span>
    </p>
   </div>
   <div class='ocr_carea' id='block_1_88' title="bbox 144 5415 1791 5498">
    <p class='ocr_par' dir='ltr' id='par_1_88' title="bbox 144 5415 1791 5498">
     <span class='ocr_line' id='line_1_88' title="bbox 144 5415 1791 5498; baseline -0.005 -21"><span class='ocrx_word' id='word_1_655' title='bbox 144 5427 256 5477; x_wconf 89' lang='grc' dir='ltr'><strong>τῶν</strong></span> <span class='ocrx_word' id='word_1_656' title='bbox 309 5419 580 5498; x_wconf 80' lang='grc' dir='ltr'>διορόφων</span> <span class='ocrx_word' id='word_1_657' title='bbox 633 5422 724 5476; x_wconf 85' lang='grc' dir='ltr'><strong>καὶ</strong></span> <span class='ocrx_word' id='word_1_658' title='bbox 777 5424 886 5475; x_wconf 88' lang='grc' dir='ltr'><strong>τῶν</strong></span> <span class='ocrx_word' id='word_1_659' title='bbox 932 5419 991 5475; x_wconf 82' lang='grc' dir='ltr'><strong>ἐκ</strong></span> <span class='ocrx_word' id='word_1_660' title='bbox 1045 5417 1304 5493; x_wconf 88' lang='grc' dir='ltr'>πλαγίου,</span> <span class='ocrx_word' id='word_1_661' title='bbox 1331 5417 1419 5471; x_wconf 87' lang='grc' dir='ltr'><strong>καὶ</strong></span> <span class='ocrx_word' id='word_1_662' title='bbox 1452 5420 1563 5470; x_wconf 90' lang='grc' dir='ltr'><strong>τῶν</strong></span> <span class='ocrx_word' id='word_1_663' title='bbox 1615 5415 1791 5487; x_wconf 70' lang='grc' dir='ltr'>πέριξ,</span> 
     </span>
    </p>
   </div>
   <div class='ocr_carea' id='block_1_89' title="bbox 145 5503 1795 5585">
    <p class='ocr_par' dir='ltr' id='par_1_89' title="bbox 145 5503 1795 5585">
     <span class='ocr_line' id='line_1_89' title="bbox 145 5503 1795 5585; baseline -0.005 -19"><span class='ocrx_word' id='word_1_664' title='bbox 145 5510 239 5566; x_wconf 83' lang='grc' dir='ltr'><strong>καὶ</strong></span> <span class='ocrx_word' id='word_1_665' title='bbox 304 5515 410 5565; x_wconf 90' lang='grc' dir='ltr'><strong>τῶν</strong></span> <span class='ocrx_word' id='word_1_666' title='bbox 469 5510 739 5582; x_wconf 83' lang='grc' dir='ltr'>τεσσάρων</span> <span class='ocrx_word' id='word_1_667' title='bbox 795 5511 1078 5585; x_wconf 83' lang='grc' dir='ltr'>ναρθήκων</span> <span class='ocrx_word' id='word_1_668' title='bbox 1109 5553 1124 5579; x_wconf 92' lang='grc'><strong>,</strong></span> <span class='ocrx_word' id='word_1_669' title='bbox 1174 5504 1558 5579; x_wconf 79' lang='grc' dir='ltr'>κατιχρὺσωσε</span> <span class='ocrx_word' id='word_1_670' title='bbox 1611 5503 1678 5558; x_wconf 84' lang='grc' dir='ltr'><strong>τά</strong></span> <span class='ocrx_word' id='word_1_671' title='bbox 1736 5523 1795 5558; x_wconf 79' lang='grc' dir='ltr'><strong>τε</strong></span> 
     </span>
    </p>
   </div>
   <div class='ocr_carea' id='block_1_90' title="bbox 147 5592 1792 5676">
    <p class='ocr_par' dir='ltr' id='par_1_90' title="bbox 147 5592 1792 5676">
     <span class='ocr_line' id='line_1_90' title="bbox 147 5592 1792 5676; baseline -0.006 -22"><span class='ocrx_word' id='word_1_672' title='bbox 147 5597 323 5676; x_wconf 69' lang='grc' dir='ltr'>ὄροφα</span> <span class='ocrx_word' id='word_1_673' title='bbox 377 5598 429 5669; x_wconf 80' lang='grc' dir='ltr'>ἐξ</span> <span class='ocrx_word' id='word_1_674' title='bbox 486 5596 702 5654; x_wconf 80' lang='grc' dir='ltr'>ὑελίνου</span> <span class='ocrx_word' id='word_1_675' title='bbox 758 5602 968 5674; x_wconf 88' lang='grc' dir='ltr'>χρυσοῦ</span> <span class='ocrx_word' id='word_1_676' title='bbox 1015 5596 1416 5672; x_wconf 83' lang='grc' dir='ltr'>λαμπρότατα,</span> <span class='ocrx_word' id='word_1_677' title='bbox 1475 5592 1564 5647; x_wconf 78' lang='grc' dir='ltr'><strong>καὶ</strong></span> <span class='ocrx_word' id='word_1_678' title='bbox 1627 5593 1792 5666; x_wconf 71' lang='grc' dir='ltr'>μέχρι</span> 
     </span>
    </p>
   </div>
   <div class='ocr_carea' id='block_1_91' title="bbox 149 5681 1792 5765">
    <p class='ocr_par' dir='ltr' id='par_1_91' title="bbox 149 5681 1792 5765">
     <span class='ocr_line' id='line_1_91' title="bbox 149 5681 1792 5765; baseline -0.005 -22"><span class='ocrx_word' id='word_1_679' title='bbox 149 5694 258 5744; x_wconf 84' lang='grc' dir='ltr'><strong>τῶν</strong></span> <span class='ocrx_word' id='word_1_680' title='bbox 310 5686 464 5765; x_wconf 80' lang='grc' dir='ltr'>πέριξ</span> <span class='ocrx_word' id='word_1_681' title='bbox 519 5684 836 5761; x_wconf 82' lang='grc' dir='ltr'>προαυλίων</span> <span class='ocrx_word' id='word_1_682' title='bbox 869 5705 885 5720; x_wconf 75' lang='grc' dir='ltr'><strong>ο</strong></span> <span class='ocrx_word' id='word_1_683' title='bbox 961 5684 1223 5747; x_wconf 80' lang='grc' dir='ltr'>ὡσαύτως</span> <span class='ocrx_word' id='word_1_684' title='bbox 1279 5681 1560 5758; x_wconf 76' lang='grc' dir='ltr'>ἐχρύσωσε</span> <span class='ocrx_word' id='word_1_685' title='bbox 1611 5681 1680 5736; x_wconf 87' lang='grc' dir='ltr'><strong>τά</strong></span> <span class='ocrx_word' id='word_1_686' title='bbox 1733 5701 1792 5736; x_wconf 85' lang='grc' dir='ltr'>τε</span> 
     </span>
    </p>
   </div>
   <div class='ocr_carea' id='block_1_92' title="bbox 1910 3549 3556 3623">
    <p class='ocr_par' dir='ltr' id='par_1_92' title="bbox 1910 3549 3556 3623">
     <span class='ocr_line' id='line_1_92' title="bbox 1910 3549 3556 3623; baseline -0.001 -16"><span class='ocrx_word' id='word_1_687' title='bbox 1910 3556 2244 3608; x_wconf 89' lang='lat' dir='ltr'><strong>nostrorum</strong></span> <span class='ocrx_word' id='word_1_688' title='bbox 2279 3551 2534 3623; x_wconf 89' lang='lat' dir='ltr'><strong>pondere</strong></span> <span class='ocrx_word' id='word_1_689' title='bbox 2564 3568 2735 3622; x_wconf 89' lang='lat' dir='ltr'><strong>pares</strong></span> <span class='ocrx_word' id='word_1_690' title='bbox 2765 3555 2941 3618; x_wconf 88' lang='lat' dir='ltr'><strong>sunt;</strong></span> <span class='ocrx_word' id='word_1_691' title='bbox 2969 3551 3120 3621; x_wconf 88' lang='lat' dir='ltr'><strong>quod</strong></span> <span class='ocrx_word' id='word_1_692' title='bbox 3146 3551 3202 3605; x_wconf 90' lang='lat' dir='ltr'><strong>in</strong></span> <span class='ocrx_word' id='word_1_693' title='bbox 3235 3566 3424 3621; x_wconf 88' lang='lat' dir='ltr'><strong>genus</strong></span> <span class='ocrx_word' id='word_1_694' title='bbox 3447 3549 3556 3606; x_wconf 87' lang='lat' dir='ltr'><strong>luti</strong></span> 
     </span>
    </p>
   </div>
   <div class='ocr_carea' id='block_1_93' title="bbox 1908 3638 3553 3712">
    <p class='ocr_par' dir='ltr' id='par_1_93' title="bbox 1908 3638 3553 3712">
     <span class='ocr_line' id='line_1_93' title="bbox 1908 3638 3553 3712; baseline -0.001 -16"><span class='ocrx_word' id='word_1_695' title='bbox 1908 3640 2272 3697; x_wconf 87' lang='lat' dir='ltr'><strong>levissimum</strong></span> <span class='ocrx_word' id='word_1_696' title='bbox 2289 3640 2776 3712; x_wconf 83' lang='lat' dir='ltr'><strong>sit,spongiosum</strong></span> <span class='ocrx_word' id='word_1_697' title='bbox 2797 3645 2854 3695; x_wconf 91' lang='lat' dir='ltr'><strong>et</strong></span> <span class='ocrx_word' id='word_1_698' title='bbox 2878 3638 3365 3695; x_wconf 82' lang='lat' dir='ltr'><strong>candidum.Hinc</strong></span> <span class='ocrx_word' id='word_1_699' title='bbox 3382 3639 3553 3694; x_wconf 83' lang='lat' dir='ltr'><strong>etiam</strong></span> 
     </span>
    </p>
   </div>
   <div class='ocr_carea' id='block_1_94' title="bbox 1907 3727 3557 3801">
    <p class='ocr_par' dir='ltr' id='par_1_94' title="bbox 1907 3727 3557 3801">
     <span class='ocr_line' id='line_1_94' title="bbox 1907 3727 3557 3801; baseline -0.001 -16"><span class='ocrx_word' id='word_1_700' title='bbox 1907 3728 2144 3785; x_wconf 90' lang='lat' dir='ltr'><strong>Trullus</strong></span> <span class='ocrx_word' id='word_1_701' title='bbox 2180 3729 2451 3801; x_wconf 89' lang='lat' dir='ltr'><strong>pumicea</strong></span> <span class='ocrx_word' id='word_1_702' title='bbox 2497 3745 2627 3784; x_wconf 89' lang='lat' dir='ltr'><strong>esse</strong></span> <span class='ocrx_word' id='word_1_703' title='bbox 2671 3727 2842 3796; x_wconf 79' lang='lat' dir='ltr'><strong>vulgo</strong></span> <span class='ocrx_word' id='word_1_704' title='bbox 2865 3727 3156 3795; x_wconf 88' lang='lat' dir='ltr'><strong>creditur;</strong></span> <span class='ocrx_word' id='word_1_705' title='bbox 3192 3727 3294 3783; x_wconf 90' lang='lat' dir='ltr'><strong>sed</strong></span> <span class='ocrx_word' id='word_1_706' title='bbox 3329 3744 3443 3782; x_wconf 92' lang='lat' dir='ltr'><strong>non</strong></span> <span class='ocrx_word' id='word_1_707' title='bbox 3476 3727 3557 3784; x_wconf 88' lang='lat' dir='ltr'><strong>ita</strong></span> 
     </span>
    </p>
   </div>
   <div class='ocr_carea' id='block_1_95' title="bbox 1909 3816 3556 3888">
    <p class='ocr_par' dir='ltr' id='par_1_95' title="bbox 1909 3816 3556 3888">
     <span class='ocr_line' id='line_1_95' title="bbox 1909 3816 3556 3888; baseline -0.002 -13"><span class='ocrx_word' id='word_1_708' title='bbox 1909 3835 1970 3875; x_wconf 91' lang='lat' dir='ltr'><strong>se</strong></span> <span class='ocrx_word' id='word_1_709' title='bbox 1999 3835 2090 3873; x_wconf 89' lang='lat' dir='ltr'><strong>res</strong></span> <span class='ocrx_word' id='word_1_710' title='bbox 2122 3817 2319 3882; x_wconf 88' lang='lat' dir='ltr'><strong>habet,</strong></span> <span class='ocrx_word' id='word_1_711' title='bbox 2357 3816 2630 3888; x_wconf 89' lang='lat' dir='ltr'><strong>quamvis</strong></span> <span class='ocrx_word' id='word_1_712' title='bbox 2661 3817 2740 3871; x_wconf 88' lang='lat' dir='ltr'><strong>sit</strong></span> <span class='ocrx_word' id='word_1_713' title='bbox 2767 3816 3087 3872; x_wconf 90' lang='lat' dir='ltr'><strong>levissima.</strong></span> <span class='ocrx_word' id='word_1_714' title='bbox 3120 3817 3267 3871; x_wconf 90' lang='lat' dir='ltr'><strong>Tum</strong></span> <span class='ocrx_word' id='word_1_715' title='bbox 3301 3819 3556 3887; x_wconf 89' lang='lat' dir='ltr'><strong>quatuor</strong></span> 
     </span>
    </p>
   </div>
   <div class='ocr_carea' id='block_1_96' title="bbox 1908 3904 3554 3979">
    <p class='ocr_par' dir='ltr' id='par_1_96' title="bbox 1908 3904 3554 3979">
     <span class='ocr_line' id='line_1_96' title="bbox 1908 3904 3554 3979; baseline -0.001 -18"><span class='ocrx_word' id='word_1_716' title='bbox 1908 3907 2166 3979; x_wconf 84' lang='lat' dir='ltr'><strong>ingentis</strong></span> <span class='ocrx_word' id='word_1_717' title='bbox 2197 3906 2366 3962; x_wconf 90' lang='lat' dir='ltr'><strong>molis</strong></span> <span class='ocrx_word' id='word_1_718' title='bbox 2399 3906 2606 3961; x_wconf 90' lang='lat' dir='ltr'><strong>structi</strong></span> <span class='ocrx_word' id='word_1_719' title='bbox 2642 3905 2889 3961; x_wconf 80' lang='lat' dir='ltr'><strong>fornices</strong></span> <span class='ocrx_word' id='word_1_720' title='bbox 2923 3922 2936 3960; x_wconf 89' lang='lat'><strong>:</strong></span> <span class='ocrx_word' id='word_1_721' title='bbox 2971 3909 3176 3977; x_wconf 89' lang='lat' dir='ltr'><strong>postea</strong></span> <span class='ocrx_word' id='word_1_722' title='bbox 3204 3921 3337 3960; x_wconf 88' lang='lat' dir='ltr'><strong>vero</strong></span> <span class='ocrx_word' id='word_1_723' title='bbox 3385 3904 3554 3960; x_wconf 87' lang='lat' dir='ltr'><strong>Trul-</strong></span> 
     </span>
    </p>
   </div>
   <div class='ocr_carea' id='block_1_97' title="bbox 1907 3992 3552 4058">
    <p class='ocr_par' dir='ltr' id='par_1_97' title="bbox 1907 3992 3552 4058">
     <span class='ocr_line' id='line_1_97' title="bbox 1907 3992 3552 4058; baseline -0.001 -8"><span class='ocrx_word' id='word_1_724' title='bbox 1907 3996 2029 4050; x_wconf 94' lang='lat' dir='ltr'><strong>lum</strong></span> <span class='ocrx_word' id='word_1_725' title='bbox 2062 3997 2120 4049; x_wconf 92' lang='lat' dir='ltr'><strong>in</strong></span> <span class='ocrx_word' id='word_1_726' title='bbox 2154 3995 2467 4050; x_wconf 87' lang='lat' dir='ltr'><strong>rotundam</strong></span> <span class='ocrx_word' id='word_1_727' title='bbox 2494 3995 2738 4050; x_wconf 84' lang='lat' dir='ltr'><strong>formam</strong></span> <span class='ocrx_word' id='word_1_728' title='bbox 2763 3993 3048 4049; x_wconf 73' lang='lat' dir='ltr'><strong>aediﬁcare</strong></span> <span class='ocrx_word' id='word_1_729' title='bbox 3068 3994 3210 4058; x_wconf 86' lang='lat' dir='ltr'><strong>orsi,</strong></span> <span class='ocrx_word' id='word_1_730' title='bbox 3233 4010 3310 4048; x_wconf 70' lang='grc' dir='ltr'>ιιι</span> <span class='ocrx_word' id='word_1_731' title='bbox 3339 3992 3552 4049; x_wconf 85' lang='lat' dir='ltr'><strong>lateres</strong></span> 
     </span>
    </p>
   </div>
   <div class='ocr_carea' id='block_1_98' title="bbox 1907 4083 3554 4156">
    <p class='ocr_par' dir='ltr' id='par_1_98' title="bbox 1907 4083 3554 4156">
     <span class='ocr_line' id='line_1_98' title="bbox 1907 4083 3554 4156; baseline -0.001 -18"><span class='ocrx_word' id='word_1_732' title='bbox 1907 4088 2250 4156; x_wconf 90' lang='lat' dir='ltr'><strong>posuerunt,</strong></span> <span class='ocrx_word' id='word_1_733' title='bbox 2283 4089 2339 4138; x_wconf 91' lang='lat' dir='ltr'><strong>et</strong></span> <span class='ocrx_word' id='word_1_734' title='bbox 2368 4083 2521 4138; x_wconf 88' lang='lat' dir='ltr'><strong>inter</strong></span> <span class='ocrx_word' id='word_1_735' title='bbox 2549 4100 2630 4138; x_wconf 85' lang='lat' dir='ltr'><strong>x11</strong></span> <span class='ocrx_word' id='word_1_736' title='bbox 2662 4083 2873 4138; x_wconf 89' lang='lat' dir='ltr'><strong>lateres</strong></span> <span class='ocrx_word' id='word_1_737' title='bbox 2923 4084 3274 4152; x_wconf 87' lang='lat' dir='ltr'><strong>sacerdotes,</strong></span> <span class='ocrx_word' id='word_1_738' title='bbox 3325 4098 3430 4153; x_wconf 93' lang='lat' dir='ltr'><strong>pro</strong></span> <span class='ocrx_word' id='word_1_739' title='bbox 3460 4099 3554 4137; x_wconf 89' lang='lat' dir='ltr'><strong>ec-</strong></span> 
     </span>
    </p>
   </div>
   <div class='ocr_carea' id='block_1_99' title="bbox 1905 4167 3556 4241">
    <p class='ocr_par' dir='ltr' id='par_1_99' title="bbox 1905 4167 3556 4241">
     <span class='ocr_line' id='line_1_99' title="bbox 1905 4167 3556 4241; baseline -0.002 -15"><span class='ocrx_word' id='word_1_740' title='bbox 1905 4171 2094 4226; x_wconf 59' lang='lat' dir='ltr'><strong>clesiae</strong></span> <span class='ocrx_word' id='word_1_741' title='bbox 2125 4175 2424 4226; x_wconf 89' lang='lat' dir='ltr'><strong>structura</strong></span> <span class='ocrx_word' id='word_1_742' title='bbox 2451 4169 2796 4225; x_wconf 81' lang='lat' dir='ltr'><strong>etfirmitate</strong></span> <span class='ocrx_word' id='word_1_743' title='bbox 2820 4186 3022 4241; x_wconf 88' lang='lat' dir='ltr'><strong>preces</strong></span> <span class='ocrx_word' id='word_1_744' title='bbox 3049 4169 3392 4225; x_wconf 88' lang='lat' dir='ltr'><strong>fundebant.</strong></span> <span class='ocrx_word' id='word_1_745' title='bbox 3411 4167 3556 4223; x_wconf 86' lang='lat' dir='ltr'><strong>Hinc</strong></span> 
     </span>
    </p>
   </div>
   <div class='ocr_carea' id='block_1_100' title="bbox 1904 4257 3556 4332">
    <p class='ocr_par' dir='ltr' id='par_1_100' title="bbox 1904 4257 3556 4332">
     <span class='ocr_line' id='line_1_100' title="bbox 1904 4257 3556 4332; baseline -0.002 -16"><span class='ocrx_word' id='word_1_746' title='bbox 1904 4277 2089 4332; x_wconf 65' lang='lat' dir='ltr'><strong>operae</strong></span> <span class='ocrx_word' id='word_1_747' title='bbox 2121 4260 2182 4314; x_wconf 91' lang='lat' dir='ltr'><strong>in</strong></span> <span class='ocrx_word' id='word_1_748' title='bbox 2210 4259 2464 4332; x_wconf 80' lang='lat' dir='ltr'><strong>singulis</strong></span> <span class='ocrx_word' id='word_1_749' title='bbox 2495 4259 2784 4315; x_wconf 88' lang='lat' dir='ltr'><strong>duodenis</strong></span> <span class='ocrx_word' id='word_1_750' title='bbox 2820 4259 3102 4314; x_wconf 87' lang='lat' dir='ltr'><strong>lateribus</strong></span> <span class='ocrx_word' id='word_1_751' title='bbox 3132 4257 3368 4330; x_wconf 87' lang='lat' dir='ltr'><strong>singula</strong></span> <span class='ocrx_word' id='word_1_752' title='bbox 3397 4257 3556 4312; x_wconf 85' lang='lat' dir='ltr'><strong>fora-</strong></span> 
     </span>
    </p>
   </div>
   <div class='ocr_carea' id='block_1_101' title="bbox 1906 4347 3555 4420">
    <p class='ocr_par' dir='ltr' id='par_1_101' title="bbox 1906 4347 3555 4420">
     <span class='ocr_line' id='line_1_101' title="bbox 1906 4347 3555 4420; baseline -0.002 -15"><span class='ocrx_word' id='word_1_753' title='bbox 1906 4350 2069 4405; x_wconf 91' lang='lat' dir='ltr'><strong>mina</strong></span> <span class='ocrx_word' id='word_1_754' title='bbox 2097 4353 2400 4420; x_wconf 84' lang='lat' dir='ltr'><strong>excavant,</strong></span> <span class='ocrx_word' id='word_1_755' title='bbox 2455 4349 2676 4420; x_wconf 87' lang='lat' dir='ltr'><strong>quibus</strong></span> <span class='ocrx_word' id='word_1_756' title='bbox 2726 4347 3090 4404; x_wconf 89' lang='lat' dir='ltr'><strong>venerabiles</strong></span> <span class='ocrx_word' id='word_1_757' title='bbox 3138 4351 3196 4403; x_wconf 88' lang='lat' dir='ltr'><strong>et</strong></span> <span class='ocrx_word' id='word_1_758' title='bbox 3227 4364 3426 4404; x_wconf 85' lang='lat' dir='ltr'><strong>sacras</strong></span> <span class='ocrx_word' id='word_1_759' title='bbox 3454 4363 3555 4402; x_wconf 88' lang='lat' dir='ltr'><strong>va-</strong></span> 
     </span>
    </p>
   </div>
   <div class='ocr_carea' id='block_1_102' title="bbox 1904 4437 3553 4510">
    <p class='ocr_par' dir='ltr' id='par_1_102' title="bbox 1904 4437 3553 4510">
     <span class='ocr_line' id='line_1_102' title="bbox 1904 4437 3553 4510; baseline -0.002 -16"><span class='ocrx_word' id='word_1_760' title='bbox 1904 4439 2128 4494; x_wconf 90' lang='lat' dir='ltr'><strong>riorum</strong></span> <span class='ocrx_word' id='word_1_761' title='bbox 2168 4444 2509 4495; x_wconf 90' lang='lat' dir='ltr'><strong>sanctorum</strong></span> <span class='ocrx_word' id='word_1_762' title='bbox 2565 4438 2851 4510; x_wconf 87' lang='lat' dir='ltr'><strong>reliquias</strong></span> <span class='ocrx_word' id='word_1_763' title='bbox 2899 4437 3320 4506; x_wconf 89' lang='lat' dir='ltr'><strong>immittebant,</strong></span> <span class='ocrx_word' id='word_1_764' title='bbox 3370 4437 3553 4492; x_wconf 89' lang='lat' dir='ltr'><strong>donec</strong></span> 
     </span>
    </p>
   </div>
   <div class='ocr_carea' id='block_1_103' title="bbox 1906 4525 3554 4598">
    <p class='ocr_par' dir='ltr' id='par_1_103' title="bbox 1906 4525 3554 4598">
     <span class='ocr_line' id='line_1_103' title="bbox 1906 4525 3554 4598; baseline -0.001 -14"><span class='ocrx_word' id='word_1_765' title='bbox 1906 4529 2159 4598; x_wconf 82' lang='lat' dir='ltr'><strong>perfecta</strong></span> <span class='ocrx_word' id='word_1_766' title='bbox 2189 4533 2247 4583; x_wconf 92' lang='lat' dir='ltr'><strong>et</strong></span> <span class='ocrx_word' id='word_1_767' title='bbox 2277 4528 2548 4585; x_wconf 90' lang='lat' dir='ltr'><strong>absoluta</strong></span> <span class='ocrx_word' id='word_1_768' title='bbox 2575 4527 2813 4584; x_wconf 91' lang='lat' dir='ltr'><strong>Trullus</strong></span> <span class='ocrx_word' id='word_1_769' title='bbox 2854 4531 3029 4583; x_wconf 86' lang='lat' dir='ltr'><strong>esset.</strong></span> <span class='ocrx_word' id='word_1_770' title='bbox 3064 4528 3200 4582; x_wconf 86' lang='lat' dir='ltr'><strong>Erat</strong></span> <span class='ocrx_word' id='word_1_771' title='bbox 3229 4531 3423 4583; x_wconf 86' lang='lat' dir='ltr'><strong>autem</strong></span> <span class='ocrx_word' id='word_1_772' title='bbox 3455 4525 3554 4582; x_wconf 90' lang='lat' dir='ltr'><strong>illa</strong></span> 
     </span>
    </p>
   </div>
   <div class='ocr_carea' id='block_1_104' title="bbox 1905 4613 3550 4688">
    <p class='ocr_par' dir='ltr' id='par_1_104' title="bbox 1905 4613 3550 4688">
     <span class='ocr_line' id='line_1_104' title="bbox 1905 4613 3550 4688; baseline -0.002 -17"><span class='ocrx_word' id='word_1_773' title='bbox 1905 4617 2185 4673; x_wconf 88' lang='lat' dir='ltr'><strong>insolenti</strong></span> <span class='ocrx_word' id='word_1_774' title='bbox 2216 4622 2274 4672; x_wconf 87' lang='lat' dir='ltr'><strong>et</strong></span> <span class='ocrx_word' id='word_1_775' title='bbox 2307 4635 2453 4673; x_wconf 94' lang='lat' dir='ltr'><strong>novo</strong></span> <span class='ocrx_word' id='word_1_776' title='bbox 2499 4617 2731 4671; x_wconf 66' lang='lat' dir='ltr'><strong>fabricae</strong></span> <span class='ocrx_word' id='word_1_777' title='bbox 2780 4632 2993 4688; x_wconf 87' lang='lat' dir='ltr'><strong>genere</strong></span> <span class='ocrx_word' id='word_1_778' title='bbox 3039 4615 3313 4670; x_wconf 90' lang='lat' dir='ltr'><strong>sublimis</strong></span> <span class='ocrx_word' id='word_1_779' title='bbox 3361 4613 3550 4668; x_wconf 87' lang='lat' dir='ltr'><strong>consi-</strong></span> 
     </span>
    </p>
   </div>
   <div class='ocr_carea' id='block_1_105' title="bbox 1906 4701 3548 4776">
    <p class='ocr_par' dir='ltr' id='par_1_105' title="bbox 1906 4701 3548 4776">
     <span class='ocr_line' id='line_1_105' title="bbox 1906 4701 3548 4776; baseline -0.002 -16"><span class='ocrx_word' id='word_1_780' title='bbox 1906 4712 2083 4762; x_wconf 81' lang='lat' dir='ltr'><strong>stens.</strong></span> <span class='ocrx_word' id='word_1_781' title='bbox 2121 4712 2203 4760; x_wconf 84' lang='lat' dir='ltr'><strong>Ac</strong></span> <span class='ocrx_word' id='word_1_782' title='bbox 2231 4706 2444 4760; x_wconf 86' lang='lat' dir='ltr'><strong>deinde</strong></span> <span class='ocrx_word' id='word_1_783' title='bbox 2473 4705 2761 4760; x_wconf 88' lang='lat' dir='ltr'><strong>absolutis</strong></span> <span class='ocrx_word' id='word_1_784' title='bbox 2791 4703 3158 4776; x_wconf 87' lang='lat' dir='ltr'><strong>elegantibus</strong></span> <span class='ocrx_word' id='word_1_785' title='bbox 3188 4701 3305 4756; x_wconf 91' lang='lat' dir='ltr'><strong>illis</strong></span> <span class='ocrx_word' id='word_1_786' title='bbox 3335 4706 3392 4756; x_wconf 89' lang='lat' dir='ltr'><strong>et</strong></span> <span class='ocrx_word' id='word_1_787' title='bbox 3423 4717 3548 4756; x_wconf 87' lang='lat' dir='ltr'><strong>ma-</strong></span> 
     </span>
    </p>
   </div>
   <div class='ocr_carea' id='block_1_106' title="bbox 1905 4792 3550 4865">
    <p class='ocr_par' dir='ltr' id='par_1_106' title="bbox 1905 4792 3550 4865">
     <span class='ocr_line' id='line_1_106' title="bbox 1905 4792 3550 4865; baseline -0.003 -17"><span class='ocrx_word' id='word_1_788' title='bbox 1905 4793 2134 4865; x_wconf 82' lang='lat' dir='ltr'><strong>gnificis</strong></span> <span class='ocrx_word' id='word_1_789' title='bbox 2185 4794 2530 4849; x_wconf 85' lang='lat' dir='ltr'><strong>marmoreis</strong></span> <span class='ocrx_word' id='word_1_790' title='bbox 2572 4792 3124 4857; x_wconf 90' lang='lat' dir='ltr'><strong>inscrutationibus,</strong></span> <span class='ocrx_word' id='word_1_791' title='bbox 3158 4807 3358 4845; x_wconf 90' lang='lat' dir='ltr'><strong>earum</strong></span> <span class='ocrx_word' id='word_1_792' title='bbox 3391 4805 3550 4844; x_wconf 90' lang='lat' dir='ltr'><strong>com-</strong></span> 
     </span>
    </p>
   </div>
   <div class='ocr_carea' id='block_1_107' title="bbox 1907 4879 3547 4946">
    <p class='ocr_par' dir='ltr' id='par_1_107' title="bbox 1907 4879 3547 4946">
     <span class='ocr_line' id='line_1_107' title="bbox 1907 4879 3547 4946; baseline -0.003 -10"><span class='ocrx_word' id='word_1_793' title='bbox 1907 4883 2194 4937; x_wconf 89' lang='lat' dir='ltr'><strong>missuras</strong></span> <span class='ocrx_word' id='word_1_794' title='bbox 2238 4898 2380 4937; x_wconf 90' lang='lat' dir='ltr'><strong>auro</strong></span> <span class='ocrx_word' id='word_1_795' title='bbox 2429 4882 2824 4946; x_wconf 85' lang='lat' dir='ltr'><strong>obduxerunt,</strong></span> <span class='ocrx_word' id='word_1_796' title='bbox 2884 4895 3110 4934; x_wconf 88' lang='lat' dir='ltr'><strong>necnon</strong></span> <span class='ocrx_word' id='word_1_797' title='bbox 3142 4879 3547 4935; x_wconf 87' lang='lat' dir='ltr'><strong>columnarum</strong></span> 
     </span>
    </p>
   </div>
   <div class='ocr_carea' id='block_1_108' title="bbox 1904 4965 3551 5042">
    <p class='ocr_par' dir='ltr' id='par_1_108' title="bbox 1904 4965 3551 5042">
     <span class='ocr_line' id='line_1_108' title="bbox 1904 4965 3551 5042; baseline -0.004 -18"><span class='ocrx_word' id='word_1_798' title='bbox 1904 4969 2172 5042; x_wconf 78' lang='lat' dir='ltr'><strong>capitella</strong></span> <span class='ocrx_word' id='word_1_799' title='bbox 2201 4974 2257 5025; x_wconf 91' lang='lat' dir='ltr'><strong>et</strong></span> <span class='ocrx_word' id='word_1_800' title='bbox 2279 4968 2611 5041; x_wconf 81' lang='lat' dir='ltr'><strong>anaglypba</strong></span> <span class='ocrx_word' id='word_1_801' title='bbox 2635 4987 2648 5037; x_wconf 87' lang='lat'><strong>;</strong></span> <span class='ocrx_word' id='word_1_802' title='bbox 2676 4969 3012 5040; x_wconf 85' lang='lat' dir='ltr'><strong>pariterque</strong></span> <span class='ocrx_word' id='word_1_803' title='bbox 3044 4966 3341 5040; x_wconf 84' lang='lat' dir='ltr'><strong>perystilia</strong></span> <span class='ocrx_word' id='word_1_804' title='bbox 3373 4965 3551 5037; x_wconf 88' lang='lat' dir='ltr'><strong>porti-</strong></span> 
     </span>
    </p>
   </div>
   <div class='ocr_carea' id='block_1_109' title="bbox 1903 5054 3553 5130">
    <p class='ocr_par' dir='ltr' id='par_1_109' title="bbox 1903 5054 3553 5130">
     <span class='ocr_line' id='line_1_109' title="bbox 1903 5054 3553 5130; baseline -0.004 -16"><span class='ocrx_word' id='word_1_805' title='bbox 1903 5076 2080 5114; x_wconf 90' lang='lat' dir='ltr'><strong>cuum</strong></span> <span class='ocrx_word' id='word_1_806' title='bbox 2111 5059 2384 5116; x_wconf 72' lang='lat' dir='ltr'><strong>secundaa</strong></span> <span class='ocrx_word' id='word_1_807' title='bbox 2417 5059 2717 5130; x_wconf 56' lang='lat' dir='ltr'><strong>tertiasque</strong></span> <span class='ocrx_word' id='word_1_808' title='bbox 2749 5055 3294 5112; x_wconf 85' lang='lat' dir='ltr'><strong>concamerationis.</strong></span> <span class='ocrx_word' id='word_1_809' title='bbox 3343 5054 3553 5109; x_wconf 87' lang='lat' dir='ltr'><strong>Omnia</strong></span> 
     </span>
    </p>
   </div>
   <div class='ocr_carea' id='block_1_110' title="bbox 1904 5143 3550 5219">
    <p class='ocr_par' dir='ltr' id='par_1_110' title="bbox 1904 5143 3550 5219">
     <span class='ocr_line' id='line_1_110' title="bbox 1904 5143 3550 5219; baseline -0.004 -16"><span class='ocrx_word' id='word_1_810' title='bbox 1904 5150 2143 5204; x_wconf 90' lang='lat' dir='ltr'><strong>demum</strong></span> <span class='ocrx_word' id='word_1_811' title='bbox 2175 5165 2317 5204; x_wconf 87' lang='lat' dir='ltr'><strong>auro</strong></span> <span class='ocrx_word' id='word_1_812' title='bbox 2349 5165 2494 5219; x_wconf 91' lang='lat' dir='ltr'><strong>puro</strong></span> <span class='ocrx_word' id='word_1_813' title='bbox 2517 5148 2770 5202; x_wconf 91' lang='lat' dir='ltr'><strong>obducta</strong></span> <span class='ocrx_word' id='word_1_814' title='bbox 2799 5152 2856 5202; x_wconf 90' lang='lat' dir='ltr'><strong>et</strong></span> <span class='ocrx_word' id='word_1_815' title='bbox 2885 5146 3154 5202; x_wconf 81' lang='lat' dir='ltr'><strong>decorata</strong></span> <span class='ocrx_word' id='word_1_816' title='bbox 3177 5147 3342 5211; x_wconf 87' lang='lat' dir='ltr'><strong>sunt;</strong></span> <span class='ocrx_word' id='word_1_817' title='bbox 3380 5143 3550 5214; x_wconf 87' lang='lat' dir='ltr'><strong>cujus</strong></span> 
     </span>
    </p>
   </div>
   <div class='ocr_carea' id='block_1_111' title="bbox 1902 5232 3550 5309">
    <p class='ocr_par' dir='ltr' id='par_1_111' title="bbox 1902 5232 3550 5309">
     <span class='ocr_line' id='line_1_111' title="bbox 1902 5232 3550 5309; baseline -0.004 -17"><span class='ocrx_word' id='word_1_818' title='bbox 1902 5235 2137 5292; x_wconf 64' lang='lat' dir='ltr'><strong>laminae</strong></span> <span class='ocrx_word' id='word_1_819' title='bbox 2205 5238 2322 5292; x_wconf 91' lang='lat' dir='ltr'><strong>duo</strong></span> <span class='ocrx_word' id='word_1_820' title='bbox 2379 5237 2584 5309; x_wconf 68' lang='lat' dir='ltr'><strong>spissa:</strong></span> <span class='ocrx_word' id='word_1_821' title='bbox 2643 5235 2861 5307; x_wconf 89' lang='lat' dir='ltr'><strong>digitos</strong></span> <span class='ocrx_word' id='word_1_822' title='bbox 2931 5238 3120 5289; x_wconf 91' lang='lat' dir='ltr'><strong>erant.</strong></span> <span class='ocrx_word' id='word_1_823' title='bbox 3181 5233 3355 5288; x_wconf 87' lang='lat' dir='ltr'><strong>Tecta</strong></span> <span class='ocrx_word' id='word_1_824' title='bbox 3409 5232 3550 5288; x_wconf 89' lang='lat' dir='ltr'><strong>item</strong></span> 
     </span>
    </p>
   </div>
   <div class='ocr_carea' id='block_1_112' title="bbox 1903 5322 3550 5397">
    <p class='ocr_par' dir='ltr' id='par_1_112' title="bbox 1903 5322 3550 5397">
     <span class='ocr_line' id='line_1_112' title="bbox 1903 5322 3550 5397; baseline -0.003 -15"><span class='ocrx_word' id='word_1_825' title='bbox 1903 5327 2103 5382; x_wconf 89' lang='lat' dir='ltr'><strong>omnia</strong></span> <span class='ocrx_word' id='word_1_826' title='bbox 2147 5326 2267 5382; x_wconf 91' lang='lat' dir='ltr'><strong>sive</strong></span> <span class='ocrx_word' id='word_1_827' title='bbox 2298 5343 2331 5382; x_wconf 93' lang='lat' dir='ltr'><strong>a</strong></span> <span class='ocrx_word' id='word_1_828' title='bbox 2357 5325 2645 5397; x_wconf 91' lang='lat' dir='ltr'><strong>superiori</strong></span> <span class='ocrx_word' id='word_1_829' title='bbox 2683 5325 2908 5397; x_wconf 90' lang='lat' dir='ltr'><strong>porticu</strong></span> <span class='ocrx_word' id='word_1_830' title='bbox 2942 5322 3210 5378; x_wconf 68' lang='lat' dir='ltr'><strong>secundae</strong></span> <span class='ocrx_word' id='word_1_831' title='bbox 3241 5337 3550 5377; x_wconf 87' lang='lat' dir='ltr'><strong>concame-</strong></span> 
     </span>
    </p>
   </div>
   <div class='ocr_carea' id='block_1_113' title="bbox 1905 5410 3547 5482">
    <p class='ocr_par' dir='ltr' id='par_1_113' title="bbox 1905 5410 3547 5482">
     <span class='ocr_line' id='line_1_113' title="bbox 1905 5410 3547 5482; baseline -0.003 -12"><span class='ocrx_word' id='word_1_832' title='bbox 1905 5414 2170 5482; x_wconf 88' lang='lat' dir='ltr'><strong>rationis,</strong></span> <span class='ocrx_word' id='word_1_833' title='bbox 2202 5415 2323 5469; x_wconf 89' lang='lat' dir='ltr'><strong>sive</strong></span> <span class='ocrx_word' id='word_1_834' title='bbox 2354 5431 2388 5468; x_wconf 88' lang='lat' dir='ltr'><strong>a</strong></span> <span class='ocrx_word' id='word_1_835' title='bbox 2418 5413 2702 5468; x_wconf 90' lang='lat' dir='ltr'><strong>lateribus</strong></span> <span class='ocrx_word' id='word_1_836' title='bbox 2759 5418 2816 5467; x_wconf 87' lang='lat' dir='ltr'><strong>et</strong></span> <span class='ocrx_word' id='word_1_837' title='bbox 2866 5412 3012 5466; x_wconf 88' lang='lat' dir='ltr'><strong>locis</strong></span> <span class='ocrx_word' id='word_1_838' title='bbox 3088 5410 3547 5481; x_wconf 85' lang='lat' dir='ltr'><strong>circumpositis,</strong></span> 
     </span>
    </p>
   </div>
   <div class='ocr_carea' id='block_1_114' title="bbox 1901 5499 3551 5575">
    <p class='ocr_par' dir='ltr' id='par_1_114' title="bbox 1901 5499 3551 5575">
     <span class='ocr_line' id='line_1_114' title="bbox 1901 5499 3551 5575; baseline -0.003 -17"><span class='ocrx_word' id='word_1_839' title='bbox 1901 5509 2266 5575; x_wconf 87' lang='lat' dir='ltr'><strong>quatuorque</strong></span> <span class='ocrx_word' id='word_1_840' title='bbox 2306 5502 2684 5557; x_wconf 87' lang='lat' dir='ltr'><strong>narthecibus</strong></span> <span class='ocrx_word' id='word_1_841' title='bbox 2717 5515 2902 5573; x_wconf 90' lang='lat' dir='ltr'><strong>usque</strong></span> <span class='ocrx_word' id='word_1_842' title='bbox 2950 5501 3022 5555; x_wconf 91' lang='lat' dir='ltr'><strong>ad</strong></span> <span class='ocrx_word' id='word_1_843' title='bbox 3072 5499 3551 5569; x_wconf 83' lang='lat' dir='ltr'><strong>circumjacentia</strong></span> 
     </span>
    </p>
   </div>
   <div class='ocr_carea' id='block_1_115' title="bbox 1902 5586 3548 5661">
    <p class='ocr_par' dir='ltr' id='par_1_115' title="bbox 1902 5586 3548 5661">
     <span class='ocr_line' id='line_1_115' title="bbox 1902 5586 3548 5661; baseline -0.003 -15"><span class='ocrx_word' id='word_1_844' title='bbox 1902 5591 2192 5648; x_wconf 87' lang='lat' dir='ltr'><strong>vestibula</strong></span> <span class='ocrx_word' id='word_1_845' title='bbox 2221 5608 2365 5647; x_wconf 89' lang='lat' dir='ltr'><strong>auro</strong></span> <span class='ocrx_word' id='word_1_846' title='bbox 2395 5590 2732 5647; x_wconf 90' lang='lat' dir='ltr'><strong>encaustico</strong></span> <span class='ocrx_word' id='word_1_847' title='bbox 2763 5606 2936 5661; x_wconf 89' lang='lat' dir='ltr'><strong>opere</strong></span> <span class='ocrx_word' id='word_1_848' title='bbox 2984 5589 3247 5644; x_wconf 76' lang='lat' dir='ltr'><strong>confecto</strong></span> <span class='ocrx_word' id='word_1_849' title='bbox 3287 5586 3548 5658; x_wconf 82' lang='lat' dir='ltr'><strong>splendi-</strong></span> 
     </span>
    </p>
   </div>
   <div class='ocr_carea' id='block_1_116' title="bbox 1903 5675 3546 5751">
    <p class='ocr_par' dir='ltr' id='par_1_116' title="bbox 1903 5675 3546 5751">
     <span class='ocr_line' id='line_1_116' title="bbox 1903 5675 3546 5751; baseline -0.003 -15"><span class='ocrx_word' id='word_1_850' title='bbox 1903 5679 2147 5736; x_wconf 89' lang='lat' dir='ltr'><strong>dissime</strong></span> <span class='ocrx_word' id='word_1_851' title='bbox 2175 5680 2478 5737; x_wconf 83' lang='lat' dir='ltr'><strong>exornavit</strong></span> <span class='ocrx_word' id='word_1_852' title='bbox 2521 5697 2534 5737; x_wconf 90' lang='lat'><strong>:</strong></span> <span class='ocrx_word' id='word_1_853' title='bbox 2577 5678 2839 5751; x_wconf 86' lang='lat' dir='ltr'><strong>porticus</strong></span> <span class='ocrx_word' id='word_1_854' title='bbox 2887 5678 3028 5734; x_wconf 88' lang='lat' dir='ltr'><strong>item</strong></span> <span class='ocrx_word' id='word_1_855' title='bbox 3071 5675 3424 5750; x_wconf 84' lang='lat' dir='ltr'><strong>superiores,</strong></span> <span class='ocrx_word' id='word_1_856' title='bbox 3455 5692 3546 5732; x_wconf 92' lang='lat' dir='ltr'><strong>co-</strong></span> 
     </span>
    </p>
   </div>
  </div>
