4046 6338
462 366 490 422 1
501 364 617 424 303

1425 369 1819 431 APPENDIX
1860 370 1963 429 AD
2008 369 2469 431 MICHAELEM
2514 367 2905 430 PSELLUM.

3719 363 3865 424 1304

458 496 706 552 lumnas
756 502 813 552 et
860 499 1315 555 incrustationes
1349 516 1708 557 marmoreas
1764 502 1889 574 pari
1941 518 2111 556 orna-

2233 500 2446 574 ὑπερῷα
2473 500 2561 553 καὶ
2593 498 2720 560 τοὺς
2760 496 2968 564 κίονας,
3027 494 3120 550 καὶ
3174 493 3270 556 τὰς
3324 492 3872 569 ὀρθομαρμαρώσεις.

466 592 665 641 mento
697 587 1014 643 decoravit.
1039 588 1266 660 Templi
1308 606 1545 662 quoque
1575 591 1979 662 pavimentum
2011 608 2109 646 va-

470 674 573 729 riis
620 676 1011 747 pretiosisque
1062 678 1457 734 marmoribus
1508 680 1754 735 ornavit.
1810 679 2111 735 Lateribus

470 779 603 817 vero
634 765 999 821 extrinsecus
1038 770 1095 821 et
1124 783 1154 822 e
1185 767 1373 823 vicino
1424 768 1634 836 positis
1674 768 2001 840 perpolitis,
2045 785 2113 824 ea

470 853 736 909 candidis
760 854 1148 927 pretiosisque
1168 873 1234 912 ac
1258 856 1596 928 ingentibus
1627 857 1927 929 lapidibus
1974 874 2110 912 con-

468 941 695 997 stravit.

2221 590 2290 643 Τὸ
2324 586 2380 642 δὲ
2407 586 2602 666 ἔδαφος
2629 592 2726 642 τοῦ
2756 591 2886 641 ναοῦ
2916 584 3288 657 κατεκόσμησε
3320 581 3409 638 διὰ
3438 582 3716 638 ποικίλων
3787 583 3870 636 καὶ

2220 676 2543 732 πολυτελῶν
2575 678 2899 752 μαρμάρων·
2934 674 3025 729 καὶ
3050 668 3356 735 στιλϐώσας
3380 670 3439 728 δὲ
3468 670 3679 746 πλάγια
3698 672 3787 727 καὶ
3817 674 3875 725 τὶ

2220 764 2322 837 ἕξω
2362 768 2447 821 καὶ
2476 767 2543 821 τὰ
2571 767 2723 841 πέριξ
2752 764 3090 841 κατὲστρωσε
3119 760 3205 817 διὰ
3239 762 3446 817 λευκῶν
3497 762 3668 826 λίθων
3702 761 3874 816 πολυ-

2222 854 2397 928 τίμων
2436 855 2725 931 μεγίστων.

466 1068 696 1123 Sacrum
728 1068 883 1123 bema
912 1087 984 1124 ea:
1011 1081 1235 1152 argento
1263 1074 1513 1152 con/egit.
1553 1074 1790 1139 Ostiola,
1813 1081 2056 1152 quatuor
2083 1087 2330 1152 mensas,
2356 1070 3490 1152 arcni'cpiSQOpi_tv-honum,_cisaccrdotuni
3518 1069 3724 1152 sedilia
3761 1085 3874 1152 ξερ-

537 1150 666 1205 tcm,
710 1156 782 1195 ea:
808 1147 1033 1211 argento
1065 1141 1370 1197 deaurata,
1409 1143 1621 1199 Sancta
1666 1141 1983 1200 sanctorum
2014 1146 2166 1214 infra
2194 1143 2395 1213 gradus
2415 1141 2554 1197 sita!
2577 1141 2860 1198 Ciborium
2890 1159 2954 1197 ac
2983 1142 3197 1214 reliqua
3227 1142 3427 1197 altaris
3455 1141 3872 1196 describuntur.

534 1214 707 1267 Sacra
736 1228 921 1267 mensa
951 1231 1021 1269 ea:
1052 1217 1226 1269 variis
1255 1215 1536 1285 lapidibus
1561 1219 1816 1286 pretiosis
1847 1222 1895 1271 et
1924 1217 2140 1271 metalli
2165 1215 2457 1285 generibus
2485 1229 2648 1286 opere
2673 1215 2838 1286 fusili
2865 1215 3124 1283 conﬂata.

535 1316 777 1366 Sacrum
813 1314 984 1368 bema
1041 1330 1110 1369 ex
1167 1319 1408 1387 argento
1459 1314 1786 1387 splendido,
1823 1313 2117 1387 perystilia

466 1405 524 1455 et
552 1400 857 1457 columnas
890 1419 1023 1457 cum
1056 1404 1283 1458 ostiolis
1306 1422 1373 1460 ex
1395 1410 1635 1477 argento
1666 1407 1948 1461 deaurata
1978 1421 2113 1460 con-

469 1490 768 1545 cinnavit:
813 1497 1026 1547 cuncta
1073 1498 1353 1564 argentea
1401 1511 1543 1549 auro
1590 1494 1787 1549 oblita.
1840 1497 1901 1549 In
1948 1510 2113 1549 sacro

472 1583 666 1634 autem
698 1580 924 1635 bemate
955 1586 1210 1652 quatuor
1265 1599 1499 1638 mensas
1545 1582 1834 1639 columnis
1885 1584 2115 1638 innixas

473 1668 677 1736 erexit,
713 1685 858 1739 quas
904 1669 1079 1725 etiam
1133 1688 1275 1726 auro
1315 1672 1590 1727 obduxit:
1624 1672 1958 1744 pariterque
1981 1688 2111 1743 sep-

2295 1312 2369 1366 Τὸ
2420 1308 2476 1365 δὲ
2529 1313 2687 1385 ἅγιον
2750 1313 3132 1386 θυσιαστήριον
3184 1309 3233 1381 ἐξ
3282 1310 3527 1384 ἀργύρου
3590 1306 3872 1383 λαμπροῦ.

2222 1401 2287 1455 τά
2363 1422 2419 1455 τε
2478 1403 2674 1471 στήθεα
2716 1401 2806 1455 καὶ
2857 1400 3063 1472 κίονας,
3120 1400 3344 1475 ἀργύρῳ
3386 1398 3560 1453 πάντα
3618 1396 3873 1472 περιεκῶ

2223 1490 2405 1545 κλωσε
2436 1489 2530 1545 σὺν
2560 1496 2677 1552 τοῖς
2729 1489 3026 1545 πυλαιῶσιο
3087 1488 3259 1543 πάντα
3291 1489 3494 1563 ἀργυρᾶ
3550 1487 3643 1542 καί
3705 1507 3875 1562 χρυσο

2223 1575 2458 1657 ἑμϐαφα.
2534 1580 2816 1654 Τραπέζας
2898 1578 2954 1633 δὲ
3032 1580 3289 1653 τέσσαρας
3362 1582 3441 1648 τῷ
3492 1576 3632 1652 ἁγίῳ
3692 1589 3873 1640 θυσιαο

2223 1669 2432 1739 στηρίῳ
2485 1662 2704 1737 ἔστησεν
2763 1666 2851 1721 ἐπὶ
2899 1666 3026 1729 τοὺς
3082 1668 3288 1734 κίονας,
3347 1665 3436 1721 καὶ
3494 1664 3698 1729 αὐτοὺς
3751 1687 3872 1720 κατ-

471 1760 589 1811 tem
621 1756 826 1812 sedilia
855 1760 1225 1815 sacerdotum
1256 1778 1391 1815 cum
1425 1761 1847 1833 archiepiscopi
1879 1762 2111 1832 throno,

2233 1758 2523 1833 ῑχρύσωσε.
2582 1758 2685 1819 Τὰς
2738 1758 2873 1812 ἑπτὰ
2925 1757 3108 1830 βάσεις
3162 1761 3269 1810 τῶν
3303 1754 3598 1831 ἱερέων,ἒν
3633 1758 3723 1817 αἷς
3745 1758 3870 1809 καθ.

471 1851 528 1900 et
571 1850 821 1916 quatuor
854 1846 1168 1915 columnis,
1222 1851 1529 1921 ustrinque
1562 1851 1752 1922 posita
1790 1850 2112 1906 deauravit.

468 1935 609 1989 Cum
664 1939 859 1991 autem
914 1936 1179 2008 religioni
1221 1940 1458 1994 duceret
1500 1940 1727 2011 ingredi
1759 1940 1817 1994 in
1850 1941 2112 2007 adytum,

468 2025 624 2094 quod
659 2024 918 2097 Cyclium
952 2032 1183 2092 vocant,
1222 2028 1374 2083 infra
1420 2029 1639 2100 gradus
1666 2030 1869 2096 situm,
1904 2030 2117 2084 Sancta

467 2118 805 2169 sanctorum
870 2114 1012 2170 illud
1077 2116 1415 2187 appellavit.
1449 2117 1767 2173 Columnas
1824 2119 1999 2174 etiam
2034 2120 2117 2172 in-

466 2202 657 2273 gentis
713 2202 884 2258 molis
931 2205 1113 2260 erexit
1161 2211 1494 2276 argenteas,
1530 2223 1671 2262 auro
1724 2207 1934 2262 oblitas
1984 2223 2118 2262 cum

471 2291 689 2346 ciborio
725 2296 901 2363 atque
932 2291 1097 2347 liliis.
1150 2293 1453 2349 Ciborium
1505 2300 1701 2351 autem
1746 2303 1985 2369 argento
2016 2314 2120 2352 en-

475 2384 745 2433 caustum
802 2379 954 2435 fecit.
1009 2380 1236 2436 Ciborio
1288 2382 1572 2454 imposuit
1618 2384 1854 2457 globum
1887 2402 1954 2441 ex
1982 2402 2123 2441 auro

472 2466 753 2537 solidum,
782 2469 972 2539 pondo
996 2471 1469 2528 centenariorum
1510 2476 1849 2544 octodecim,
1886 2475 2124 2546 liliaque

477 2572 654 2611 aurea
678 2557 994 2627 pendentia
1014 2557 1197 2615 libras
1219 2566 1454 2617 centum
1481 2564 1804 2631 sexdecim;
1830 2580 2125 2635 supraque

476 2642 581 2700 illa
608 2662 850 2701 auream
892 2662 1127 2703 crucem
1167 2664 1304 2705 cum
1345 2650 1566 2722 lapillis
1605 2654 1900 2723 pretiosis,
1935 2654 2127 2724 iisque

478 2734 822 2790 rarissimis.
856 2737 1005 2791 Crux
1061 2754 1192 2794 vero
1250 2740 1627 2812 septuaginta
1655 2742 1915 2814 quinque
1944 2742 2126 2797 libra-

475 2840 609 2877 rum
672 2824 930 2895 pondere
983 2830 1106 2880 erat
1162 2826 1307 2881 illud
1366 2836 1558 2883 autem
1593 2830 1959 2901 excogitavit,
1993 2847 2124 2887 cum

480 2928 707 2967 sacram
740 2928 1003 2969 mensam
1040 2916 1529 2984 praestantiorem,
1578 2922 1636 2973 et
1664 2918 1791 2990 ipso
1824 2936 1964 2974 auro
1995 2937 2122 2992 pre-

470 3001 748 3056 tiosorem
781 3002 1008 3058 efficere
1039 3003 1254 3059 vellet:
1301 3005 1606 3060 acoercitis
1640 3007 1841 3078 peritis
1875 3007 2123 3062 homini-

475 3090 588 3143 bus
622 3092 767 3145 bene
799 3091 1002 3146 multis
1035 3093 1347 3147 consilium
1381 3112 1556 3149 suum
1572 3096 1821 3167 aperuit.
1853 3095 1941 3151 Illi
1972 3114 2124 3164 vero,
2154 3116 2196 3183 ρ

484 3180 547 3232 In
582 3178 897 3248 fornacem,
959 3180 1253 3251 inquiunt,
1306 3184 1688 3254 conjiciamus
1749 3202 1976 3255 aurum,
2029 3204 2125 3241 ar—

482 3270 748 3337 gentum,
781 3267 1007 3339 lapides
1036 3270 1323 3341 pretiosos
1372 3272 1564 3327 omnis
1613 3275 1865 3345 generis,
1904 3292 2128 3348 marga-

482 3354 647 3425 ritas,
670 3356 981 3427 zambicas,
1016 3375 1114 3429 tes,
1160 3360 1489 3428 succinum,
1518 3361 1850 3433 plumbum,
1886 3364 2130 3431 ferrum,

485 3447 790 3514 stannum,
851 3445 1092 3516 vitrum,
1154 3455 1210 3502 et
1270 3449 1319 3503 si
1377 3451 1532 3521 quod
1582 3456 1672 3506 est
1717 3450 1874 3507 aliud
1910 3452 2131 3508 metalli

486 3535 830 3603 genus.Hmc
852 3551 982 3590 vero
1005 3535 1061 3589 in
1086 3538 1375 3594 mottariis
1398 3541 1649 3594 contrita
1665 3540 2132 3612 etconglulinata

490 3621 548 3675 in
581 3638 677 3676 vas
706 3622 993 3679 fusorium
1030 3624 1371 3681 infuderunt
1404 3644 1417 3682 :
1454 3633 1701 3700 postque
1752 3631 1951 3685 eadem
1998 3631 2130 3703 igne

482 3709 731 3781 liquata,
755 3719 1012 3768 extracta
1050 3717 1121 3769 ab
1159 3716 1484 3771 artiﬁcibus
1511 3719 1567 3772 in
1591 3718 1838 3773 formam
1864 3721 2129 3790 conjecta

480 3803 626 3854 sunt
650 3817 662 3854 :
688 3804 867 3870 atque
899 3800 1009 3855 hac
1041 3803 1317 3859 mistione
1357 3805 1684 3876 composita
1728 3823 1893 3862 sacra
1924 3824 2129 3863 mensa

477 3886 737 3959 ingentis
760 3890 924 3959 pretii
952 3890 1161 3946 educta
1178 3897 1266 3947 est
1294 3909 1305 3946 :
1334 3910 1512 3965 quam
1534 3898 1656 3949 tum
1680 3896 2000 3966 imperator
2019 3914 2125 3951 suo

475 3974 602 4031 loco
626 3977 898 4048 positam,
916 3978 1208 4036 columnis
1234 3998 1301 4036 ex
1327 4000 1466 4038 auro
1494 3983 1700 4039 solidis
1723 3984 1881 4039 varia
1896 4002 2126 4055 gemma

475 4066 694 4120 ornatis
712 4067 975 4122 suifulsit
999 4088 1011 4135 ;
1035 4073 1091 4123 et
1112 4070 1565 4141 circumpositos
1587 4073 1806 4143 gradus
1828 4072 1885 4127 in
1909 4074 2125 4144 quibus

476 4158 631 4208 stare
654 4154 846 4210 solent
890 4158 1223 4213 sacerdotes
1256 4160 1327 4214 ad
1362 4168 1620 4215 sanctam
1658 4178 1918 4217 mensam
1954 4179 2124 4217 oscu-

474 4241 714 4298 landam
774 4249 926 4300 totos
985 4245 1122 4301 item
1178 4252 1507 4317 argenteos,
1554 4251 1865 4305 deauratos
1914 4252 2119 4307 ellecit.

476 4333 632 4385 Mare
654 4336 947 4398 autem,ut
976 4339 1207 4405 vocant,
1233 4353 1409 4391 sacrae
1435 4354 1671 4404 mensze,
1697 4340 2120 4395 inaestimabili-

474 4419 586 4473 bus
610 4419 826 4491 lapillis
847 4423 1165 4477 constravit
1185 4429 1241 4478 et
1262 4442 1403 4480 auro
1427 4426 1687 4481 obduxit.
1708 4428 1848 4490 Quis
1871 4445 2005 4483 vero
2028 4446 2119 4484 sa-

2223 1846 2426 1914 ἕζονται
2481 1840 2765 1907 ἀναϐάντες
2802 1888 2817 1913 ,
2877 1850 2967 1899 σὺν
3021 1849 3103 1916 τῷ
3152 1848 3249 1899 τοῦ
3308 1845 3610 1919 ἀρχιερίως
3670 1843 3870 1918 θρόνῳ,

2224 1935 2312 1989 καὶ
2387 1939 2493 1989 τῶν
2563 1935 2831 2009 τεσσάρων
2908 1934 3160 2009 ἀργυρῶν
3217 1933 3413 1987 κιόνων
3464 1932 3869 2007 κατεχρύσωσε,

2227 2026 2425 2094 στήσας
2487 2024 2721 2097 ἐκατέρῳ
2777 2022 2925 2096 μὶρει
2958 2067 2970 2079 .
3033 2020 3303 2079 Ἀναδὺων
3352 2043 3413 2076 τε
3468 2021 3873 2096 εἰσπορεύεσθαι

2228 2111 2279 2165 ἐν
2327 2117 2405 2183 τῷ
2456 2112 2681 2185 ῒλύματι
2730 2112 2809 2184 τῷ
2850 2110 3174 2184 καλουμένῳ
3232 2110 3481 2183 Κυκλίῳ,
3542 2110 3680 2182 ὅπερ
3744 2109 3884 2164 ἆστὶν

2231 2201 2485 2256 ὑποκάτω
2550 2206 2658 2257 τῶν
2704 2199 3009 2275 βαθμίδων,
3072 2205 3233 2255 τοῦτο
3292 2203 3457 2274 Ἀγια
3514 2199 3683 2274 ἁγίων
3713 2219 3882 2273 προσ·

2234 2291 2563 2367 ηγόρευσεν.
2622 2292 2852 2361 Ἔστησε
2905 2288 2962 2345 δὲ
3016 2291 3107 2345 καὶ
3158 2290 3339 2351 κίονας
3394 2288 3728 2365 εὐμεγέθεις,
3789 2288 3873 2341 καὶ

2232 2380 2432 2444 αὐτοὺς
2478 2380 2960 2456 ἆργυροχρύσους,
3026 2378 3117 2434 σὺν
3173 2383 3254 2451 τῷ
3309 2374 3556 2453 κιϐωρίῳ
3611 2378 3705 2431 καὶ
3765 2384 3880 2437 τοῖς

2231 2470 2456 2546 κρίνοις.
2532 2470 2607 2526 Τὸ
2686 2467 2743 2524 δὲ
2815 2464 3078 2544 κιϐώριον
3138 2467 3637 2544 ἀργυράγκαυστον
3698 2464 3884 2535 ἐποίη-

2233 2581 2342 2618 σεν.
2402 2558 2614 2614 Ἐπάνω
2674 2556 2731 2613 δὲ
2784 2563 2881 2614 τοῦ
2920 2553 3186 2634 κιϐωρίου
3244 2553 3434 2627 ἔστησε
3493 2560 3727 2633 σφαῖραν
3762 2554 3887 2610 ὁλό-

2234 2669 2471 2725 χρυσον,
2529 2648 2761 2723 ἔχουσαν
2821 2648 3061 2721 σταθμὸν
3115 2646 3347 2724 χρυσίου
3404 2646 3732 2719 κεντηνάρια
3794 2647 3882 2713 ιη’,

2233 2739 2323 2792 καὶ
2387 2738 2543 2813 κρίνα
2590 2742 2769 2813 χρυσᾶ
2826 2738 3095 2808 στήσαντα
3162 2742 3281 2811 ρις’,
3337 2734 3427 2789 καὶ
3468 2733 3650 2789 ἐπάνω
3680 2733 3884 2801 αὐτῶν,

2234 2828 2461 2903 σταυρὸν
2522 2826 2760 2902 χρυσοῦν
2814 2826 2948 2899 μετὰ
3006 2824 3173 2888 λίθων
3200 2822 3522 2879 πολυτελῶν
3554 2824 3648 2877 καὶ
3678 2819 3881 2876 δυσπο-

2236 2916 2469 2990 ρίστων,
2537 2914 2685 2979 δστις
2759 2915 2983 2987 σταυρὸς
3059 2914 3175 2988 εἶχε
3232 2914 3472 2985 σταθμον
3526 2915 3740 2987 χρυσοῦ
3799 2909 3883 2963 λί-

2232 3024 2362 3078 τρας
2425 3006 2515 3059 οε’.
2572 3004 2828 3073 Ἐποίησε
2887 2999 2943 3056 δὲ
3003 3002 3257 3076 μηχανὴν
3288 2999 3568 3070 τοιαύτην,
3605 2996 3881 3074 βουλόμε-

2234 3114 2325 3155 νος
2377 3094 2479 3167 γὰρ
2537 3092 2815 3166 κρείττονα
2871 3093 2969 3161 τὴν
3028 3091 3180 3165 ἁγίαν
3238 3090 3505 3164 τράπεζαν
3564 3088 3657 3143 καὶ
3703 3086 3881 3141 πολυ-

2234 3180 2367 3250 τελῆ
2426 3181 2627 3250 ταύτην
2686 3186 2913 3250 ποιῆσαι
2976 3179 3106 3254 ὑπὲρ
3157 3178 3409 3254 χρυσίον,
3440 3175 3882 3253 προσεκαλέσατο

2238 3269 2603 3342 ἐπιστήμονας
2644 3268 2914 3338 πολλοὺς,
2967 3268 3201 3342 εἰρηκὼς
3228 3267 3426 3330 -αὖτοῖς
3478 3270 3663 3321 τοῦτο’
3726 3266 3784 3320 οἱ
3834 3263 3887 3319 εὶ

2239 3357 2441 3436 ἔφησαν
2494 3358 2658 3431 αὐτῷ’
2710 3358 2805 3421 Εἰς
2854 3360 3225 3433 γωνευτήριον
3284 3351 3613 3429 ἐμϐάλωμεν
3656 3356 3887 3430 χρυσὸν,

2240 3446 2473 3523 ἄργυρον
2508 3493 2523 3518 ,
2580 3446 2768 3511 λίθους
2823 3447 3042 3520 τιμίους
3097 3446 3436 3513 παντοίους,
3499 3444 3885 3521 μαργαρίτας,

2242 3534 2539 3610 ζάμϐυκας,
2600 3536 2835 3612 χαλκὸν,
2892 3534 3197 3611 ἤλεκτρον,
3260 3529 3571 3607 μόλιϐδον,
3633 3531 3885 3607 σίδηρον,

2237 3627 2593 3701 κασσίτερον,
2654 3622 2849 3695 ὕελον,
2916 3626 3006 3679 καὶ
3060 3623 3261 3692 λοιπὴν
3318 3629 3487 3677 πᾶσαν
3546 3620 3887 3694 μεταλλικὴν

2238 3714 2397 3785 ὕλην·
2452 3715 2541 3769 καὶ
2574 3713 2857 3789 τρίψαντες
2904 3714 3037 3769 αὐτὰ
3084 3712 3364 3787 ἀμφότερα
3404 3711 3479 3773 είς
3526 3709 3736 3784 ὅλμους
3797 3711 3884 3766 καὶ

2236 3802 2515 3875 δήσαντες,
2574 3803 2661 3857 ἐπὶ
2718 3805 2779 3858 τὸ
2838 3805 3211 3878 χωνευτήριον
3266 3799 3485 3876 ἔχυσαν·
3537 3801 3628 3855 καὶ
3681 3801 3886 3873 ἀναμα-

2234 3895 2455 3966 ξάμενοι
2500 3892 2561 3948 τὸ
2608 3897 2736 3966 πῦρ,
2794 3887 3059 3947 ἀνέλαϐον
3104 3895 3273 3945 ταῦτα
3329 3890 3382 3944 οἱ
3418 3894 3668 3965 τεχνῖται
3698 3888 3759 3943 ἐκ
3788 3890 3885 3944 τοῦ

2233 3982 2424 4054 πυρὸς,
2477 3981 2566 4036 καὶ
2625 3978 2825 4055 ἔχυσαν
2889 3979 2965 4040 είς
3013 3981 3262 4055 τυπάριν·
3322 3979 3411 4033 καὶ
3468 3978 3677 4052 ἐγένετο
3736 3982 3882 4052 χυτή

2233 4075 2523 4146 πάμμιγος
2582 4069 2851 4141 ἀτίμητος
2909 4071 2943 4137 ἡ
2996 4068 3121 4143 ἆγία
3174 4069 3413 4143 τράπεζα
3446 4086 3459 4099 ·
3545 4067 3643 4129 εἶθ’
3706 4067 3883 4128 οὕτως

2233 4158 2455 4230 ἔστησεν
2512 4158 2702 4229 αὐτήν⁰
2754 4156 3098 4212 ὑποκάτωθεν
3162 4154 3219 4211 δὶ
3250 4156 3417 4225 αὐτῆς
3459 4152 3653 4225 ἔστησε
3703 4156 3887 4216 κίονας

2233 4248 2577 4323 ὁλοχρύσους
2629 4246 2717 4301 καὶ
2762 4245 2961 4307 αὐτοὺς
3016 4247 3151 4317 μετὰ
3199 4243 3366 4309 λίθων
3395 4242 3744 4299 πολυτελῶν·
3796 4246 3884 4299 καὶ

2228 4339 2326 4406 τὴν
2361 4336 2510 4411 πέριξ
2558 4334 2796 4409 κλίματα
2828 4334 2880 4389 ἐν
2982 4332 3229 4389 ’ίστανται
3265 4334 3425 4406 ἱερεῖς
3483 4333 3561 4395 είς
3590 4334 3655 4387 τὸ
3710 4334 3883 4387 tienti-

2233 4432 2411 4496 ζεσθαι
2442 4427 2541 4494 τήν
2594 4426 2748 4499 ἁγίαν
2800 4425 3091 4499 τράπεζαν,
3142 4422 3232 4478 καὶ
3279 4422 3447 4490 αὐτὴν
3511 4420 3879 4497 ὁλοάργυρον⁹

472 4524 634 4563 cram
667 4525 934 4564 mensam
968 4514 1344 4584 conspicatus
1394 4531 1506 4569 non
1540 4520 1777 4587 stupeat
1799 4518 1824 4569 ‘I
1856 4522 1957 4572 aut
1986 4518 2120 4589 quis

2233 4490 2680 4590 κεχρυσωμάνην.
2738 4490 2846 4580 Τὴᾷ
2903 4490 3284 4575 δὶήθάσλασσαν
3338 4514 3437 4576 τῆς
3494 4490 3882 4586 ἁγίας-έράπέξ

469 4613 599 4653 eam
634 4599 823 4670 possit
851 4599 1078 4655 diutius
1101 4602 1532 4675 contemplari?
1572 4622 1704 4659 cum
1752 4606 1929 4661 variis
1974 4606 2120 4662 colo-

474 4687 640 4742 ribus
689 4688 843 4743 varie
891 4689 1098 4759 micet;
1150 4690 1533 4763 videaturque
1584 4711 1738 4749 nunc
1787 4696 1933 4765 auri,
1964 4711 2120 4751 nunc

468 4776 695 4848 argenti
754 4777 1037 4849 fulgorem
1098 4780 1335 4847 referre,
1396 4783 1569 4837 modo
1628 4782 1891 4855 sapphiri
1937 4785 2122 4839 instar

468 4866 730 4931 rutilare,
762 4871 839 4931 et,
860 4870 926 4920 ut
954 4868 1129 4922 verbo
1163 4868 1379 4935 dicam,
1412 4870 1832 4942 multiplicium
1859 4872 2119 4928 colorum

480 4954 678 5010 radios
710 4954 1001 5021 emittere,
1056 4957 1381 5011 secundum
1440 4964 1709 5015 naturam
1762 4961 2119 5032 lapillorum,

472 5060 834 5098 marmorum
869 5048 923 5098 et
955 5046 1148 5099 omnis
1178 5047 1409 5116 generis
1441 5048 1837 5104 metallorum.

2230 4609 2326 4674 ζης
2386 4601 2437 4673 ἐξ
2494 4602 2774 4675 ἀτιμήτων
2831 4600 2997 4664 λίθων
3058 4600 3345 4670 πεποίηκε,
3402 4599 3493 4653 καὶ
3523 4601 3879 4675 κατεχρύσω-

2228 4714 2311 4748 σεν
2373 4693 2565 4763 αὐτήν.
2623 4689 2723 4754 Τίς
2779 4692 2882 4765 γὰρ
2942 4691 3199 4759 θεάσηται
3254 4690 3316 4743 τὸ
3371 4685 3510 4750 εἶδος
3567 4695 3671 4757 τῆς
3723 4691 3880 4764 ἁγίας

2226 4781 2499 4855 τραπέζης
2534 4821 2548 4848 ,
2626 4778 2715 4833 καὶ
2771 4778 2832 4833 οὐ
2890 4776 3301 4853 καταπλαγείης
3352 4778 3386 4847 ἢ
3445 4777 3529 4839 τίς
3588 4773 3878 4846 δυνήσεται

2227 4876 2555 4938 κατανοῆσαι
2612 4866 2845 4938 ταύτην,
2920 4865 3009 4921 διὰ
3084 4868 3178 4928 τὰς
3236 4864 3492 4927 ποικίλας
3550 4866 3731 4941 χρόας
3792 4867 3878 4920 καὶ

2230 4958 2624 5029 στιλπνότητας
2678 4955 3069 5025 ἐναλλάσσειν,
3132 4956 3207 5017 ὡς
3265 4956 3489 5028 ὁρᾶσθαι
3554 4956 3619 5009 τὸ
3677 4956 3881 5025 ταύτης

2231 5047 2390 5119 εἶδος,
2449 5048 2582 5103 ποτὶ
2643 5047 2738 5119 μὶν
2795 5046 3084 5121 χρυσίζον,
3117 5043 3167 5098 ἐν
3205 5041 3363 5116 ἄλλῳ
3395 5041 3452 5098 δὲ
3480 5043 3636 5116 τόπῳ
3668 5045 3883 5121 ἀργυρί-

469 5135 582 5200 ζον,
617 5130 694 5190 εἷς
724 5128 866 5184 ἄλλο
898 5133 1247 5207 σαπφειρίζον
1279 5132 1659 5209 ἐξαστράπτον,
1684 5136 1771 5189 καὶ
1804 5133 1995 5199 ἁπλῶς
2028 5136 2221 5208 εἰπεῖν,
2254 5134 2612 5193 ἀποστέλλειν
2640 5130 2830 5190 ὀλϐίαν
2863 5133 3061 5209 χρόαν,
3091 5133 3228 5187 κατὰ
3274 5132 3371 5196 τὰς
3418 5131 3603 5210 φύσεις
3660 5135 3778 5188 τῶν
3831 5154 3881 5188 τε

467 5218 637 5282 λίθων
670 5219 759 5273 καὶ
796 5220 1120 5293 μαρμαίρων,
1154 5221 1242 5274 καὶ
1275 5221 1487 5277 πάντων
1514 5228 1623 5278 τῶν
1659 5224 1982 5296 μετάλλων;

461 5348 625 5433 Fores
655 5348 976 5433 superiores.
992 5364 1056 5401 ac
1085 5349 1376 5433 inferiore:
1400 5352 1541 5407 aedis
1571 5352 2152 5433 Sophiaﬁngeburneaz
2190 5354 2519 5433 anaglyplzis
2565 5358 2775 5408 ornata:
2803 5370 2867 5409 ac
2893 5354 3429 5433 deaurataenumero
3610 5350 3755 5433 Ali;
3774 5366 3878 5433 ρον

532 5422 603 5472 ta?
631 5427 914 5484 argenteae
943 5418 1247 5477 deaurata}.
1283 5423 1521 5491 Lignum
1549 5418 1717 5481 arcae.
1752 5426 2134 5479 Pavimcnlum
2153 5418 2319 5479 auro'
2337 5418 2512 5480 solido
2543 5434 2793 5481 sternere
2814 5428 3019 5496 cogitat
3046 5427 3414 5482 Iustinianum.
3446 5426 3603 5479 Intra
3630 5418 3873 5492 spatium

532 5504 807 5544 annorum
836 5496 953 5543 octo
992 5500 1041 5545 et
1070 5498 1306 5562 quatuor
1332 5498 1609 5549 mensium
1637 5499 1977 5551 construitur
2007 5497 2149 5552 aedes
2178 5497 2484 5567 Saphiana.

537 5592 694 5647 Fecit
724 5592 899 5647 etiam
934 5592 1087 5647 fores
1118 5591 1175 5646 in
1210 5593 1588 5650 inferioribus
1620 5600 1677 5651 et
1705 5594 2111 5667 superioribus

461 5680 685 5736 aedibus
715 5696 784 5735 ex
830 5682 1005 5735 ebore
1047 5681 1393 5753 anaglyphis
1443 5689 1646 5740 ornato
1676 5685 2108 5756 ,deauratoque,

2294 5596 2551 5665 Ἐποίησε
2582 5591 2640 5649 Si
2668 5591 2927 5655 πυλῶνας
2972 5594 3215 5659 κάτωθεν
3264 5594 3353 5649 καὶ
3401 5592 3604 5656 ἄνωθεν
3638 5586 3711 5644 δι’
3750 5588 3868 5645 ἐλε-

2220 5683 2485 5761 φαντίνων
2555 5679 2808 5758 μεγάλων
2885 5680 3056 5737 όστῶν
3114 5681 3371 5757 γλυπτῶν
3425 5680 3865 5757 κεχρυσωμένων
