4046 6338
189 356 220 413 1
232 353 353 414 305

1327 351 1685 414 ΔΝΟΝΥΜῙ
1728 351 2314 424 ANTIOUITATES
2359 354 2478 415 GP.

3372 352 3595 415 .1306

181 481 280 536 τὸν
313 480 545 555 ἀριθμὸν
572 481 694 553 τξε’.
726 481 813 538 Ἐν
846 478 904 536 δὶ
944 484 1014 556 τῇ
1063 482 1257 556 πρώτῃ
1303 479 1497 554 εἶσόδῳ
1551 480 1650 537 τοῦ
1707 480 1830 538 λου-

1952 498 2195 541 numero
2213 488 2473 542 trecenta
2510 485 2810 558 sexaginta
2829 484 3179 558 quinque.In
3204 484 3381 558 priori
3397 490 3594 543 autem

182 577 356 645 τῆρος
403 568 628 639 ἐποίησε
674 569 930 632 πυλῶνας
977 569 1302 646 ἠλέκτρους,
1329 571 1418 625 καὶ
1469 570 1545 633 εἰς
1593 571 1684 625 τὸν
1715 571 1842 646 νάρ-

186 662 331 730 θηκα
360 657 714 735 ἠλεκτρίνους
762 659 940 722 πύλας
989 659 1318 736 ἐμμέτρους.
1353 661 1440 716 Ἐν
1497 657 1554 715 δὶ
1601 664 1684 733 τῷ
1732 657 1847 714 δευ-

182 749 329 823 τέρῳ
377 750 607 824 νάρθηκι
659 748 911 820 ἐποίησεν
960 747 1336 824 ἐλεφαντίνους
1383 747 1560 811 πύλας
1597 749 1687 804 καὶ
1743 770 1843 803 πυ-

187 837 368 899 λῶνας
414 843 558 912 τρεῖς
590 857 603 870 °
658 834 752 892 δύο
801 836 1131 912 ἐμμέτρους,
1171 839 1260 894 καὶ
1313 840 1474 912 μέσον
1529 843 1635 892 τῶν
1695 835 1843 892 δυοῖν

189 926 478 1000 μεγίστην,
534 927 792 1003 ἀργυρᾷν,
852 923 1268 1005 χρυσέμϐαφον,
1343 928 1432 983 καὶ
1501 929 1598 990 τὰς
1673 927 1849 990 πάσας

181 1015 363 1077 πύλας
394 1014 805 1090 κατεχρύσωσεν
840 1036 853 1049 ·
889 1011 1088 1081 ἔσωθεν
1122 1013 1180 1072 δὶ
1206 1020 1314 1071 τῶν
1372 1022 1542 1092 τριῶν
1575 1014 1844 1070 πυλώνων

184 1103 304 1158 ἀντὶ
337 1103 512 1174 ξύλων
563 1109 787 1174 καινῶν,
821 1099 1011 1160 ἔϐαλεν
1059 1103 1119 1159 ἐκ
1165 1109 1274 1159 τῶν
1323 1111 1422 1174 τῆς
1476 1099 1715 1160 κιϐωτοῦ
1759 1103 1844 1174 ξύ-

183 1192 684 1268 λων.ξΒουλόμενος
715 1191 772 1248 δὲ
799 1193 887 1248 καὶ
918 1194 1010 1250 τὸν
1043 1195 1214 1249 πάτον
1249 1193 1563 1269 ὁλόχρυσον
1595 1201 1844 1264 ποιῆσαι,

180 1281 463 1338 κωλύουσι
521 1283 712 1338 τοῦτόν
779 1304 922 1344 τινες
998 1284 1376 1358 μαθηματικοὶ
1435 1283 1712 1358 λέγοντες,
1764 1281 1848 1336 ὅτι

181 1372 302 1428 Ἐπ’
354 1371 599 1446 ἐσχάτων
649 1375 872 1447 ἡμερῶν
925 1370 1236 1428 ἐλεύσονται
1293 1370 1538 1444 βασιλεῖς
1598 1373 1844 1442 πένητες)

179 1460 268 1515 καὶ
311 1457 586 1538 ἐδαφιοῦσι
635 1461 727 1516 τὸν
777 1460 901 1516 ναόν
939 1483 950 1496 ·
998 1463 1086 1517 καὶ
1142 1461 1204 1518 ἐκ
1250 1469 1354 1532 τῆς
1405 1461 1612 1536 βουλῆς
1667 1461 1844 1515 αὐτῶν

182 1547 329 1605 εἴασε
355 1555 538 1607 τοῦτο.
573 1553 699 1605 Καθ’
730 1552 958 1620 ἑκάστην
998 1549 1055 1606 δὲ
1100 1552 1310 1626 ἡμέραν
1366 1547 1558 1607 ἔϐαλεν
1611 1551 1638 1605 ὁ
1691 1552 1841 1622 βασι-

182 1637 312 1702 λεὺς
366 1639 444 1702 εἷς
493 1640 584 1694 τὸν
637 1644 772 1715 χοῦν
828 1638 1138 1716 μιλιαρίσια
1184 1638 1444 1717 χιλιάδας
1500 1641 1567 1716 β’,
1617 1641 1708 1694 καί
1756 1639 1844 1695 ὅτε

181 1725 461 1802 ἐπλήρουν
488 1729 552 1784 τὸ
597 1723 750 1805 ἔργον
784 1730 836 1784 οἱ
879 1729 1148 1805 τεχνίται,
1181 1735 1251 1804 τῇ
1302 1730 1500 1804 ἑσπέρᾳ
1550 1727 1840 1784 ἐσκύλευον

173 1818 268 1872 τὸν
323 1822 481 1892 χοῦν,
512 1817 602 1872 καὶ
648 1818 893 1893 εὕρισκον
943 1820 1010 1874 τὰ
1061 1818 1390 1894 μιλιαρίσια.
1439 1816 1721 1876 Τοῦτοδὶ
1763 1818 1839 1881 εἷς

177 1905 354 1980 χαρὰν
386 1911 484 1962 τοῦ
515 1905 652 1962 λαοῦ
683 1906 934 1978 ἐποίησεν
955 1910 983 1963 ὁ
1015 1907 1270 1985 βασιλεὺς
1291 1907 1382 1963 καὶ
1406 1907 1481 1970 είς
1505 1909 1837 1984 προθυμίαν⁸

187 1995 287 2049 Καὶ
345 1999 380 2066 ἡ
431 1997 525 2071 μὶν
574 1996 709 2069 ὕλη,
760 1999 938 2061 καθὼς
1005 2004 1296 2073 προεῖπον,
1342 1999 1702 2072 ἀποσυνήχθη
1762 1995 1840 2058 εἷς

185 2085 423 2158 χρόνους
472 2086 604 2141 ἑπτα
651 2085 848 2160 ἥμισυ,
889 2087 978 2142 καὶ
1031 2087 1284 2158 ἆπετέθη.
1317 2088 1380 2143 Ὀ
1420 2083 1478 2140 δί
1526 2086 1651 2149 ναὸς
1692 2084 1837 2140 ὲκτί-

187 2173 289 2243 σθη
321 2173 410 2228 καὶ
442 2172 734 2245 ἐτελειώθη
795 2175 942 2250 παρᾶ
996 2180 1104 2231 τῶν
1153 2176 1567 2252 προειρημένων
1627 2171 1833 2249 ἀνδρῶν

184 2257 314 2315 δέκα
345 2259 637 2336 χιλιάδων,
674 2265 790 2336 μετ’
828 2263 1144 2336 ἐπιμελείας
1193 2264 1283 2320 καὶ
1331 2261 1551 2334 πολλῆς
1597 2261 1838 2332 σπουδῆς

189 2349 267 2413 εἷς
297 2351 536 2424 χρόνους
568 2351 712 2408 ὀκτὼ
743 2354 831 2408 καὶ
867 2356 1040 2426 μῆνας
1087 2354 1371 2430 τέσσαρας,
1405 2354 1479 2415 ὡς
1527 2353 1656 2408 εἶναι
1704 2351 1832 2415 τοὺς

177 2439 385 2502 πάντας
415 2439 648 2515 χρόνους
685 2448 748 2505 ις’
760 2485 773 2498 .

1954 574 2282 646 baptisterii
2333 575 2577 631 introitu
2627 575 2936 631 electrinaa
2954 579 3152 646 portas
3177 575 3498 631 adornavit.
3533 578 3595 633 In

1955 663 2231 720 nartbece
2259 665 2398 721 item
2423 663 2735 720 electrinas
2783 669 2981 737 portas
3033 663 3344 720 mediocris
3369 665 3599 737 magni-

1954 753 2199 809 tudinis.
2232 756 2295 809 In
2327 753 2587 811 secundo
2611 758 2805 809 autem
2833 753 3111 809 narthece
3149 753 3441 810 eburneas
3471 771 3604 826 por-

1955 845 2046 898 tas
2077 847 2134 898 et
2162 847 2280 898 tres
2317 843 2504 904 fores;
2533 859 2782 914 quarum
2826 842 2956 897 duae
3005 842 3243 913 quidem
3295 841 3607 899 mediocris

1957 931 2404 1003 magnitudinis,
2447 932 2642 987 media
2672 947 2808 986 vero
2839 929 3012 1003 longe
3040 931 3298 986 maxima
3327 935 3606 1002 argentea

1957 1037 2100 1076 auro
2129 1021 2421 1076 obducta:
2446 1037 2768 1093 omnesque
2793 1021 2929 1075 item
2965 1025 3162 1092 portas
3181 1037 3324 1074 auro
3347 1021 3598 1091 operuit.

1955 1109 2154 1164 Trium
2187 1109 2397 1165 barum
2450 1109 2666 1165 torium
2723 1109 3024 1180 interiora,
3073 1125 3176 1180 pro
3200 1107 3378 1179 lignis
3410 1108 3597 1177 novis,

1953 1198 2133 1271 lignis
2153 1214 2222 1254 ex
2239 1215 2373 1254 area
2389 1199 2949 1255 communivit.Cum
2970 1204 3168 1254 autem
3197 1197 3594 1268 pavimentum

1956 1305 2097 1344 auro
2130 1288 2317 1344 solido
2339 1292 2601 1344 sternere
2630 1287 2822 1356 vellet,
2845 1287 3141 1343 cohibitus
3172 1292 3262 1341 est
3291 1303 3320 1342 a
3359 1287 3599 1358 quibus-

1955 1378 2089 1432 dam
2125 1376 2553 1432 mathematicis
2582 1377 2914 1432 dicentibus
2942 1393 2957 1433 :
2981 1375 3215 1431 Futuris
3231 1376 3598 1446 temporibus

1955 1466 2182 1522 venturi
2209 1470 2344 1521 sunt
2364 1469 2696 1537 operatores
2737 1465 2965 1537 inopes,
3009 1464 3110 1537 qui
3148 1464 3431 1535 templum
3473 1465 3597 1520 solo

1954 1556 2266 1626 aequabunt
2291 1571 2304 1610 :
2327 1556 2398 1610 de
2421 1555 2588 1612 illoru
2600 1571 2774 1626 mque
2797 1553 3442 1625 sententiaaproposito
3463 1553 3598 1608 abs-

1951 1644 2146 1699 tinuit.
2169 1643 2431 1716 Singulis
2462 1660 2629 1715 porro
2661 1644 2872 1699 diebus
2902 1644 3227 1714 imperator
3255 1643 3372 1696 duo
3403 1640 3592 1696 millia

1951 1733 2395 1789 miliarisiorum
2429 1733 2487 1788 in
2530 1733 2824 1805 pulverem
2883 1732 3266 1804 projiciebat;
3327 1729 3590 1803 expleto-

1951 1839 2065 1894 que
2093 1838 2288 1895 opere,
2313 1823 2564 1878 artiﬁces
2594 1839 2831 1893 vespere
2867 1821 3161 1894 pulverem
3197 1837 3260 1876 ex
3271 1824 3591 1892 portantes,

1949 1911 2181 1983 sibique
2212 1911 2504 1983 rapientes
2534 1910 2837 1967 miliarisia
2864 1910 3250 1983 reperiebant.
3274 1910 3436 1974 Quod
3461 1910 3590 1965 ideo

1949 2001 2160 2071 agebat
2188 2000 2503 2073 imperator
2517 2005 2582 2056 ut
2601 2017 2808 2072 operas
2830 1999 2991 2055 laetas
3021 1999 3359 2070 alacresque
3393 1998 3592 2054 redde-

1948 2094 2053 2144 ret.
2088 2091 2152 2145 Et
2185 2091 2270 2145 sic
2309 2091 2566 2162 quidem,
2602 2096 2665 2144 ut
2697 2091 2916 2145 dictum
2950 2094 3060 2157 est,
3093 2088 3336 2144 materia
3367 2093 3592 2160 septem

1946 2178 2116 2234 annis
2147 2195 2279 2234 cum
2313 2179 2560 2234 dimidio
2589 2178 2831 2234 collecta
2860 2179 2990 2233 fuit.
3016 2178 3320 2249 Templum
3353 2193 3488 2233 vero
3519 2177 3592 2232 ab

1945 2267 2062 2324 illis
2093 2270 2291 2324 decem
2350 2267 2612 2323 millibus
2645 2283 2858 2340 magna
2901 2284 3043 2322 cura
3091 2273 3148 2322 et
3197 2265 3594 2322 sollicitudine

1943 2357 2104 2428 Operi
2138 2357 2620 2413 incumbentibus
2666 2357 2820 2412 intra
2863 2373 3151 2412 annorum
3200 2360 3330 2412 octo
3359 2361 3416 2412 et
3442 2371 3587 2424 qua-

1942 2451 2077 2501 tuor
2105 2443 2394 2500 mensium
2425 2445 2708 2516 spatium,
2764 2449 3128 2500 exstructum
3167 2449 3227 2499 et.
3265 2444 3584 2515 perfectum

1941 2539 2050 2592 est.
2085 2535 2171 2590 Ita
2201 2536 2265 2589 ut
2293 2534 2354 2589 in
2383 2537 2573 2590 totum
2609 2550 2759 2606 opus
2788 2533 2928 2588 anni
2959 2533 3249 2589 sexdecim
3281 2532 3585 2604 impende-

1825 2622 1842 2636 ‘
1945 2629 2170 2680 rentur.

175 2743 344 2799 Ambo
372 2741 612 2800 trullum
644 2761 875 2801 auream
905 2746 1188 2820 lapidibus
1214 2749 1479 2820 pretiosis
1515 2748 1830 2874 ονηῗιαζῗιλ

1652 2835 1746 2877 an:
1798 2836 1830 2874 ιε

1945 2750 2238 2877 nitamur
2266 2765 2332 2806 ac
2361 2750 2576 2821 reliqua
2609 2748 2856 2804 umbonis
2877 2755 3202 2804 ornamenta
3223 2763 3396 2804 aurea
3426 2752 3588 2804 erant

1945 2837 1954 2874 ς
1980 2838 2038 2876 ιη
2096 2839 2148 2877 α.

1652 2835 1843 2890 apum
1871 2835 2148 2877 azsuncca.

250 2921 352 2974 Τὸν
407 2918 464 2975 δὶ
510 2915 735 2993 ἄμϐωνα
800 2919 1026 2994 ἐποίησε
1072 2922 1163 2978 σὺν
1211 2926 1280 2997 τῇ
1333 2922 1532 2994 σωλέᾳ.
1585 2926 1722 2998 Εἶχε
1780 2922 1837 2980 δὲ

177 3006 414 3077 τροῦλον
472 3015 734 3084 χρυσοῦν,
791 3011 924 3084 μετὰ
979 3011 1146 3076 λίθων
1215 3012 1306 3067 καὶ
1367 3013 1832 3089 μαργαριταρίων.

181 3099 238 3150 Ὀ
271 3095 328 3152 δὲ
355 3100 584 3175 σταυρὸς
633 3104 730 3154 τοῦ
776 3095 1032 3172 ἅμόωνος
1079 3100 1196 3176 εἶχε
1236 3106 1480 3174 σταθμοῦ
1530 3099 1718 3178 λίτρας
1763 3103 1828 3177 ρ’⁶

177 3189 302 3262 εἶχε
357 3185 413 3242 δὲ
468 3190 604 3243 κατᾶ
661 3189 841 3244 σειστᾶ
897 3188 1160 3265 λυχνίτας
1218 3189 1311 3245 σὺν
1383 3191 1833 3267 μαργαριταρίοις

181 3273 482 3347 ἀπηδότοις
517 3297 531 3310 ο
561 3275 845 3355 ὁλόχρυσα
883 3276 940 3334 δὶ
964 3280 1212 3350 πετάσια,
1247 3281 1364 3336 ἀντὶ
1396 3283 1634 3352 στηθεων
1682 3283 1828 3356 εἶχεν

176 3364 361 3421 ἐπάνω
393 3368 421 3421 ὁ
453 3361 666 3441 ἅμϐων.

2012 2929 2336 2985 Ambonem
2384 2945 2517 2985 cum
2563 2927 2722 2985 solea
2769 2927 3096 2985 construxit
3139 2927 3392 2984 :babuit
3439 2927 3582 2983 item

1941 3019 2115 3073 ambo
2145 3017 2391 3073 trullum
2422 3034 2655 3074 auream
2697 3034 2832 3074 cum
2863 3017 3162 3090 lapidibus
3204 3022 3262 3073 et
3296 3017 3581 3088 margari-

1940 3107 2040 3161 tis.
2071 3107 2354 3163 Ambonis
2400 3123 2543 3162 crux
2584 3111 2709 3163 erat
2757 3108 2950 3180 pondo
2995 3110 3227 3162 centum
3269 3106 3577 3178 librarum,

1941 3201 2147 3252 ornata
2177 3197 2552 3253 carbunculis
2589 3201 2646 3253 et
2675 3197 2958 3252 teretibus
2990 3195 3344 3268 margaritis.
3385 3195 3579 3252 Galeri

1940 3300 2009 3340 ex
2037 3301 2180 3341 auro
2221 3285 2415 3356 solidi,
2465 3285 2912 3342 columellarum
2946 3285 3071 3341 loco
3103 3284 3375 3340 umbonis
3406 3301 3578 3356 supe-

1855 3357 1898 3424 C
1938 3375 2091 3430 riora
2120 3375 2507 3446 occupabant.

163 3496 234 3550 Os
262 3496 419 3565 pulei
445 3510 514 3550 ea:
542 3495 800 3551 Samaria
831 3496 1172 3565 advehitur;
1215 3499 1377 3556 Tuba?
1431 3513 1556 3554 vero
1605 3513 1776 3556 canem
1800 3499 2203 3624 (Hierichunte.
2252 3500 2403 3555 Crux
2431 3501 2490 3556 in
2527 3501 2971 3572 scevophylacio.
3007 3500 3275 3573 Reliquiae
3300 3501 3580 3571 imposita

1019 3619 1021 3622 ι
1735 3586 1794 3624 co
1820 3588 2025 3624 umms.
3461 3599 3467 3604 -

1735 3586 2025 3626 σοιωηηιε.
3461 3599 3467 3604 ·

239 3673 319 3728 Τὸ
367 3670 424 3727 δὶ
473 3671 755 3746 στομίδιον
804 3678 902 3729 τοῦ
934 3674 1162 3753 φρέατος
1194 3673 1345 3751 ἤχθη
1378 3677 1484 3731 ἀπὸ
1519 3676 1824 3753 Σαμαρίας.

161 3761 378 3816 Τούτου
417 3761 578 3838 χάριν
633 3760 841 3833 ἐκλήθη
874 3765 1058 3840 Ἃγιον
1107 3765 1311 3839 Φρέαρ,
1364 3763 1502 3821 διότι
1570 3765 1621 3820 ἐν
1681 3766 1827 3839 αύτῷ

162 3851 454 3924 ὡμίλησεν
509 3853 538 3906 ὁ
583 3853 822 3926 Χριστὸς
866 3857 935 3924 τῇ
984 3851 1360 3929 Σαμαρείτιδι.
1393 3857 1460 3912 Αἱ
1493 3853 1550 3911 δὶ
1571 3855 1822 3928 τέσσαρες

169 3938 470 4015 σάλπιγγες
520 3941 574 3994 αἱ
618 3940 829 4015 χαλκαῖ
876 3940 938 4003 ἃς
986 3938 1203 4011 ἔστησεν
1255 3943 1308 3998 ἐν
1362 3948 1442 4016 τῷ
1496 3944 1694 4019 Φρέατι
1742 3948 1824 4016 τῷ

164 4028 346 4103 Ἀγίῳ
410 4029 517 4084 ἀπὸ
593 4030 816 4105 Ἱεριχὼ
894 4030 1217 4104 ἐκομίσαντο
1295 4031 1482 4100 αὐτὰς,
1540 4032 1601 4094 ’ἀς
1667 4035 1817 4108 εἶχον

151 4119 285 4172 τότε
314 4118 366 4171 οἱ
395 4115 622 4192 ἄγγελοι
656 4118 732 4179 sic
768 4117 1027 4191 μίμησιν,
1057 4118 1146 4174 ὅτε
1193 4117 1388 4176 ἔπεσον
1434 4121 1502 4176 τὰ
1529 4122 1686 4197 τείχη
1719 4123 1817 4178 Ἱε-

2007 3681 2170 3736 Putei
2215 3698 2280 3736 os
2327 3697 2394 3736 ex
2439 3681 2706 3736 Samaria
2735 3681 3067 3749 advectum;
3127 3681 3372 3751 ideoque
3412 3696 3580 3735 sacer

1937 3773 2149 3840 puteus
2179 3774 2544 3835 vocatusest,
2568 3769 2891 3840 quiajuxta
2911 3768 3073 3824 illum
3098 3769 3575 3825 ChristusSama-

1934 3859 2184 3915 ritanam
2207 3858 2500 3914 allocutus
2536 3864 2644 3914 est.
2674 3859 2847 3912 Tuba
2884 3863 3078 3913 autem
3101 3875 3271 3912 aeneae
3294 3862 3572 3930 quatuor,

1934 3964 2080 4018 quas
2102 3947 2162 4002 in
2202 3963 2367 4002 sacro
2403 3953 2578 4018 puteo
2605 3947 2931 4014 collocavit,
2965 3945 3340 4002 Hierichunte
3361 3945 3574 4002 deferri

1932 4035 2174 4105 curavit,
2226 4053 2374 4107 quas
2403 4041 2546 4091 tunc
2585 4036 2774 4107 angeli
2814 4035 3111 4102 tenebant,
3153 4041 3219 4091 ut
3247 4036 3399 4108 quod
3434 4034 3571 4090 olim

1930 4126 2148 4180 factum
2181 4131 2336 4180 esset
2376 4142 2511 4180 cum
2553 4125 2966 4180 Hierecbuntis
3013 4125 3166 4179 muri
3213 4124 3572 4180 corruissent

158 4206 335 4281 ριχώ.
366 4207 428 4262 Ὀ
461 4203 518 4260 δὲ
545 4206 730 4279 τίμιος
780 4209 1019 4282 Σταυρὸς
1063 4210 1092 4262 ὁ
1138 4209 1426 4283 ἱστάμενος
1476 4211 1716 4284 σήμερον
1767 4210 1818 4264 ἐν

1953 4215 2326 4270 mitarentur.
2360 4215 2705 4270 Veneranda
2736 4217 2932 4268 autem
2965 4213 3067 4269 illa
3096 4230 3259 4284 crux,
3291 4231 3419 4285 quis
3452 4217 3570 4269 stat

153 4300 240 4366 τῷ
299 4293 740 4373 σκευοφυλακίῳ,
769 4297 831 4350 τὸ
892 4297 1085 4373 μέτρον
1145 4296 1233 4352 ἐπὶ
1286 4305 1384 4368 τῆς
1439 4297 1664 4368 ἡλικίας
1718 4304 1815 4355 τοῦ

1945 4302 2176 4359 ιοάἰθίη
2219 4303 2682 4374 scev0phylacio,
2717 4308 2808 4358 est
2833 4320 3113 4359 mensura
3153 4307 3392 4359 staturas
3420 4303 3562 4359 Jesu

156 4383 367 4458 Κυρίου
415 4387 573 4457 ἡμῶν
622 4382 804 4454 Ἰησοῦ
852 4389 1118 4459 Χριστοῦ,
1151 4387 1209 4449 ὃς
1263 4384 1502 4463 ἀκριϐῶς
1535 4388 1807 4465 ἐμετρήθη

1923 4392 2136 4449 Christi
2171 4391 2401 4446 Domini
2432 4391 2638 4459 nostri,
2672 4409 2848 4462 quam
2883 4392 2988 4446 viri
3023 4391 3223 4448 fideles
3261 4397 3320 4448 et
3364 4390 3560 4463 magni

151 4473 310 4548 παρᾶ
362 4477 570 4527 πιστῶν
617 4472 707 4527 καὶ
737 4472 1041 4548 ἀξιολόγων
1074 4471 1282 4550 ἀνδρῶν
1330 4474 1382 4530 ἐν
1425 4475 1810 4552 Ἰερουσαλήμ.

1945 4481 2204 4537 nomenti
2236 4481 2308 4536 ad
2340 4481 2534 4551 ipsum
2565 4480 2860 4537 Christum
2885 4481 2943 4535 in
2967 4481 3291 4539 Jerusalem
3324 4498 3562 4537 accura-

153 4563 256 4616 Διὰ
287 4565 447 4616 τοῦτο
478 4559 712 4616 ἐνέδυσεν
734 4561 897 4617 αὐτὸν
922 4563 1180 4637 ἀργύριον
1204 4565 1294 4619 καὶ
1318 4563 1530 4632 λίθους,
1548 4569 1638 4621 καὶ
1662 4588 1814 4622 κατε-

154 4650 442 4726 χρύσωσεν
477 4650 636 4706 αὐτόν
674 4669 686 4682 '
719 4652 808 4705 καὶ
844 4653 1010 4727 μέχρι
1042 4655 1139 4721 τῆς
1171 4656 1410 4728 σήμερον
1446 4654 1610 4717 ἰάσεις
1641 4661 1808 4724 ποιεῖ,

1920 4569 2150 4625 tissime
2186 4573 2323 4624 sunt
2359 4569 2634 4624 dimensi.
2685 4574 2880 4640 anue
2911 4569 2981 4624 de
3012 4586 3191 4626 causa
3221 4575 3462 4642 argento
3492 4567 3561 4624 il-
3653 4597 3662 4606 -

1920 4657 2036 4713 lam
2053 4665 2107 4712 et
2122 4656 2339 4728 lapillis
2361 4657 2873 4714 circumdederunt
2890 4674 3150 4729 auroque
3171 4658 3561 4713 obduxerunt:

150 4740 242 4795 καὶ
297 4741 582 4812 νοσήματα
639 4737 846 4810 διώκει,
901 4741 990 4796 καὶ
1059 4738 1321 4815 δαίμονος
1367 4740 1677 4800 ἀπελαύνει.
1723 4745 1809 4800 Ἐν

1945 4751 1978 4800 :t
2008 4747 2077 4800 ad
2111 4745 2261 4800 hanc
2294 4762 2479 4816 usque
2501 4745 2655 4799 diem
2684 4744 2918 4800 morbos
2958 4751 3144 4814 curat,
3185 4745 3562 4816 aegritudines

153 4828 368 4900 ἑκάστῳ
414 4829 559 4883 κίονι
607 4833 715 4884 τῶν
761 4827 873 4886 ἄνω
931 4831 1020 4885 καὶ
1063 4835 1172 4886 τῶν
1200 4832 1347 4887 κάτω
1377 4832 1526 4906 ἅγιον
1559 4829 1812 4906 λείψανον

148 4913 271 4993 ἔχει
302 4916 772 4992 ἐνθρονιασμένον.

1926 4837 2157 4888 amovet
2177 4838 2233 4888 et
2263 4831 2552 4887 daemonia
2582 4831 2765 4902 pellit.
2789 4832 3053 4904 Singulis
3078 4832 3372 4889 columnis
3394 4850 3564 4905 supe-

1921 4921 2142 4978 riorum
2177 4926 2232 4976 et
2276 4919 2617 4976 inferiorum
2646 4920 2860 4976 aedium
2893 4925 3109 4976 saneta)
3153 4920 3418 4992 reliquiae
3453 4921 3558 4978 im-

1916 5012 2120 5083 positas
2144 5016 2473 5066 servantur.

151 5135 292 5190 Vasa
321 5147 386 5187 ac
413 5131 530 5186 alia
552 5137 886 5206 ornamenta
914 5130 992 5186 ad
1022 5131 1395 5206 quadraginta
1421 5133 1528 5189 duo
1549 5134 1734 5206 millia
1753 5133 2142 5204 conﬁciuntur.
2167 5134 2294 5189 Alia
2321 5141 2452 5188 sunt
2482 5147 2653 5186 aurea
2683 5135 2919 5206 tantum,
2951 5132 3076 5189 alia
3099 5135 3310 5206 lapillis
3339 5140 3554 5192 ornata.

545 5202 954 5258 Posscsionibu:
981 5220 1044 5259 at:
1073 5204 1214 5260 aliis
1243 5204 1518 5262 reditibus
1539 5205 1798 5262 ecclesia:
1825 5202 1990 5262 ditat.
2020 5206 2370 5262 Sacerdolum
2391 5220 2455 5260 ac
2477 5205 2845 5259 cautatricum
2879 5202 3165 5261 numerus.

215 5315 478 5387 Ἐποίησε
510 5313 566 5370 δὶ
597 5315 685 5370 καὶ
743 5317 905 5387 σκεύη
949 5316 1230 5396 ὁλόχρυσα
1275 5323 1381 5374 τῶν
1437 5316 1645 5375 δώδεκα
1688 5321 1806 5396 ἑορ-

1986 5321 2166 5377 Multa
2196 5325 2392 5376 autem
2441 5322 2499 5375 et
2555 5319 2732 5387 varia,
2776 5336 2903 5392 quis
2946 5321 3018 5376 ad
3070 5322 3378 5377 duodecim
3412 5322 3558 5380 sole-

138 5412 247 5461 τῶν
303 5404 450 5460 ἄλλα
501 5403 592 5459 καὶ
643 5401 808 5472 ἄλλα,
845 5405 950 5460 ἀπό
1007 5427 1064 5461 τε
1120 5407 1467 5484 Εὐαγγελίων
1500 5410 1684 5484 ἱερῶν,
1715 5410 1803 5464 καὶ

1945 5411 2143 5467 nnium
2191 5410 2418 5466 dierum
2462 5408 2744 5465 festorum
2791 5409 3016 5465 cultum
3064 5410 3446 5482 pertinerent,
3487 5429 3555 5469 ex

149 5489 598 5570 χερνιϐοξέστων,
663 5492 982 5567 ὀρκιολίων,
1041 5492 1501 5574 δισκοποτηρίων,
1551 5495 1748 5552 δίσκων
1785 5516 1798 5530 ’

149 5582 378 5654 ἐποίησε
409 5580 468 5638 δὲ
494 5583 562 5638 τὰ
589 5583 763 5637 πάντα
795 5581 1079 5659 ὁλόχρυσα
1128 5583 1216 5640 διὰ
1263 5583 1432 5642 λίθων
1474 5586 1607 5660 μετὰ
1658 5607 1800 5664 μαρ-

152 5671 487 5750 γαριταρίων
521 5692 536 5707 ο
598 5672 829 5748 ἀριθμὸν
885 5678 1091 5731 σκευῶν
1150 5673 1411 5750 χιλιάδας
1468 5671 1558 5750 με’
1593 5694 1606 5710 ο
1642 5674 1796 5733 ἔνδυ-

1913 5517 2057 5558 auro
2104 5505 2226 5555 tota
2268 5497 2536 5554 facienda
2571 5497 2814 5563 curavit,
2869 5498 3137 5555 videlicet
3165 5517 3333 5556 sacra
3365 5502 3550 5556 Evan—

1911 5589 2086 5663 gelia,
2119 5586 2419 5658 malluvia,
2452 5585 2740 5656 urceolos,
2763 5586 2995 5656 calices,
3022 5593 3286 5660 patenas,
3309 5591 3505 5647 discos
3529 5609 3544 5648 :

1907 5681 2108 5736 omnia
2134 5695 2203 5734 ex
2226 5691 2370 5734 auro
2397 5674 2551 5732 facta
2579 5677 2636 5730 et
2665 5674 3000 5748 margaritis
3045 5677 3410 5752 gemmisque
3458 5695 3546 5738 or-
