4046 6338
157 393 318 454 1309

1288 392 1655 455 ANONYMI
1701 390 2282 465 ANTIQUITATES
2322 391 2442 455 ΟΡ.

3410 385 3567 448 1310

174 517 286 592 ιε’,
344 519 435 575 καὶ
491 517 717 580 λέοντας
768 515 1011 582 λιθίνους
1056 515 1361 596 ἔρεύγεσθαι
1412 520 1476 576 τὸ
1532 518 1679 597 ὕδωρ
1734 519 1808 583 εἷς

1926 526 2107 592 retur,
2131 521 2263 578 istic
2288 521 2600 578 stationem
2625 519 2884 576 haberet.
2929 517 3094 573 Circa
3119 532 3256 573 vero
3303 515 3564 572 Pbialam

151 609 408 683 ἀπόνιψιν
453 611 550 663 τοῦ
591 607 748 664 λαοῦ.
784 609 872 664 Ἑν
905 604 963 662 δὲ
990 611 1060 681 τῇ
1094 605 1238 680 δεξιᾷ
1262 608 1473 684 πλευρᾷ
1503 615 1598 665 τοῦ
1631 608 1805 680 δεξιοῦ

147 699 465 775 γυναικίτου
525 695 748 768 ἐποίησε
815 696 1086 761 θάλασσαν
1140 699 1307 774 μέχρι
1358 701 1660 772 σπιθαμῆς,
1715 697 1808 754 ’ἱνα

150 789 450 864 ἆνὲρχηται
508 787 570 841 τὸ
620 783 791 862 ὕδωρ,
823 785 912 840 καὶ
960 785 1204 859 κλίμακα
1267 787 1392 861 μίαν
1430 788 1679 863 ὑπεράνω
1707 795 1808 858 τῆς

152 877 458 947 θαλάσσης,
484 873 575 930 ἵνα
606 873 933 952 διερχωνται
967 876 1018 930 oi
1051 877 1242 948 ἱερεῖς·
1271 871 1463 948 ἔστησε
1496 875 1552 931 8‘s
1584 874 1806 951 δεξαμε-

151 966 252 1027 νὰς
305 960 679 1041 ὀμϐριμαίους
727 963 1006 1036 ναμάτων,
1067 964 1156 1018 καὶ
1201 962 1406 1039 ἔγλυψε
1451 964 1672 1027 λέοντας
1704 963 1810 1019 δώ-

152 1053 306 1124 δεκα,
339 1054 428 1110 καὶ
459 1051 756 1131 παρδάλεις
807 1051 1039 1122 δώδεκα,
1098 1050 1296 1130 δόρκας
1330 1051 1562 1124 δώδεκα,
1611 1053 1703 1109 ’ίνα
1752 1054 1811 1109 ἑκ

147 1148 262 1198 τῶν
315 1142 598 1220 φαρύγγων
651 1141 826 1198 αὐτῶν
875 1141 1120 1216 ἐμεῖσθαι
1168 1143 1231 1198 τὸ
1281 1140 1428 1219 ὕδωρ
1479 1141 1569 1198 διὰ
1619 1164 1809 1220 μηχαο

148 1240 278 1303 γῆς,
339 1231 414 1295 εἴς
471 1232 534 1286 τὸ
591 1231 717 1294 τοὺς
771 1233 934 1308 ἱερεῖς
985 1231 1263 1298 νίπτεσθαι
1328 1233 1516 1306 μόνον.
1553 1233 1811 1290 Ἐκάλεσε

152 1319 215 1377 δὲ
272 1322 362 1377 τὸν
413 1321 581 1377 τόπον
635 1322 982 1396 Λεοντάριον·
1045 1321 1132 1377 καὶ
1199 1323 1609 1398 Μητατώριον,
1676 1322 1808 1398 ὅπερ

151 1409 330 1466 ἐκεῖσε
381 1411 633 1486 ἀνήγειρε
682 1414 918 1465 κοιτῶνα
967 1410 1165 1486 ὡραῖον
1220 1407 1542 1487 διάχρυσον,
1587 1409 1680 1465 ’ἱνα
1708 1432 1810 1467 πο-

150 1500 456 1573 ρευομένου
490 1498 653 1554 αὐτοῦ
682 1499 788 1554 ἀπὸ
812 1503 909 1554 τοῦ
938 1503 1092 1570 ναοῦ,
1124 1499 1294 1554 ἐκεῖσε
1323 1498 1582 1575 καθεύδῃ.
1613 1502 1720 1569 Τὴν
1754 1498 1812 1555 δὲ

150 1588 472 1665 ὡραιότητα
498 1590 587 1643 καὶ
621 1585 932 1662 ὑπερϐολὴν
976 1593 1074 1645 τοῦ
1099 1587 1346 1652 κάλλους
1380 1595 1477 1644 τοῦ
1524 1609 1808 1666 κεχρυσω-

154 1680 323 1752 μένου
353 1677 442 1734 καὶ
476 1677 920 1754 διηργυρωμὲνου
952 1681 1104 1748 ναοῦ,
1131 1678 1236 1734 ἀπὸ
1269 1677 1504 1758 ὀρόφους
1530 1677 1634 1744 ἓως
1684 1676 1804 1734 ἐδά-

152 1789 317 1846 φους,
349 1767 430 1830 τίς
462 1764 775 1844 διηγήσεται
805 1790 820 1839 ;

1918 612 2054 668 fecit
2105 611 2414 667 duodecim
2470 609 2731 683 porticus
2792 625 2926 663 cum
2986 606 3199 677 puteis,
3249 605 3565 677 leonesque

1919 701 2181 773 lapideos
2203 717 2562 772 aquam,quo
2587 715 2648 754 se
2671 697 2924 770 populus
2945 695 3184 763 lavaret,
3205 699 3560 751 eructantes.

1918 791 1981 846 In
1999 791 2233 845 dextero
2255 794 2450 845 autem
2471 789 2653 844 latere
2675 787 2866 844 dextri
2888 785 3178 858 gynaeciti,
3213 801 3372 840 mare
3387 784 3566 840 unius

1919 880 2100 935 cubiti
2122 878 2512 950 concinnavit,
2539 881 2602 933 ut
2623 894 2777 949 aqua
2818 877 3180 939 ascenderet,
3223 874 3564 946 scalamque

1920 985 2120 1037 unam,
2152 972 2219 1023 ut
2250 985 2432 1040 supra
2463 984 2625 1023 mare
2645 967 2976 1022 sacerdotes
2999 964 3341 1020 transirent.
3370 962 3564 1018 Posuit

1918 1058 2060 1114 item
2073 1057 2326 1114 conchas
2349 1073 2453 1114 seu
2476 1055 2843 1129 receptacula
2864 1072 3027 1126 aquae
3078 1053 3306 1124 pluviae,
3338 1053 3563 1107 duode-

1921 1149 2152 1220 cimque
2189 1147 2386 1204 leones
2425 1145 2698 1218 sculpsit,
2732 1145 2946 1217 pardos
2997 1143 3326 1211 duodecim,
3359 1142 3565 1196 damas

1921 1235 2229 1292 duodecim
2259 1253 2273 1303 ;
2306 1251 2437 1307 quae
2468 1234 2759 1290 machinis
2791 1233 3148 1304 quibusdam
3183 1247 3394 1302 aquam
3427 1246 3567 1286 evo-

1923 1325 2157 1389 mendo,
2177 1323 2318 1380 solis
2339 1321 2994 1394 sacerdotibus'Javandi
3017 1320 3246 1393 copiam
3270 1320 3526 1376 facerent
3549 1336 3564 1388 ;

1921 1413 2114 1470 locum
2173 1429 2306 1469 vero
2356 1412 2730 1468 Leontarium
2801 1410 3178 1480 nuncupavit.
3239 1407 3566 1480 Appellavit

1920 1518 2092 1573 porro
2126 1501 2493 1558 Metatorium
2536 1499 2876 1556 cubiculum
2902 1498 3046 1554 illud
3073 1498 3424 1570 speciosum,
3457 1513 3565 1552 au-

1922 1607 2104 1662 roque
2135 1594 2407 1646 ornatum
2432 1590 2504 1645 ab
2527 1607 2590 1646 se
2613 1590 2830 1645 ibidem
2855 1593 3243 1656 exstructum,
3277 1590 3343 1641 ut
3372 1601 3502 1641 cum
3535 1602 3566 1640 θ

1921 1680 2138 1750 templo
2171 1679 2376 1749 exiret,
2401 1678 2828 1750 ibiquesceret.
2870 1676 3094 1749 Templi
3143 1677 3380 1730 demum
3416 1692 3448 1730 a
3482 1681 3564 1730 te-

1921 1773 2013 1825 cto
2047 1768 2117 1824 ad
2143 1769 2541 1840 pavimentum
2573 1786 2714 1824 auro
2765 1772 3124 1839 argentoque
3162 1765 3396 1822 obducti
3431 1780 3568 1835 spe-

1921 1857 2067 1913 ciem
2091 1857 2482 1928 eximiamque
2506 1855 3004 1930 pulchritudinem
3027 1855 3184 1928 quis,
3218 1859 3283 1911 ut
3321 1871 3424 1926 par
3454 1857 3566 1922 est,

1840 1926 1887 1990 B
1920 1963 2158 2003 narrare
2188 1926 2435 2019 posset“?

147 2073 503 2130 Justinianu:
531 2072 624 2128 die
653 2075 914 2146 uigesima
940 2071 1186 2146 secunda
1215 2072 1548 2146 Novembris,
1597 2074 1832 2129 solemni
1854 2073 2358 2146 pompatemptum
2405 2071 2745 2146 Sophianum
2801 2089 2915 2127 una
2953 2087 3080 2128 cum
3119 2070 3439 2146 patriarcha
3472 2071 3563 2125 in-

545 2143 815 2213 greditur.
848 2145 948 2199 Dei
973 2145 1222 2215 sequenti
1248 2145 1448 2216 templi
1473 2147 1820 2216 apertionem
1854 2143 2011 2218 facit.
2049 2145 2195 2213 Quas
2227 2143 2548 2214 largitiones
2569 2145 2770 2216 populo
2804 2149 2932 2199 tunc
2958 2145 3170 2215 fecerit.

225 2242 421 2313 Ὅμως
471 2237 767 2302 τελειώσας
802 2240 896 2295 τὸν
944 2239 1070 2295 ναόν
1129 2241 1220 2295 καὶ
1271 2240 1339 2295 τὰ
1366 2240 1486 2316 ἰερὰ
1521 2240 1805 2315 σκεύηξκαὶ

144 2328 494 2403 ἀναθήματα,
551 2328 689 2404 αὐτῇ
718 2333 788 2403 τῇ
838 2324 942 2400 κε’,
970 2333 1068 2385 τοῦ
1125 2323 1438 2403 Νοεμϐρίου
1472 2331 1665 2402 μηνὸς,
1699 2329 1803 2385 εἰσ·

147 2416 321 2487 ἧλθεν
375 2419 482 2474 ἀπὸ
535 2423 634 2474 τοῦ
688 2416 970 2476 Παλατίου
1010 2418 1147 2492 μετὰ
1175 2416 1549 2494 προελεύσεως
1574 2420 1669 2475 τὸν
1701 2441 1803 2474 πυ-

148 2505 305 2562 λῶνα
358 2512 456 2562 τοῦ
521 2506 938 2582 Δύγουστιῶνος
993 2513 1091 2563 τοῦ
1159 2507 1550 2584 εἰσερχομᾶνου
1602 2507 1679 2571 εἷς
1741 2508 1806 2563 τὸ

143 2595 495 2671 Ὠρολόγιον,
553 2597 917 2670 καθεζόμενος
975 2595 1062 2651 ἐπὶ
1124 2598 1366 2672 ἅρματος
1429 2598 1564 2671 μετὰ
1621 2595 1664 2651 δ’
1715 2595 1811 2652 τίπ-

139 2703 292 2752 πων,
339 2685 430 2740 καὶ
463 2679 615 2749 ἔθυσε
681 2684 812 2761 βόας
842 2687 886 2740 α’
931 2685 1022 2740 καὶ
1052 2681 1320 2761 πρόϐατα,
1355 2687 1420 2754 ς’,
1464 2685 1702 2764 ἐλάφους
1731 2693 1804 2762 χ’,

143 2773 280 2834 σύας
331 2775 398 2844 α’,
479 2771 699 2849 ὄρνιθας
776 2774 868 2829 καὶ
933 2773 1313 2850 ἀλεκτρυῶνας
1379 2775 1480 2830 ἀνὰ
1550 2774 1809 2850 χιλιάδας

147 2859 304 2921 δέκα.
365 2859 576 2918 Δὲδωκε
634 2860 691 2918 δὲ
745 2862 836 2918 καὶ
893 2869 1010 2927 τοῖς
1039 2865 1235 2934 πένησι
1291 2865 1381 2918 καὶ
1414 2861 1695 2938 δεομένοις
1727 2865 1808 2919 σί-

149 2973 254 3006 του
306 2949 470 3025 μόδια
521 2950 787 3026 μυριάδας
834 2955 903 3027 γ“,
960 2957 1030 3027 τῇ
1089 2954 1276 3028 ἡμὲρα
1331 2953 1508 3029 ἐκείνῃ
1543 2952 1615 3009 δι’
1647 2955 1805 3030 ὡρῶν

146 3043 322 3114 τριῶν
353 3059 366 3072 ·
421 3041 511 3095 καὶ
570 3039 693 3095 τότε
725 3038 1042 3096 εἷ’σώδευσεν
1093 3042 1121 3095 6
1175 3041 1428 3117 βασιλεὺς
1487 3043 1803 3099 Ἰουστινια-

144 3129 246 3190 νὸς
289 3130 421 3202 μετὰ
448 3133 546 3184 τοῦ
577 3134 811 3205 σταυροῦ
855 3129 947 3185 καὶ
1003 3135 1099 3185 τοῦ
1131 3133 1476 3207 πατριάρχου
1509 3131 1803 3208 Εὐτυχίου.

141 3217 259 3274 Καὶ
307 3214 616 3293 ἀποδράσας
646 3223 766 3280 ταῖς
800 3219 958 3293 χερσὶ
1013 3223 1110 3272 τοῦ
1168 3221 1514 3295 πατριάρχου
1547 3221 1652 3279 ἀπὸ
1695 3226 1806 3276 τῶν

147 3303 455 3380 βασιλικῶν
486 3305 701 3376 πυλῶν,
735 3303 939 3383 ἔδραμε
988 3303 1154 3380 μόνος
1205 3307 1370 3383 μέχρι
1392 3313 1490 3363 τοῦ
1523 3304 1800 3382 ἄμϐωνοςθ

144 3396 244 3450 καὶ
314 3394 547 3457 ἐκτείνας
612 3396 708 3457 τὰς
783 3401 972 3470 χεῖρας
1037 3395 1113 3458 είς
1176 3398 1266 3451 τὸν
1341 3396 1594 3472 οὐρανὸν,
1667 3399 1803 3453 εἶπε·

143 3483 290 3554 Δόξα
341 3488 421 3556 τῷ
472 3489 610 3557 Θεῷ,
655 3489 736 3556 τῷ
778 3484 1172 3556 καταξιώσαντί
1233 3506 1300 3558 με
1338 3490 1588 3542 τοιοῦτον
1649 3485 1802 3563 ἔργον

140 3571 474 3628 ἀποτελέσαι
507 3592 521 3606 ·

143 3659 498 3732 ιῖσοδεῦσαι,
551 3662 802 3734 ἐποίησεν
857 3663 1095 3734 ὑπάτια,
1142 3663 1232 3719 καὶ
1287 3661 1488 3719 δέδωκε
1542 3669 1622 3738 τῷ
1689 3663 1808 3738 λαῷ

141 3755 474 3826 κεντηνάρια
529 3753 653 3826 τρία
721 3749 811 3807 διὰ
876 3752 1219 3828 Στρατηγίου
1294 3753 1593 3828 μαγίστρου
1645 3753 1814 3811 ταῦτα

143 3841 418 3917 χῦνοντος
449 3839 524 3903 εἷς
554 3839 616 3895 τὸ
671 3838 887 3920 ἔδαφος*
933 3843 1019 3896 καὶ
1073 3845 1141 3915 τῇ
1175 3840 1434 3916 ἐπαύριον
1469 3842 1694 3914 ἐποίησε
1748 3844 1815 3899 τὰ

143 3930 363 4001 ἆνοίξια
417 3935 516 3984 τοῦ
563 3935 717 4001 ναοῦ,
765 3935 1002 3986 τοσαῦτα
1067 3929 1156 3985 καὶ
1213 3930 1438 3988 πλείονα
1490 3932 1809 3988 ὁλοκαυτώ-

142 4040 300 4094 ματα
347 4018 528 4089 Θύσας,
560 4019 648 4074 καὶ
685 4018 848 4095 μέχρι
879 4024 988 4074 τῶν
1033 4019 1201 4096 ἁγίων
1235 4020 1538 4099 Θεοφανίων
1574 4019 1644 4076 δι’
1673 4025 1812 4097 ἠμε-

137 4112 263 4186 ρῶν
287 4105 665 4164 πεντεκαίδεκα
687 4106 1042 4185 κλητορεύων
1071 4112 1278 4172 πάντας
1308 4109 1398 4165 καὶ
1433 4109 1690 4187 ῥογεύων,
1719 4112 1808 4167 καὶ

133 4197 485 4273 εὐχαριστῶν
517 4202 597 4270 τῷ
649 4202 791 4271 Θεῷ.
845 4200 948 4255 Καὶ
999 4198 1173 4265 οὕτως
1201 4198 1484 4256 ἐτελείωσε
1511 4201 1574 4256 τὸ
1627 4201 1810 4279 ἐφετὸν

149 4285 317 4363 ἔργον
351 4285 535 4343 αὐτοῦ.

1991 2243 2271 2300 Absoluta
2304 2242 2525 2314 templo
2557 2242 2860 2314 sacrisque
2900 2241 3059 2298 vasis
3099 2241 3439 2313 caterisque
3469 2257 3564 2295 or-

1915 2331 2235 2400 namentis,
2260 2331 2508 2388 solemni
2545 2348 2780 2404 pompa,
2805 2332 2898 2387 die
2919 2331 3262 2386 Novembris
3283 2330 3564 2401 vigesima

1918 2423 2181 2478 secunda
2209 2437 2240 2476 ο
2270 2420 2487 2493 palatio
2520 2421 2576 2475 in
2613 2420 2994 2491 Augustionis
3047 2423 3287 2485 atrium,
3345 2435 3460 2492 qua
3490 2419 3562 2474 ad

1916 2509 2284 2582 horologium
2315 2509 2426 2565 iter
2452 2514 2564 2575 est,
2595 2509 2653 2564 in
2699 2509 3017 2581 quadragis
3065 2514 3155 2564 est
3206 2509 3514 2581 ingressus
3547 2525 3560 2564 :

1917 2599 2310 2671 mactavitque
2340 2599 2515 2654 boves
2549 2597 2732 2665 mille,
2765 2598 2959 2654 ovium
2995 2615 3094 2652 sex
3125 2597 3332 2663 millia,
3365 2612 3565 2653 cervos

1917 2693 2246 2756 sexcentos,
2279 2703 2416 2743 sues
2465 2687 2647 2756 mille,
2700 2687 2952 2760 gallinas
3001 2688 3197 2742 decem
3231 2686 3392 2742 mille
3430 2686 3565 2742 toti-

1917 2779 2174 2849 demque
2225 2776 2443 2849 pullos.
2507 2778 2844 2848 Eademque
2905 2776 2997 2832 die
3053 2777 3233 2831 trium
3284 2775 3565 2831 horarum

1917 2868 2108 2940 spatio
2142 2865 2425 2937 elargitus
2446 2871 2536 2922 est
2554 2867 2910 2939 pauperibus
2935 2871 2987 2921 et
3011 2865 3210 2938 egenis
3233 2865 3409 2920 tritici
3444 2881 3569 2919 mo-

1917 2957 2172 3013 diorium
2195 2955 2436 3027 triginta
2491 2953 2701 3010 millia.
2743 2955 2866 3019 Quo
2915 2959 3172 3027 peracto,
3201 2953 3575 3008 Justinianus

1925 3046 2243 3118 imperator
2271 3061 2405 3100 cum
2438 3060 2610 3099 cruce
2659 3061 2724 3099 ac
2775 3044 3058 3116 Eutychio
3091 3041 3423 3115 patriarcha
3471 3058 3569 3096 co-

1918 3135 2056 3190 mite
2110 3134 2399 3206 templum
2448 3134 2751 3206 ingressus
2801 3138 2926 3188 est:
2964 3137 3087 3187 tum
3149 3149 3181 3188 ει
3230 3130 3568 3204 patriarcha

1916 3223 2185 3295 dilapsus
2217 3239 2250 3277 a
2283 3221 2453 3292 regiis
2487 3223 2710 3276 foribus
2760 3221 2926 3276 solus
2973 3222 3044 3276 ad
3102 3222 3417 3276 ambonem
3470 3236 3570 3275 us-

1917 3327 2030 3382 que
2061 3311 2340 3377 cucurrit,
2375 3309 2751 3380 extensisque
2795 3309 2854 3364 in
2885 3310 3093 3365 coelum
3125 3309 3399 3364 manibus
3445 3309 3526 3363 ait
3559 3326 3572 3364 :

1916 3401 2114 3456 Gloria
2145 3401 2259 3456 Deo
2289 3399 2388 3471 qui
2414 3417 2507 3455 me
2530 3398 2748 3454 honore
2772 3403 2864 3455 est
2885 3399 3185 3471 dignatus,
3203 3404 3269 3453 ut
3292 3397 3406 3452 tale
3426 3415 3574 3470 opus

1916 3489 2254 3560 perﬁcerem
2291 3507 2304 3544 :
2339 3488 2448 3544 vici
2503 3493 2585 3558 te,
2647 3487 2942 3544 Salomon.
3015 3489 3153 3544 Post
3210 3487 3570 3560 ingressum,

580 3573 841 3646 νενίκηκά
899 3595 985 3642 σε,
1044 3573 1334 3648 Σολομών.
1397 3575 1496 3629 Καὶ
1559 3577 1696 3648 μετὰ
1745 3577 1806 3632 τὸ

1923 3581 2265 3636 consulares
2289 3579 2636 3653 largitiones
2660 3580 2816 3648 fecit,
2854 3579 3256 3652 magistroque
3279 3578 3570 3649 Strategio

1923 3670 1980 3724 in
2014 3670 2414 3740 pavimentum
2443 3669 2797 3733 eﬂ'undente,
2839 3669 2952 3724 tria
2981 3667 3318 3724 centenaria
3357 3665 3572 3738 populo

1922 3758 2245 3813 distribuit.
2281 3758 2521 3814 Postero
2553 3758 2646 3813 die
2684 3757 2927 3813 totidem
2959 3763 3046 3811 vel
3102 3756 3573 3813 holocautomata

1925 3864 2059 3902 cum
2090 3851 2435 3916 mactasset,
2491 3847 2698 3918 templi
2748 3849 3108 3918 apertionem
3161 3847 3316 3912 fecit,
3363 3850 3420 3900 et
3471 3862 3574 3916 pcr

1921 3937 2048 3992 dies
2079 3937 2418 4008 quindecim
2452 3952 2641 4008 usque
2673 3936 2740 3991 ad
2765 3940 2967 3992 sancta
2995 3934 3396 4007 Theophanis,
3427 3951 3570 4007 epu-

1920 4024 2009 4081 las
2033 4030 2089 4080 et
2121 4025 2428 4098 pecuniam
2471 4025 2686 4097 populo
2739 4024 3184 4097 dilargiebatur,
3232 4023 3571 4096 gratiasque

1921 4115 2038 4171 Deo
2097 4116 2329 4187 agebat.
2364 4115 2432 4170 Et
2460 4113 2572 4170 hoc
2629 4114 2802 4169 modo
2833 4114 3230 4169 desideratum
3262 4111 3372 4169 sibi
3421 4129 3570 4184 opus

1923 4203 2184 4277 perfecit.

140 4403 376 4487 Trullus
403 4403 538 4487 ardia
570 4403 1062 4487 Sopliianaenanno
1101 4406 1336 4487 fecundo
1359 4408 1590 4487 justini
1641 4424 1768 4487 cum
1817 4412 2137 4487 corruisset,
2167 4412 2478 4487 umbonem,
2510 4411 2716 4487 soleam
2763 4426 2829 4466 ac
2899 4411 3278 4482 pavimentum
3308 4409 3574 4487 contrivit

221 4477 653 4555 ϐιιιιιςςειιε.νιιὶηίιξἶ
680 4477 1064 4555 Reaciificatur
1093 4479 1292 4534 iisdem
1351 4479 1621 4536 lateribus
1678 4481 1921 4538 Rhodiis.
1955 4484 2125 4539 Ambo
2155 4500 2282 4541 vero
2318 4477 2474 4540 soteci
2495 4487 2546 4539 et
2573 4477 2958 4555 pavimentum
3010 4499 3080 4539 ex
3124 4483 3362 4538 materia
3410 4483 3571 4550 longe

221 4547 455 4602 minori:
484 4549 653 4618 pretii
677 4553 1098 4605 construuntur.

225 4644 485 4717 Διήρκεσε
514 4641 572 4698 δὲ
600 4644 628 4698 6
659 4646 980 4721 νεωτερικὸς
1011 4645 1274 4722 τροῦλος,
1307 4647 1335 4701 6
1357 4646 1503 4720 παρὰ
1529 4651 1627 4701 τοῦ
1657 4648 1808 4724 μεγά‹

1993 4653 2236 4710 Duravit
2265 4657 2460 4711 autem
2496 4653 2735 4709 Trullus
2783 4652 2884 4708 illa
2933 4669 3079 4709 nova
3117 4651 3355 4708 insolito
3407 4656 3569 4707 stru-

139 4729 256 4786 λου
275 4730 654 4785 ἰουστιτιανοῦ
673 4731 1031 4803 κτισθιὶς,καὶ
1056 4734 1084 4787 6
1115 4728 1308 4806 ἄμῦῶν
1330 4734 1358 4788 6
1380 4729 1698 4796 πολύολϐος
1721 4736 1810 4790 καὶ

136 4816 610 4892 πολυθαύμαστος
639 4819 731 4875 σὺν
763 4827 863 4890 τῆς
896 4820 1107 4884 σωλίας
1129 4823 1218 4877 καὶ
1241 4826 1338 4876 τοῦ
1360 4819 1619 4877 ποικίλου
1639 4823 1812 4878 πάτου

137 4912 251 4965 τοῦ
281 4911 408 4962 ναοῦ
427 4908 660 4982 χρόνους
694 4914 777 4979 ιζ’.
805 4912 958 4967 Μετὰ
979 4908 1035 4965 δὲ
1059 4912 1284 4966 θάνατον
1303 4915 1405 4966 τοῦ
1430 4913 1811 4967 Ἰουστινιανοῦ

138 4995 445 5071 ἐκράτησεν
495 4998 783 5061 Ἰουστῖνος
839 5000 866 5052 6
916 4999 1135 5074 ἀνεψιὸς
1167 4999 1332 5056 αὐτοῦ
1360 5007 1462 5070 τῆς
1511 4999 1810 5076 βασιλείας,

132 5084 241 5140 καὶ
272 5083 348 5146 εἷς
379 5084 470 5139 τὸν
509 5081 756 5160 δεύτερον
787 5085 988 5161 χρόνον
1025 5086 1212 5158 αὐτοῦ,
1236 5087 1420 5163 ἡμέρᾳ
1450 5089 1508 5157 ε’,
1543 5087 1657 5163 ὥρα
1688 5085 1812 5163 ἕκτῃ

130 5181 249 5244 τῆς
279 5174 508 5249 ἡμέρας,
543 5173 754 5251 ἐγένετο
784 5181 964 5231 πεσεῖν
997 5177 1088 5232 τὸν
1120 5177 1380 5254 τροῦλον,
1415 5177 1505 5232 καὶ
1534 5175 1812 5253 συνέτριψε

133 5265 244 5319 τὸν
275 5261 704 5336 ἇξιοθαύμαστον
739 5259 990 5338 ἅμϐῶνα,
1022 5266 1111 5320 καὶ
1142 5267 1242 5335 τὴν
1285 5263 1518 5321 σωλέαν·
1574 5267 1702 5330 τούς
1756 5289 1813 5324 τε

136 5349 546 5427 σαρδονύχους,
607 5352 695 5408 καὶ
768 5349 1102 5426 ζαμϐύκους,
1168 5356 1259 5410 καὶ
1316 5355 1667 5431 σαπφείρους,
1721 5359 1812 5412 καὶ

142 5440 494 5517 μαργαρίτας
528 5440 618 5496 σὺν
649 5446 755 5497 τῶν
790 5448 1008 5519 χρυσῶν
1044 5447 1304 5516 στήθεων.
1361 5446 1430 5502 Αἱ
1489 5442 1547 5501 δὶ
1606 5443 1811 5520 άψίδες,

137 5532 246 5589 καὶ
298 5530 350 5585 οἱ
397 5530 595 5600 κίονες,
643 5531 734 5586 καὶ
786 5533 854 5589 τά
884 5532 1056 5588 λοιπά
1093 5535 1367 5609 κτίσματα
1414 5532 1631 5608 ἔμειναν
1690 5535 1815 5590 ἀσά-

144 5623 350 5680 λευτα.
399 5622 460 5677 Ὁ
506 5618 565 5676 δὲ
613 5622 774 5688 αὐτὸς
829 5623 1085 5700 βασιλεὺς
1117 5624 1629 5701 προσκαλεσάμενος
1682 5625 1812 5690 τοὺς

145 5711 436 5787 καμόντας
489 5709 660 5768 ἐκεῖσε
727 5714 1094 5792 μηχανικοὺς,
1150 5713 1470 5772 ἐπυνθάνετο
1524 5717 1654 5792 παρ’
1711 5717 1812 5774 αό-

1924 4745 2104 4798 cturaa
2149 4760 2357 4814 genere
2401 4759 2434 4796 a
2470 4741 2808 4798 Justiniano
2858 4743 3127 4807 excitata,
3160 4745 3219 4796 et
3247 4740 3422 4795 ambo
3469 4739 3567 4795 ille

1924 4831 2484 4902 sumptuosissimus
2515 4833 2572 4884 et
2602 4828 2991 4885 admiratione
3017 4829 3234 4899 dignus
3251 4843 3385 4884 cum
3408 4826 3568 4882 solea

1923 4923 1982 4974 et
2013 4918 2169 4974 vario
2198 4918 2402 4991 templi
2426 4918 2757 4989 pavimento
2782 4934 2964 4972 annos
2987 4916 3569 4988 septemdecim.Post

1923 5012 2169 5063 mortem
2183 5005 2999 5078 veroJustiniani,imperium
3019 5005 3243 5077 excepit
3265 5005 3563 5074 Justinus,

1921 5097 2051 5167 ejus
2098 5113 2167 5152 ex
2205 5112 2403 5152 sorore
2451 5111 2672 5166 nepos;
2722 5096 2893 5165 cujus
2924 5111 3075 5150 anno
3111 5095 3390 5162 secundo,
3427 5094 3569 5149 feria

1923 5186 2129 5258 quinta
2155 5185 2269 5242 diei
2327 5186 2472 5243 hora
2520 5189 2700 5249 sexta,
2762 5184 2972 5240 lrullus
3022 5182 3288 5239 corruit:
3323 5187 3568 5254 stupen-

1923 5276 2182 5346 dumque
2220 5275 2554 5342 ambonem,
2605 5274 2848 5338 soleam,
2880 5273 3296 5346 sardonychos,
3331 5272 3568 5344 zamby-

1923 5381 2041 5431 cos,
2101 5363 2412 5436 sapphiros
2463 5368 2521 5419 et
2580 5365 2949 5435 margaritas,
3006 5379 3139 5417 cum
3189 5361 3382 5417 aureis
3413 5362 3571 5418 colu-

1922 5453 2115 5509 mellis
2138 5452 2428 5510 contrivit.
2457 5451 2707 5524 Apsides
2731 5469 2888 5519 vero,
2915 5451 3198 5507 columnis
3241 5455 3299 5507 et
3326 5449 3572 5506 aedificia

1922 5544 2148 5616 reliqua
2176 5544 2393 5600 intacta
2412 5543 2774 5616 immotaque
2792 5545 3155 5599 manserunt.
3187 5543 3352 5597 Tunc
3377 5541 3569 5612 impe-

1922 5638 2100 5701 rator,
2134 5633 2388 5691 evocatis
2407 5633 2768 5702 architectis,
2805 5631 3225 5689 sciscitabatur
3245 5648 3370 5704 quae
3393 5646 3574 5686 causa

1921 5721 2109 5778 ruinas
2161 5722 2338 5780 trullo
2387 5723 2619 5781 fuisset.
2675 5723 2839 5790 Quod
2892 5722 3222 5780 avunculus
3259 5725 3418 5792 tuus,
3471 5719 3564 5777 in-
