4046 6338
496 340 647 400 1311

1443 342 1835 403 ΑΡΡΕΝΒΙΧ
1879 344 1981 402 ΑΙ)
2028 328 2486 403 MICHAELEM
2534 340 2915 404 PSELLUM.

3764 337 3913 397 1312

502 472 739 543 quiunt,
774 471 990 527 amotis
1017 472 1192 528 citius
1223 489 1399 544 quam
1424 490 1527 545 per
1573 480 1699 530 erat
1736 474 1948 547 lignies
1980 471 2147 527 fulci-

2259 475 2387 542 τῶν,
2446 468 2500 523 τί
2550 471 2613 525 τὸ
2641 466 2849 543 συμϐὰν
2882 470 2957 533 εἲς
2983 470 3045 525 τὸ
3074 468 3314 546 χαλάσαι
3341 469 3435 523 τὸν
3462 466 3732 544 τροῦλον,
3772 468 3843 523 Oi
3870 465 3917 519 δὲ

500 561 735 627 mentis,
759 561 1050 616 maturius
1078 562 1304 619 musivo
1322 579 1493 635 opere
1515 579 1795 619 exornare
1819 562 2142 618 studuerit:

498 651 793 720 quodque,
847 655 911 705 ut
958 650 1137 707 latius
1192 657 1415 724 pateret
1460 657 1723 724 aspectu,
1755 670 1921 725 {equo
1954 650 2146 708 subli-

498 739 742 793 miorem
788 736 948 793 illam
1009 742 1257 796 stuxerit
1291 758 1304 796 :
1339 746 1395 796 et
1425 743 1580 813 quod
1641 757 1826 813 operae
1869 740 2058 796 scalas
2089 745 2147 795 et

498 826 903 883 sustentacula
960 829 1251 885 caedentes
1310 831 1691 902 projicerent;
1741 831 1876 886 hinc
1926 830 2144 886 factum

497 920 607 985 est,
643 920 707 971 ut
738 932 804 971 ex
838 933 1040 973 eorum
1074 920 1331 990 pondere
1372 920 1535 975 trulli
1583 921 1966 975 fundamenta
2012 935 2147 974 nec-

497 1003 641 1059 dum
674 1005 819 1061 satis
856 1011 1103 1063 excoctce
1157 1008 1501 1065 dissilirent.
1528 1014 1656 1065 Hinc
1678 1008 1929 1064 artiﬁces
1959 1008 2145 1080 impe-

497 1094 697 1161 ratori,
748 1097 845 1167 qui
904 1096 1040 1152 item
1090 1098 1489 1154 addiderunt:
1524 1099 1584 1155 Si
1620 1100 1855 1170 jubeas,
1890 1098 2143 1167 domine,

501 1182 744 1239 trullum
796 1185 1123 1256 planiorem
1177 1188 1232 1242 in
1285 1188 1521 1259 cymbali
1601 1189 1836 1244 convexi
1896 1187 2143 1243 formam

501 1273 793 1341 construi,
829 1274 997 1329 mitte
1028 1275 1087 1330 in
1121 1276 1390 1332 Rhodum
1418 1276 1699 1347 insulam,
1732 1281 1797 1332 ut
1825 1276 2149 1332 avunculus

500 1360 1089 1433 fecit,jubequeistic
1135 1366 1342 1421 lateres
1367 1382 1434 1421 ex
1466 1372 1621 1421 creta
1662 1366 1885 1421 Rhodia
1931 1365 2145 1436 parari,

498 1451 709 1521 aequali
741 1468 871 1506 cum
907 1453 1172 1523 pristinis
1206 1457 1460 1525 pondere
1482 1461 1538 1511 et
1568 1455 1779 1527 sigillo.
1806 1456 2145 1525 Tumjussu

499 1539 874 1610 imperatoris
891 1559 1059 1614 pares
1079 1544 1300 1599 advecti
1354 1544 1569 1600 lateres
1605 1549 1763 1600 sunt.
1805 1545 1899 1599 Sic
1938 1561 2147 1599 rursus

498 1633 691 1684 erecta
714 1630 953 1701 trullns,
977 1633 1234 1704 demptis
1265 1650 1293 1689 e
1324 1634 1581 1705 pristinaa
1603 1634 1967 1689 sublimitate
1990 1632 2146 1688 ulnis

501 1718 863 1788 quindecim,
898 1738 1081 1792 eaque
1130 1721 1185 1776 in
1241 1722 1504 1795 tympani
1554 1738 1774 1779 morem
1826 1726 2046 1793 aptata,
2080 1739 2147 1777 ac

500 1810 659 1861 metu
691 1806 871 1862 ruinae
903 1808 1077 1865 citius
1108 1811 1409 1881 iterandaa,
1444 1812 1785 1868 fulcimenta
1826 1812 2014 1882 lignea
2045 1826 2147 1884 per

500 1912 727 1951 annum
760 1896 1058 1970 integrum
1088 1899 1291 1955 relicta
1314 1906 1473 1967 sunt,
1492 1902 1676 1956 donec
1697 1901 2147 1955 excoctobumo-

502 2002 562 2040 re
585 1985 744 2041 trulli
790 1987 1073 2043 fabricam
1092 1990 1217 2059 jam
1248 1989 1492 2044 ﬁrmiter
1511 1990 1832 2045 consistere
1855 1988 2021 2061 periti
2054 1990 2148 2043 de-

503 2075 966 2146 prehenderunt.
997 2078 1324 2133 Ambonem
1357 2094 1488 2133 vero
1511 2082 1567 2133 et
1588 2078 1811 2133 soleam
1835 2095 1967 2133 cum
1992 2077 2148 2149 paris

504 2170 779 2235 sumptus
812 2170 868 2219 et
901 2166 1348 2236 magniﬁcentiae
1371 2173 1709 2223 construere
1738 2184 1853 2222 non
1889 2170 2148 2238 possent,

503 2250 676 2321 longe
709 2252 954 2308 minoris
981 2253 1143 2309 illum
1169 2257 1334 2326 pretii
1358 2273 1424 2311 ex
1442 2255 1736 2327 lapidibus
1766 2260 1824 2312 et
1864 2254 2152 2310 columnis

508 2345 751 2411 argento
781 2342 1033 2398 vestitis.
1068 2360 1199 2399 cum
1226 2344 1502 2401 cancellis
1536 2345 1591 2399 in
1625 2346 1824 2401 orbem
1860 2345 2152 2417 argenteis

508 2432 565 2483 et
620 2428 776 2484 solea
842 2431 1292 2489 exaediﬁcarunt.
1354 2433 1625 2490 Trullum
1669 2439 1862 2490 autem
1915 2432 2150 2489 amboni

506 2516 810 2588 imponere
840 2519 1029 2575 noluit
1056 2526 1375 2594 imperator
1404 2540 1792 2596 expensarum
1824 2524 1873 2578 vi
1907 2522 2150 2578 deterri-

502 2609 622 2660 tus.
648 2606 974 2664 Sternendo
999 2611 1333 2680 pavimento
1365 2628 1499 2667 cum
1533 2611 1632 2667 iile
1662 2611 1838 2667 variis
1856 2611 2151 2667 coloribus

504 2693 794 2751 distinctae
840 2701 896 2752 et
937 2702 1308 2770 praegrandes
1338 2700 1550 2756 tabulae
1604 2718 1718 2756 non
1751 2703 2150 2772 suppeterent,

506 2783 687 2840 misso
720 2784 991 2843 Manasse
1016 2789 1260 2859 patricio
1293 2797 1342 2844 et
1370 2789 1671 2861 proposito
1704 2790 1761 2844 in
1817 2794 2149 2845 Proconne-

504 2889 636 2928 sum
670 2873 790 2930 illic
823 2892 1121 2933 marmora
1152 2879 1397 2950 paravit,
1436 2884 1601 2935 terra
1650 2879 1900 2935 colorem
1948 2879 2149 2950 praefe-

502 2962 713 3030 rentia,
744 2982 967 3020 necnon
1009 2965 1123 3021 alia
1155 2968 1377 3039 prasini
1402 2967 1635 3037 coloris,
1667 2984 1794 3040 qua
1818 2967 2062 3023 ﬂumina
2091 2967 2149 3022 in

505 3067 664 3107 mare
699 3052 1007 3109 inﬂuentis
1038 3061 1440 3127 repraesentat.

2260 561 2406 614 εἶπον
2461 564 2543 631 τῷ
2595 558 2830 636 βασιλεῖ,
2883 560 2965 614 ὅτι
3014 561 3075 616 Ὁ
3129 561 3273 623 Θεῖος
3319 579 3415 613 σου
3445 557 3685 619 σπεύσας
3750 555 3915 629 ὶπῇρε

2254 647 2382 710 τοὺς
2435 649 2751 710 ἀντινύκτας
2778 649 2905 712 τοὺς
2934 643 3092 711 ὄντας
3124 646 3175 703 ἓν
3224 652 3304 720 τῷ
3350 645 3569 721 τρούλῳ
3633 645 3911 715 ξυλῖνους,

2256 738 2346 791 καὶ
2410 740 2625 812 ταχέως
2701 737 3028 811 ἐμουσίωσεν
3107 736 3288 791 αὐτόν·
3373 736 3461 791 καὶ
3535 734 3619 789 ὅτι
3694 732 3913 807 ὑψηλὸν

2257 824 2506 898 ἐποίησεν
2562 827 2723 882 αὐτὸν
2781 828 2917 903 πρὸς
2973 828 3035 881 τὸ
3082 826 3414 902 πανταχόθεν
3475 825 3747 900 ὁρᾶσθαι*
3832 824 3918 875 καῖ

2256 915 2339 971 ὅτι
2399 917 2493 978 τὰς
2527 915 2828 978 σκαλώσεις
2886 915 3179 978 κόπτοντες
3238 916 3289 969 οἱ
3344 914 3589 989 τεχνίται
3625 910 3913 988 ἔρῥιπτον,

2253 1005 2343 1060 καὶ
2379 1005 2437 1061 ἐκ
2465 1010 2562 1060 τοῦ
2588 1005 2761 1061 αὐτῶν
2793 1004 3039 1081 [βάρους]
3088 1002 3493 1080 ἐσπαράσσοντο
3536 1003 3604 1058 τὰ
3663 1000 3920 1074 Θεμὲλια,

2254 1096 2342 1151 καὶ
2376 1095 2519 1169 [οὐκ]
2567 1090 2729 1151 ἔλαϐε
2771 1095 2931 1168 πέψιν
2966 1096 2994 1149 6
3022 1093 3281 1170 τροῦλος.
3327 1093 3515 1156 Οὕτως
3561 1093 3612 1146 οἱ
3666 1097 3919 1165 τεχνῖται

2256 1182 2455 1263 ἔφησαν
2502 1189 2582 1257 τῷ
2631 1182 2865 1259 βασιλεῖ·
2917 1183 3066 1238 εἶπον
3123 1180 3180 1237 δὲ
3230 1181 3394 1255 αύτῷ,
3450 1181 3533 1236 ὅτι
3566 1181 3693 1236 Ἐάν
3729 1178 3920 1234 κελιύο

2256 1296 2354 1343 εις,
2389 1271 2641 1344 δέσποτα,
2676 1272 2769 1328 ’ίνα
2802 1273 3023 1349 γένηται
3050 1274 3078 1327 6
3107 1272 3338 1348 τροῦλος
3392 1268 3650 1331 ἐπίπεδος
3698 1264 3918 1340 κυμϐα-

2256 1361 2445 1430 λικῶς,
2491 1360 2815 1417 ἀπόστειλον
2867 1362 2941 1423 εἰς
2968 1363 3067 1431 τήν
3100 1359 3310 1429 Ῥόδον,
3342 1361 3541 1429 καθὼς,
3574 1358 3671 1413 καὶ
3707 1360 3735 1412 6
3771 1360 3915 1416 Θεῖος

2257 1472 2352 1506 σου
2384 1451 2627 1522 ἰποίησε,
2672 1452 2758 1505 καὶ
2814 1450 2873 1505 ἑκ
2922 1454 3019 1506 τοῦ
3067 1449 3268 1521 ταύτης
3314 1447 3498 1519 πηλοῦ
3547 1448 3637 1502 καὶ
3694 1446 3758 1500 ἐκ
3819 1454 3915 1515 τῆς

2254 1539 2513 1611 τοιαύτης
2587 1536 2907 1617 σφραγίδος,
2982 1539 3284 1611 ἱσόσταθμα
3339 1535 3553 1611 βήσαλα
3606 1540 3712 1591 τοῦ
3775 1557 3919 1609 προ-

2255 1631 2417 1702 τέρου
2478 1629 2678 1705 μετρου
2718 1628 2987 1704 ἀγάγωσι.
3042 1626 3142 1682 Καὶ
3173 1626 3493 1703 προσέταξεν
3544 1627 3573 1681 6
3628 1624 3924 1701 βασιλεὺς,

2254 1719 2345 1773 καὶ
2394 1716 2605 1794 ἤγαγον
2659 1719 2726 1772 τὰ
2787 1716 3003 1792 βήσαλα
3046 1717 3153 1771 ἀπὸ
3198 1717 3296 1771 τοῦ
3346 1713 3534 1769 Ῥόδου
3584 1714 3779 1775 καθὼς
3836 1713 3923 1768 καὶ

2257 1807 2547 1882 πρότερον*
2590 1806 2761 1869 οὕτως
2814 1806 2988 1861 τοίνυν
3034 1806 3123 1861 καὶ
3155 1804 3319 1861 πάλιν
3374 1803 3634 1877 ἔκαμώθη
3677 1804 3708 1857 6
3760 1808 3926 1877 τροῦ-

2258 1894 2356 1958 λος
2404 1897 2664 1970 κόψαντες
2705 1896 2763 1951 ἰκ
2788 1900 2885 1951 τοῦ
2917 1896 3185 1971 προτέρου
3230 1892 3469 1968 τρούλου
3496 1892 3731 1967 ὀργυιὰς
3765 1889 3925 1945 63x2-

2256 1990 2457 2055 πέντε,
2513 1990 2838 2058 ποιήσαντες
2896 1986 3058 2042 αὐτὸν
3126 1985 3489 2058 τυμπανικὸν,
3553 1982 3875 2054 πτούμενοι
3908 2028 3921 2051 ,

2251 2074 2344 2132 ’ίνα
2396 2078 2472 2150 μή
2532 2075 2698 2132 πάλιν
2749 2077 2963 2151 ταχέως
2992 2076 3172 2144 πέσοι,
3222 2074 3473 2134 ἐάσαντες
3516 2073 3588 2126 τά
3630 2070 3777 2141 ξύλα
3832 2070 3925 2123 καὶ

2256 2166 2382 2229 τοὺς
2431 2165 2619 2241 κριοὺς
2674 2170 2781 2220 τῶν
2834 2164 3158 2219 ἀντινύκτων
3217 2163 3417 2239 χρόνον
3476 2158 3587 2231 ἕνα,
3649 2156 3769 2220 ἓως
3831 2160 3919 2212 οὖν

2259 2250 2497 2330 ἔγνωσαν
2538 2261 2764 2324 ποιῆσαι
2794 2255 2894 2323 τὴν
2946 2254 3107 2326 πέψιν
3135 2253 3224 2307 τὸν
3270 2248 3525 2326 τροῦλον.
3578 2250 3687 2302 Τὸν
3721 2245 3788 2301 δὶ
3820 2249 3921 2317 ay.-

2261 2340 2411 2399 ϐωνα
2454 2344 2544 2398 καὶ
2585 2344 2687 2412 τὴν
2739 2341 2946 2398 σωλὲαν
2997 2343 3073 2415 μὴ
3124 2339 3411 2414 δυνάμενοι
3468 2344 3704 2407 ποιῆσαι
3738 2340 3921 2391 τοιοῦ-

2259 2453 2351 2489 τον
2410 2430 2739 2503 πολυέξοδον
2790 2429 2881 2487 καί
2910 2429 3243 2503 πολύτιμον,
3295 2428 3553 2498 ἐποίησαν
3592 2426 3766 2481 αὐτὸν
3828 2436 3917 2481 ou-

2262 2520 2511 2595 δαμινὸν,
2567 2518 2657 2576 διὰ
2720 2518 2888 2585 λίθων
2938 2520 3026 2575 καὶ
3080 2519 3277 2574 κιόνων
3338 2513 3785 2593 ἀργυρενδύτων,
3835 2516 3917 2569 καὶ

2261 2612 2501 2677 στήθεων
2584 2610 2829 2686 ἀργυρῶν
2911 2609 3045 2682 μετᾶ
3102 2611 3410 2684 περιφερῶν
3466 2605 3732 2679 ἀργυρῶν
3788 2604 3919 2677 μιτὰ

2259 2704 2361 2769 τῆς
2420 2697 2654 2760 σωλίας.
2706 2696 2955 2774 Τροῦλον
3008 2693 3065 2751 δὲ
3122 2701 3220 2752 τοῦ
3250 2689 3505 2768 ἀμϐωνος
3538 2694 3643 2749 οὐκ
3671 2692 3920 2763 ἠθέλησε

2260 2790 2508 2858 ποιῆσαι,
2560 2787 2635 2849 ὡς
2664 2787 2832 2858 εἶπεν,
2866 2783 2956 2840 διὰ
2982 2786 3081 2855 τήν
3113 2783 3333 2851 πολλὴν
3360 2779 3564 2855 ἔξοδον.
3599 2782 3698 2844 Εἷς
3734 2780 3796 2837 δὶ
3824 2784 3909 2836 τὸν

2258 2875 2451 2947 πάτον,
2504 2876 2578 2950 μή
2615 2872 2864 2946 δυνηθεὶς
2913 2874 3085 2949 εὑρεῖν
3124 2877 3346 2928 τοιαῦτα
3386 2868 3776 2927 πολυποίκιλα
3824 2870 3911 2925 καὶ

2264 2966 2488 3041 μέγιστα
2544 2960 2781 3031 άϐάκια,
2841 2964 2931 3018 καὶ
2996 2962 3321 3023 ἀποστείλας
3396 2967 3649 3030 Μανασσῆ
3712 2961 3911 3037 πατρί-

2260 3074 2376 3108 κιον
2450 3053 2540 3108 καὶ
2614 3051 2970 3128 πραιπόσιτον
3049 3051 3102 3107 ἐν
3181 3052 3593 3126 Προικοννήσῳ,
3648 3048 3910 3119 ἐποίησεν

502 3136 613 3193 ἐκεῖ
667 3141 736 3194 τά
799 3141 1060 3215 μάρμαρα
1118 3142 1194 3205 εἷς
1253 3145 1558 3216 ὁμοιότητα
1602 3150 1701 3215 τῆς
1756 3151 1881 3219 γῆς,
1929 3143 1996 3199 τά
2051 3143 2283 3220 πράσινα
2312 3142 2386 3205 εἲς
2417 3142 2723 3216 ὁμοιότητα
2746 3147 2854 3198 τῶν
2883 3146 3146 3215 ποταμῶν
3179 3145 3285 3196 τῶν
3318 3135 3684 3214 ἐμϐαινόντων
3757 3138 3813 3193 ἐν

501 3226 765 3305 θαλάσσῃ.

494 3392 635 3446 Dum
666 3395 827 3449 trulli
852 3405 1108 3470 pegmata
1136 3397 1546 3470 dirumperent,
1578 3398 1752 3456 aedem
1782 3398 2121 3470 Sophianam
2138 3415 2284 3470 aqua
2313 3398 2551 3466 replent.
2583 3397 2980 3469 Fallunturqui
3013 3398 3238 3470 Iustino
3262 3394 3463 3470 Thraci
3482 3393 3643 3470 illius
3670 3394 3913 3470 structu-

568 3480 688 3548 ram
717 3468 1016 3548 ascribunt.
1049 3469 1160 3548 Suo
1189 3467 1503 3548 Justiniano
1521 3472 1829 3548 celebratur
1851 3467 2053 3548 'quinta
2082 3488 2144 3543 sy

2259 3486 2339 3525 us.
2362 3470 2622 3548 [insania
2648 3467 2901 3526 ecclesia
2919 3467 3911 3548 S_.apostolorumeodem.imperante.

567 3537 704 3591 Lues
731 3541 1036 3595 saevissima
1065 3543 1257 3596 urbem
1290 3544 1398 3597 CP.
1435 3543 1671 3609 invadit,
1699 3537 1903 3598 deinde
1931 3551 2088 3597 terra
2111 3537 2312 3598 'motus.
2349 3542 2735 3597 Coneubitores
2758 3537 3136 3597 masculorum
3164 3548 3412 3608 graviter
3432 3538 3913 3609 puniuntur-Jus-

566 3610 830 3685 {iniurius
846 3617 1149 3682 equestrem
1176 3614 1284 3668 sibi
1328 3618 1573 3669 statuam
1619 3617 1681 3669 in
1728 3615 2061 3683 Augustione
2118 3616 2300 3685 erigit.
2356 3614 2662 3668 Belisarius
2708 3615 2765 3685 in
2812 3614 3058 3685 Africam
3104 3617 3300 3667 contra
3336 3610 3603 3665 Vandale:
3643 3610 3913 3663 mittitur.

567 3680 769 3736 Deinde
796 3680 911 3738 dua:
937 3686 1207 3741 exercitus
1238 3687 1300 3740 in
1328 3686 1446 3757 ejus
1477 3695 1655 3742 tocum
1684 3703 1716 3741 a
1745 3680 2067 3742 Iustiniano
2091 3680 2311 3741 creatur
2340 3685 2644 3747 Salomon;
2674 3683 2764 3740 sed
2792 3684 2942 3739 malo
2965 3685 3170 3739 omine.

569 3794 713 3888 Cum
739 3803 933 3888 autem
968 3800 1129 3855 trulli
1164 3808 1438 3873 pegmata
1460 3802 1881 3874 dirumperent,
1913 3801 2146 3873 etligna
2177 3822 2219 3888 ρ

498 3884 784 3955 dejecturi
814 3894 1032 3958 essent,
1065 3889 1369 3946 ecclesiam
1394 3908 1546 3962 aqua
1595 3892 1666 3946 ad
1703 3891 1977 3946 ulnarum
2020 3896 2147 3947 octo

501 3972 876 4032 altitudinem
907 3978 1278 4050 repleverunt
1311 3997 1324 4035 :
1359 3980 1558 4051 sicque
1603 3980 1985 4036 fundamenta
2032 3996 2146 4035 non

503 4065 1009 4121 concutiebantur.
1042 4067 1349 4123 Falluntur
1379 4068 1577 4139 itaque
1607 4069 1708 4140 qui
1740 4075 1971 4140 putant,
2009 4069 2145 4124 Jus-

504 4152 695 4207 tinum
727 4154 1045 4210 Justiniani
1092 4156 1445 4212 avunculum
1480 4157 1781 4231 quidpiam
1826 4159 1882 4212 in
1935 4174 2002 4212 ea
2048 4174 2147 4212 ex-

504 4241 821 4310 struxisse;
881 4250 998 4299 tres
1050 4246 1340 4316 siquidem
1408 4250 1570 4313 sunt,
1627 4246 1923 4302 Justinius
1972 4246 2144 4315 Trax,

500 4328 876 4386 Justinianus
934 4333 1202 4387 conditor
1259 4338 1317 4388 et
1373 4334 1579 4389 deinde
1624 4335 1897 4390 Justinus
1929 4334 2146 4390 sororis

502 4418 630 4487 ejus
662 4418 839 4485 filius,
873 4421 942 4474 de
982 4420 1200 4491 quibus
1223 4420 1496 4492 pluribus
1527 4423 1585 4478 in
1609 4422 1912 4479 Chronicis
1948 4439 2146 4477 narra-

498 4511 597 4560 tur
628 4507 948 4564 utcuilibet
971 4508 1185 4581 legenti
1216 4511 1583 4582 patebit.Sub
1605 4511 1940 4568 Justiniano
1967 4511 2147 4583 igitur

500 4596 600 4666 qui
633 4596 837 4668 templi
896 4598 1164 4654 conditor
1217 4600 1352 4667 fuit,
1409 4599 1700 4657 celebrata
1752 4606 1841 4657 est
1885 4602 2145 4674 synodus

499 4685 705 4755 quinta
736 4690 938 4743 contra
967 4688 1245 4745 Severum
1278 4707 1432 4746 anno
1463 4691 1694 4763 imperii
1726 4693 1853 4763 ejus
1886 4690 2138 4761 decimoj:

499 4774 763 4846 itemque
795 4793 947 4833 anno
975 4778 1361 4850 ejusimperii
1404 4781 1684 4852 vigesimo
1733 4781 1946 4851 primo,
1993 4779 2140 4835 cele-

500 4862 671 4919 brata
701 4869 843 4920 sunt
868 4866 1125 4922 encmnia
1156 4867 1379 4941 Magnae
1408 4868 1683 4925 ecclesiae.
1733 4869 1868 4924 Post
1913 4867 2141 4925 obitum

498 4967 632 5008 vero
660 4954 973 5009 Theodore:
1008 4956 1208 5012 uxoris
1242 4958 1372 5027 ejus
1393 4957 1683 5013 celebrata
1714 4964 1855 5013 sunt
1885 4957 2142 5014 encaenia

495 5040 587 5095 SS.
626 5042 1045 5113 Apostolorum
1080 5059 1092 5098 :
1127 5060 1243 5115 quo
1293 5050 1554 5115 tempore
1585 5050 1748 5101 tanta
1793 5045 1922 5101 lues
1970 5050 2140 5102 Cons-

492 5129 845 5201 tantinepoli
900 5132 1035 5201 fuit,
1098 5137 1162 5188 ut
1220 5134 1435 5188 mortui
1482 5134 1762 5205 insepulti
1812 5140 2137 5203 manerent,

2328 3801 2494 3857 ’Όταν
2552 3796 2610 3853 δὲ
2667 3793 2862 3872 ἔκοψαν
2913 3798 3007 3860 τὰς
3058 3796 3357 3858 σκαλωσεις
3388 3799 3483 3851 τοῦ
3520 3790 3793 3867 τρουλου,
3824 3794 3911 3847 καὶ

2257 3886 2457 3958 ἤθελον
2502 3882 2858 3943 καταϐιϐάσαι
2910 3886 2975 3941 τὰ
3024 3887 3201 3959 ξύλα,
3251 3884 3500 3961 ὲγὶμισαν
3552 3884 3651 3950 τὴν
3701 3880 3911 3952 ἐκκλη-

2259 3978 2373 4031 σίαν
2426 3974 2571 4053 ὕδωρ
2612 3974 2718 4038 ἕως
2749 3977 2969 4052 ὀργυιὰς
3004 3975 3171 4046 ὀκτὼ,
3221 3975 3311 4029 καὶ
3344 3976 3445 4029 οὐκ
3473 3972 3819 4047 ἐσπάρασσον
3850 3974 3910 4025 τὶ

2258 4065 2504 4139 θεμέλια.
2550 4063 2854 4121 Ψεύδονται
2887 4063 2944 4119 δὲ
2994 4066 3045 4119 οἱ
3078 4062 3350 4139 λέγοντες,
3385 4063 3467 4117 ὅτι
3490 4061 3579 4115 καὶ
3614 4063 3915 4119 Ἰουστῖνος

2257 4156 2284 4209 ὁ
2334 4156 2550 4229 ἀνεψιὸς
2610 4155 2778 4210 αὐτοῦ
2823 4152 3026 4209 ἔκτισεν
3085 4153 3138 4207 ἐν
3186 4152 3342 4226 αὐτῇ⁹
3394 4155 3540 4227 τρεῖς
3593 4150 3697 4223 γάρ
3763 4148 3915 4215 εἷσεν,

2257 4245 2548 4306 Ἰουστῖνος
2582 4244 2609 4298 6
2658 4244 2819 4317 Θρᾲξ,
2879 4243 2970 4297 καὶ
3033 4241 3430 4301 Ἰουστινιανὸς
3488 4240 3517 4292 6
3565 4238 3785 4306 κτίσας,
3835 4236 3917 4289 καί

2259 4339 2372 4405 μετ’
2428 4332 2588 4387 αὐτὸν
2647 4334 2939 4393 Ἰουστῖνος
2992 4331 3021 4385 6
3081 4330 3299 4403 ἀνεψιὸς
3350 4328 3537 4383 αὐτοῦ’
3589 4326 3719 4401 περὶ
3773 4327 3849 4379 ὢν
3893 4326 3915 4377 6

2255 4418 2423 4495 λόγος
2474 4417 2673 4493 διεξῄει
2722 4419 2773 4474 ἰν
2823 4425 2941 4481 τοῖς
2980 4420 3273 4491 Χρονικοῖς
3314 4416 3679 4489 πλατύτερον,
3738 4415 3834 4468 καὶ
3891 4416 3913 4466 6

2253 4508 2639 4584 ἀναγινώσκων
2701 4509 2947 4584 εύρήσῃ.
3024 4508 3145 4561 Ἐπὶ
3221 4508 3310 4561 οὗν
3372 4506 3767 4562 Ἰουστινιανοῦ
3824 4506 3911 4557 τοῦ

2250 4598 2531 4660 κτίσαντος
2578 4598 2642 4653 τὸ
2690 4596 2843 4673 ἔργον
2900 4597 3092 4666 αὐτοῦ,
3140 4595 3265 4650 τότε
3314 4595 3499 4669 γέγονε
3547 4591 3637 4648 καὶ
3685 4593 3722 4661 ἡ
3790 4592 3909 4645 σύν-

2252 4685 2379 4750 οδος
2436 4688 2498 4756 ε’,
2551 4689 2586 4757 ἡ
2640 4687 2776 4741 κατᾶ
2818 4687 3095 4760 Σευήρου,
3146 4688 3227 4756 τῷ
3281 4682 3485 4755 δεκάτῳ
3536 4680 3704 4736 αὐτοῦ
3767 4680 3905 4736 ἔτει·

2251 4776 2439 4851 γέγονε
2482 4775 2571 4830 καὶ
2615 4775 2681 4830 τὰ
2729 4774 2973 4850 ἑγκαίνια
3019 4781 3118 4843 τῆς
3167 4770 3430 4847 Μεγάλης
3479 4768 3779 4840 ἰκκλησίας
3832 4775 3905 4839 τῷ

2251 4865 2331 4918 κα¹
2372 4866 2472 4933 τῆς
2524 4864 2688 4919 αὐτοῦ
2746 4862 3047 4940 βασιλείας.
3101 4861 3204 4918 Καὶ
3252 4856 3656 4929 τελευτησάσης
3701 4857 3909 4913 8:06:13-

2252 4974 2346 5028 ρας
2406 4956 2504 5023 τῆς
2574 4953 2737 5008 αὐτοῦ
2810 4953 3082 5029 γυναικὸς,
3143 4950 3334 5026 γὲγονε
3396 4949 3463 5004 τὰ
3508 4946 3760 5023 ἐγκαίνια
3816 4954 3909 5002 τῶν

2250 5043 2452 5117 Ἀγίων
2513 5042 2873 5099 Ἀποστόλων
2911 5061 2923 5074 ·
2986 5038 3066 5118 ἐφ’
3125 5039 3186 5094 οὗ
3246 5038 3528 5093 θανατικὸν
3589 5036 3813 5111 γίγονεν
3869 5035 3909 5089 ἰν

2260 5129 2868 5197 Κωνσταντινουπόλει,
2929 5130 3066 5185 ὥστε
3117 5130 3294 5201 μὲνειν
3350 5128 3587 5204 ἀτάφους
3630 5126 3766 5187 τοὺς
3798 5126 3912 5179 ἄασε

489 5219 644 5288 quod
677 5220 962 5292 grabbata
988 5221 1369 5276 ecclesiarum
1400 5226 1459 5278 et
1495 5223 1711 5278 aedium
1766 5223 2147 5281 cadaveribus

2260 5221 2614 5290 θνήσκοντας,
2650 5218 2739 5274 διὰ
2768 5219 2830 5275 τὸ
2887 5221 2962 5292 μὴ
2996 5196 3235 5292 ἐξαρκεῖν
3261 5216 3387 5278 τοὺς
3417 5196 3769 5291 κραϐϐάτους
3817 5218 3911 5268 τῶν

491 5306 800 5363 ell'erendis
832 5326 947 5365 non
980 5310 1336 5366 sufﬁcerent.
1388 5312 1533 5368 Cum
1583 5317 1782 5369 autem
1836 5313 2155 5383 imperator

493 5395 781 5465 grabbata
807 5397 967 5452 mille
1010 5398 1222 5454 confici
1281 5399 1584 5471 jussisset,
1620 5418 1752 5457 cum
1802 5417 1872 5456 ne
1898 5400 1999 5455 illa
2028 5403 2153 5473 qui-

491 5482 623 5537 dem
648 5484 791 5539 satis
822 5491 1044 5555 essent,
1061 5504 1269 5542 currus
1302 5504 1483 5558 quam
1503 5488 1785 5558 plurimos
1809 5490 2151 5560 etjumenta

487 5571 680 5642 parari
721 5573 933 5645 jussit,
962 5578 1027 5629 ut
1063 5576 1274 5631 mortui
1301 5576 1375 5631 iis
1406 5577 1774 5633 ett‘errentur.
1816 5578 2146 5633 Persevera-

504 5657 591 5713 vit
620 5676 792 5730 porro
822 5660 943 5719 hinc
973 5663 1324 5734 gravissima
1345 5664 1612 5736 contagio
1634 5665 1791 5723 binis
1818 5664 2145 5735 mensibus,

2263 5306 2572 5379 ἐκκλησιῶν
2622 5308 2710 5364 καὶ
2740 5312 2850 5363 τῶν
2901 5303 3068 5362 οἷ’κων
3125 5305 3364 5383 ἰκφὲρειν
3412 5302 3635 5364 αὐτούς.
3698 5306 3810 5357 Τοῦ
3865 5299 3912 5354 ει

2265 5397 2537 5472 βασιλέως
2590 5392 2933 5474 κραϐϐάτους
2990 5397 3321 5465 ποιήσαντος
3377 5415 3460 5467 ,α,
3521 5391 3639 5446 ἐπεὶ
3705 5393 3784 5463 μὴ
3841 5392 3913 5459 ἐξ·

2257 5489 2486 5560 ἤρκουν,
2542 5488 2747 5559 ἀμάξας
2818 5484 3110 5562 προσέταξε
3190 5482 3449 5543 πλείστας
3506 5480 3911 5554 εὐτρεπισθῆναι

2256 5574 2346 5628 καὶ
2401 5572 2595 5650 ἄλογα,
2651 5574 2742 5629 καὶ
2798 5573 2927 5635 τοὺς
2983 5575 3280 5636 τεθνεῶτας
3341 5569 3393 5625 ἰν
3428 5568 3617 5629 αὐτοῖς
3646 5566 3903 5643 ἁφὲρειν·

2259 5661 2525 5741 ικράτησε
2580 5662 2637 5719 δὲ
2693 5666 2728 5735 ἡ
2778 5661 3002 5733 τοιαύτη
3062 5664 3269 5724 πτῶσις
3314 5658 3407 5714 καὶ
3454 5655 3679 5736 χαλεπὴ
3744 5664 3907 5731 μῆνας
