4046 6338
92 415 255 478 1313

1225 403 1589 468 ΑΝΟΝΥΜΙ
1636 403 2220 478 ΑΝΤΙΟΗΙΤΑΤΕΞ
2266 407 2383 471 GP.

3355 415 3507 475 1314

94 545 168 620 β’,
218 540 448 600 Ἰούλιον
521 538 610 596 καὶ
672 534 1007 615 Αὔγουστον.
1081 533 1328 611 Μεγάλαι
1385 531 1443 589 δὶ
1498 532 1742 610 ἐγίνοντο

1868 534 2016 591 Iulio
2047 539 2104 592 et
2133 537 2413 610 Augusto.
2447 539 2592 596 Hinc
2637 557 2850 614 magna
2895 543 3156 600 tonitrua
3185 547 3244 601 et
3276 545 3510 619 fulgura

93 632 320 708 βρονταὶ
367 629 458 686 καὶ
512 627 800 704 ἀστραπαὶ,
855 628 930 690 ὡς
982 624 1112 688 τοὺς
1161 621 1407 686 πολλοὺς
1457 624 1740 694 καυθῆναιο

87 720 240 776 ἀλλὰ
293 719 381 775 καὶ
438 719 660 792 σεισμὸς
721 717 974 792 μέγιστος
1027 715 1118 770 καὶ
1187 714 1528 790 παγκόσμιος
1565 758 1580 782 ,
1652 712 1740 766 καὶ

87 807 282 865 ἔπεσον
330 808 472 863 οἶκοι
538 807 628 862 καὶ
684 804 970 876 ἐκκλησίαι
1029 800 1238 858 πολλαὶ
1296 801 1347 857 ἰν
1409 805 1745 859 Κωνσταντι-

86 896 386 967 νουπόλει,
442 897 581 952 ὥστε
635 893 883 958 πολλοὺς
937 892 1279 962 τελευτῆσαν
1340 888 1488 945 ἂλλᾶ
1538 889 1627 945 καὶ
1683 889 1745 943 τὸ

84 995 282 1063 τεῖχος
337 993 436 1057 τῆς
495 984 734 1053 πόλεως,
798 981 1012 1057 μᾶλλον
1063 979 1121 1036 δὲ
1149 984 1248 1046 τῆς
1281 985 1518 1056 Χρυσῆς.
1551 981 1748 1035 "Eme:

90 1077 153 1134 δὲ
210 1077 301 1132 καὶ
356 1078 391 1145 η
427 1075 612 1150 λόγχη
644 1076 706 1145 ἣν
741 1072 950 1149 ἰκράτει
983 1073 1010 1126 ὁ
1042 1068 1261 1146 ἀνδριὰς
1290 1070 1317 1124 ὁ
1347 1068 1515 1131 ἑστὼς
1549 1067 1624 1131 εἷς
1654 1069 1744 1123 τὸν

90 1169 263 1242 φόρον
291 1171 388 1221 τοῦ
434 1165 588 1240 ἁγίου
637 1160 1067 1232 Κωνσταντίνου,
1113 1160 1204 1214 καὶ
1238 1155 1518 1233 ἐπεκράτει
1574 1160 1610 1227 ὴ
1673 1163 1743 1232 γῆ

91 1257 354 1330 σειομένη
399 1253 488 1309 ἐπὶ
536 1249 704 1310 πολύ.
738 1253 834 1308 Ἐκ
865 1248 923 1305 δὶ
951 1257 1050 1320 τῆς
1083 1246 1260 1315 λύπης
1291 1249 1318 1304 ὁ
1365 1244 1621 1324 βασιλεὺς
1671 1247 1748 1310 sic

87 1347 164 1400 τὰ
208 1343 460 1408 Γενεθλια
505 1346 602 1398 τοῦ
651 1342 929 1416 Χριστοῦ,
978 1337 1067 1394 καὶ
1119 1338 1194 1401 εἷς
1238 1338 1306 1392 τὰ
1356 1337 1485 1412 ἅγια
1541 1334 1746 1414 Θεοφά-

94 1455 234 1507 νια,
293 1432 413 1488 ἄνευ
463 1433 771 1505 στὲμματος
820 1425 1098 1504 προῆλθεν
1133 1469 1148 1495 ,
1214 1428 1302 1481 καὶ
1363 1426 1432 1480 τὰ
1487 1424 1536 1498 ἑξ
1594 1423 1745 1487 ἔθους

87 1520 480 1599 ἆριστόδειπνα
529 1524 626 1576 τοῦ
657 1517 1084 1591 δωδεκαημὲρου
1143 1515 1242 1572 ούκ
1299 1513 1559 1570 ἔτέλεσεν·
1621 1511 1748 1569 ἀλλ’

90 1615 304 1668 ἅπαντα
353 1617 471 1674 τοῖς
529 1615 780 1684 πτωχοῖς
841 1605 1076 1680 διενειμε
1111 1651 1124 1662 .
1193 1606 1304 1675 Τὴν
1366 1601 1424 1658 δὲ
1475 1601 1745 1667 θάλασσάν

93 1723 255 1780 φασιν
310 1697 416 1755 ἀπὸ
471 1705 574 1768 τῆς
630 1705 733 1773 γῆς
785 1697 1031 1772 γενέσθαι
1090 1694 1150 1749 ὲκ
1177 1698 1275 1749 τοῦ
1304 1695 1533 1766 σεισμοῦ
1591 1689 1750 1765 μίλια

90 1779 240 1858 τρία·
295 1790 386 1845 καὶ
451 1787 749 1851 ἀπολέσθαι
799 1784 970 1840 πλοῖα
1020 1784 1074 1840 ἐν
1117 1787 1186 1858 τῇ
1233 1787 1330 1838 τοῦ
1383 1779 1575 1842 ὕδατος
1624 1781 1746 1836 ἀνα-

98 1881 371 1956 χωρήσει.
413 1880 609 1935 Ἐπεσε
657 1874 713 1931 δὶ
755 1875 866 1983 καὶ.⁸
896 1876 927 1983 (Ξ
971 1873 1205 1983 τροῦλος
1221 1879 1332 1979 ⁹τῆς
1368 1869 1630 1983 bduxi?“
1661 1868 1747 1924 ἐκ-
1782 1918 1830 1983 Β

98 1968 370 2038 κλησίας,
420 1967 498 2030 ὡς
548 1966 803 2041 ἀνωτέρω
839 1960 1168 2034 δεδήλωται·
1221 1961 1280 2016 ’ὀν
1322 1959 1412 2015 καὶ
1461 1958 1752 2030 ἀνὲκτισεν,

98 2059 293 2113 καὶτὰ
340 2054 560 2133 δεύτερα
609 2053 854 2130 ὲγκαίνια
907 2059 1009 2122 τῆς
1067 2050 1235 2116 αὐτῆς
1284 2047 1579 2118 ἐκκλησίας
1630 2069 1755 2123 φαι-

102 2145 334 2222 δρότερα
389 2146 479 2200 καὶ
537 2143 894 2218 λαμπρότερα
947 2139 1280 2211 πεποίηκεν.
1333 2138 1507 2199 Οὗτος
1570 2138 1751 2210 μαθὼν

100 2236 231 2309 περί
284 2255 448 2290 τινων
505 2231 915 2310 ἀῤῥενοφθόρων
953 2276 968 2299 ,
1043 2227 1331 2304 ἐρευνήσας
1389 2226 1480 2282 καὶ
1529 2225 1755 2286 τούτους

100 2324 304 2400 εὑρὼν,
361 2322 490 2384 τοὺς
553 2323 645 2394 μὶν
709 2317 1142 2388 ἐκαυλοκόπησε,
1201 2322 1319 2379 τοῖς
1360 2315 1417 2372 δὲ
1472 2313 1756 2388 καλάμους

100 2414 247 2483 ὀξεῖς
285 2407 652 2486 ἐμϐάλλεσθαι
682 2409 756 2472 εἷς
786 2407 914 2471 τοὺς
939 2406 1150 2483 πόρους
1197 2410 1306 2460 τῶν
1352 2402 1575 2460 αῗδοίων
1638 2401 1753 2458 lxi:-

95 2502 282 2571 λευσε,
336 2502 428 2556 καὶ
483 2498 730 2575 γυμνοὺς
787 2498 926 2553 κατὰ
981 2497 1081 2565 τὴν
1130 2495 1332 2571 ἀγορὰν
1394 2488 1755 2569 θριαμϐευθῆ-

91 2613 209 2647 ναι.
267 2596 541 2664 Ὑπῆρχον
598 2588 782 2660 μέντοι
832 2586 891 2640 ἐκ
921 2589 1028 2640 τῶν
1060 2581 1304 2638 πολιτῶν
1349 2582 1439 2636 καὶ
1489 2586 1596 2636 τῶν
1625 2602 1753 2656 συγ-

91 2677 383 2750 κλητικῶν
439 2676 646 2733 πολλοὶ
698 2680 806 2730 τῶν
859 2671 918 2729 δὲ
973 2671 1273 2749 ἀρχιερέων
1309 2671 1407 2726 οὐκ
1436 2670 1641 2746 ὀλίγοιο
1702 2671 1754 2724 οἱ

96 2768 467 2841 δημευθὲντες
526 2764 701 2827 οὕτως
749 2763 1136 2840 περιαγόμενοι
1194 2761 1331 2815 κατᾶ
1391 2760 1490 2828 τὴν
1551 2760 1752 2834 ἀγορὰν

94 2856 342 2933 γυμνοὶ,
404 2856 636 2932 οἰκτρῶς
703 2851 1100 2922 ἂτελεύτησαν·
1159 2849 1249 2905 καὶ
1305 2853 1602 2924 γενομένου
1656 2848 1754 2926 φό-

96 2944 206 3002 ϐου
268 2944 534 3021 μεγάλου,
591 2944 644 2998 o't
677 2941 862 2998 Λοιποὶ
894 2937 1390 3017 ἐσωφρονίσθησαν.
1423 2936 1754 3007 Ὀλολύζετο

96 3036 233 3112 γὰρ,
269 3035 423 3110 φησὶ,
477 3031 655 3100 πίτυς,
722 3030 804 3085 ὅτι
861 3029 1114 3084 πέπτωκε
1161 3025 1372 3101 κέδρος.
1434 3029 1669 3096 Ἔστησε
1700 3023 1758 3081 δι

94 3125 195 3180 καὶ
238 3125 332 3179 τὸν
383 3123 542 3176 κίονα
583 3121 674 3176 τὸν
729 3113 1028 3194 λεγόμενον
1081 3115 1492 3190 Δύγουστιῶνα,
1552 3112 1755 3177 ἱπιθεὶς

95 3212 289 3269 ὶπάνω
363 3206 594 3289 ἔφιππον
661 3209 762 3276 τήν
822 3205 986 3260 αύτοῦ
1038 3202 1270 3275 στήλην,
1330 3206 1627 3278 κρατοῦσαν
1685 3205 1754 3276 τῇ

1856 625 2118 698 delapsa,
2162 643 2290 698 qua
2341 628 2555 686 multos
2606 632 3058 688 combusserunt
3089 650 3103 689 :
3137 633 3278 706 quin
3328 636 3504 692 etiam

1854 718 2020 770 terra
2053 722 2244 772 motus
2292 717 2587 775 maximus
2612 723 2676 775 et
2746 720 3120 788 universalis,
3157 722 3238 779 ita
3286 729 3350 779 ut
3397 726 3504 781 do-

1857 819 1992 860 mus
2040 808 2098 860 et
2149 805 2405 861 ecclesia
2465 807 2663 864 multa
2711 811 3215 884 Constantinopoli
3267 829 3503 869 corrue-

1856 897 2009 964 rent,
2042 894 2331 967 multique
2383 897 2890 969 opprimerentur;
2925 898 3043 956 imo
3091 902 3266 957 etiam
3301 919 3506 959 murus

1856 982 2042 1054 urbis,
2102 989 2158 1039 et
2215 985 2466 1041 maxime
2522 987 2594 1042 ad
2649 990 2894 1043 Auream
2951 994 3177 1060 portam
3230 1007 3242 1044 :
3300 989 3503 1047 lancea

1856 1069 2020 1142 item,
2078 1089 2254 1144 quam
2319 1079 2514 1130 statua
2571 1075 2630 1130 in
2695 1077 2839 1132 Foro
2903 1078 3088 1132 sancti
3143 1079 3508 1135 Constantini

1857 1167 2048 1218 erecta
2095 1164 2386 1235 gestabat,
2421 1163 2479 1218 in
2533 1169 2750 1220 terram
2793 1165 3039 1235 decidit;
3089 1166 3309 1238 diuque
3358 1173 3511 1223 terra

1856 1251 1916 1306 in
1957 1252 2058 1308 illa
2087 1255 2481 1310 commotione
2530 1256 2768 1311 mansit.
2803 1257 2881 1311 Ex
2930 1262 3110 1313 tanta
3161 1257 3511 1314 calamitatis

1858 1356 2104 1396 marore
2137 1340 2455 1413 imperator
2481 1342 2540 1398 in
2565 1343 2755 1400 Natali
2776 1347 2832 1399 et
2861 1344 2921 1399 in
2954 1348 3155 1401 sancta
3183 1345 3509 1418 Epiphania

1857 1428 2099 1497 Christi,
2150 1431 2277 1486 sine
2328 1448 2542 1487 corona
2592 1433 2828 1504 prodiit,
2860 1439 2916 1488 et
2963 1440 3243 1490 consueta
3286 1436 3506 1490 duode-

1858 1517 1972 1572 cim
2005 1517 2232 1574 dierum
2279 1520 2545 1574 convivia
2589 1537 2704 1576 non
2759 1521 3102 1591 celebravit;
3153 1523 3254 1578 sed
3310 1522 3510 1578 omnia

1859 1607 2218 1678 pauperibus
2249 1607 2567 1664 distribuit.
2594 1614 2842 1665 Narrant
2868 1615 3060 1666 autem
3096 1626 3256 1666 mare
3288 1627 3322 1666 a
3354 1615 3511 1666 terra

1858 1695 2049 1750 tribus
2071 1697 2421 1752 milliaribus
2444 1715 2556 1770 pra
2581 1699 2965 1753 concussione
2995 1700 3334 1766 recessisse,
3365 1705 3422 1754 et
3451 1698 3510 1754 in

1861 1800 2146 1856 aquarum
2181 1803 2415 1842 recessu
2463 1787 2704 1858 periisse
2746 1803 2941 1842 naves.
2978 1787 3227 1860 Delapsa
3258 1789 3391 1844 item
3425 1791 3515 1844 est

1858 1873 2073 1930 trullus
2122 1875 2345 1947 Magna
2393 1875 2672 1942 ecclesia,
2708 1882 2770 1930 ut
2824 1875 3096 1949 superius
3152 1876 3508 1932 recensitum

1862 1966 1976 2030 est;
2012 1980 2189 2036 quam
2239 1964 2365 2036 ipse
2417 1964 2788 2030 restauravit,
2823 1981 2888 2020 ac
2937 1967 3196 2021 secunda
3242 1966 3513 2021 Encania

1862 2052 2082 2108 latiora
2129 2057 2186 2108 et
2231 2052 2633 2124 splendidiora
2681 2053 3006 2109 celebravit.
3042 2055 3095 2109 Is
3137 2071 3272 2110 cum
3323 2055 3514 2110 edidi-

1862 2142 2037 2198 cisset
2069 2143 2462 2198 masculorum
2496 2143 2902 2199 concubitores
2931 2159 3079 2210 esse,
3112 2160 3244 2198 cum
3278 2143 3511 2216 perqui-

1863 2231 2074 2287 sitione
2106 2232 2258 2287 facta
2288 2231 2604 2303 reperisset
2631 2247 2756 2297 eos,
2789 2231 2922 2286 aliis
2957 2232 3190 2303 quidem
3222 2237 3513 2286 veratrum

1863 2322 2158 2392 amputari
2199 2320 2402 2391 jussit,
2436 2320 2568 2375 aliis
2621 2319 2878 2376 calamos
2911 2326 3116 2376 acutos
3147 2321 3204 2375 in
3236 2321 3516 2376 verendo-

1864 2425 1993 2466 rum
2054 2413 2283 2465 meatus
2343 2408 2529 2481 infigi,
2592 2409 2871 2480 ipsosque
2933 2409 3123 2465 nudos
3182 2409 3242 2464 in
3304 2411 3515 2465 Forum

1864 2498 2034 2572 quasi
2099 2499 2170 2553 ad
2229 2497 2598 2569 triumphum
2660 2497 2874 2552 adduci
2931 2497 3134 2569 jussit.
3197 2499 3352 2554 Inter
3415 2515 3516 2555 eos

1863 2591 2032 2643 erant
2060 2586 2214 2642 cives
2243 2591 2299 2642 et
2342 2587 2620 2642 senatorii
2652 2587 2760 2641 viri
2807 2586 2999 2656 multi,
3033 2603 3138 2642 nec
3169 2587 3338 2660 pauci
3371 2605 3517 2659 pra-

1863 2676 2058 2745 sules;
2091 2676 2191 2747 qui
2241 2676 2322 2731 ita
2369 2675 2603 2747 publice
2629 2674 3017 2731 circumducti
3068 2677 3124 2731 in
3176 2677 3319 2732 Foro
3371 2675 3517 2731 nudi

1865 2765 2078 2820 misere
2139 2764 2510 2820 interierunt.
2572 2764 2719 2820 Hinc
2779 2765 3020 2820 incusso
3085 2769 3242 2819 metu
3299 2763 3517 2830 valido,

1865 2852 2058 2909 cateri
2103 2853 2514 2922 resipuerunt:
2549 2852 2695 2908 Nam
2749 2851 3038 2921 ululabat,
3072 2853 3289 2925 inquit,
3318 2852 3514 2924 pinus,

1866 2943 2007 3016 quia
2072 2941 2282 2997 cecidit
2339 2942 2570 2996 cedrus.
2631 2941 2825 2997 Erexit
2889 2947 3083 2997 autem
3153 2941 3510 3006 columnam,

1866 3047 2041 3104 quam
2100 3037 2310 3085 vocant
2363 3030 2817 3102 Augustionem,
2864 3033 2956 3086 cui
3006 3035 3340 3101 equestrem
3391 3039 3511 3084 sla-

1865 3125 2024 3176 tuam
2078 3135 2248 3174 suam
2303 3117 2635 3191 imposuit:
2669 3134 2793 3191 qua
2839 3118 3084 3174 sinistra
3130 3119 3366 3190 quidem
3417 3135 3514 3174 ro-

1865 3208 2118 3262 tundum
2165 3223 2406 3278 pomum
2438 3211 2617 3274 tenet,
2651 3223 2765 3278 quo
2796 3205 3088 3263 indicatur
3119 3207 3277 3264 orbis
3325 3206 3514 3280 impe-

101 3305 205 3378 μὶν
255 3287 510 3377 ἀρισέερᾷ
559 3302 704 3373 χείρἰ
759 3293 940 3368 μῆλον
989 3290 1344 3371 σφαιροειδδεν
1404 3293 1479 3355 ὡς
1526 3297 1753 3367 τῆςγῆς

1868 3296 2019 3351 rium
2071 3311 2250 3367 penes
2298 3296 2497 3366 ipsum
2545 3311 2674 3350 esse
2709 3311 2720 3348 :
2756 3295 3055 3350 dexteram
3097 3311 3232 3351 vero
3275 3299 3513 3366 proten-

93 3377 322 3462 ἀπάσης
371 3389 534 3443 αὐτοῦ
579 3385 995 3463 κυριεύσαντος·
1055 3383 1154 3451 τήν
1197 3378 1370 3452 δεξιὰν
1431 3377 1508 3449 δε,
1571 3380 1757 3435 ἀνατε-

91 3481 344 3555 ταμένην
396 3473 656 3552 ἔχουσαν,
701 3473 791 3530 καὶ
842 3470 1322 3555 διακελευομένην,
1383 3476 1556 3540 Στῆτε
1597 3469 1756 3543 [ηερ-

95 3554 241 3642 aut],
292 3567 379 3623 καὶ
429 3573 528 3635 τῆς
577 3562 859 3637 Ῥωμαίων
911 3567 1013 3636 γῆς
1054 3561 1131 3633 μὴ
1165 3554 1412 3628 ἑπιϐἧτε.
1445 3555 1757 3614 Ἀπέστειλε

95 3656 161 3713 δὶ
208 3655 299 3712 καὶ
348 3652 669 3729 Βελισάριον
730 3650 1031 3725 στρατηγὸν
1087 3649 1222 3722 μετά
1263 3645 1514 3717 πλήθους
1563 3646 1759 3722 ἀναριοι

96 3747 345 3820 θμήτου,
390 3744 479 3798 καὶ
509 3741 745 3808 πλοίων,
795 3739 885 3793 καὶ
934 3741 1144 3813 χρυσοῦ
1200 3733 1418 3791 πολλοῦ
1447 3731 1756 3790 καταπολε-

100 3837 282 3910 μῆσαι
339 3830 681 3892 Ούανδάλους
729 3829 820 3885 καὶ
873 3828 1138 3906 Ἀφρικὴν
1200 3826 1534 3901 ἐκπορθῆσαι
1569 3869 1581 3882 .
1660 3827 1756 3886 "Oc

95 3922 370 3999 ἀγχινοίᾳ
415 3923 506 3976 καὶ
553 3921 809 3995 φρονήσει
861 3917 1034 3972 πάντα
1084 3915 1441 3987 ληϊσάμενος,
1493 3915 1754 3989 ἀνήγαγεν

95 4015 156 4069 ἐν
215 4015 288 4078 τῆ
336 4008 499 4066 πόλει
545 4009 596 4064 ἐν
650 4007 926 4080 συντόμῳ,
963 4005 1097 4078 μετὰ
1121 4003 1365 4060 πλούτου
1396 4001 1634 4072 πολλοῦ,
1666 4001 1758 4056 καί

83 4095 490 4176 ἐθριάμϐευσεν
550 4096 602 4152 ἐν
660 4101 740 4169 τῷ
797 4097 1067 4166 Ἱππικῷ,
1130 4093 1358 4147 ὑπατίαν
1410 4093 1642 4161 ποιήσας
1699 4089 1751 4144 ἐν

82 4195 164 4266 τῇ
222 4187 402 4244 πόλει·
465 4187 602 4242 ὣστε
657 4183 1036 4245 Ἰουστινιανὸς
1088 4181 1162 4243 εἷς
1216 4181 1310 4254 μὶν
1363 4179 1426 4235 τὸ
1480 4177 1533 4234 ἓν
1596 4178 1759 4254 μέρος

82 4265 199 4338 τοῦ
255 4277 596 4351 νομίσματος
647 4275 832 4330 ὶαυτὸν
896 4271 1156 4348 ἰχάραεε,
1216 4269 1290 4331 εἰς
1348 4266 1405 4323 δὶ
1462 4268 1524 4322 τὸ
1578 4265 1762 4342 ἕτερον

83 4365 430 4439 Βελισάριον
494 4363 767 4432 ἔνοπλον,
825 4361 916 4416 καὶ
973 4360 1281 4433 ἐπεγραψε’
1345 4355 1667 4430 Βελισάριος
1721 4357 1757 4424 ἠ

87 4457 237 4528 δόξα
292 4458 402 4509 τῶν
457 4451 762 4525 Ῥωμαίων.
821 4447 979 4506 Ἀλλ’
1011 4449 1098 4502 οἵα
1152 4447 1181 4500 ὁ
1231 4444 1426 4522 φθόνος
1458 4443 1508 4498 ἐν
1546 4441 1760 4518 μεγάλη

89 4540 432 4615 εὐδαιμονίᾳ
460 4538 617 4595 εἷ’ωθε
671 4543 874 4605 ποιεῖν,
937 4531 1098 4590 ὤδινε
1153 4533 1244 4588 καὶ
1304 4531 1356 4591 lc
1413 4530 1760 4606 Βελισάριον.

1867 3386 2042 3440 debat
2089 3384 2359 3455 jubentis
2409 3401 2588 3450 more,
2641 3401 2707 3439 ac
2755 3385 3048 3440 dicentis:
3088 3389 3246 3439 State
3281 3383 3512 3458 [Persa]

1865 3477 1923 3530 et
1973 3473 2031 3528 in
2084 3473 2481 3527 Romanorum
2529 3477 2746 3526 terram
2799 3488 2870 3527 ne
2918 3473 3370 3544 impressionem
3428 3473 3515 3526 fa~

1867 3560 2056 3617 ciatis.
2091 3560 2250 3615 Misit
2299 3576 2471 3631 porro
2521 3560 2869 3616 Belisarium
2922 3562 3130 3616 ducem
3180 3577 3313 3616 cum
3344 3561 3517 3615 innu-

1869 3650 2049 3705 meris
2115 3649 2338 3721 copiis,
2405 3649 2654 3705 navibus
2711 3657 2766 3704 et
2821 3650 3070 3721 pecunia
3138 3649 3357 3720 multa,
3416 3648 3519 3720 qui

1867 3738 2162 3793 Vandalos
2212 3737 2552 3808 debellaret,
2611 3743 2668 3794 et
2716 3738 2962 3794 Africam
3011 3740 3362 3794 devastaret.
3411 3737 3520 3803 Qui

1869 3829 2191 3900 prudenter
2231 3831 2288 3882 et
2328 3827 2621 3898 sagaciter
2666 3827 2864 3882 omnia
2912 3828 3302 3900 depradatus,
3334 3830 3522 3899 spolia

1870 3917 2030 3972 brevi
2080 3916 2139 3970 in
2190 3918 2394 3972 urbem
2455 3916 2697 3972 deduxit
2754 3933 2889 3972 cum
2939 3917 3159 3972 divitiis
3213 3917 3416 3972 multis
3467 3921 3524 3972 et

1869 4004 2260 4076 triumphavit
2281 4004 2339 4058 in
2364 4005 2780 4075 Hippudromo,
2809 4005 3186 4060 consulatum
3218 4021 3428 4074 gerens
3461 4005 3521 4059 in

1873 4094 2048 4160 urbe;
2099 4093 2177 4147 ita
2236 4097 2302 4147 ut
2358 4093 2732 4148 Justinianus
2789 4093 2851 4148 in
2909 4093 3090 4150 altera
3148 4095 3526 4150 numismatis

1871 4186 2039 4253 parte
2082 4181 2344 4252 seipsum
2396 4187 2862 4252 reprasentaret,
2896 4183 2953 4238 in
3003 4182 3183 4238 altera
3214 4200 3345 4238 vero
3377 4182 3526 4237 Beli-

1871 4270 2095 4325 sarium
2129 4275 2446 4338 armatum,
2481 4286 2614 4325 cum
2653 4270 2757 4326 hac
2787 4271 3192 4344 inscriptione,
3220 4273 3528 4328 Belisarius

1871 4359 2053 4428 gloria
2121 4359 2515 4414 Romanorum.
2574 4360 2880 4415 Enimvero
2948 4361 3198 4428 invidia,
3258 4367 3323 4417 ut
3380 4360 3530 4416 solet

1872 4447 2050 4502 rebus
2102 4447 2494 4519 prosperrime
2546 4448 3001 4505 succedentibus
3048 4449 3341 4516 insidiari,
3375 4449 3525 4505 Beli-

1873 4535 2096 4590 sarium
2132 4551 2364 4607 quoque
2395 4538 2478 4592 ita
2507 4537 2717 4593 adorta
2747 4543 2854 4594 est.
2891 4538 3035 4593 Nam
3070 4539 3386 4594 calumniis
3420 4541 3530 4594 im-

91 4628 441 4701 Διαϐληθεὶς
495 4629 618 4704 γὰρ,
664 4627 890 4701 μετέστη
921 4631 1022 4695 τῆς
1081 4621 1285 4723 ἀρχῆς,
1341 4621 1432 4723 καί
1490 4619 1753 4723 Σαλομῶι

1875 4624 2096 4694 petitus
2145 4640 2179 4679 a
2227 4626 2572 4696 prafectura
2615 4631 2946 4681 summotus
2994 4633 3116 4694 est;
3173 4627 3233 4682 in
3287 4630 3533 4698 ejusque

92 4722 226 4779 ἀντ’
287 4718 452 4774 αὐτοῦ
509 4713 813 4793 στρατηγός
870 4713 1159 4790 ἐπέμφθη,
1237 4709 1295 4773 ’ὸς
1365 4709 1434 4765 τὰ
1489 4707 1766 4771 κτισθέντα

92 4807 420 4882 Βελισαρίῳ
486 4806 718 4881 φυλάξαι
777 4804 852 4877 μὴ
913 4800 1187 4874 δυνηθεὶς,
1243 4803 1362 4862 τοῖς
1422 4793 1765 4858 Οὐανδάλοις

92 4903 332 4958 πάντων
362 4896 761 4971 παρεχώρησεν
773 4937 786 4950 .

1878 4710 2072 4766 Ιοουω
2109 4712 2381 4769 Salomon
2413 4714 2531 4768 dux
2560 4715 2851 4768 exercitus
2876 4715 3098 4769 missus
3128 4720 3237 4782 est,
3265 4717 3364 4786 qui
3397 4732 3532 4770 cum

1881 4817 1998 4856 non
2050 4799 2271 4856 valeret
2317 4818 2406 4863 ea,
2439 4818 2571 4872 qua
2618 4801 2935 4857 Belisarius
2984 4809 3309 4874 paraverat,
3360 4805 3533 4872 tueri,

1884 4888 2085 4945 omnia
2113 4888 2394 4944 Vandalis
2424 4890 2733 4946 concessit.

91 5030 184 5084 De
212 5023 534 5096 prodigiosa
561 5035 716 5076 cane.
754 5020 975 5096 Pon_t_e_m
1001 5015 1530 5096 δατιθανὶδζηεςηᾳη
1562 5010 1769 5096 multa:
1799 5013 2053 5068 ecclesias
2082 5028 2161 5096 ac
2183 5012 2352 5096 urbes
2370 5014 2718 5096 Iustiniani-is
2748 5017 3005 5072 exstruit.
3037 5017 3114 5073 De
3143 5018 3214 5072 iis
3241 5018 3539 5090 Procopius

857 5089 998 5145 libro
1025 5082 1238 5145 octavo.
1268 5085 1623 5141 Justinianus
1652 5082 1872 5138 alienus
1902 5100 1935 5138 a
1963 5100 2091 5139 vera
2119 5084 2218 5139 Dei
2245 5085 2514 5155 religione
2541 5088 2798 5142 moritur.

175 5201 288 5257 Ἦν
325 5195 382 5254 δι
434 5218 519 5260 τις
567 5193 806 5271 χαλκεὺς
854 5191 907 5248 ἰν
954 5195 1033 5264 τῷ
1059 5195 1236 5266 καιρῷ
1267 5189 1459 5260 ἐκείνῳ
1518 5183 1772 5262 Ἀνδρέας

87 5290 381 5360 τοῦνομα,
415 5283 557 5363 ἔχων
611 5285 726 5358 μετ’
781 5281 946 5338 αύτοῦ
992 5279 1128 5334 κύνα
1171 5279 1352 5352 ξανθὸν
1400 5275 1490 5332 καὶ
1545 5273 1774 5354 τυφλὸν,

92 5384 165 5443 ’ὸς
231 5376 404 5432 ἐποίει
447 5362 662 5451 τέρατα.
715 5370 1066 5448 Παρεστῶτος
1114 5369 1214 5444 γὰρ
1262 5368 1410 5438 αύτῷ
1454 5362 1658 5440 ὄχλου,
1718 5363 1774 5420 ἓν

94 5492 167 5526 τε
234 5472 356 5527 τοῖς
414 5459 830 5538 Ἀρτοπωλίοις,
888 5457 979 5514 καὶ
1037 5455 1088 5510 ἰν
1142 5455 1223 5527 τῷ
1283 5454 1468 5531 Φόρῳ,
1520 5453 1778 5508 καὶκατὰ

99 5561 304 5626 πάσης
364 5555 462 5617 τῆς
508 5548 749 5619 πόλεως,
803 5548 984 5625 λάθρα
1011 5549 1112 5600 τοῦ
1160 5543 1318 5608 κυνὸς
1364 5543 1655 5616 ἕκομίζετο
1711 5543 1778 5596 τὰ

98 5652 232 5706 τῶν
284 5641 535 5698 ἑστώτων
597 5635 940 5706 δακτυλίδια,
995 5639 1175 5711 χρυσᾶ
1200 5653 1259 5689 τε
1286 5632 1374 5688 καὶ
1407 5634 1640 5709 ἀργυρᾶ,
1688 5631 1776 5686 καὶ

101 5733 339 5816 χαλκᾶ,
385 5731 477 5786 καὶ
526 5729 688 5785 ἐτίθει
742 5727 818 5791 εἰς
869 5727 932 5782 τὸ
982 5720 1199 5802 ἔδαφος,
1248 5722 1589 5800 περισκέπων
1643 5721 1780 5779 αὐτὰ

1952 5191 2087 5246 Erat
2115 5207 2287 5262 porro
2341 5191 2441 5248 illo
2473 5196 2738 5264 tempore
2787 5195 2949 5250 faber
2993 5195 3243 5252 solarius
3293 5195 3535 5268 quidam

1887 5278 2125 5334 nomine
2169 5280 2450 5336 Andreas.
2486 5281 2540 5338 Is
2574 5281 2825 5338 habebat
2854 5299 3054 5339 canem
3109 5284 3302 5339 rufum
3336 5301 3400 5339 ac
3431 5301 3536 5340 ca-

1887 5383 2022 5422 cum
2074 5367 2175 5439 qui
2233 5368 2498 5440 prodigia
2554 5371 2786 5426 edebat.
2836 5371 2982 5427 Nam
3033 5376 3316 5444 prasente
3365 5373 3542 5428 turba

1887 5456 1946 5511 in
1980 5455 2294 5528 Artopoliis
2326 5461 2383 5511 et
2421 5457 2480 5511 in
2519 5459 2689 5530 Foro,
2721 5475 2854 5514 cum
2904 5458 3056 5514 clam
3103 5459 3215 5515 isto
3263 5475 3407 5515 cane
3437 5461 3537 5515 ad-

1888 5545 2175 5601 stantium
2223 5545 2426 5600 annuli
2474 5547 2659 5618 aurei,
2695 5548 2975 5620 argentei,
3009 5547 3151 5602 anei
3202 5563 3305 5618 per
3355 5551 3540 5603 totam

1888 5634 2097 5690 urbem
2128 5635 2514 5704 deferrentur,
2547 5639 2602 5693 et
2632 5653 2666 5694 a
2695 5635 2934 5693 domino
2975 5653 3082 5693 suo
3117 5636 3177 5692 in
3209 5635 3334 5693 solo
3363 5636 3541 5708 positi

1889 5723 2126 5797 pulvere
2163 5725 2552 5799 operirentur,
2584 5730 2712 5783 tum
2759 5725 3008 5798 jubente
3054 5725 3156 5783 illo
3203 5725 3365 5785 canis
3414 5725 3540 5782 sin-
