4046 6338
145 420 300 482 1317

1286 417 1886 482 TESTAMENTUM
1931 416 2404 482 SALOMONIS.

3393 426 3545 489 1318

133 550 352 628 ἡμέρας
399 571 460 607 τε
494 551 584 606 καὶ
633 548 781 625 ὥρος
833 548 1112 626 λεπτύνῃ;
1145 551 1221 608 Τὸ
1251 547 1311 605 δὲ
1338 547 1625 626 παιδάριον
1685 547 1787 626 ἔφη

1915 551 2037 606 beat
2065 567 2268 608 servus
2297 555 2459 609 tuus.
2495 553 2810 626 Postquam
2855 556 3208 614 recessimus
3239 574 3444 616 omnes
3475 560 3547 617 ab

132 641 278 716 πρὸς
320 641 413 696 τὸν
467 638 695 715 βασιλέα
728 658 742 672 ο
775 638 976 712 Δέομαί
1025 659 1145 707 σου,
1183 638 1429 715 βασιλεῦ,
1461 636 1692 694 ἄκουσον
1725 637 1794 692 τὰ

134 724 443 802 συμϐάντα,
473 728 564 784 καὶ
603 728 702 784 ὅσα
753 723 870 804 ἔχει
910 727 974 783 τὸ
1019 725 1330 804 παιδάριον.
1361 725 1508 784 Μετὰ
1547 725 1610 783 τὸ
1654 727 1796 782 ἀπο-

138 816 372 889 λυθῆναι
430 819 578 892 ἡμᾶς
628 817 829 880 πάντας
880 817 986 872 άπὸ
1026 821 1125 873 τοῦ
1172 817 1334 894 ἔργου
1384 821 1481 873 τοῦ
1519 821 1651 872 ναοῦ
1693 820 1795 872 τοῦ

135 914 297 976 Θεοῦ,
351 909 483 981 μετὰ
528 906 697 977 ἡλίου
756 905 955 980 δεσμὰς
1015 903 1336 980 (δυσμὰςῖ)
1390 905 1441 962 έν
1514 911 1595 978 τῷ
1664 906 1794 960 ἀνα-

132 995 401 1053 παύεσθαί
455 1018 546 1070 μοι
598 997 755 1070 (sic),
795 994 1014 1072 ἔρχεται
1064 993 1120 1050 έν
1161 1000 1269 1052 τῶν
1314 1000 1568 1069 πονηρῶν
1607 993 1796 1068 δαιμο·

133 1086 271 1142 νίων
301 1086 391 1139 καὶ
423 1087 640 1162 ἀφαιρεῖ
667 1085 760 1140 ἀπ’
791 1083 926 1159 ἐμοῦ
953 1085 1020 1140 τὸ
1054 1084 1230 1158 ἥμισυ
1264 1089 1362 1140 τοῦ
1415 1086 1610 1157 μισθοῦ
1667 1102 1792 1156 μου·

133 1175 231 1232 καὶ
275 1177 341 1230 τά
384 1174 557 1248 ἥμισυ
607 1172 772 1232 σιτία.
825 1174 955 1232 Εἶτα
1016 1169 1284 1247 λαμϐάνει
1340 1173 1430 1228 καὶ
1478 1174 1578 1242 τὴν
1621 1171 1792 1243 δεξιάν

140 1285 254 1338 μου
297 1269 459 1340 χεῖρα
499 1264 588 1319 καὶ
637 1263 864 1334 θηλάζει
907 1264 999 1319 τὸν
1047 1263 1330 1338 ἀντίχειρά
1367 1283 1471 1336 μου
1499 1281 1512 1294 ·
1541 1263 1628 1318 καὶ
1676 1259 1794 1317 ἰδοὺ

133 1351 444 1428 θλιϐομένη
481 1374 584 1426 μου
615 1357 650 1424 ἡ
683 1354 861 1428 ψυχὴ,
899 1353 1042 1408 οὕτω
1071 1353 1133 1408 τὸ
1179 1353 1342 1425 σῶμά
1389 1372 1493 1425 μου
1538 1351 1794 1408 Λεπτύνε-

131 1463 228 1497 ται
287 1443 406 1498 καθ’
455 1443 684 1513 ἑκάστην
745 1443 981 1517 ἡμέραν.
1030 1441 1128 1497 Καὶ
1187 1441 1354 1497 ταῦτα
1411 1439 1645 1502 ἀκούσας
1687 1439 1795 1514 έγὼ

133 1538 415 1612 Σολομῶν
450 1538 707 1610 εἲσῆλθον
736 1539 812 1602 εἷς
840 1540 930 1594 τὸν
963 1538 1092 1594 ναὸν
1123 1543 1221 1594 τοῦ
1256 1541 1412 1608 Θεοῦ,
1445 1539 1534 1593 καί
1565 1534 1792 1608 ἐδεήθην

128 1628 188 1700 ἐξ
244 1627 382 1699 δλης
426 1650 535 1702 μου
581 1636 682 1699 τῆς
728 1632 936 1704 ψυχῆς,
978 1626 1173 1690 νυκτός
1215 1626 1307 1683 καὶ
1362 1625 1593 1701 ἡμέρας,
1647 1627 1796 1687 ὅπως

125 1715 426 1794 παραδοθῇ
483 1738 574 1790 μοι
625 1719 654 1773 6
707 1714 918 1790 δαίμων
962 1716 1040 1780 εἷς
1089 1716 1282 1793 χεῖράς
1335 1737 1462 1790 μου,
1509 1715 1601 1771 καὶ
1653 1714 1796 1786 ἕξου-

132 1809 311 1863 σιάσω
350 1805 509 1862 αὑτόν
547 1823 564 1844 ο
605 1805 695 1861 καὶ
744 1806 952 1882 ἐγένετο
997 1805 1051 1861 έν
1097 1811 1180 1879 τῷ
1240 1803 1639 1882 προσεύχεσθαί
1701 1825 1796 1878 μοι

132 1898 295 1970 (sic),
343 1892 504 1966 έδόθη
581 1915 674 1968 μοι
741 1896 888 1970 παρὰ
954 1895 1156 1971 Κυρίου
1218 1889 1449 1949 Σαϐαὼθ
1500 1893 1661 1970 χάρις
1708 1889 1797 1947 διὰ

136 1983 375 2060 Μιχαὴλ
422 1989 519 2039 τοῦ
573 1983 922 2060 ἀρχαγγέλου
1002 1983 1188 2055 αὐτοῦ,
1232 1981 1578 2038 δακτυλίδιον
1649 1978 1794 2058 ἔχων

141 2070 414 2152 σφραγῖδα
470 2071 684 2151 γλυφῆς
758 2070 819 2127 ἐκ
875 2073 1035 2127 Λίθου
1089 2072 1304 2146 τιμίου,
1349 2071 1439 2127 καὶ
1487 2073 1603 2127 εἶπε
1654 2092 1748 2145 μοι
1781 2091 1794 2104 ·

137 2166 313 2240 Λαϐὶ,
349 2167 621 2242 Σολομῶν
676 2171 924 2246 βασιλεῦ,
969 2170 1084 2232 υἱὸς
1131 2164 1320 2239 Δαϐὶδ,
1363 2165 1540 2246 δῶρον
1590 2168 1620 2224 ’ὀ
1669 2167 1801 2224 ἀπέ-

139 2257 324 2316 στειλέ
370 2280 454 2314 σοι
509 2259 709 2335 Κύριος
756 2260 785 2314 ὁ
834 2259 986 2330 Θεὸς,
1033 2260 1061 2313 6
1111 2258 1334 2332 ὕψιστος
1386 2253 1617 2322 Σαϐαώθ
1650 2276 1664 2290 ο
1710 2273 1800 2325 καὶ

135 2347 484 2424 συγκλείσεις
531 2347 704 2403 πάντα
743 2347 810 2402 τὰ
874 2345 1133 2421 δαιμόνια
1172 2353 1274 2417 τῆς
1319 2353 1422 2423 γῆς
1473 2349 1664 2423 ἄρσενα
1709 2345 1801 2400 καὶ

134 2437 316 2508 θήλεα
347 2456 360 2468 ·
409 2436 500 2492 καὶ
559 2434 642 2492 δεῖ
692 2438 810 2510 μετ’
851 2436 1027 2492 αὐτῶν
1081 2433 1513 2509 ἀνοικοδομῆσαι
1559 2437 1660 2505 τὴν
1707 2436 1801 2490 Ἱε-

135 2525 460 2602 ρουσαλὴμ,
520 2525 703 2605 φέρειν
775 2546 832 2581 σε
904 2527 1004 2594 τήν
1084 2522 1356 2604 σφραγΐδα
1430 2524 1632 2593 ταύτην
1699 2528 1802 2580 τοῦ

137 2620 301 2672 Θεοῦ.
332 2617 394 2673 Ἡ
447 2613 505 2671 δὲ
534 2613 720 2693 γλυφή
767 2621 868 2685 τῆς
897 2611 1192 2692 σφραγῖδος
1221 2618 1318 2670 τοῦ
1364 2611 1656 2670 δακτυλίου
1700 2621 1800 2683 τῆς

137 2706 516 2783 πεμφθείσης,
583 2701 695 2760 ἔστι
758 2703 1038 2782 πεντάλφα
1099 2702 1258 2775 αὕτη.
1329 2703 1428 2759 Καὶ
1495 2703 1803 2780 περιχαρὴς

136 2795 437 2869 γενόμενος
493 2793 598 2870 ἐγὼ
653 2791 926 2866 Σολομῶν
990 2792 1194 2865 ὕμνουν
1248 2791 1340 2848 καὶ
1407 2789 1653 2863 ἐδόξαζον
1709 2793 1800 2848 τὸν

138 2885 277 2939 Θεὸν
333 2887 430 2938 τοῦ
475 2882 707 2957 ούρανοῦ
765 2883 856 2937 καὶ
912 2886 1011 2946 τῆς
1071 2888 1178 2956 γῆς
1210 2901 1223 2914 ο
1278 2881 1369 2935 καὶ
1421 2885 1490 2954 τῇ
1546 2880 1800 2956 ἐπαύριον

141 2972 380 3028 ἐκάλεσα
407 2972 500 3027 τὸν
555 2968 742 3040 παῖδα,
777 2973 867 3026 καὶ
924 2967 1170 3025 ἐπέδωκα
1228 2969 1376 3042 αὖτῷ
1429 2971 1492 3025 τὸ
1552 2967 1806 3025 δακτυλί-

143 3059 291 3133 διον,
323 3062 408 3116 καὶ
445 3061 596 3116 εἷπον
626 3061 778 3132 αύτῷ
811 3080 822 3092 ’
857 3053 1002 3114 Λάϐε
1029 3063 1216 3129 τοῦτο,
1245 3059 1335 3113 καὶ
1395 3059 1448 3113 έν
1588 3059 1648 3114 ἂν
1689 3057 1806 3134 ὥρᾳ

147 3147 291 3226 ἔλθῃ
321 3152 458 3225 πρὸς
484 3151 542 3206 et
563 3149 628 3205 τὺ
661 3147 971 3224 δαιμόνιον,
1004 3148 1080 3211 εἷς
1109 3148 1173 3204 τὸ
1215 3155 1413 3219 στῆθος
1459 3153 1557 3204 τοῦ
1607 3146 1805 3222 δαιμο-

138 3241 264 3295 νίου
312 3239 473 3314 ῥίψον
515 3243 676 3294 τοῦτο
731 3239 796 3294 τὸ
850 3234 1219 3307 δακτυλίδιον,
1276 3237 1367 3292 καὶ
1435 3238 1551 3293 εἶ’πὶ
1607 3236 1753 3308 αὐτῷ
1787 3256 1801 3270 ·

1903 655 2075 711 opere
2116 640 2320 712 templi
2360 641 2482 710 Dei,
2515 643 2810 699 occidente
2853 644 2995 712 sole,
3028 646 3169 700 dum
3220 649 3544 718 requiesco,

1901 728 2062 783 venit
2113 745 2269 786 unus
2317 729 2608 786 malorum
2659 730 2996 803 spirituum,
3031 738 3088 790 et
3133 737 3324 792 aufert
3371 754 3404 792 a
3453 755 3547 794 me

1903 816 2218 872 dimidium
2285 819 2570 874 mercedis
2635 836 2811 889 mea),
2879 825 2936 876 et
2999 821 3244 880 dimidia
3309 825 3546 882 cibaria.

1902 905 2122 962 Deinde
2155 907 2464 979 prehendit
2493 909 2787 964 dexteram
2811 927 3052 967 manum
3086 929 3273 969 meam
3306 919 3363 971 et
3391 915 3552 988 sugit

1904 995 2173 1068 pollicem
2208 1013 2426 1066 meum,
2458 1002 2516 1052 et
2557 1014 2690 1053 ecce
2731 1000 3104 1071 angustiatur
3152 1003 3350 1059 anima
3399 1021 3551 1075 mea,

1902 1089 1962 1138 et
2004 1100 2217 1156 corpus
2276 1100 2473 1140 meum
2534 1084 2718 1141 macie
2776 1086 3084 1143 conficitur
3131 1106 3233 1161 per
3279 1092 3548 1165 singulos

1903 1181 2047 1237 dies.
2082 1183 2212 1237 Haac
2267 1185 2513 1239 audiens
2561 1200 2668 1255 ego
2719 1184 2994 1241 Salomon
3053 1187 3355 1259 ingressus
3413 1208 3546 1247 sum

1904 1270 2192 1342 templum
2251 1271 2507 1338 Domini,
2540 1277 2593 1328 et
2643 1275 2800 1328 oravi
2857 1290 2927 1330 ex
2980 1279 3102 1330 tota
3161 1277 3358 1334 anima
3419 1297 3549 1336 mea

1903 1364 2072 1414 nocte
2101 1365 2159 1415 et
2189 1361 2281 1416 die
2313 1365 2377 1416 ut
2407 1362 2643 1418 daretur
2685 1363 2911 1418 damon
2944 1363 3001 1418 in
3035 1381 3245 1422 manus
3278 1383 3458 1437 meas,
3491 1375 3549 1426 et

1900 1447 2186 1504 voluntati
2220 1466 2358 1505 meas
2406 1450 2826 1521 subjiceretur;
2878 1458 2935 1508 et
2978 1469 3108 1509 ecce
3159 1456 3296 1511 dum
3349 1475 3549 1530 preces

1901 1537 2286 1609 eﬂ'underem,
2343 1539 2480 1595 data
2539 1545 2630 1596 est
2696 1541 2838 1596 mihi
2899 1558 2932 1596 a
2994 1544 3236 1600 Domino
3291 1547 3546 1604 Sabaoth

1899 1627 2092 1699 gratia
2121 1643 2225 1698 per
2269 1628 2612 1684 Michaelem
2657 1629 3099 1704 archangelum,
3134 1635 3264 1705 ejus
3296 1635 3550 1694 annulus

1902 1714 2145 1785 scilicet,
2174 1715 2398 1774 habens
2443 1717 2702 1790 sigillum
2742 1719 3037 1792 sculptum
3087 1738 3157 1778 ex
3203 1723 3400 1797 lapide
3423 1743 3552 1798 pre-

1903 1806 2078 1872 tioso,
2117 1810 2174 1861 et
2225 1806 2370 1861 dixit
2424 1807 2570 1862 mihi
2619 1824 2633 1863 :
2685 1809 2915 1882 Accipe,
2961 1809 3235 1868 Salomon
3297 1831 3414 1883 rex,
3465 1816 3549 1872 fili

1903 1893 2105 1964 David,
2155 1895 2374 1951 donum
2435 1897 2588 1968 quod
2649 1898 2814 1954 misit
2865 1898 2969 1953 tibi
3027 1899 3314 1960 Dominus
3374 1908 3546 1975 Deus,

1905 1981 2344 2040 excelsissimus
2396 1985 2674 2053 Sabaoth,
2723 1991 2781 2042 et
2827 1987 3141 2045 concludes
3181 1993 3379 2049 omnia
3434 1995 3551 2050 dae-

1908 2071 2102 2127 monia
2130 2076 2299 2128 term
2354 2073 2616 2130 mascula
2647 2079 2702 2129 et
2731 2075 3014 2145 feminea;
3060 2083 3117 2134 et
3164 2085 3392 2152 oportet
3442 2100 3551 2156 ope

1905 2174 2111 2216 eorum
2142 2161 2417 2217 aedificari
2463 2161 2810 2232 Jerusalem,
2844 2169 2901 2221 et
2931 2171 3162 2237 portare
3193 2173 3248 2225 te
3289 2171 3551 2243 sigillum

1906 2248 2065 2304 istud
2113 2250 2246 2318 Dei;
2298 2250 2604 2323 sculptura
2649 2257 2845 2308 autem
2893 2255 3071 2326 sigilli
3111 2259 3325 2313 armuli
3372 2262 3444 2316 ad
3497 2267 3554 2318 te

1909 2338 2077 2394 missi
2109 2344 2198 2395 est
2223 2340 2642 2412 quinquisema
2665 2343 2947 2414 (quinque
2976 2344 3389 2406 instrumentis
3417 2367 3560 2423 qua-

1909 2426 2213 2483 dratorum
2247 2429 2522 2500 signata).
2555 2434 2628 2486 Et
2668 2429 2856 2488 latior
2899 2432 3090 2491 factus
3119 2451 3224 2508 ego
3255 2437 3555 2510 Salomon,

1908 2516 2218 2572 cantabam
2251 2522 2308 2573 et
2338 2518 2790 2590 magniﬁcabam
2839 2521 3024 2577 Deum
3075 2524 3202 2580 caeli
3250 2530 3306 2582 et
3353 2532 3557 2599 terrai;

1910 2618 1968 2669 et
1997 2629 2169 2671 mane
2198 2615 2392 2671 vocavi
2427 2633 2693 2688 puerum,
2729 2622 2786 2674 et
2815 2618 2950 2674 dedi
2981 2621 3032 2676 ei
3066 2622 3380 2697 annulum,
3411 2627 3558 2683 dixi-

1913 2717 2025 2774 que
2072 2702 2158 2757 illi
2192 2720 2204 2759 :
2237 2704 2446 2776 Accipe
2495 2703 2604 2760 hoc
2653 2709 2710 2761 et
2756 2706 2817 2762 in
2867 2724 2984 2780 qua
3030 2709 3174 2766 hora
3223 2714 3447 2770 venerit
3484 2718 3557 2772 ad

1911 2794 1968 2846 te
1997 2792 2250 2858 daemon,
2282 2792 2341 2847 in
2389 2797 2593 2865 pectus
2640 2795 2768 2866 ejus
2800 2797 3016 2868 projice
3065 2798 3222 2855 hunc
3271 2803 3558 2862 annulum

1912 2885 1969 2935 et
1998 2879 2090 2935 dic
2122 2880 2172 2936 ei
2208 2897 2221 2936 :
2257 2881 2320 2936 In
2371 2882 2607 2938 nomine
2646 2883 2769 2951 Dei,
2801 2884 2916 2940 huc
2963 2893 3126 2942 vocat
3177 2892 3232 2944 te
3285 2889 3558 2950 Salomon

1913 2985 2041 3036 rex;
2074 2974 2132 3024 et
2178 2969 2464 3026 festinans
2517 2972 2645 3027 veni
2697 2973 2768 3027 ad
2819 2989 2933 3043 me,
2967 2974 3048 3028 nil
3100 2977 3336 3045 timens,
3371 2997 3560 3052 neque

1915 3055 2243 3113 formidans
2275 3060 2601 3131 quidquam
2651 3077 2854 3117 eorum
2901 3079 3028 3135 quae
3074 3067 3384 3124 auditurus
3436 3087 3498 3127 es
3529 3089 3563 3127 a

1915 3146 2200 3202 daamone.
2254 3148 2320 3203 Et
2357 3149 2690 3220 suscipiens
2745 3167 2892 3222 puer
2945 3152 3232 3210 annulum
3282 3157 3446 3215 abiit.
3497 3165 3564 3217 Et

1914 3249 2048 3290 ecce
2103 3242 2384 3292 consueta
2442 3237 2587 3294 hora
2633 3239 2791 3294 venit
2839 3241 3050 3298 Ornias
3099 3243 3288 3300 malus
3337 3247 3562 3306 daemon

137 3332 266 3386 Ἐπ’
297 3298 520 3400 δνόιματι
568 3331 666 3382 τοῦ
715 3331 871 3399 Θεοῦ,
927 3323 1107 3398 δεῦρο,
1149 3298 1310 3383 καλεῖ
1357 3346 1414 3381 σε
1464 3327 1492 3381 ὁ
1547 3298 1802 3402 βασιλέὺς

1915 3327 1981 3378 ut
2009 3323 2163 3395 ignis
2197 3325 2430 3393 ardens,
2465 3331 2529 3382 ut
2578 3332 2805 3399 raperet
2853 3298 3565 3406 mercedempueriwg—ille

146 3416 424 3490 Σολομῶν
457 3433 471 3448 ·
501 3417 590 3472 καὶ
626 3413 891 3490 δρομαῖος
922 3409 1091 3490 ἔρχου
1120 3414 1258 3488 πρός
1291 3435 1378 3488 με,
1414 3411 1581 3488 μηδὶν
1611 3410 1806 3468 δειλιά-

144 3528 248 3571 σας
306 3503 445 3578 μηδὲ
507 3499 754 3584 φοϐηθῇς
805 3502 858 3559 έν
902 3503 949 3577 ᾦ
996 3501 1220 3576 μέλλεις
1288 3502 1500 3558 ἀκούειν
1555 3503 1658 3558 ὑπὸ
1704 3506 1806 3556 τοῦ

145 3595 418 3668 δαίμονος
449 3613 460 3627 ·
515 3593 605 3649 καὶ
657 3587 841 3649 λαϐὼν
898 3593 962 3648 τὸ
1019 3589 1308 3665 παιδάριον
1351 3593 1413 3646 τὸ
1462 3588 1808 3647 δακτυλίδιον

145 3686 419 3756 ἀπῆλθεν.
455 3685 554 3740 Καὶ
601 3682 721 3740 ἰδοὺ
772 3685 908 3740 κατὰ
956 3685 1056 3752 τήν
1104 3683 1404 3756 ἠθιομένην
1450 3682 1614 3758 ὥραν,
1640 3681 1807 3752 ἦλθεν

147 3778 179 3831 6
216 3774 431 3851 Ὀρνίας
462 3775 524 3830 τὸ
558 3773 800 3849 χαλεπὸν
836 3771 1119 3846 δαιμόνιον
1171 3771 1247 3834 ὡς
1300 3775 1404 3844 πῦρ
1451 3770 1810 3848 φλεγόμενον,

146 3870 309 3934 ὅπως
361 3891 420 3925 τε
471 3865 613 3943 λάϐῃ
665 3870 760 3924 τὸν
824 3869 1015 3941 μισθὸν
1075 3871 1170 3922 τοῦ
1236 3864 1530 3940 παιδαρίου
1563 3887 1576 3899 ·
1635 3867 1698 3921 τὸ
1755 3863 1813 3921 δὲ

144 3957 447 4034 παιδάριον
479 3959 616 4014 κατὰ
642 3959 705 4014 τὸ
759 3957 1103 4032 προσταχθὲν
1161 3957 1310 4032 παρά
1364 3960 1461 4010 τοῦ
1521 3954 1812 4030 βασιλέως,

146 4048 348 4126 ἔῤῥιψε
378 4049 438 4102 τὸ
470 4044 824 4103 δακτυλίδιον
876 4045 964 4101 ἐπὶ
1007 4045 1068 4100 τὸ
1126 4047 1326 4115 στῆθος
1374 4049 1471 4100 τοῦ
1503 4041 1815 4116 δαιμονίου,

142 4137 246 4193 καὶ
281 4139 426 4190 εἶπεν
463 4154 476 4167 ⁶
512 4139 700 4210 Δεῦρο,
731 4133 890 4189 καλεῖ
932 4154 991 4188 σε
1041 4134 1069 4188 ὁ
1116 4131 1369 4208 βασιλεὺς
1403 4133 1692 4205 Σολομῶνο
1727 4133 1816 4187 καὶ

151 4229 344 4300 ἀπῆγε
403 4222 669 4300 δρομαῖος
724 4224 861 4297 πρὸς
919 4223 1009 4278 τὸν
1083 4219 1330 4298 βασιλέα.
1379 4223 1441 4280 Ὁ
1499 4219 1557 4276 δὲ
1608 4219 1819 4295 δαίμων

144 4315 459 4390 ἆκραύγασε
503 4311 701 4389 λέγων,
735 4309 1052 4386 Ιιαιδάριον,
1081 4309 1135 4364 τί
1181 4314 1344 4364 τοῦτο
1384 4309 1646 4380 ἐποίησας
1683 4309 1820 4385 πρός

147 4423 268 4480 με;
302 4398 438 4458 λάϐε
473 4403 539 4458 τὸ
589 4399 932 4456 δακτυλίδιον
984 4399 1076 4455 ἀπ’
1133 4397 1270 4472 ἐμοῦ
1303 4417 1316 4430 ⁸
1347 4398 1502 4476 κάγὼ
1548 4397 1820 4454 ἀποδώσω

139 4495 218 4550 τὸ
249 4491 480 4569 χρυσίον
506 4498 608 4561 τῆς
640 4497 744 4566 γῆς
782 4509 793 4522 ·
839 4489 1004 4562 μόνον
1041 4482 1177 4543 λάϐε
1213 4491 1379 4543 τοῦτο
1425 4488 1514 4543 ἄπ’
1543 4487 1700 4562 έμοῦ,
1730 4480 1822 4544 καὶ

147 4582 240 4658 μή
273 4581 492 4656 ἀπάγῃς
529 4600 595 4653 με
618 4580 756 4654 πρὸς
788 4575 1120 4651 Σολομῶνα.
1155 4575 1236 4634 Τὸ
1269 4574 1326 4631 δὶ
1355 4574 1644 4652 παιδάριον
1678 4575 1821 4653 λέγει

1915 3429 2070 3479 vero,
2095 3413 2268 3483 juxta
2300 3415 2643 3471 mandatum
2691 3417 2867 3487 regis,
2897 3420 3144 3490 projecit
3185 3425 3474 3482 annulum
3503 3427 3564 3484 in

1918 3504 2123 3573 pectus
2153 3501 2458 3569 damonis,
2491 3507 2548 3556 et
2589 3503 2736 3559 dixit
2769 3521 2782 3560 :
2815 3509 2940 3561 Huc
2971 3513 3136 3564 vocat
3185 3515 3241 3566 te
3288 3512 3564 3572 Salomon

1920 3605 2039 3643 rex.
2070 3589 2136 3643 Et
2165 3589 2309 3643 abiit
2355 3589 2641 3644 festinans
2687 3592 2758 3646 ad
2811 3609 3031 3664 regem.
3079 3596 3314 3653 Daemon
3365 3607 3563 3658 autem

1921 3677 2196 3733 clamavit
2224 3678 2472 3734 dicens:
2520 3679 2687 3751 Puer,
2720 3680 2860 3752 quid
2913 3683 3020 3738 hoc
3070 3685 3256 3742 fecisti
3306 3690 3377 3744 ad
3428 3691 3570 3746 me?

1924 3774 2135 3847 Recipe
2177 3775 2464 3831 annulum
2515 3794 2548 3832 a
2598 3793 2712 3844 me,
2745 3783 2800 3833 et
2847 3795 2952 3852 ego
3005 3782 3156 3839 dabo
3206 3785 3310 3841 tibi
3360 3805 3569 3846 aurum

1924 3869 2121 3934 teme;
2171 3881 2340 3920 sume
2370 3869 2598 3921 tantum
2643 3866 2746 3922 hoc
2777 3885 2811 3922 a
2843 3884 2955 3940 me,
2987 3887 3174 3942 neque
3228 3890 3320 3930 me
3369 3877 3573 3934 trahas

1926 3954 1997 4008 ad
2029 3953 2420 4009 Salomonem.
2451 3955 2604 4008 Puer
2645 3961 2842 4012 autem
2891 3958 3038 4014 dixit
3085 3961 3336 4021 dmmoni
3370 3982 3384 4020 :
3419 3967 3576 4022 Vivit

1927 4041 2210 4097 Dominus
2255 4042 2410 4098 Deus
2460 4043 2658 4115 Israel,
2696 4062 2811 4100 non
2859 4050 2915 4102 te
2967 4049 3281 4120 dimittam,
3313 4054 3412 4108 sed
3462 4055 3577 4112 huc

1925 4130 2079 4185 veni.
2115 4130 2180 4184 Et
2210 4131 2322 4186 cito
2353 4131 2557 4187 abiens
2601 4134 2672 4188 ad
2720 4151 2915 4207 regem
2967 4136 3134 4194 laetus
3184 4140 3266 4195 ait
3299 4159 3311 4196 :
3345 4143 3574 4200 Adduxi

1929 4218 2305 4286 daamonium,
2339 4236 2371 4274 ο
2402 4235 2520 4290 rex,
2548 4225 2614 4276 ut
2663 4224 3002 4296 praecepisti,
3045 4227 3306 4297 domine,
3337 4236 3394 4286 et
3445 4249 3578 4289 ecce

1931 4311 2050 4364 stat
2079 4311 2212 4363 ante
2235 4307 2388 4364 fores
2409 4308 2558 4366 aulae
2587 4311 2756 4384 regiae
2777 4316 2890 4368 tua:
2917 4315 3264 4388 vociferans,
3287 4323 3346 4375 et
3373 4320 3578 4392 depre-

1932 4413 2072 4452 cans
2097 4413 2313 4468 magna
2335 4414 2490 4468 voce,
2515 4400 2763 4457 offerens
2792 4402 2933 4457 mihi
2956 4409 3262 4476 argentum
3289 4413 3346 4464 et
3366 4427 3578 4467 aurum

1931 4490 2122 4550 terrm,
2147 4490 2211 4541 ut
2240 4503 2354 4542 non
2387 4487 2677 4544 adducam
2711 4489 2908 4562 ipsum
2931 4492 3000 4548 ad
3038 4497 3113 4549 te.
3138 4495 3208 4550 Et
3236 4496 3330 4552 his
3361 4500 3578 4556 auditis

1932 4575 2207 4630 Salomon
2239 4577 2542 4632 surrexite
2572 4577 2780 4634 throno
2813 4585 2872 4636 et
2899 4581 3037 4636 exiit
3067 4583 3244 4653 loras,
3268 4585 3328 4640 in
3360 4587 3576 4644 atrium

141 4671 296 4748 πρὸς
350 4670 442 4724 τὸν
503 4666 737 4742 δαίμονα
769 4686 781 4698 ⁸
819 4669 893 4741 Ζῇ
953 4665 1156 4734 Κύριος
1188 4665 1217 4720 6
1249 4666 1378 4728 Θεὸς
1427 4669 1522 4720 τοῦ
1573 4665 1805 4740 Ἰσραὴλ.

1930 4664 2079 4720 aulae
2135 4663 2338 4734 palatii
2396 4666 2512 4734 sui,
2555 4670 2612 4720 et
2669 4667 2816 4723 vidit
2859 4669 3180 4727 daemonem
3231 4673 3572 4732 frementem

145 4769 220 4826 οὐ
283 4769 358 4842 μή
408 4787 466 4822 σε
514 4765 808 4840 άνέξωμαι,
857 4762 1005 4820 ἀλλά
1061 4761 1220 4838 δεῦρο
1277 4761 1423 4819 ἐλθέ.
1484 4764 1587 4819 Καὶ
1640 4761 1814 4826 ἐλθὼν

145 4855 440 4934 δρομαίως
515 4856 579 4910 τὸ
639 4851 931 4927 παιδάριον
990 4857 1187 4928 χαῖρον
1252 4851 1390 4925 πρὸς
1445 4850 1536 4905 τὸν
1589 4850 1820 4926 βασιλέα

145 4948 322 5020 λέγον
359 4964 371 4976 ·
406 4946 646 5019 ’Ήγαγον
677 4944 768 4997 τὸν
821 4939 1081 5014 δαίμονα,
1116 4939 1361 5015 βασιλεῦ,
1399 4941 1474 5002 ὼς
1532 4939 1816 5002 ἐκέλευσάς

150 5057 283 5110 μοι,
319 5029 572 5104 δέσποτα,
603 5030 694 5087 καὶ
740 5028 860 5086 ἰδοὺ
903 5032 1158 5100 στήκεται
1206 5029 1313 5101 πρὸ
1341 5032 1449 5083 τῶν
1497 5029 1672 5104 θυρῶν
1716 5032 1818 5094 τῆς

146 5121 341 5191 αὐλῆς
371 5127 472 5190 τῆς
507 5118 785 5194 βασιλείας
820 5139 916 5173 σου
942 5121 1154 5193 κράζων
1188 5117 1277 5172 καὶ
1311 5114 1567 5190 δεόμενος
1601 5116 1817 5192 μεγάλῃ

141 5217 224 5287 τῇ
285 5213 461 5288 φωνῇ,
513 5207 696 5272 διδοὺς
742 5207 867 5280 έμοὶ
914 5207 978 5262 τὸ
1030 5205 1290 5281 ἀργύριον
1336 5206 1424 5261 καὶ
1478 5205 1542 5261 τὸ
1588 5208 1818 5282 χρυσίον

142 5309 260 5370 τῆς
305 5305 407 5374 γῆς
454 5301 550 5352 τοῦ
604 5298 679 5370 μὴ
734 5295 949 5372 ἀγαγεῖν
997 5294 1158 5350 αὐτὸν
1201 5295 1335 5369 πρὸς
1385 5293 1461 5352 σέ.
1495 5294 1596 5352 Καὶ
1654 5294 1818 5350 ἀκού-

148 5411 258 5453 σας
315 5391 485 5442 ταῦτα
542 5384 817 5458 Σολομῶν
875 5384 1070 5455 ἀνέστη
1119 5383 1352 5438 ἀπὸτοῦ
1381 5381 1576 5459 θρόνου
1633 5383 1817 5453 αὐτοῦ,

147 5476 252 5537 καί
284 5473 506 5546 ἐξῆλθεν
539 5471 640 5547 ἔξω
689 5473 767 5538 εἷς
806 5473 874 5528 τὰ
922 5473 1171 5548 πρόθυρα
1214 5478 1316 5541 τῆς
1359 5469 1535 5542 αὐλῆς
1572 5476 1680 5528 τῶν
1725 5473 1820 5547 βα-

151 5566 384 5625 σιλείων
439 5561 630 5619 αὐτοῦ’
669 5561 759 5617 καὶ
811 5561 1032 5637 ἐθεώρει
1079 5561 1172 5616 τὸν
1227 5558 1459 5632 δαίμονα
1528 5561 1821 5638 φρίσσοντα

150 5656 252 5715 καὶ
300 5655 596 5730 τρέμοντα,
626 5651 715 5707 καὶ
763 5651 908 5727 λέγει
948 5651 1119 5722 αὐτῷ.
1152 5649 1244 5712 Τίς
1276 5651 1319 5703 εἴ
1351 5648 1413 5704 σύ
1441 5669 1453 5720 ;
1484 5650 1540 5703 '0
1589 5647 1646 5704 δὶ
1693 5644 1820 5728 ἔφη,

163 5747 297 5822 Εγὼ
326 5741 546 5818 Ὀρνίας
578 5739 854 5815 καλοῦμαι
891 5757 903 5772 ’
937 5739 1026 5794 καὶ
1059 5740 1088 5794 6
1119 5736 1390 5814 Σολομῶν
1437 5736 1581 5815 λέγει
1632 5737 1778 5814 αὐτῷ
1803 5759 1815 5774 .

1929 4757 1986 4808 et
2041 4757 2424 4822 trementem,
2489 4753 2752 4824 dixitque
2810 4756 2860 4811 ei
2914 4775 2927 4811 :
2979 4759 3120 4823 Quis
3177 4777 3240 4816 es
3297 4763 3411 4817 tu?
3467 4765 3578 4831 Qui

1928 4840 2054 4896 ait:
2090 4841 2208 4911 Ego
2247 4840 2454 4896 Ornias
2504 4841 2795 4900 nominor.
2829 4844 2900 4900 Et
2946 4845 3094 4902 dixit
3146 4848 3196 4904 ei
3245 4849 3520 4908 Salomon
3558 4870 3572 4907 :

1926 4937 2128 4994 Indica
2157 4937 2324 5002 mihi,
2357 4955 2388 4993 ο
2421 4939 2668 5007 daemon,
2701 4941 2810 4995 sub
2844 4959 2961 5013 quo
2999 4944 3167 5017 signo
3198 4947 3420 5017 jaceas.
3455 4953 3576 5007 Sub

1929 5027 2202 5100 Aquario,
2249 5025 2331 5082 ait
2378 5025 2511 5093 ille;
2560 5033 2618 5082 et
2665 5034 2963 5087 versantes
3011 5049 3112 5104 per
3154 5037 3576 5108 concupiscen-

1926 5116 2040 5172 tias
2081 5130 2497 5188 generosarum
2551 5114 2610 5170 in
2661 5121 2815 5174 terra
2865 5119 3216 5192 puellarum,
3249 5125 3360 5180 sub
3408 5127 3578 5199 signo

1929 5206 2228 5277 praedicto,
2259 5221 2360 5268 eos
2396 5205 2723 5276 strangulo,
2757 5207 2856 5262 sed
2907 5225 3022 5264 non
3073 5211 3244 5266 aliter
3273 5229 3450 5282 quam
3483 5233 3577 5272 εο-

1931 5295 2115 5366 pitos;
2147 5297 2264 5348 tres
2316 5292 2535 5348 formas
2566 5293 2768 5360 induo,
2805 5297 3040 5366 quando
3069 5301 3346 5355 tenentur
3392 5301 3578 5358 homi-

1931 5399 2036 5439 nes
2094 5381 2382 5437 desiderio
2440 5380 2790 5438 feminarum
2837 5399 2851 5438 :
2908 5399 3014 5456 ego
3070 5388 3458 5445 transformor
3514 5393 3572 5448 in

1931 5470 2236 5528 mulierem
2283 5469 2580 5542 eleganter
2625 5471 2915 5538 vestitam,
2957 5477 3012 5528 et
3058 5475 3434 5546 palpantibus
3484 5496 3577 5535 me

1933 5559 2270 5616 hominibus
2316 5558 2470 5614 inter
2516 5575 2814 5625 somnum,
2845 5560 3028 5617 illudo
3075 5563 3190 5632 eis;
3247 5581 3403 5621 nunc
3441 5583 3575 5624 vero

1929 5665 2170 5706 rursum
2200 5647 2392 5704 alatus
2423 5647 2498 5702 fio
2531 5647 2640 5703 sub
2673 5648 2845 5705 aeriis
2875 5651 3048 5720 locis;
3079 5651 3278 5711 videor
3303 5654 3481 5713 etiam
3513 5662 3579 5713 ut

1928 5737 2040 5806 leo,
2085 5741 2144 5794 et
2191 5735 2451 5809 pellicior
2500 5737 2572 5792 ab
2623 5738 2898 5796 omnibus
2955 5742 3352 5816 daemonibus;
3415 5748 3580 5805 ortus
