4046 6338
497 381 655 441 1319

1455 376 1855 439 APPENDIX
1895 378 1998 437 AD
2042 376 2506 439 MICHAELEM
2552 378 2942 441 PSELLUM.

3753 381 3893 440 ιεεο

494 533 630 574 sum
661 533 731 574 ex
759 513 1109 587 archangelo
1157 512 1338 581 Uriel,
1370 514 1632 585 potentia
1672 512 1796 569 Dei.
1829 513 1946 584 Ego
1975 511 2126 569 Salo-

2252 512 2385 587 Λέγε
2414 532 2528 585 μοι,
2561 512 2606 566 ῶ
2638 508 2857 585 δαῖμον,
2890 512 3033 585 ποίῳ
3063 509 3244 586 ζωδίῳ
3273 516 3483 583 κεῖσαι;
3516 513 3577 572 Ὀ
3611 511 3671 569 δὶ
3719 515 3859 569 εἶπεν
3881 534 3893 544 ⁸

498 623 634 663 mon
691 605 939 660 audiens
997 619 1207 659 nomen
1268 602 1627 674 archangeli,
1685 603 1905 675 gratias
1964 617 2143 674 agens

2250 598 2578 675 ’Υδροχὸῳ.
2642 601 2733 656 καὶ
2784 602 2912 666 τοὺς
2968 603 3252 675 κειμένους
3309 600 3379 657 δι’
3434 602 3739 678 ἐπιθυμιῶν
3787 626 3896 679 γεν-

493 695 811 769 glorificavi
853 698 1035 749 Deum
1084 697 1142 748 et
1189 692 1501 748 Dominum
1552 692 1681 747 coeli
1732 696 1789 747 et
1841 697 2036 759 terrae;
2088 703 2126 746 e‘

2251 691 2419 745 ναίων
2453 690 2540 744 ἰπὶ
2572 697 2674 766 γῆν
2733 693 3011 768 παρθένων
3049 736 3061 749 .
3093 696 3174 765 τῷ
3223 689 3401 765 ζωδίῳ
3453 695 3723 765 κέκληται
3778 696 3898 749 τοῦ-

491 783 686 856 sigillo
718 786 987 838 notatum
1014 798 1149 837 eum
1182 780 1444 837 ordinavi
1489 781 1546 837 in
1579 798 1728 853 opus
1775 779 2140 850 lithotomiae,

490 879 556 929 ut
610 873 858 927 caederet
912 874 1108 943 petras
1166 871 1225 925 in
1279 869 1519 942 templo,
1551 868 1759 925 allatas
1820 886 1923 941 per
1982 884 2142 925 mare

486 962 737 1033 Arabiae,
761 963 1030 1033 jacentes
1071 960 1130 1015 in
1161 959 1375 1015 littore.
1415 960 1758 1015 Formidans
1807 964 1999 1015 autem
2032 958 2142 1013 fer-

490 1068 621 1107 rum
654 1051 747 1106 ad.
779 1089 792 1102 .
823 1092 835 1105 .
878 1055 937 1105 et
968 1050 1111 1104 dicit
1142 1048 1285 1104 mihi
1322 1066 1334 1104 :
1369 1050 1572 1114 Quaeso
1600 1052 1677 1119 te,
1714 1065 1809 1103 rex
1840 1047 2139 1113 Salomon,

488 1141 652 1197 sinas
684 1156 775 1195 me
824 1138 1074 1194 liberum
1107 1153 1258 1205 esse,
1288 1142 1345 1193 et
1374 1154 1480 1209 ego
1512 1138 1804 1193 adducam
1857 1137 1963 1192 tibi
2010 1153 2141 1193 om-

488 1230 587 1286 nia
644 1229 951 1285 daemonia.
1010 1227 1252 1283 Nolente
1320 1232 1516 1283 autem
1575 1244 1640 1282 eo
1702 1226 1917 1297 subjici
1972 1225 2138 1294 mihi,

484 1318 641 1376 oravi
672 1315 1092 1390 archangelum
1144 1315 1298 1373 Uriel
1342 1320 1407 1372 ut
1436 1316 1657 1373 veniret
1702 1316 1845 1370 mihi
1879 1315 1939 1369 in
1971 1314 2136 1370 auxi-

483 1409 663 1476 lium;
695 1412 751 1463 et
781 1407 895 1463 cito
937 1406 1056 1461 vidi
1104 1405 1521 1478 archangelum
1556 1403 1710 1460 Uriel
1743 1405 1815 1460 de
1847 1403 2006 1459 cmlis
2037 1420 2135 1459 ve-

484 1498 741 1554 nientem
792 1497 864 1552 ad
914 1512 1035 1563 me;
1071 1500 1128 1550 et
1149 1495 1333 1566 jussit
1373 1494 1618 1567 angelus
1668 1498 1732 1549 ut
1781 1498 1906 1550 cete
1956 1492 2136 1550 maris

482 1586 748 1644 venirent
788 1602 857 1641 ex
899 1586 1140 1657 abysso;
1189 1590 1246 1640 et
1295 1583 1540 1657 projecit
1588 1584 1836 1654 sortem,
1856 1600 2024 1639 suam
2073 1582 2134 1638 in

480 1682 718 1746 terram,
770 1674 987 1745 illaque
1036 1673 1287 1745 subjecit
1329 1674 1655 1728 daemonem
1707 1687 2025 1743 magnum;
2079 1676 2137 1727 et

482 1763 758 1837 praecepit
786 1763 1039 1819 daemoni
1070 1779 1282 1835 magno
1314 1767 1371 1818 et
1400 1761 1608 1817 audaci
1638 1761 1825 1817 Orniae
1862 1765 1924 1816 ut
1953 1762 2134 1816 caede-

480 1857 569 1909 ret
599 1871 734 1909 saxa
764 1853 823 1907 in
857 1852 1174 1925 templum;
1201 1856 1256 1907 et
1278 1851 1363 1907 sic
1384 1868 1490 1923 ego
1516 1850 1789 1906 Salomon
1814 1849 2133 1922 gloriﬁcavi

475 1944 659 1999 Deum
692 1942 817 1997 coeli
851 1946 909 1997 et
934 1946 1099 1996 terrae
1149 1946 1500 2007 creatorem;
1536 1944 1593 1995 et
1638 1939 1909 2011 praecepit
1940 1940 2129 1994 Orniae

474 2038 540 2088 ut
568 2032 788 2087 veniret
818 2047 953 2086 cum
1004 2034 1159 2085 sorte
1191 2046 1320 2098 sua,
1352 2036 1410 2083 et
1439 2029 1571 2084 dedi
1620 2030 1675 2084 ei
1721 2027 2008 2083 annulum
2040 2029 2130 2083 di-

474 2138 651 2178 cens:
678 2120 859 2185 Vade,
883 2125 940 2175 et
964 2120 1158 2175 adduc
1186 2118 1331 2173 mihi
1363 2118 1476 2174 huc
1507 2117 1829 2190 principem
1862 2117 2129 2172 omnium

477 2210 924 2267 demoniorum.

2160 1894 2209 1959 B

2248 799 2375 842 τους
2429 781 2745 855 ἀποπνίγω,
2786 781 2832 836 εἶ
2886 778 3028 853 μηδὶ
3084 782 3174 837 καὶ
3229 782 3532 838 ὑπνωτικόν
3564 803 3577 815 ·
3630 784 3711 844 εἰς
3760 790 3899 858 τρεέ

2254 868 2466 942 μορφὰς
2514 864 2956 943 μεταϐάλλομαι,
3004 866 3208 927 ὁπόταν
3264 871 3314 925 οἱ
3365 869 3645 947 ἅνθρωποι
3695 870 3899 948 ἔρχων-

2247 978 2335 1012 ται
2368 955 2437 1011 δι’
2467 957 2755 1032 ἆπιθυμίας
2807 964 3074 1033 γυναικῶν
3112 979 3123 993 ⁸
3160 959 3271 1034 ἐγὼ
3315 966 3778 1040 μεταμορφοῦμαι
3829 962 3899 1024 είς

2251 1047 2391 1116 θῆλυ
2449 1045 2741 1122 εὔκοσμον,
2788 1048 2879 1103 καὶ
2952 1047 3259 1121 ἁπτομένου
3335 1070 3461 1123 μου,
3514 1051 3566 1106 οἱ
3626 1050 3898 1125 ἄνθρωποι

2250 1137 2366 1199 καθ’
2400 1135 2564 1191 ὕπνον
2594 1135 2848 1210 ἐμπαίζω
2894 1137 3077 1200 αὐτοῖς
3113 1155 3126 1172 ⁸
3154 1138 3289 1193 ποτὶ
3338 1135 3396 1193 δὶ
3446 1139 3610 1194 πάλιν
3668 1141 3898 1195 ὑπόπτε-

2250 1245 2343 1301 ρος
2390 1225 2610 1301 γίνομαι
2671 1227 2773 1281 ὑπὸ
2828 1226 2957 1288 τοὺς
3014 1226 3303 1300 οὐρανίους
3348 1224 3570 1290 τόπους.
3625 1230 3895 1303 Φαίνομαι

2246 1311 2336 1367 καὶ
2390 1314 2462 1375 ὡς
2516 1309 2682 1385 λέων,
2712 1314 2802 1369 καὶ
2855 1313 3154 1388 κελεύομαι
3208 1314 3310 1369 ὑπὸ
3356 1316 3571 1370 πάντων
3614 1320 3727 1371 τῶν
3789 1314 3900 1371 6a:-

2250 1400 2430 1475 μόνων
2464 1418 2481 1438 ⁸
2509 1401 2782 1477 ἀπόγονος
2830 1402 2945 1476 εἰμὶ
2993 1402 3353 1478 ἀρχαγγέλου
3394 1404 3630 1479 Οὐριήλ,
3663 1408 3765 1473 τῆς
3814 1403 3899 1460 δυ-

2244 1492 2460 1563 νάμεως
2514 1495 2610 1545 τοῦ
2663 1495 2820 1548 Θεοῦ.
2854 1493 2996 1567 Ἐγὼ
3030 1489 3302 1565 Σολομῶν
3334 1492 3565 1555 ἀκούσας
3613 1494 3681 1549 τὸ
3734 1490 3903 1566 ὄνομα

2242 1585 2339 1634 τοῦ
2387 1579 2742 1656 ἀρχαγγέλου
2812 1580 3102 1653 εὐξάμενος
3180 1579 3401 1655 ἰδόξασα
3462 1584 3555 1638 τὸν
3612 1584 3772 1652 Θεὸν,
3815 1587 3899 1639 καὶ

2244 1670 2439 1743 Κύριον
2488 1674 2586 1726 τοῦ
2636 1670 2867 1747 οὐρανοῦ
2926 1670 3014 1724 καὶ
3084 1673 3185 1740 τῆς
3237 1675 3339 1746 γῆς
3374 1691 3387 1703 ⁸
3445 1673 3535 1727 καὶ
3597 1694 3901 1750 σφραγισας

2242 1758 2400 1813 αὐτὸν
2462 1757 2617 1830 ἔταξα
2677 1758 2752 1821 εἰς
2802 1760 2902 1828 τήν
2960 1758 3210 1836 ἐργασίαν
3268 1767 3369 1829 τῆς
3424 1759 3777 1834 λιθοτομίας,
3810 1768 3902 1817 τοῦ

2239 1848 2452 1919 τέμνειν
2500 1847 2631 1909 τοὺς
2682 1846 2869 1909 λίθους
2918 1846 2970 1901 έν
3009 1852 3088 1919 τῷ
3128 1853 3264 1920 ναῷ,
3296 1848 3557 1923 ἀχθέντας
3588 1847 3680 1904 διὰ
3708 1849 3906 1913 0:15:-

2239 1959 2338 2007 σης
2403 1930 2658 2011 Ἀραϐίας
2711 1936 2839 1997 τοὺς
2894 1936 3180 2010 κειμένους
3235 1937 3382 2010 παρά
3434 1939 3524 1992 τὸν
3591 1938 3852 2014 αῗγιαλόν
3884 1959 3895 1970 ⁸

2240 2019 2590 2097 Φοϐούμενος
2626 2022 2684 2079 δὶ
2728 2026 2817 2079 τὸν
2872 2022 3095 2099 σίδηρον
3130 2046 3266 2099 προς
3296 2028 3371 2099 (1)
3420 2026 3510 2081 καὶ
3566 2025 3721 2101 λέγει
3786 2049 3903 2101 μοι,

2240 2112 2442 2187 Δέομαί
2497 2134 2613 2185 σου,
2678 2111 2902 2188 βασιλεῦ
2983 2113 3278 2187 Σολομῶν,
3331 2111 3484 2170 ἔασόν
3564 2137 3633 2187 με
3713 2115 3900 2172 ἄνετον

2241 2206 2401 2271 εἴναι,
2453 2203 2604 2275 κάγώ
2664 2221 2747 2255 σοι
2804 2200 3059 2277 ἀναγάγω
3116 2203 3293 2257 πάντα
3346 2202 3413 2257 τά
3469 2200 3758 2276 δαιμόνια.
3812 2207 3901 2272 Μὴ

480 2297 736 2360 θελόντος
792 2294 848 2351 δὶ
897 2295 1062 2352 αὐτοῦ
1116 2295 1453 2371 ὑποταγῆναί
1502 2315 1619 2369 μοι,
1663 2292 1949 2367 εὐξάμενος
1979 2296 2075 2348 τοῦ
2108 2291 2457 2369 ἀρχαγγέλου
2491 2288 2706 2365 Οὖριήλ
2738 2288 3013 2345 συνελθεῖν
3050 2312 3118 2365 με
3149 2291 3224 2355 εἴς
3257 2292 3533 2367 βοήθειαν,
3564 2293 3657 2348 καὶ
3692 2294 3898 2357 εὐθέως

480 2384 620 2442 εἶδον
649 2387 740 2442 τὸν
772 2382 1115 2461 ἀρχάγγελον
1149 2383 1364 2458 Οὖριὴλ
1396 2385 1456 2438 έκ
1482 2388 1589 2437 τῶν
1624 2382 1865 2459 οὐρανῶν
1895 2383 2298 2458 κατερχόμενον
2328 2378 2462 2452 πρός
2497 2400 2562 2452 με
2608 2377 2697 2433 καὶ
2747 2376 3022 2434 ἐκέλευσεν
3074 2380 3101 2434 6
3147 2378 3379 2455 ἄγγελος
3426 2384 3566 2453 κήτη
3613 2385 3902 2451 θαλάσσης

476 2475 653 2542 ἐλθεῖν
681 2476 741 2531 ἐκ
769 2484 867 2546 τῆς
908 2471 1144 2531 ἀϐύσσου
1177 2494 1189 2506 ⁸
1224 2474 1313 2529 καὶ
1344 2470 1557 2551 ἔρριψεν
1591 2473 1755 2529 αὐτοῦ
1782 2475 1882 2542 τὴν
1920 2478 2114 2548 μοῖραν
2150 2471 2238 2527 ἐπὶ
2274 2478 2376 2541 τῆς
2423 2477 2549 2545 γῆς,
2577 2467 2797 2539 κάκείνη
2846 2470 3097 2543 ὑπέταξεν
3145 2471 3208 2524 τὸ
3254 2468 3537 2544 δαιμόνιον
3588 2473 3651 2527 τὸ
3710 2473 3855 2549 μέγα
3886 2493 3897 2504 ⁸

477 2567 566 2622 καὶ
627 2564 903 2621 ἐκέλευσεν
960 2565 1050 2619 τὸν
1110 2560 1346 2636 δαίμονα
1400 2563 1490 2618 τὸν
1544 2564 1708 2638 μέγαν
1754 2561 1842 2617 καὶ
1891 2560 2088 2638 θρασὺν
2138 2561 2229 2616 τὸν
2265 2558 2482 2636 Ὀρνίαν
2531 2562 2630 2612 τοῦ
2675 2557 2893 2614 κόπτειν
2920 2559 3047 2623 τοὺς
3077 2557 3267 2622 λίθους
3300 2561 3434 2635 πρὸς
3464 2562 3555 2616 τὸν
3585 2560 3718 2615 ναόν
3758 2580 3772 2592 ⁸
3810 2564 3900 2616 καὶ

478 2655 651 2717 οὕτως
702 2654 805 2729 ἐγὼ
861 2652 1132 2727 Σολομὼν
1172 2651 1396 2724 ἐδόξασα
1443 2653 1534 2707 τὸν
1582 2652 1710 2707 Θεὸν
1761 2656 1859 2707 τοῦ
1908 2651 2139 2727 οὐρανοῦ
2189 2650 2408 2719 καὶτῆς
2437 2650 2539 2724 γῆς
2569 2650 2812 2719 ποιητήν
2839 2667 2851 2681 ⁸
2885 2648 2976 2703 καὶ
3008 2647 3283 2704 ἐκέλευσεν
3330 2647 3505 2704 ἐλθεῖν
3544 2651 3638 2705 τὸν
3674 2650 3897 2725 Ὀρνίαν

479 2745 571 2800 σὺν
621 2748 689 2818 τῇ
746 2742 908 2818 μοίρᾳ
948 2743 1133 2812 αὐτοῦ,
1162 2744 1250 2798 καὶ
1298 2740 1476 2797 ἔδωκα
1528 2741 1691 2795 αὐτοῦ
1736 2742 1799 2796 τὸ
1846 2738 2157 2818 σφραγίδιον
2206 2735 2384 2814 λέγων
2420 2756 2432 2769 ⁸
2468 2734 2735 2809 "Atellae,
2764 2738 2853 2792 καὶ
2905 2735 3077 2813 ἄγαγε
3122 2759 3216 2811 μοι
3250 2735 3357 2793 ὦδε
3385 2739 3478 2793 τὸν
3510 2737 3764 2814 ἄρχοντα
3793 2744 3897 2793 τῶν

480 2831 778 2908 δαιμονίων
809 2833 1046 2887 πάντων.

549 2968 757 3023 Ornias
805 2970 999 3021 autem
1057 2965 1351 3037 accipiens
1402 2964 1713 3033 annulum,
1764 2964 1908 3020 adiit
1957 2963 2125 3020 Beel-

473 3056 641 3111 zebul
686 3055 995 3109 habentem
1040 3057 1386 3125 potestatem
1442 3052 1501 3108 in
1551 3052 1861 3122 daemonia,
1894 3056 1951 3107 et
1981 3052 2127 3107 dixit

474 3145 525 3200 ei
570 3160 583 3198 :
639 3144 761 3198 Huc
814 3148 982 3198 vocat
1035 3146 1092 3197 te
1147 3141 1443 3197 Salomon.
1503 3142 1759 3197 Audiens
1819 3140 2124 3196 Beelzebul

474 3232 622 3287 dixit
653 3233 703 3285 ei
731 3249 743 3287 :
780 3232 979 3286 Indica
1009 3230 1152 3285 mihi
1186 3230 1320 3302 quis
1351 3230 1428 3286 sit
1457 3230 1566 3285 iste
1598 3230 1873 3287 Salomon
1908 3232 1977 3285 de
2009 3246 2124 3301 quo

473 3321 732 3393 loqueris
766 3320 931 3375 mihi.
966 3319 1173 3375 Ornias
1224 3324 1417 3375 autem
1454 3320 1697 3391 projecit
1744 3319 2029 3375 annulum
2063 3319 2123 3374 in

470 3414 675 3481 pectus
734 3407 1034 3463 Beelzebul
1095 3407 1294 3463 dicens
1345 3424 1358 3461 :

469 3515 587 3554 rex.
634 3496 991 3553 Exclamavit
1044 3512 1178 3551 vero
1238 3494 1537 3551 Beelzebul
1596 3512 1733 3551 voce
1788 3512 2021 3567 magna,
2065 3499 2122 3549 et

467 3585 712 3658 projecit
742 3587 1041 3641 ﬂammam
1086 3584 1237 3654 ignis
1270 3589 1533 3639 urentem
1570 3600 1866 3657 magnam,
1903 3588 1959 3638 et
1988 3600 2118 3637 sur-

467 3692 611 3747 gens
642 3680 880 3731 secutus
927 3678 1015 3730 est
1046 3674 1308 3739 Orniam,
1342 3678 1400 3729 et
1430 3673 1586 3728 venit
1616 3674 1685 3727 ad
1720 3672 2115 3727 Salomonem.

465 3765 538 3821 Ut
568 3771 763 3819 autem
795 3763 941 3817 vidit
970 3761 1089 3833 (sic)
1137 3761 1461 3833 principem
1511 3760 1958 3829 daemoniorum,
1994 3759 2117 3831 glo-

464 3854 684 3909 rificavi
713 3852 1026 3908 Dominum
1060 3850 1245 3906 Deum
1277 3849 1405 3905 coeli
1451 3854 1507 3905 et
1557 3854 1727 3905 terrae
1772 3855 2114 3916 creatorem,

461 3946 519 3997 et
549 3942 667 3997 dixi
701 3958 714 3996 :
746 3942 1099 3996 Benedictus
1142 3955 1227 4003 es,
1262 3938 1504 3994 Domine
1534 3938 1687 3993 Deus
1720 3938 2116 4008 omnipotens,

463 4029 565 4101 qui
598 4029 813 4085 dedisti
852 4045 1033 4101 puero
1074 4033 1174 4083 tuo
1207 4026 1503 4082 Salomoni
1536 4027 1594 4081 in
1628 4027 1994 4099 sapientibus
2026 4044 2118 4082 re-

464 4118 752 4174 sidentem
812 4116 1186 4187 sapientiam.
1226 4122 1284 4171 et
1331 4114 1635 4185 subjecisti
1685 4115 1830 4169 mihi
1882 4131 2117 4170 omnem

465 4211 814 4276 potestatem
870 4204 1107 4260 diaboli.
1150 4205 1220 4258 Et
1280 4203 1628 4275 interrogavi
1681 4219 1815 4257 eum
1866 4203 2113 4258 dicens:

466 4294 669 4350 Indica
720 4293 855 4364 quis
904 4294 1004 4347 sis.
1058 4296 1124 4345 Et
1170 4291 1251 4345 ait
1297 4292 1523 4345 daemon
1559 4306 1572 4348 :
1607 4292 1721 4360 Ego
1771 4309 1905 4346 sum
1955 4291 2117 4347 Beel-

461 4382 632 4437 zebul
700 4382 972 4452 princeps
1040 4379 1519 4445 daemoniorum;
1580 4379 1775 4433 omnia
1832 4380 2120 4436 daemonia

464 4485 644 4543 prope
696 4486 786 4524 me
855 4467 1190 4540 prasident,
1237 4470 1294 4521 et
1345 4470 1479 4521 ante
1538 4465 1736 4522 oculos
1805 4484 1957 4539 pono
2016 4486 2115 4524 cu-

460 4561 683 4630 jusque
746 4556 1027 4612 daamonis
1109 4556 1378 4611 formam.
1439 4558 1567 4626 Ipse
1633 4571 1765 4610 vero
1824 4557 2119 4613 nuntiavit

466 4648 610 4703 mihi
664 4663 725 4702 se
792 4647 863 4701 ad
923 4660 1015 4700 me
1065 4645 1462 4699 adducturum
1515 4659 1719 4700 omnes
1777 4645 2118 4703 immundos

465 4736 713 4808 spiritus
772 4738 1221 4800 concatenatos;
1274 4736 1330 4788 et
1377 4749 1479 4799 ego
1530 4733 1737 4788 iterum
1796 4734 2117 4805 glorificavi

469 4826 652 4881 Deum
682 4824 804 4880 coeli
842 4828 899 4879 et
928 4827 1115 4889 terrae,
1149 4827 1205 4877 et
1234 4821 1450 4894 gratias
1482 4838 1590 4895 ago
1623 4822 1672 4876 ei
1706 4838 1957 4893 semper.

538 5002 783 5070 Quaesivi
830 5019 864 5056 a
904 5002 1168 5055 daemone
1216 5004 1414 5055 utrum
1446 5003 1642 5055 essent
1690 4998 1845 5054 inter
1891 5015 1992 5054 eos
2043 4998 2121 5054 fe-

468 5094 667 5159 minae;
701 5089 801 5146 illo
834 5093 1031 5145 autem
1064 5088 1415 5154 afﬁrmante,
1441 5086 1557 5141 dixi
1591 5103 1697 5158 ego
1730 5103 1824 5142 me
1854 5086 2000 5143 velle
2023 5104 2121 5143 eas

469 5196 736 5246 cernere;
796 5183 853 5233 et
911 5177 1114 5233 abiens
1172 5174 1476 5231 Beelzebul
1534 5175 1822 5231 festinans
1881 5176 2124 5231 adduxit

472 5269 617 5324 mihi
649 5266 1014 5333 Onoscelida,
1049 5266 1297 5320 formam
1332 5263 1642 5319 habentem
1679 5264 1838 5319 mirae
1870 5263 2122 5335 pulchri-

469 5356 717 5421 tudinis,
750 5360 809 5410 et
839 5354 1142 5409 illecebras
1186 5351 1453 5407 mulieris
1501 5351 1798 5407 coloribus
1845 5353 1992 5408 bene
2030 5370 2121 5408 or-

472 5449 640 5512 nata,
673 5448 731 5499 et
759 5444 1035 5498 cornibus
1070 5446 1357 5497 armatam
1389 5441 1446 5495 in
1480 5441 1687 5513 capite.
1720 5440 1986 5497 Venienti
2019 5459 2121 5496 au-

2304 2962 2366 3020 Ὀ
2392 2959 2448 3016 δὲ
2487 2961 2724 3038 Ὀρνίας,
2768 2956 2952 3016 λαϐὼν
2988 2961 3050 3016 τὸ
3083 2958 3451 3030 δακτυλίδιον,
3483 2959 3698 3032 ἀπῆλθε
3756 2964 3893 3038 πρὸς

2231 3050 2322 3104 τὸν
2382 3046 2721 3120 Βεελζεϐοὺλ
2778 3050 2869 3104 τὸν
2931 3046 3131 3125 ἔχοντα
3175 3052 3274 3120 τὴν
3312 3047 3587 3125 βασιλείαν
3638 3050 3732 3105 ἐπὶ
3788 3055 3895 3104 τῶν

2234 3136 2558 3211 δαιμονίων.
2591 3141 2733 3216 Ἔφη
2768 3139 2916 3210 αὐτῷ
2948 3157 2959 3171 ⁸
2996 3143 3163 3211 Δεῦρο
3193 3137 3353 3193 καλεῖ
3383 3160 3440 3193 σε
3483 3136 3762 3210 Σολομῶν
3796 3158 3811 3169 ⁸
3843 3142 3896 3191 ’0

2235 3224 2292 3281 δὲ
2351 3222 2683 3296 Βεελζεόοὺλ
2742 3227 2976 3291 ἀκούσας
3048 3227 3149 3305 ἔφη
3214 3227 3405 3299 αὐτῷ·
3464 3228 3600 3302 Λέγε
3650 3249 3759 3299 μοι
3818 3229 3897 3291 τίς

2233 3315 2371 3371 ἐστιν
2408 3337 2566 3381 ουτος
2595 3317 2623 3370 6
2662 3315 2948 3389 Σολομῶν,
2976 3317 3033 3371 ὃν
3068 3316 3129 3371 σὺ
3161 3318 3267 3395 φής
3320 3338 3413 3389 μοι
3446 3336 3459 3349 ⁸
3505 3317 3531 3370 6
3572 3314 3630 3370 δὲ
3674 3318 3897 3389 Ὀρνίας

1417 3407 1675 3461 Advocat
1729 3410 1785 3461 te
1843 3406 2116 3461 Salomon

2240 3403 2446 3481 έρριψεν
2477 3405 2539 3459 τὸ
2572 3402 2917 3461 δακτυλίδιον
2951 3405 3026 3467 είς
3054 3405 3118 3460 τὸ
3156 3408 3358 3470 στῆθος
3400 3409 3498 3460 τοῦ
3553 3401 3893 3474 Βεελζεϐοὶι).

2231 3492 2411 3567 λέγων
2445 3513 2457 3526 ⁸
2506 3492 2673 3548 Καλεῖ
2717 3515 2775 3548 σε
2826 3492 3096 3567 Σολομῶν
3128 3495 3155 3549 6
3190 3492 3465 3568 βασιλεύς.
3504 3495 3791 3569 Ἀνέκραξε
3841 3492 3895 3549 δὶ

2232 3582 2259 3636 6
2309 3577 2644 3651 Βεελζεὸοὺλ
2669 3586 2824 3661 φωνῇ
2860 3581 3072 3658 μεγάλῃ
3109 3601 3123 3616 ⁸
3156 3584 3247 3637 καὶ
3278 3582 3465 3659 ἔρριψε
3493 3581 3667 3660 φλόγα
3717 3585 3898 3658 πυρὸς

2230 3671 2524 3743 καιομένην
2607 3669 2871 3748 μεγάλην,
2947 3671 3037 3726 καὶ
3130 3672 3357 3733 ἀναστὰς
3427 3669 3725 3740 ἠκολούθει
3816 3679 3894 3743 τῷ

2230 3759 2418 3836 Ὀρνίᾳ
2451 3780 2463 3794 ⁸
2506 3761 2594 3815 καὶ
2626 3759 2762 3828 ἦλθε
2792 3760 2928 3831 πρὸς
2963 3766 3025 3814 Σ.
3058 3760 3149 3821 ’ος
3203 3758 3260 3814 δέ
3300 3756 3437 3814 εἶδεν
3488 3760 3579 3813 τὸν
3642 3760 3892 3834 ἄρχοντα

2229 3853 2337 3904 τῶν
2372 3846 2693 3920 δαιμονίων,
2727 3845 2951 3918 ἐδόξασα
2992 3847 3188 3921 Κύριον
3242 3850 3332 3903 τὸν
3393 3848 3522 3902 Θεὸν
3571 3852 3667 3902 τοῦ
3718 3848 3893 3924 οὖρα·

2232 3942 2326 3992 νοῦ
2372 3938 2462 3991 καὶ
2512 3944 2614 4014 γῆς
2667 3938 2923 4008 ποιητὴν,
2955 3938 3044 3991 καὶ
3096 3939 3248 3992 εἶπον
3281 3956 3293 3969 ·
3330 3937 3647 4013 Εὐλογητὸς
3677 3936 3751 4005 εἰ,
3791 3939 3895 3992 δύο

2234 4046 2317 4101 ριε
2346 4027 2374 4081 6
2406 4028 2536 4090 Θεὸς
2568 4028 2596 4081 6
2625 4025 3035 4101 παντοκράτωρ,
3070 4027 3097 4081 6
3129 4024 3257 4089 δοὺς
3305 4031 3384 4099 τῷ
3426 4023 3580 4081 παιδὶ
3635 4046 3737 4080 σου
3795 4034 3899 4081 Σοο

2233 4113 2479 4186 λομῶντι
2511 4115 2612 4182 τὴν
2658 4120 2766 4169 τῶν
2816 4119 2995 4191 σοφῶν
3045 4113 3313 4190 πάρεδρον
3364 4116 3697 4192 σοφίαν,καὶ
3764 4116 3901 4170 ὑπο-

2230 4202 2391 4273 τάξας
2441 4203 2517 4264 εἷς
2565 4202 2663 4275 έμὶ
2708 4209 2878 4257 πᾶσαν
2923 4204 3020 4271 τήν
3053 4201 3281 4278 δύναμιν
3314 4208 3411 4258 τοῦ
3444 4198 3712 4258 διαϐόλου
3751 4223 3767 4235 ⁸
3797 4205 3898 4261 Καὶ

2232 4289 2563 4366 έπηρώτησα
2612 4290 2795 4363 αὐτὸν,
2846 4293 2934 4346 καὶ
2989 4294 3143 4347 εἷπον
3179 4313 3191 4326 ⁸
3244 4291 3381 4367 Λέγε
3411 4294 3494 4353 τίς
3527 4294 3577 4345 εἴ
3609 4311 3623 4325 ⁸
3658 4294 3723 4349 Ὀ
3780 4290 3897 4347 δαΐα

2237 4401 2351 4452 μων
2385 4378 2486 4457 ἔφη
2523 4400 2536 4412 ⁸
2575 4381 2716 4453 Ἐγώ
2775 4380 2887 4452 εἶμι
2938 4376 3299 4448 Βεελζεϐοὺλ,
3331 4382 3359 4434 6
3416 4385 3522 4433 τῶν
3584 4377 3895 4451 δαιμονίων

2232 4467 2464 4543 ἔξαρχος
2500 4488 2513 4501 ⁸
2576 4470 2801 4529 ἅπαντες
2878 4465 2934 4522 δὲ
3011 4470 3062 4523 οἱ
3143 4467 3397 4542 δαίμονες
3472 4464 3701 4541 ἔγγυθέν
3792 4490 3894 4538 μου

2231 4555 2619 4631 προεδρεύουσι
2655 4576 2668 4590 ⁸
2729 4555 2818 4611 καὶ
2880 4555 3158 4634 έμφανίζω
3205 4557 3425 4611 ἑκάστου
3472 4553 3745 4628 δαίμονος
3801 4558 3896 4622 τήν

2233 4646 2548 4722 φαντασίαν.
2610 4644 2785 4707 Αὐτὸς
2865 4643 2922 4699 δέ
3004 4666 3099 4717 μοι
3174 4644 3539 4720 ἐπηγγείλατο
3596 4644 3781 4699 πάντα
3833 4645 3897 4698 τὰ

2231 4734 2503 4811 ἀκάθαρτα
2561 4734 2841 4806 πνεύματα
2899 4734 3121 4810 ἀγαγεῖν
3178 4734 3317 4807 πρός
3370 4755 3436 4807 με
3494 4731 3694 4805 δέσμια
3737 4754 3751 4765 ·
3808 4734 3895 4787 καὶ

2234 4822 2343 4897 ἐγὼ
2401 4821 2566 4878 πάλιν
2627 4821 2851 4893 ἐδόξασα
2905 4823 2998 4877 τὸν
3058 4824 3186 4878 Θεὸν
3245 4826 3341 4877 τοῦ
3373 4822 3605 4897 οὐρανοῦ
3638 4822 3730 4876 καὶ
3794 4822 3892 4887 τῆς

2232 4918 2360 4986 γῆς,
2389 4912 2478 4966 καὶ
2508 4912 2818 4988 εὐχαριστῶ
2846 4911 2994 4983 αὐτῷ
3018 4912 3269 4968 πάντοτε.

2303 5002 2621 5073 Ἐπυθόμην
2660 5000 2808 5072 παρὰ
2843 5004 2942 5055 τοῦ
2990 4998 3248 5075 δαίμονος
3302 5000 3349 5055 εί
3403 4998 3543 5055 ἐστὶν
3594 5000 3648 5055 ἰν
3703 5000 3895 5061 αὐτοῖς

2232 5086 2487 5159 θήλειαι·
2548 5092 2646 5143 τοῦ
2715 5085 2771 5142 δέ
2832 5110 2927 5162 μοι
2986 5092 3257 5168 φήσαντος
3316 5092 3477 5157 εἶναι,
3529 5090 3687 5163 κάγὼ
3739 5092 3893 5145 εἷπον

2231 5174 2433 5245 ἤθελον
2495 5174 2695 5232 εἷδέναι
2732 5194 2744 5209 ·
2810 5176 2901 5232 καὶ
2985 5177 3237 5233 ἀπελθὼν
3314 5174 3659 5246 Βεελζεεοὺλ
3724 5178 3896 5253 ταχυ,

2231 5263 2426 5339 ἤνεγκε
2475 5264 2611 5341 πρός
2670 5286 2737 5337 με
2802 5268 2902 5335 τὴν
2955 5263 3320 5337 Ὀνοσκελίδα,
3378 5268 3595 5344 μορφὴν
3653 5265 3895 5343 ἔχουσαν

2230 5350 2527 5426 περικαλῆ,
2588 5354 2678 5407 καὶ
2740 5352 2911 5426 δεσμὰ
2976 5355 3227 5430 γυναικὸς
3285 5354 3595 5430 εὖχρώτου,
3654 5358 3744 5409 καὶ
3806 5376 3895 5409 κε-

2233 5440 2529 5516 ρατίζουσα
2577 5443 2679 5511 τήν
2731 5442 2996 5519 κεφαλήν.
3057 5443 3361 5518 Ἐλθοῦσῃς
3418 5441 3476 5499 δὶ
3533 5444 3703 5515 αὐτῆς
3752 5442 3892 5522 ἔφην

537 5657 617 5730 (1)
645 5660 879 5713 Lacuna
909 5656 968 5711 in
998 5660 1182 5713 textu.
1215 5657 1293 5712 Ad
1326 5656 1653 5729 marginem
1684 5655 1990 5714 lateralem
2021 5675 2124 5731 τρα

2240 5676 2252 5713 ρ
2285 5656 2435 5721 εὶπὸς
2466 5659 2654 5714 ταῦτα.
