3986 6340
56 344 93 402 1
114 346 259 406 321
1256 338 1861 402 TES‘I‘AMENTUM
1906 338 2377 406 SALOMONIS.
3370 354 3524 416 I322

50 473 261 549 αὐτῇ·
297 473 437 549 Λέγε
468 472 673 545 μοιτίς
721 473 787 531 εἶ.
836 473 903 530 Ἡ
959 469 1043 558 ίῆΔ
1074 492 1168 547 μοι
1222 466 1348 545 ἔφη·
1403 470 1544 547 Ἐγὼ
1604 470 1747 528 Ὀνο¹

1874 474 1995 528 tem
2054 473 2219 538 dixi;
2274 475 2473 534 Indica
2530 479 2674 537 mihi
2734 483 2868 554 quis
2922 483 3027 542 sis.
3086 486 3221 551 Quae
3281 465 3535 558 respon-'

54 563 293 626 σκελὶς
332 562 637 633 παλοῦμαι·
684 567 899 636 πνεῦμα
956 556 1261 635 σεόωμάτω
1320 562 1389 635 (Ρ)
1446 560 1747 632 πεποιημέ-

1872 561 1958 617 dit
2016 580 2029 618 :
2089 564 2207 635 Ego
2264 565 2563 624 Onoscelis
2621 588 2793 628 vocor
2851 574 3096 647 Spiritus
3152 593 3167 631 :
3220 556 3524 632 venerabi-

52 671 226 708 νων·
286 650 533 727 φωλαῖον
584 650 674 707 ἐπὶ
713 655 816 718 τῆς
865 658 987 726 γῆς·
1041 649 1310 722 σπήλαιόν
1357 670 1450 724 μοι
1500 649 1747 725 χρΰσειοκ

1869 649 1944 706 lis
2002 657 2198 709 creata
2254 672 2429 726 sum;
2482 659 2747 716 solitaria
2803 662 2862 717 in
2920 668 3099 731 terra,
3148 681 3361 736 specus
3414 683 3521 722 au-

56 739 224 806 ἔνθα
285 745 494 813 κεῖμαι·
551 738 667 816 ἔχω
699 738 758 795 δὲ
802 738 1205 797 πολυποίκιλον
1245 740 1436 795 τόπον·
1496 738 1630 794 ποτὶ
1662 739 1747 811 μὲν

1869 757 2037 796 reum
2094 741 2317 814 habito,
2375 746 2437 801 in
2493 746 2619 803 loco
2680 752 2876 807 multm
2942 752 3263 809 varietatis.
3321 757 3523 819 Quan-

59 829 414 906 ἆνθρώποις
470 829 643 906 πνίγω
720 826 793 885 δι’
864 829 1145 906 ἀγχόνης·
1204 830 1337 884 ποτὶ
1395 826 1451 883 δὲ
1500 829 1605 883 ἀπὸ
1656 834 1747 897 τῆς

1868 830 2061 903 doque
2117 831 2387 890 homines
2445 837 2665 893 suifoco
2721 857 2823 912 per
2873 840 3191 914 laqueum,
3251 847 3517 915 quando-

60 918 312 997 φύσεως
343 918 421 981 είς
473 919 848 1007 ἀγκῶναςμιᾶ
906 935 1095 1007 marg.
1160 914 1466 990 σκωλήκια)
1498 916 1747 1007 φωλεύω¹

1869 935 1981 990 que
2029 921 2295 993 procula
2343 929 2555 982 natura
2604 927 2662 983 in
2708 930 2944 1001 angulis
2994 932 3360 1002 abscondor;
3398 934 3519 1007 ple-

56 1009 153 1063 τὰ
187 1006 254 1064 δὲ
283 1007 513 1064 πλεῖστά
563 1028 658 1081 μοι
690 1006 985 1095 οίκητήρια
1016 1006 1115 1061 εἶσὶ
1173 1007 1437 1082 κρημνοὶ,
1486 1004 1747 1095 σπήλαια1

1867 1024 2120 1081 rumque
2199 1017 2395 1068 autem
2456 1015 2516 1070 in
2594 1019 2956 1091 praecipitiis,
3014 1021 3297 1092 cavernis,
3355 1004 3520 1095 abys-

60 1100 395 1177 φάραγγις·
457 1095 732 1161 πολλάκις
760 1093 817 1151 δὶ
862 1095 952 1151 καὶ
1003 1096 1333 1172 συγγίνομαι
1383 1099 1499 1157 τοῖς
1550 1094 1747 1168 ἀνθρώι

1866 1098 1950 1154 sis
2023 1101 2192 1157 sedes
2267 1119 2463 1171 mea;
2536 1122 2687 1178 saepe
2765 1108 2944 1165 etiam
3018 1109 3172 1167 inter
3246 1093 3516 1169 homines

58 1209 222 1251 ποις
280 1188 354 1250 ὡς
408 1188 544 1263 γυνὴ
606 1182 842 1241 δοκοῦσα
895 1185 1051 1240 εἶναι·
1105 1184 1212 1261 πρὸ
1250 1182 1464 1239 πάντων
1516 1181 1573 1238 δὲ
1636 1188 1747 1245 τοῖς

1862 1203 2081 1255 versor,
2143 1194 2199 1245 et
2276 1192 2493 1250 femina
2570 1196 2772 1252 videor
2848 1214 3026 1269 esse;
3084 1200 3335 1257 maxime
3410 1218 3514 1256 au-

69 1275 447 1353 μελιχρόοις·
500 1274 649 1331 οὗτοι
698 1275 802 1351 γὰρ
854 1272 1143 1349 σῦναστροί
1196 1272 1291 1347 μοί
1347 1270 1470 1328 εἷ’σι·
1517 1273 1604 1328 καὶ
1649 1272 1751 1348 γὶρ

60 1369 152 1422 τὸ
184 1363 384 1441 ἄστρον
422 1387 526 1439 μου
574 1366 726 1419 οὗτοι
773 1362 947 1440 λάθρα
991 1362 1082 1418 καὶ
1123 1366 1368 1440 φανερῶς
1418 1365 1750 1436 προσκυνοῦ-

67 1477 141 1509 cn.
183 1475 197 1487 '
270 1454 358 1511 καὶ
416 1455 519 1509 οὐκ
574 1450 786 1508 οἷ’δασιν
847 1454 930 1507 ὅτι
990 1450 1184 1513 αὐτοὺς
1248 1450 1601 1527 βλάπτουσι,
1659 1451 1749 1503 καὶ

64 1544 289 1600 πλεῖόν
350 1564 416 1618 με
461 1547 784 1618 κακουργεῖν
836 1540 1167 1615 ἐρεθίζουσι·
1231 1538 1448 1603 θέλουσι
1498 1540 1600 1614 γὰρ
1663 1536 1752 1592 διὰ

64 1641 192 1704 τῆς
226 1635 457 1707 μνήμης
484 1631 711 1709 χρυσίον
764 1630 1030 1706 πορίζειν·
1091 1629 1198 1705 εγὼ
1245 1626 1302 1685 δὲ
1356 1626 1585 1704 παρὲχω
1638 1625 1750 1682 ὁλί·

68 1745 190 1799 γον
252 1728 370 1785 τοῖς
416 1720 602 1784 καλῶς
663 1742 730 1794 με
784 1723 1207 1795 προσκυνοῦσιν.
1269 1717 1636 1792 Ἐπηρώτησα
1692 1712 1750 1771 δὲ

70 1812 265 1881 αὐτὴν
316 1810 464 1887 κάγὼ
498 1808 810 1901 Σολομῶν,
867 1809 1028 1864 πόθεν
1070 1812 1246 1901 γεννᾷ.
1274 1809 1360 1901 -.Ἡ
1406 1802 1746 1901 “pot-3:91),
1780 1836 1827 1901 Β

76 1902 237 1959 Ἀπὸ
266 1907 454 1977 φωνῆς
486 1899 733 1974 ἀκαίρου,
762 1902 861 1954 τοῦ
889 1896 1233 1971 καλουμένου
1263 1894 1411 1972 ἤχου
1462 1895 1748 1970 ἀνθρώπου

87 1984 375 2063 μολίϐδου
406 1992 504 2058 (sic
524 1991 567 2061 Ρ)
610 1989 835 2065 ἀφέντος
861 1987 913 2042 ἐν
962 1986 1067 2061 ὕλῃ
1096 1985 1406 2062 ἐγεννήθην.
1456 1986 1631 2061 Ἒφην
1692 1981 1751 2038 δὶ

82 2079 207 2154 ἐγὼ
267 2078 446 2152 αὐτῇ·
498 2078 651 2150 Ποίῳ
708 2074 891 2150 ἄστρῳ
941 2073 1181 2152 διέρχῃ;
1222 2077 1285 2132 Ἡ
1345 2072 1402 2129 δὲ
1465 2096 1558 2147 μοι
1607 2076 1747 2128 εἷπε·

90 2164 439 2239 Ιιανσελήνῳ
486 2163 685 2242 ἄστρῳ,
742 2161 882 2221 διότι
929 2164 1018 2220 καὶ
1068 2167 1103 2234 ἡ
1156 2162 1360 2235 σελήνη
1404 2163 1471 2218 τά
1521 2160 1751 2217 πλείονα

91 2254 301 2312 ὁδεῦει·
356 2255 495 2331 Ἐγὼ
540 2252 598 2310 δὶ
647 2253 795 2329 λέγω
838 2255 974 2331 πρὸς
1007 2254 1195 2325 αὐτήν·
1258 2254 1356 2309 Καὶ
1397 2252 1559 2314 ποῖός
1606 2252 1748 2306 ἐστιν

88 2343 125 2399 6
160 2342 394 2419 ἅγγελος
425 2343 453 2398 6
506 2346 916 2418 καταργῶν·σε;
947 2343 1011 2399 Ἡ
1044 2339 1101 2397 δὶ
1135 2340 1250 2397 εἶπέ
1283 2362 1399 2415 μοι,
1442 2342 1505 2399 Ὁ
1556 2340 1609 2396 ἐν
1664 2338 1750 2395 σοὶ

92 2432 430 2509 βασιλεῦων.
483 2431 646 2507 Κάγὼ
676 2431 752 2495 είς
803 2430 1168 2507 χλοῦην(εἰσ)
1215 2428 1582 2505 λογισάμενος
1631 2427 1751 2484 txi-

86 2520 268 2579 λευσα
314 2522 651 2599 στρατιώτην
706 2525 931 2597 κροῦσαι
1009 2521 1219 2592 αὐτήν·
1286 2522 1352 2577 Ἠ
1411 2517 1469 2575 δὲ
1520 2517 1751 2594 ἀνακρά-

87 2615 230 2683 ξασα
275 2612 438 2682 εἶπεν,
488 2610 632 2686 Ἐγώ
679 2631 787 2678 σοι,
844 2608 1105 2685 βασιλεῦ,
1156 2609 1260 2665 ὑπὸ
1310 2616 1411 2679 τῆς
1453 2605 1753 2682 δεδομένης

88 2722 182 2757 σοι
243 2698 435 2778 σοφίας
483 2704 582 2755 τοῦ
613 2703 771 2767 Θεοῦ,
826 2698 917 2753 καὶ
972 2699 1076 2754 ὐπὸ
1130 2701 1227 2753 τοῦ
1294 2694 1748 2773 ἀγγὲλουἹωήλ.

89 2790 242 2866 Ἐγὼ
275 2787 332 2845 δὲ
362 2788 617 2844 ἐκέλευσα
659 2787 827 2858 αὐτὴν
858 2789 1040 2858 νήθειν
1088 2788 1189 2857 τήν
1235 2781 1460 2842 κάναϐιν
1522 2785 1599 2848 εἲς
1658 2786 1751 2846 τὰς

91 2878 358 2955 σχοίνους
413 2878 465 2933 ἑν
517 2882 596 2950 τῷ
651 2872 792 2955 ἔργῳ
845 2882 942 2931 τοῦ
980 2876 1277 2950 κτίσματος
1324 2880 1420 2930 τοῦ
1446 2880 1602 2944 Θεοῦ,
1659 2876 1747 2930 καὶ

93 2969 276 3031 οὕτως
365 2966 659 3043 σφραγίσας
746 2967 836 3022 καὶ
911 2964 1080 3037 δήσας
1146 2966 1341 3035 αὐτὴν,
1402 2963 1747 3039 ἰκατηργήθη

94 3059 241 3114 ὥστε
286 3056 536 3121 ’ἵστασθαι
567 3056 760 3120 νυκτὸς
816 3055 905 3112 καὶ
955 3056 1166 3133 ἡμέρας
1227 3057 1408 3126 νήθειν
1466 3055 1565 3123 τὴν
1621 3054 1751 3108 κᾶν·

92 3142 274 3204 ναῦιν.
307 3148 405 3201 Καὶ
454 3144 709 3202 ἐκέλευσα
766 3144 1003 3222 ἀχοῆναί
1055 3166 1150 3218 μοι
1197 3141 1377 3220 ἕτερον
1438 3140 1744 3217 δαιμόνιον,

91 3236 190 3291 καὶ
251 3203 449 3298 εὐθέως
509 3257 604 3308 μοι
659 3203 968 3310 προσέλθεν
1028 3203 1066 3289 6‘
1128 3203 1337 3305 δαίμών
1413 3203 1820 3305 Ἀσμοδαῖος(Ξ

97 3322 411 3399 δεδεμένος,
469 3324 559 3379 καὶ
609 3324 875 3400 ἠρώτησα
932 3323 1145 3396 αὐτὸν,
1178 3322 1255 3377 Σὺ
1311 3323 1396 3385 τίς
1448 3323 1531 3392 si;
1585 3323 1647 3379 Ὁ
1693 3319 1750 3377 δὲ

101 3414 240 3489 μετά
267 3416 443 3487 θυμοῦ
483 3412 574 3470 καὶ
625 3413 791 3489 όργῖς
823 3406 1101 3487 ἐμϐλέψας
1153 3432 1220 3485 με
1270 3406 1395 3490 ἔφη·
1456 3410 1530 3466 Σὸ
1584 3408 1641 3466 δὶ
1668 3411 1751 3473 τίς

96 3504 190 3573 ei;
248 3502 349 3558 Καὶ
406 3503 554 3558 εἶπον
618 3503 799 3574 αὐτῷ·
858 3500 1047 3564 Οὕτως
1104 3501 1556 3576 τετιμωρημίνος
1610 3500 1749 3555 ἀπο-

92 3590 255 3666 κρίνῃ
312 3611 427 3666 μοι·
488 3592 517 3647 6
574 3588 633 3647 δὶ
692 3592 807 3665 μετ’
840 3590 1013 3666 ὀργῆς
1068 3587 1215 3665 λέγει
1278 3608 1393 3663 μοι·
1430 3587 1601 3646 Ἀλλά
1632 3592 1748 3651 πῶς

96 3702 185 3736 σοι
241 3681 549 3756 ἀποκριθῶ,
611 3680 673 3735 σὺ
726 3682 832 3756 γαρ
891 3679 1181 3755 ἀνθρώπου
1233 3679 1350 3741 υἱὸς
1411 3678 1473 3733 εἴ·
1534 3678 1639 3753 ἐγὼ
1692 3674 1750 3732 δὲ

98 3768 337 3845 ἀγγέλου
396 3768 572 3843 σπορᾶ
620 3765 710 3823 διά
762 3768 1025 3843 θυγατρὸς
1082 3766 1372 3843 ἀνθρώπου
1430 3765 1745 3842 ἐγεννήθην·

100 3857 241 3913 ὥστε
300 3856 452 3913 οὐδὲν
514 3858 858 3933 ὑπερήφανον
920 3857 1073 3932 ῥῆμα
1101 3854 1361 3930 οὐρανίου
1392 3853 1581 3930 γὲνους
1612 3854 1747 3928 πρὸς

95 3952 373 4022 γηγενεῖς·
410 3944 493 4002 διὸ
523 3946 613 4001 καὶ
642 3947 705 4001 τὸ
738 3946 932 4020 ἄστρον
968 3964 1072 4017 μου
1120 3941 1172 3998 ἐν
1232 3944 1449 4019 οὐρανῷ
1496 3943 1745 4001 φωτεύει·

92 4034 189 4090 καί
218 4034 349 4090 αὐτὸ
372 4032 650 4111 ἄνθρωποι
680 4032 931 4109 λέγουσιν
964 4032 1194 4105 ἄμαξαν,
1252 4032 1304 4086 οἱ
1355 4029 1412 4085 δὲ
1464 4032 1554 4086 τὸν
1617 4028 1750 4107 δρα-

89 4120 432 4179 κοντοπαῖδα
475 4124 594 4195 (sic)
634 4120 1014 4194 πλησιάζομαι
1061 4119 1152 4174 σὺν
1204 4124 1283 4191 τῷ
1327 4116 1508 4195 ἄστρῷ
1560 4116 1748 4186 αὐτοῦ,

91 4212 190 4268 καὶ
243 4209 432 4267 πολλά
491 4232 586 4284 μοι
646 4212 723 4285 μή
775 4210 971 4286 ἰρώτα,
1012 4208 1096 4264 ὅτι
1124 4208 1213 4264 καὶ
1246 4212 1341 4263 σοῦ
1369 4209 1432 4264 τὸ
1468 4207 1747 4283 βασίλειον

91 4302 239 4379 πρὸς
294 4300 526 4377 χρόνους
591 4297 822 4376 μικροὺς
879 4296 1293 4375 διαρῤήγνυται,
1338 4296 1427 4353 καὶ
1486 4295 1751 4373 πρόσκαι-

97 4393 202 4468 ρός
233 4388 373 4446 ἐστιν
419 4391 454 4459 ἡ
507 4386 633 4459 δόξα
682 4407 798 4442 σου·
848 4386 941 4441 καὶ
994 4383 1158 4462 ὀλίγα
1181 4389 1330 4459 ἡμᾶς
1376 4386 1750 4459 τυραννήσεις,

92 4481 193 4536 καὶ
227 4478 391 4534 πάλιν
422 4478 601 4551 νομὴν
641 4470 829 4551 ἕξομεν
861 4475 937 4537 είς
984 4476 1084 4545 τήν
1135 4471 1548 4550 ἀνθρωπότητα·
1612 4472 1751 4527 ὣστε

1862 1278 1980 1331 tem
2012 1275 2166 1332 inter
2196 1295 2294 1335 eos
2326 1282 2427 1353 qui
2456 1284 2798 1341 subfuscam
2854 1291 3047 1343 cutem
3105 1293 3319 1361 gerunt
3350 1307 3365 1346 :
3397 1288 3513 1361 ipsi

1860 1363 2018 1420 enim
2095 1368 2206 1423 sub
2264 1370 2467 1426 eodem
2537 1373 2727 1429 sidere
2794 1391 3025 1432 meeum
3092 1383 3288 1447 sunt;
3344 1378 3511 1435 sidus

1859 1453 2015 1508 enim
2047 1471 2242 1513 meum
2273 1458 2331 1513 hi
2365 1459 2698 1518 clanculum
2731 1467 2788 1519 et
2811 1470 3008 1536 aperte
3040 1470 3508 1524 veneranturne-

1861 1543 2109 1600 scientes
2166 1548 2321 1618 quod
2371 1548 2450 1604 ibi
2504 1551 2647 1623 ipsis
2692 1560 2978 1623 noceant;
3013 1561 3069 1611 et
3097 1555 3264 1611 valde
3316 1572 3408 1611 me
3437 1558 3509 1613 ad

1861 1630 2351 1690 malefaciendum
2405 1644 2717 1708 provocant
2751 1658 2764 1695 :
2801 1641 3002 1697 volunt
3054 1643 3212 1699 enim
3257 1660 3359 1716 per
3388 1660 3509 1700 me-

1863 1721 2113 1775 moriam
2146 1724 2481 1797 (templum)
2517 1745 2729 1784 aurum
2776 1732 3116 1801 acquirere;
3146 1736 3203 1788 et
3232 1748 3337 1803 ego
3366 1750 3511 1805 prae-

1862 1809 1969 1864 beo
2021 1826 2227 1881 parum
2262 1812 2351 1867 his
2383 1816 2481 1884 qui
2531 1816 2678 1871 bene
2730 1835 2818 1873 me
2856 1822 3122 1875 adorant.
3154 1821 3511 1894 Interrogavi

1858 1914 1987 1954 eam
2039 1915 2143 1972 ego
2193 1901 2464 1959 Salomon
2501 1920 2513 1958 :
2563 1905 2727 1961 Unde
2776 1907 3029 1964 oriunda
3074 1926 3137 1965 es
3178 1909 3284 1965 tu?
3314 1911 3382 1965 Et
3428 1911 3511 1967 ait

1860 1987 2051 2043 mihi:
2103 1990 2148 2044 A
2204 2007 2341 2046 voce
2394 1992 2744 2066 intempesta
2797 1997 2986 2052 vocati
3046 1998 3189 2055 echo
3247 1998 3508 2055 hominis

1860 2075 2088 2148 plumbi
2146 2078 2267 2149 (sic)
2326 2080 2545 2137 emissa
2619 2083 2675 2138 in
2735 2084 2891 2141 saltu
2970 2090 3108 2142 nata
3171 2104 3327 2143 sum.
3388 2088 3505 2160 Ego

1860 2170 2061 2221 autem
2120 2167 2237 2222 dixi
2296 2169 2347 2224 ei
2381 2187 2394 2225 :
2428 2172 2547 2227 Sub
2605 2190 2719 2244 quo
2777 2174 2969 2231 sidere
3024 2176 3343 2233 ambulas?
3373 2179 3511 2245 Quae

1861 2254 1943 2308 ait
1974 2271 1987 2309 :
2018 2257 2136 2309 Sub
2166 2258 2356 2313 sidere
2397 2259 2548 2315 lunas
2582 2261 2787 2333 plenae,
2820 2280 2955 2319 nam
2992 2263 3130 2319 luna
3160 2266 3510 2339 plerumque

1861 2343 1971 2399 iter
2003 2344 2157 2400 facit.
2191 2346 2259 2401 Et
2307 2348 2440 2418 quis
2472 2354 2560 2405 est
2611 2351 2855 2422 angelus
2887 2353 2988 2425 qui
3039 2357 3094 2409 te
3128 2353 3506 2426 impotentem

1863 2432 2044 2487 facit?
2077 2434 2338 2506 inquam.
2373 2439 2440 2493 Et
2490 2438 2639 2493 dixit
2670 2457 2683 2495 :
2721 2441 2826 2508 Qui
2860 2441 2918 2495 in
2975 2446 3029 2497 te
3082 2447 3311 2514 regnat.
3347 2442 3512 2508 Quod

1860 2537 1966 2593 ego
1998 2521 2057 2576 in
2091 2523 2350 2580 derisum
2402 2526 2721 2598 accipiens,
2771 2530 3020 2601 praecepi
3070 2535 3135 2586 ut
3184 2535 3514 2604 percuteret

1860 2627 1988 2667 eam
2042 2612 2251 2681 miles;
2285 2617 2344 2669 at
2394 2614 2494 2670 illa
2541 2616 2807 2671 clamans
2848 2618 2931 2674 ait
2963 2635 2977 2675 :
3012 2620 3139 2674 Tua
3170 2636 3297 2692 ego,
3331 2636 3364 2675 0
3396 2636 3515 2686 rex,

1860 2704 2097 2769 propter
2144 2702 2339 2757 datam
2373 2701 2479 2757 tibi
2512 2704 2863 2776 sapientiam
2895 2706 3020 2771 Dei,
3051 2711 3108 2762 et
3146 2712 3385 2779 propter
3413 2725 3518 2763 an-

1861 2786 2056 2859 gelum
2110 2789 2256 2846 Joel.
2288 2795 2360 2848 Et
2390 2793 2635 2864 praecepi
2689 2798 2753 2849 ut
2807 2795 2938 2866 ipsa
2989 2801 3246 2852 necteret
3303 2813 3514 2852 canna-

1858 2876 1980 2931 bim
2016 2879 2086 2933 ad
2118 2879 2391 2948 chordas,
2426 2882 2486 2937 in
2519 2899 2693 2954 opere
2722 2884 3127 2941 mditicationis
3167 2885 3266 2940 Dei
3294 2902 3308 2953 ;
3341 2890 3400 2941 et
3429 2885 3515 2942 sic

1861 2966 2029 3038 signo
2087 2972 2308 3035 notata,
2342 2974 2399 3026 et
2453 2971 2703 3027 vinculis
2760 2974 3096 3038 constricta,
3127 2973 3391 3029 imbellis.
3429 2974 3510 3029 ita

1860 3054 2015 3112 facta
2045 3063 2153 3125 est,
2186 3063 2252 3113 ut
2308 3066 2479 3115 nocte
2524 3067 2581 3116 et
2637 3062 2730 3116 die
2789 3068 2967 3117 staret
3023 3064 3093 3117 ad
3154 3062 3504 3119 nectandam

1858 3146 2193 3203 cannabim.
2229 3152 2297 3203 Et
2346 3149 2591 3221 praecepi
2626 3154 2691 3205 ut
2733 3151 3125 3206 adduceretur
3173 3150 3317 3207 mihi
3348 3150 3507 3208 aliud

1860 3236 2236 3305 daemonium,
2269 3242 2327 3293 et
2370 3237 2637 3309 protinus
2670 3239 2738 3293 ad
2794 3255 2884 3295 me
2930 3238 3240 3311 ingressus
3284 3244 3372 3296 est
3402 3241 3512 3297 daa-

1863 3341 1998 3380 mon
2031 3326 2371 3383 Asmodzeus
2418 3327 2674 3395 vinctus,
2709 3332 2766 3382 et
2813 3327 3167 3402 interrogavi
3208 3345 3344 3385 eum
3378 3347 3391 3386 :
3425 3331 3512 3385 Tu

1862 3415 1995 3486 quis
2025 3414 2156 3469 est?
2188 3415 2298 3482 Qui
2356 3432 2489 3471 cum
2550 3416 2638 3471 ira
2693 3422 2751 3472 et
2812 3417 3004 3473 furore
3060 3419 3353 3490 aspiciens
3399 3435 3512 3490 me,

1860 3503 2157 3559 dixitzEt
2210 3508 2270 3558 tu
2330 3504 2464 3575 quis
2521 3504 2635 3560 es?
2692 3506 2761 3560 Et
2817 3506 2936 3560 dixi
2993 3506 3042 3560 ei
3078 3524 3091 3562 :
3124 3507 3219 3562 Sic
3274 3510 3515 3563 vexatus

1858 3591 2000 3647 talia
2044 3594 2364 3662 respondes
2415 3593 2615 3648 mihi?
2647 3594 2754 3661 Qui
2800 3594 2886 3649 ira
2930 3594 3189 3666 percitus
3239 3596 3366 3652 ait:
3398 3595 3510 3651 Sed

1859 3680 2154 3751 quomodo
2188 3679 2289 3735 tibi
2336 3682 2770 3752 respondeam?
2800 3683 2881 3738 Tu
2927 3683 3086 3738 enim
3136 3682 3396 3738 hominis
3443 3682 3511 3737 fl-

1858 3764 1975 3821 lius
2004 3782 2104 3833 es;
2146 3782 2253 3839 ego
2306 3772 2503 3822 autem
2565 3768 2758 3841 angeli
2818 3771 3124 3840 progenies
3175 3787 3276 3841 per
3328 3769 3509 3825 ﬁliam

1859 3854 2118 3910 hominis
2150 3861 2323 3911 natus
2374 3873 2547 3925 sum;
2582 3859 2738 3913 unde
2787 3858 3017 3913 nullum
3068 3858 3309 3913 verbum
3358 3875 3512 3914 arro-

1859 3961 2002 4014 gans
2032 3943 2285 3999 caelestis
2332 3945 2562 4017 generis
2613 3947 2683 4001 ad
2735 3946 3059 4018 terrigenas
3087 3965 3100 4014 ;
3134 3963 3313 4017 quare
3343 3946 3511 4003 sidus

1860 4049 2056 4087 meum
2119 4032 2300 4103 fulget
2345 4034 2404 4087 in
2460 4034 2625 4101 ccelo,
2659 4038 2715 4089 et
2771 4034 2915 4090 illud
2977 4036 3245 4090 homines
3304 4040 3514 4091 vocant

1860 4121 2151 4187 Currum;
2187 4121 2283 4176 alii
2339 4140 2472 4177 vero
2532 4124 2806 4179 Draconis
2855 4124 3084 4192 illium;
3119 4124 3515 4182 familiaritate

1860 4217 1993 4265 utor
2024 4227 2158 4266 cum
2193 4211 2386 4266 sidere
2428 4213 2596 4280 ejus;
2630 4217 2687 4267 et
2716 4213 2906 4268 multa
2937 4230 3007 4268 ne
3042 4230 3134 4269 me
3162 4213 3514 4285 interroges,

1861 4299 2000 4370 quia
2029 4316 2274 4372 regnum
2306 4305 2474 4355 tuum
2528 4306 2659 4373 post
2687 4306 2919 4374 tempus
2952 4303 3123 4359 breve
3162 4307 3514 4372 conteretur,

1861 4393 1920 4443 et
1945 4389 2287 4461 temporalis
2318 4393 2409 4445 est
2436 4388 2623 4461 gloria
2652 4394 2793 4461 tua;
2825 4396 2883 4446 et
2925 4392 3222 4447 modicum
3276 4409 3384 4448 nos
3427 4408 3517 4448 re-

1860 4493 1962 4551 ges
2013 4481 2070 4533 et
2119 4494 2353 4534 rursum
2408 4483 2761 4550 potestatem
2812 4480 3166 4537 habebimus
3213 4481 3273 4536 in
3305 4481 3518 4536 buma—

91 4562 340 4625 σέὄεσθαι
404 4568 554 4641 ἡμᾶς
623 4566 698 4627 ὡς
774 4564 928 4626 Θεοὺς
994 4558 1172 4631 ὄντας,
1224 4562 1300 4634 μή
1366 4560 1747 4636 γινωσκόντων

1862 4583 2001 4621 num
2034 4582 2246 4638 genus,
2280 4568 2422 4623 adeo
2455 4571 2518 4621 ut
2550 4585 2655 4623 nos
2683 4575 3038 4624 venerentur
3068 4574 3131 4623 ut
3161 4570 3323 4635 deos,
3350 4569 3517 4641 igno-

92 4660 208 4713 τῶν
242 4657 537 4732 ἀνθρώπων
576 4655 645 4709 τὰ
678 4654 921 4728 ὀνόματα
949 4657 1056 4709 τῶν
1088 4652 1204 4708 καθ’
1235 4654 1380 4724 ἡμᾶς
1409 4651 1751 4726 τεταγμένων

98 4742 365 4822 ἀγγέλων.

173 4869 313 4945 Ἐγὼ
343 4865 400 4923 δὲ
433 4864 728 4941 Σολομῶν,
786 4870 958 4922 ταῦτα
1015 4864 1270 4945 ἀκούσας,
1329 4860 1748 4936 ἐπιμελέστερον

98 4958 382 5033 δεσμώσας
436 4956 596 5013 αὐτὸν
654 4954 915 5012 ἰκέλιυσα
980 4954 1328 5029 μαστίζεσθαι
1390 4950 1702 5028 βουνεόροις
1735 4994 1750 5021 ,

94 5048 192 5105 καὶ
272 5044 658 5121 ἀπολογεῖσθαι
714 5045 799 5107 τίς
856 5043 1104 5101 καλεῖται
1154 5043 1242 5098 καὶ
1300 5041 1382 5103 τίς
1434 5042 1469 5111 ἡ
1533 5041 1754 5116 ἓργασία

96 5137 296 5194 αὐτοῦ.
349 5136 410 5193 Ὀ
457 5134 514 5190 δὲ
562 5132 662 5213 ἔφη
715 5155 834 5207 μοι,
890 5132 1027 5206 Ἐγὼ
1086 5126 1413 5204 Ἀσμοδαῖος
1473 5128 1749 5201 καλοῦμαι

95 5225 246 5300 παρά
303 5225 565 5301 βροτοῖς·
628 5222 717 5277 καὶ
784 5225 821 5292 ἡ
881 5220 1106 5297 ἐργασία
1182 5241 1289 5293 μου
1348 5218 1457 5274 ἐστὶ
1511 5219 1574 5273 τὸ
1624 5216 1753 5281 τοὺς

94 5312 433 5391 νεονόμφους
481 5306 858 5368 ἐπιϐουλεύειν
917 5312 992 5383 μὴ
1053 5315 1420 5384 συμμιγῆναι,
1466 5308 1554 5362 καὶ
1614 5328 1749 5361 παν-

94 5402 270 5465 τελῶς
318 5400 657 5478 ἀποχωρίζω
689 5398 780 5455 διὰ
810 5397 1041 5456 πολλῶν
1085 5402 1400 5477 συμφορῶν,
1446 5397 1535 5451 καὶ
1565 5418 1749 5473 γυναι-

97 5498 210 5551 χῶν
257 5492 529 5566 παρθένων
579 5487 789 5551 κάλλος
821 5486 1087 5567 ἀφανίζω,
1116 5487 1206 5543 καὶ
1248 5484 1474 5563 καρδίας
1507 5484 1747 5544 ἀλλοιῶ.

98 5584 273 5660 Ἕφην
332 5575 379 5634 δ’
438 5578 544 5655 ἐγὼ
592 5577 783 5649 αὐτῷ·
861 5578 1016 5649 Μόνη
1091 5598 1187 5633 σου
1247 5578 1282 5646 ἠ
1340 5574 1558 5652 ἰργασία
1605 5569 1746 5630 ἔστιν

104 5669 275 5741 αὕτης
320 5669 348 5724 6
380 5664 437 5725 δὶ
462 5667 612 5744 λέγει
649 5686 763 5742 μοι·
824 5668 1110 5746 Περιφέρω
1168 5666 1482 5743 ἀνθρώπους
1515 5663 1590 5725 εἷς
1617 5662 1747 5718 λύσ-

377 5801 644 5862 ΡΑτιιοι.
694 5799 802 5862 Gn.
850 5799 1088 5863 CXXII.

1862 4655 2128 4710 rentibus
2176 4656 2520 4711 hominibus
2573 4656 2812 4713 nomina
2863 4657 3314 4729 praepositorum
3365 4658 3517 4712 inter

1863 4759 1971 4797 nos
2001 4742 2371 4813 angelorum.

1933 4867 2051 4937 Ego
2074 4865 2352 4922 Salomon
2375 4866 2494 4921 haec
2518 4866 2785 4933 audiens,
2811 4867 3147 4923 accuratius
3171 4866 3325 4923 vinxi
3350 4883 3507 4934 cum,

1862 4959 1920 5010 et
1943 4954 2098 5024 jussi
2133 4959 2195 5009 ut
2240 4952 2591 5025 plecteretur
2639 4955 2832 5010 nervis
2863 4956 3068 5022 boum,
3099 4960 3155 5011 et
3194 4954 3513 5011 declararet

1862 5059 1978 5113 quo
2002 5043 2238 5097 nomine
2262 5047 2583 5108 vocaretur,
2613 5048 2670 5099 et
2691 5060 2817 5114 quae
2842 5049 2997 5099 esset
3020 5043 3206 5115 ipsius
3229 5044 3509 5115 operatio.

1861 5131 1968 5195 Qui
2026 5131 2170 5185 dixit
2226 5131 2418 5187 mihi:
2464 5132 2575 5200 Ego
2634 5134 2976 5189 Asmodmus
3040 5133 3310 5189 nominor
3359 5134 3515 5188 inter

1863 5219 2162 5284 mortales,
2196 5224 2253 5275 et
2284 5220 2449 5277 labor
2500 5238 2663 5276 meus
2694 5226 2784 5277 est
2836 5226 2899 5277 ut
2927 5221 3057 5277 novi
3108 5222 3277 5293 nupti
3327 5221 3516 5278 nolint

1861 5309 2270 5377 commisceri;
2317 5316 2374 5365 et
2430 5313 2603 5382 plane
2662 5312 2927 5367 deterreo
2983 5327 3081 5367 eos
3140 5327 3243 5383 per
3295 5310 3516 5369 multos

1859 5414 2052 5465 casus,
2089 5403 2145 5454 et
2195 5398 2513 5455 mulierum
2564 5398 3141 5456 adolescentularum
3175 5398 3513 5472 pulchritu-

1859 5487 2055 5542 dinem
2109 5487 2294 5550 deleo.
2347 5491 2403 5541 et
2446 5488 2621 5542 corda
2669 5488 2941 5543 immuto.
2998 5487 3124 5542 Dixi
3177 5492 3371 5544 autem
3404 5490 3506 5545 ei:

1861 5579 1987 5633 llzee
2020 5576 2143 5633 sola
2190 5581 2280 5633 est
2326 5594 2465 5632 cura
2504 5577 2649 5632 tua?
2697 5578 2802 5645 Qui
2836 5576 3186 5648 respondit:
3234 5577 3510 5634 Homines

1859 5664 2045 5722 excito
2099 5666 2170 5721 ad
2232 5666 2449 5723 rabiem
2507 5670 2563 5720 et
2623 5664 3168 5737 concupiscentiae;
3228 5665 3510 5723 habentes

3145 5802 3221 5860 42
