4046 6338
477 377 636 440 1323

1474 370 1870 432 Al‘PENDIX
1920 371 2024 431 AD
2069 370 2534 435 MICHAELEM
2580 369 2963 433 PSELLUM.

3745 371 3900 431 i324

471 526 682 568 uxores
713 508 1000 584 proprias,
1031 523 1240 562 rursus
1271 507 1342 562 ad
1387 505 1609 561 alienas
1659 505 1820 560 abire
1865 510 2033 561 nocte
2065 509 2119 561 et

2234 525 2326 558 σαν
2379 507 2497 580 (sic)
2540 504 2628 560 καὶ
2683 505 2760 567 εἷς
2811 499 2982 580 ὄρεξιν
3011 521 3023 534 ·
3075 500 3302 576 ἔχοντας
3346 499 3440 564 τὰς
3487 507 3748 578 γυναῖκας
3797 505 3902 558 αὖ-

477 601 593 670 die,
625 599 704 654 ita
737 605 798 654 ut
827 605 1126 668 peccatum
1177 595 1526 668 compleant,
1561 599 1617 650 et
1649 595 1704 649 in
1752 595 1938 650 caedes
1969 595 2131 650 aber-

475 695 624 746 rent.
659 687 934 757 Adjuravi
994 703 1128 740 eum
1177 701 1276 756 per
1329 701 1540 739 nomen
1593 685 1826 738 Domini
1875 684 2128 738 Sabaoth

473 780 674 833 dicens
705 793 718 830 :
753 777 938 830 Deum
986 775 1266 842 verearis,
1301 775 1622 838 Asmodase,
1655 774 1750 828 die
1801 773 1944 828 mihi
1998 773 2131 843 quis

475 872 532 922 te
574 863 820 937 angelus
873 864 1258 935 impotentem
1311 862 1504 917 faciat.
1558 863 1664 925 Qui
1713 861 1838 916 ait:
1877 861 2130 932 Raphael

475 954 884 1026 arcliangelus,
916 953 1016 1025 qui
1049 957 1166 1007 stat
1198 955 1332 1006 ante
1381 951 1656 1005 thronum
1707 951 1846 1018 Dei;
1881 951 2040 1022 ejicit
2069 951 2129 1004 in

478 1063 572 1102 me
593 1047 763 1117 jecur
814 1045 994 1116 piscis
1038 1047 1096 1098 et
1143 1041 1216 1098 fel
1253 1043 1310 1096 in
1357 1043 1583 1096 fumum
1616 1042 1921 1096 redactum
1954 1057 2133 1112 super

477 1135 759 1190 carbones
817 1131 1055 1188 exiceos.
1105 1131 1460 1202 Interrogavi
1521 1147 1728 1184 rursus
1787 1145 1921 1184 eum
1985 1146 1998 1184 :
2051 1129 2132 1183 Ne

476 1221 629 1278 celes
663 1221 808 1276 mihi
839 1221 1078 1275 verbum
1115 1236 1127 1273 :
1189 1235 1292 1288 ego
1323 1218 1479 1273 enim
1513 1234 1644 1272 sum
1668 1216 1938 1272 Salomon
1975 1216 2132 1270 ﬁlius

477 1311 656 1367 David
717 1309 872 1382 regis
935 1307 1151 1363 lsrael:
1211 1307 1408 1362 indica
1467 1307 1608 1360 mihi
1675 1322 1888 1360 nomen
1949 1305 2129 1376 piscis

477 1417 652 1474 quem
685 1403 748 1455 tu
793 1398 1030 1454 vereris.
1063 1397 1336 1464 Vocatur,
1388 1395 1492 1464 ait,
1545 1395 1788 1462 silurus,
1839 1395 2134 1449 invenitur

475 1487 536 1544 in
568 1488 912 1546 ﬂuminibus
934 1486 1345 1558 Assyriorum;
1378 1501 1555 1555 quare
1589 1485 1694 1539 has
1727 1483 1994 1555 regiones
2025 1483 2132 1536 cir-

477 1593 702 1634 cumeo.
755 1575 859 1632 Cui
910 1575 1074 1630 dixi:
1129 1573 1284 1628 Nihil
1335 1574 1492 1628 aliud
1547 1573 1602 1626 in
1657 1577 1732 1642 te,
1783 1569 2132 1626 Asmodzee?

474 1667 544 1722 Et
575 1665 876 1738 respondit
910 1681 922 1718 :
957 1663 1128 1718 Novit
1155 1667 1413 1735 potestas
1437 1662 1536 1716 Dei
1575 1662 1674 1732 qui
1703 1677 1803 1731 per
1827 1661 1934 1715 hoc
1963 1659 2131 1732 sigil-

473 1754 599 1809 lum
678 1753 937 1823 alligavit
995 1769 1084 1806 me
1161 1751 1581 1806 insolubilibus
1638 1748 1912 1813 vinculis,
1972 1748 2126 1819 quod

2239 599 2370 662 τῶν,
2403 593 2567 649 πάλιν
2624 595 2696 655 εἷς
2743 593 2923 666 ἐτέρας
2983 591 3178 666 ἑτέρων
3239 590 3572 666 ἀπέρχεσθαι
3633 591 3684 647 ἐν
3749 595 3896 647 νυκτῖ

2239 683 2326 736 καὶ
2377 684 2595 757 ἡμέρα·
2650 683 2788 737 ὥστε
2833 681 2924 736 καὶ
2971 682 3070 748 τήν
3115 681 3384 754 ἁμαρτίαν
3447 679 3748 746 ἐπιτελεῖν,
3813 683 3898 736 καὶ

2242 771 2317 834 εἷς
2351 772 2546 848 φόνους
2571 769 3032 844 ἐμπλανήσεσθαι·
3095 771 3286 842 ὅρκισα
3317 767 3374 824 δὲ
3435 769 3580 842 αὖτῷ
3625 773 3688 825 τὸ
3723 769 3900 842 ὄνομα

2243 860 2440 935 Κυρίου
2502 856 2728 916 Σαϐαὼθ
2779 858 2972 934 λέγων·
3022 853 3434 929 Φοϐήθητιτὸν
3481 861 3638 928 Θεὸν,
3695 863 3900 932 Ἀσμο-

2243 947 2378 1020 δαῖε,
2429 951 2516 1004 καὶ
2551 950 2666 1005 εἶπέ
2719 971 2814 1022 μοι
2845 948 2989 1020 ποίῳ
3039 945 3262 1022 ἀγγέλῳ
3309 953 3552 1023 καταργῇ
3585 949 3672 1003 οὗ.
3723 951 3788 1006 Ὀ
3847 947 3904 1004 δὲ

2243 1037 2366 1108 ἔφη,
2429 1039 2525 1094 Δια
2576 1037 2823 1116 Ῥαφαὴλ
2854 1043 2951 1092 τοῦ
2987 1037 3330 1113 ἀρχαγγέλου
3395 1043 3492 1091 τοῦ
3551 1043 3900 1112 παρεστῶτος

2242 1128 2474 1183 ἐνώπιον
2505 1133 2602 1182 τοῦ
2634 1127 2828 1200 θρόνου
2853 1131 2950 1181 τοῦ
2989 1131 3143 1182 Θεοῦ.
3205 1127 3398 1181 Διώκει
3459 1125 3516 1182 δέ
3577 1149 3646 1201 με
3707 1129 3898 1202 lle-Sc:

2241 1217 2389 1290 ἧπαρ
2437 1216 2526 1270 καὶ
2591 1214 2763 1291 χολὴ,
2825 1215 2910 1270 ἐπὶ
2966 1216 3231 1292 μυρικίνῳ
3271 1213 3488 1290 ἄνθρακι
3543 1215 3896 1286 ἐπικαπνιζό-

2247 1325 2416 1378 μενα·
2477 1303 2810 1380 ἐπηρώτησα
2873 1303 3037 1360 πάλιν
3093 1303 3197 1380 ἐγὼ
3257 1299 3461 1358 αὐτόν·
3525 1307 3618 1374 Μὴ
3681 1305 3898 1379 κρῦψῃς

2241 1395 2333 1448 ἀπ’
2385 1393 2518 1468 ἐμοῦ
2552 1394 2720 1470 ῥῆμα·
2783 1394 2864 1449 ὅτι
2921 1394 3030 1468 ἐγώ
3081 1394 3194 1466 εἶμι
3239 1393 3508 1466 Σολομῶν
3565 1395 3684 1456 υἱὸς
3737 1395 3898 1450 Δαυῖδ

2247 1483 2514 1558 βασιλέως
2564 1481 2808 1560 Ἰσραὴλ·
2875 1483 2991 1537 εἰπέ
3025 1504 3116 1555 μοι
3168 1483 3231 1537 τὸ
3285 1479 3460 1556 ὄνομα
3488 1488 3586 1538 τοῦ
3621 1485 3826 1559 ἷχθόος

2243 1571 2306 1626 σὺ
2365 1567 2517 1647 σέϐῃ·
2578 1573 2636 1629 Ὀ
2694 1569 2751 1627 δὲ
2791 1571 2912 1650 ἔφη·
2949 1571 3208 1645 Ὀνόματι
3255 1571 3458 1646 γλάνος
3501 1574 3816 1644 εὑρίσκεται
3851 1574 3898 1628 ἐν

2239 1667 2356 1723 τοῖς
2413 1667 2690 1734 ποταμοῖς
2733 1661 3061 1736 Ἀσσυρίων-
3122 1659 3264 1716 διότι
3317 1661 3408 1715 καὶ
3467 1661 3545 1726 εἷς
3597 1661 3784 1716 ἐκεῖνα
3839 1664 3904 1717 τε

2245 1751 2382 1823 μέρη
2433 1747 2958 1826 καταπεριπολεόω.
3015 1750 3154 1825 Ἐγὼ
3199 1745 3255 1804 δὲ
3313 1749 3456 1827 λέγω
3513 1753 3656 1826 πρὸς
3719 1747 3900 1806 αὐτόν·

473 1859 610 1898 vera
641 1841 756 1898 sint
811 1858 940 1912 qute
971 1839 1088 1896 dixi
1139 1839 1268 1894 tibi.
1320 1840 1523 1903 Quaeso
1569 1843 1646 1904 te,
1681 1854 1780 1892 rex
1826 1836 2119 1902 Salomon,

775 1929 790 1944 ς
1076 1927 1090 1944 ς
1152 1943 1183 1944 η
1253 1943 1288 1944 μ
1359 1927 1419 1944 η.
1991 1924 2119 1944 ειη,

2242 1837 2409 1896 Οὐδὲν
2459 1836 2639 1916 ἕτερον
2690 1839 2834 1915 παρᾶ
2881 1839 2966 1894 σοὶ
3028 1837 3384 1912 Ἀσμοδαίῳς
3441 1842 3468 1894 ὁ
3501 1837 3560 1894 δὲ
3607 1835 3716 1918 ἔφη
3781 1861 3898 1912 μοι·

2239 1931 2294 1944 ιη
2349 1929 2358 1944 Ι
2609 1931 2621 1944 Ι
2697 1926 2749 1944 ﬁl
3011 1933 3037 1942 ι.
3080 1935 3109 1944 Α
3177 1933 3202 1944 δ
3327 1933 3354 1943 αν
3415 1927 3440 1944 λ
3477 1931 3490 1944 1
3581 1937 3610 1944 -
3695 1930 3710 1944 Ὦ
3791 1931 3802 1944 Ι

475 1944 548 1982 ne
581 1945 674 1984 me
721 1929 792 1983 ad
826 1943 1008 1998 aquas
1059 1927 1323 1982 damnes.
1359 1927 1426 1980 Et
1469 1925 1783 1980 subridens
1831 1923 1948 1978 dixi
1991 1924 2074 1977 illi
2109 1941 2121 1979 :

473 2017 628 2072 Vivit
659 2017 812 2072 Deus
845 2021 1076 2088 patrum
1111 2030 1401 2083 meorum,
1433 2013 1650 2068 ferrum
1685 2013 1946 2084 portabis
1971 2019 2032 2068 tu
2068 2017 2126 2068 et

473 2105 664 2162 lutum
691 2107 870 2161 facies
893 2106 949 2159 in
975 2121 1210 2160 omnem
1251 2103 1693 2158 aedificationem
1731 2101 1955 2173 templi,
1989 2118 2124 2157 con-

473 2195 712 2250 culcans
763 2194 1011 2266 pedibus
1059 2193 1212 2260 tuis;
1247 2197 1303 2247 et
1351 2191 1598 2263 praecepi
1633 2195 1696 2245 ut
1744 2192 2027 2246 darentur
2073 2191 2126 2246 ei

471 2285 672 2340 decem
731 2283 944 2355 hydria:
997 2282 1070 2336 ad
1131 2282 1478 2352 portandum
1538 2297 1790 2351 aquam;
1853 2284 1909 2334 et
1959 2279 2126 2334 valde

471 2373 868 2444 ingemiscens
902 2373 1128 2425 dmmon
1178 2371 1346 2440 jussa
1379 2387 1506 2424 mea
1537 2369 1840 2440 implevit;
1873 2368 1984 2424 hoc
2017 2367 2124 2424 feci

473 2462 610 2534 quia
642 2462 837 2516 futura
888 2463 1124 2514 noverat
1153 2458 1467 2530 przesciens
1519 2457 1711 2512 malus
1755 2459 1983 2512 dmmon
2017 2461 2124 2511 As-

474 2551 752 2617 modzeus,
798 2553 856 2604 et
909 2547 1229 2620 gloriﬁcavi
1287 2547 1472 2602 Deum
1534 2563 1639 2618 ego
1692 2545 1988 2612 Salomon,
2023 2546 2124 2616 qui

470 2639 820 2710 sapientiam
869 2637 1030 2692 dedit
1076 2653 1240 2692 servo
1289 2637 1652 2706 ejus;jecur
1701 2641 1898 2690 autem
1949 2640 2008 2689 et
2049 2633 2122 2689 fel

469 2729 648 2798 piscis
698 2744 832 2782 cum
889 2726 1184 2797 fragrante
1243 2729 1467 2797 styrace
1526 2723 1760 2780 solvens
1825 2723 2124 2780 combussi

470 2833 650 2890 super
697 2815 1093 2884 Asmodzeum,
1125 2814 1266 2884 quia
1323 2817 1528 2884 potens
1588 2819 1731 2880 erat,
1783 2817 1839 2866 et
1897 2811 2124 2867 inutilis

467 2907 644 2962 {iebat
673 2906 802 2975 ejus
847 2903 1064 2959 indolis
1109 2903 1419 2958 acerbitas.
1455 2902 1522 2956 Et
1569 2901 1766 2958 vocavi
1803 2905 1866 2956 ut
1917 2919 2122 2956 rursus

467 3001 651 3052 staret
682 3001 814 3050 ante
865 3011 956 3049 me
1007 2993 1312 3048 Beelzebul
1363 2992 1637 3063 princeps
1671 2992 2120 3057 daemoniorum,

467 3090 523 3140 et
545 3085 757 3140 sedens
779 3099 956 3154 super
997 3081 1276 3136 thronum
1309 3080 1595 3152 inclytum
1639 3081 1838 3146 nimis,
1873 3081 1990 3134 dixi
2025 3081 2075 3135 ei
2108 3099 2120 3136 :

467 3174 654 3238 Quare
672 3171 911 3227 tusolus
930 3172 1184 3242 imperas
1199 3170 1503 3226 daemoniis
1530 3172 1552 3224 ?
1575 3169 1728 3224 Etait
1754 3185 1768 3222 :
1795 3169 1940 3234 Quia
1961 3169 2124 3225 solus

2235 1929 2547 1986 Ἐπίσταται
2599 1931 2632 1997 ἡ
2693 1926 2918 2002 δόναμις
2945 1933 3041 1982 τοῦ
3074 1933 3229 2000 Θεοῦ,
3261 1933 3358 1984 τοῦ
3411 1927 3500 1983 διὰ
3541 1937 3642 1998 τῆς
3691 1930 3899 1986 ἐκείνου

2234 2015 2526 2095 σφραγίδος
2580 2015 2860 2090 ὂεσμώσας
2905 2039 2970 2091 με
3014 2016 3240 2080 ἀλύτοις
3293 2015 3538 2090 δεσμοῖς·
3601 2017 3688 2072 ὅτι
3761 2021 3897 2096 ἅπερ

2236 2103 2384 2158 εἶπόν
2448 2125 2531 2158 σοι
2563 2103 2745 2174 ἀληθῆ
2779 2103 2902 2160 εἶσι.
2948 2103 3148 2176 Δέομαι
3183 2127 3302 2172 σου,
3333 2105 3558 2180 βασιλεῦ
3591 2105 3894 2180 Σολομῶν,

2241 2195 2314 2266 μή
2384 2214 2450 2266 με
2508 2193 2824 2267 κατακρίνῃς
2884 2193 2962 2256 εἰς
3019 2191 3206 2264 ὕδωρ.
3273 2195 3412 2268 Ἐγὼ
3489 2193 3545 2250 δὲ
3613 2193 3900 2268 μειδιάσας

2237 2283 2384 2336 εἶπον
2437 2283 2608 2354 αὐτῷ·
2669 2286 2743 2356 Ζῇ
2791 2283 2986 2358 Κύριος
3044 2284 3071 2337 ὁ
3129 2283 3258 2344 Θεὸς
3311 2288 3418 2336 τῶν
3451 2283 3704 2358 πατέρων
3769 2307 3896 2358 μου,

2237 2368 2432 2443 σίδηρα
2489 2372 2702 2448 φορέσω
2761 2391 2841 2437 σε,
2893 2369 3038 2425 ἀλλὰ
3081 2371 3168 2424 καὶ
3221 2371 3311 2424 τὸν
3375 2369 3558 2442 πηλὸν
3617 2375 3898 2444 ποιήσεις,

2237 2459 2314 2522 εἷς
2365 2458 2499 2530 ὅλην
2547 2461 2646 2529 τήν
2697 2460 3031 2528 κατασκευὴν
3077 2464 3174 2514 τοῦ
3227 2465 3378 2528 ναοῦ,
3433 2457 3750 2536 ἆνατρίϐων
3783 2470 3900 2525 τοῖς

2233 2547 2362 2602 ποσί
2405 2567 2536 2603 σου·
2588 2549 2674 2602 καὶ
2722 2546 2976 2603 ἐκέλευσα
3023 2545 3246 2618 δοθῆναι
3305 2547 3455 2622 αὐτῷ
3513 2547 3642 2604 δέκα
3705 2547 3900 2628 ὑδρίας

2235 2638 2414 2714 φέρειν
2474 2635 2641 2712 ὕδωρ.
2681 2637 2782 2693 Καὶ
2833 2634 3021 2699 δεινῶς
3056 2636 3304 2708 στέναξας
3337 2639 3364 2692 ὁ
3421 2635 3630 2711 δαίμων
3679 2640 3754 2694 τὰ
3811 2663 3900 2696 κε-

2237 2725 2526 2790 λευσθέντα
2579 2747 2669 2799 μοι
2721 2727 3126 2801 κατειργὲἰζετο.
3181 2725 3354 2783 Τοῦτο
3400 2725 3456 2781 δὲ
3487 2725 3727 2798 ἐποίησα
3761 2727 3896 2784 διότι

2233 2815 2322 2870 καί
2351 2815 2416 2869 τὰ
2467 2811 2740 2888 μέλλοντα
2787 2811 2906 2889 ᾔδει
2939 2817 3355 2890 προμνωστικὸς
3389 2813 3486 2886 ὢν,
3543 2817 3608 2871 τὸ
3639 2817 3894 2892 χαλεπὸν

2239 2901 2262 2920 δ
2387 2903 2398 2922 ι
2579 2905 2590 2920 ο
2651 2905 2664 2924 ι
2834 2901 2856 2920 κ
2899 2910 2920 2920 -
3079 2911 3094 2924 ν
3139 2903 3152 2922 \
3191 2902 3302 2932 ’κιρ
3496 2905 3508 2918 ς
3675 2907 3688 2920 ι
3795 2907 3808 2922 ς
3865 2909 3876 2924 ε

2235 2921 2536 2976 οαιμονιον,
2571 2921 2598 2958 ο
2669 2909 3001 2976 Λσμοοαιος.
3057 2911 3154 2958 Καί
3187 2917 3410 2974 εοοςασα
3455 2925 3545 2959 τον
3595 2913 3734 2960 Θεον
3789 2927 3894 2982 εγω

2237 2991 2528 3065 Σολομῶν,
2561 2993 2652 3048 τὸν
2684 2990 2844 3047 δόντα
2879 3015 2972 3067 μοι
2998 2995 3098 3062 τὴν
3149 2991 3338 3071 σοφίαν
3367 2998 3446 3064 τῷ
3477 2991 3660 3067 δούλῳ
3697 2996 3890 3052 αὖτοῦ·

2232 3083 2301 3136 Τὸ
2331 3079 2387 3135 δέ
2423 3083 2571 3158 ἧπαρ
2619 3087 2715 3136 τοῦ
2763 3081 2954 3156 ἰχθῦος
3007 3081 3096 3136 καὶ
3145 3083 3246 3152 τὴν
3293 3079 3472 3158 χολὴν
3524 3083 3694 3138 αὖτοῦ
3755 3089 3890 3158 μετα

2231 3170 2508 3242 καλαμίου
2563 3170 2825 3247 στύρακος
2873 3167 3017 3224 λύων
3075 3169 3322 3226 ἐπέκαιον
3377 3172 3465 3226 τὸν
3527 3171 3892 3244 Ἀσμοδαῖον,

466 3261 774 3318 existimor
797 3260 949 3316 inter
967 3258 1233 3314 ccelestes
1251 3259 1491 3330 angelos
1509 3257 1802 3329 delapsos.
1827 3259 1946 3330 Ego
1969 3259 2119 3313 enim

2243 3259 2332 3314 διὰ
2375 3259 2436 3313 τὸ
2486 3261 2621 3314 εἶναι
2671 3259 2828 3315 αὐτὸν
2879 3257 3122 3328 δυνατὸν,
3169 3259 3628 3336 καὶκατηργείτω
3679 3259 3746 3316 δὲ
3809 3267 3895 3318 αἱ·

466 3349 741 3405 scdebam
759 3349 814 3402 in
830 3349 1020 3420 primo
1035 3346 1176 3402 ccelo
1192 3347 1280 3418 pri
1293 3363 1382 3401 mu
1395 3363 1421 3402 s
1437 3345 1683 3418 angelus
1695 3351 1934 3402 vocatus
1964 3347 2126 3402 Beel-

466 3437 656 3506 zebul,
690 3435 1206 3492 etnuncdominor
1240 3435 1598 3490 omnibusin
1629 3435 1867 3490 Tartaro
1891 3435 2124 3493 vinctis.

467 3527 662 3582 Habeo
693 3527 870 3580 etiam
901 3525 1088 3579 ﬁlium
1111 3525 1213 3596 qui
1239 3523 1608 3596 perambulat
1630 3524 1686 3578 in
1715 3523 1862 3578 mari
1887 3524 2084 3579 Rubro
2107 3567 2122 3592 ,

465 3621 523 3670 et
543 3619 698 3670 certo
720 3615 972 3685 quodam
994 3619 1108 3668 tem
1121 3630 1256 3686 pore
1280 3614 1586 3668 revertitur
1611 3613 1683 3668 ad
1709 3630 1802 3668 me
1826 3615 2124 3684 subditus,

463 3711 522 3761 et
549 3721 726 3776 opera
771 3721 880 3758 sua
914 3703 1060 3758 mihi
1115 3703 1355 3775 detegit,
1389 3707 1446 3758 et
1476 3703 1758 3758 confirmo
1791 3701 1958 3756 illum
1993 3719 2119 3773 ego.

2233 3353 2332 3404 τοῦ
2377 3351 2411 3418 ἡ
2469 3347 2643 3425 φόρην
2685 3349 2743 3410 ὃς
2793 3351 2909 3422 (δίε)
2961 3351 3038 3420 (2)
3081 3347 3294 3424 πικρία.
3355 3349 3456 3405 Καὶ
3500 3347 3736 3405 ἐκάλεσα
3799 3355 3896 3406 πά-

2237 3434 2322 3490 λιν
2371 3438 2714 3512 παραστῆναί
2769 3458 2862 3510 μοι
2911 3431 3213 3514 ἔμπροσθεν
3257 3441 3354 3492 τοῦ
3405 3434 3748 3507 Βεελζεὸοἰιλ
3810 3443 3898 3496 τόν

2233 3522 2478 3600 ἄρχοντα
2527 3530 2633 3579 τῶν
2687 3523 3009 3598 δαιμονίων,
3057 3526 3147 3580 καὶ
3197 3524 3528 3596 ἐπικαθήσας
3571 3527 3658 3581 ἐπὶ
3717 3529 3900 3602 βῆμα,

2230 3634 2324 3674 τος
2373 3611 2714 3685 ἐνδοξοτέρου
2763 3612 2895 3690 ἔφην
2957 3614 3128 3686 αὐτῷ·
3165 3613 3316 3668 Διατί
3373 3613 3436 3668 σὺ
3499 3615 3664 3686 μόνος
3701 3617 3896 3692 ἄρχων

2228 3705 2336 3754 τῶν
2369 3699 2706 3773 δαιμονίωνς
2757 3703 2818 3758 Ὁ
2853 3699 2909 3756 δὲ
2943 3699 3043 3778 ἔφη
3081 3721 3197 3775 μοι·
3253 3702 3349 3756 Δία
3377 3703 3440 3756 τὸ
3489 3702 3654 3776 μόνον
3681 3727 3758 3776 με
3795 3707 3894 3760 ὑπό

467 3793 748 3870 ληφθῆναι
803 3796 911 3846 τῶν
955 3790 1216 3868 οὐρανίων
1269 3790 1522 3866 ἀγγέλων
1573 3795 1680 3844 τῶν
1731 3789 2130 3853 κατελθόντων.
2168 3790 2308 3866 Ἐγὼ
2357 3791 2460 3866 γὰρ
2505 3789 2654 3863 ἥμην
2689 3791 2738 3845 ἰν
2766 3795 2846 3862 τῷ
2875 3793 3080 3865 πρώτῳ
3111 3791 3324 3867 οὖρανῷ
3351 3796 3568 3864 πρῶτος
3599 3790 3892 3867 ἅγγελοςὸ

463 3881 1003 3957 προσαγορευόμενος
1033 3875 1388 3949 Βεελζεϐούλ·
1423 3879 1513 3934 καὶ
1544 3883 1634 3934 νῦν
1665 3883 1848 3952 κρατῶ
1879 3879 2091 3932 πάντων
2123 3882 2230 3932 τῶν
2263 3877 2314 3932 ἐν
2343 3883 2421 3950 τῷ
2453 3881 2714 3956 Ταρτάρῳ
2745 3877 3060 3954 δεδεμένων·
3095 3875 3211 3955 ἔχω
3239 3877 3295 3934 δὲ
3323 3880 3412 3934 καὶ
3434 3882 3590 3954 γόνον
3617 3903 3710 3935 και
3739 3903 3894 3954 περι-

465 3969 690 4025 πολιῦει
723 3968 775 4024 ἐν
801 3974 872 4044 τῇ
902 3972 1138 4045 Ἐρυθρᾳ
1167 3969 1430 4043 θαλάσσῃ·
1465 3968 1554 4023 καὶ
1587 3969 1660 4030 ὡς
1693 3966 1830 4022 ἴδιον
1863 3969 1985 4022 τινα
2008 3969 2194 4043 καιρὸν
2229 3966 2584 4042 ἐπανέρχεται
2617 3989 2754 4044 προς
2798 3989 2862 4042 με
2913 3970 3378 4044 ὑποταττόμανος·
3433 3971 3522 4024 καὶ
3581 3971 3648 4025 τὰ
3691 3971 3894 4027 ἑαυτοῦ

463 4053 598 4134 ἔργα
627 4058 762 4134 πρός
795 4079 860 4132 με
890 4057 1274 4114 ἀνακάλυπτει·
1304 4057 1394 4112 καὶ
1422 4057 1662 4133 στηρίζω
1693 4055 1852 4111 αὐτὸν
1887 4055 2013 4132 ἐγώ.

530 4167 648 4238 Ego
695 4165 969 4221 Salomon
1015 4165 1134 4219 dixi
1167 4166 1216 4220 ei
1251 4163 1616 4232 :Beelzebul,
1673 4181 1802 4236 quae
1851 4168 1940 4219 est
1969 4179 2114 4235 ope-

461 4255 611 4310 ratio
639 4253 790 4308 tua?
821 4257 888 4307 Et
936 4253 1018 4307 ait
1053 4271 1066 4307 :
1101 4253 1286 4324 Reges
1339 4253 1697 4324 pessumdo;
1753 4253 1968 4308 dimico
2003 4269 2117 4308 una

461 4358 597 4397 cum
653 4341 946 4396 extraneis
1005 4341 1308 4412 tyrannis;
1344 4346 1400 4394 et
1431 4341 1723 4396 dmmones
1785 4357 1946 4396 rneos
2005 4341 2114 4394 im-

465 4430 636 4486 mitto
669 4430 728 4484 in
777 4429 1066 4498 homines,
1119 4428 1273 4482 utin
1325 4445 1423 4484 eos
1465 4430 1706 4484 credant
1735 4433 1791 4484 et
1840 4433 2114 4502 pereant;

459 4524 520 4574 et
573 4517 788 4574 electos
871 4533 1068 4572 servos
1155 4516 1277 4582 Dei,
1357 4517 1478 4571 sive
1561 4519 1914 4588 sacerdotes,
1993 4518 2113 4574 sive

461 4606 686 4678 ﬁdeles,
744 4607 901 4662 viros
959 4605 1020 4659 in
1078 4605 1368 4662 desideria
1426 4605 1735 4678 culparum
1821 4606 2110 4663 malarum

460 4701 518 4754 et
573 4696 868 4752 haereseon
919 4712 1254 4767 pravarum,
1307 4701 1364 4751 et
1422 4712 1667 4768 operum
1723 4697 2114 4751 nefandorum

461 4787 668 4854 excito,
699 4791 756 4842 et
787 4785 930 4840 mihi
975 4801 1196 4840 morem
1245 4791 1483 4857 gerunt,
1517 4789 1574 4840 et
1613 4785 1672 4839 in
1725 4785 2113 4855 perditionem

464 4893 566 4932 eos
623 4875 862 4947 impello
920 4892 936 4944 ;
1005 4877 1062 4928 et
1117 4873 1391 4940 invidias,
1447 4879 1503 4928 et
1560 4875 1767 4944 caedes,
1830 4877 1886 4928 et
1941 4872 2113 4944 bella,

461 4969 518 5018 et
576 4961 975 5018 masculorum
1035 4962 1400 5031 concubitus,
1437 4965 1494 5016 ct
1552 4967 1760 5018 caetera
1805 4960 1959 5016 mala
2011 4961 2114 5016 ho-

461 5051 725 5107 minibus
757 5052 962 5115 infero,
995 5055 1054 5104 et
1100 5049 1262 5104 deleo
1295 5050 1605 5105 mundum.
1645 5051 1766 5104 Dixi
1804 5049 1982 5120 igitur
2013 5049 2064 5105 ei
2096 5065 2108 5102 :

463 5141 666 5196 Adiluc
699 5139 842 5194 mihi
875 5139 1062 5194 filium
1103 5143 1274 5193 tuum
1307 5153 1480 5208 quem
1529 5138 1676 5193 dicis
1709 5153 1838 5194 esse
1869 5138 1926 5193 in
1969 5140 2114 5195 mari

463 5228 676 5284 Rubro.
713 5229 778 5282 Et
803 5227 886 5282 ait
920 5243 931 5280 :
968 5225 1093 5280 Non
1125 5241 1228 5296 ego
1281 5225 1448 5280 illum
1499 5225 1725 5280 adduco
1777 5226 1846 5280 ad
1893 5229 1987 5293 te;
2019 5243 2112 5281 ve-

461 5318 584 5372 niet
615 5321 808 5373 autem
851 5317 920 5370 ad
958 5331 1048 5390 me
1077 5313 1230 5370 alius
1283 5315 1510 5370 daemon
1543 5317 1781 5370 nomine
1813 5315 2112 5387 Ephippas

464 5423 637 5478 quem
683 5404 956 5470 vinciam,
989 5409 1046 5460 et
1105 5403 1229 5476 ipse
1279 5421 1348 5459 ex
1405 5405 1616 5476 abysso
1673 5405 1908 5459 reducet
1967 5405 2112 5459 mihi

465 5495 675 5550 ﬁlium.
735 5494 840 5549 Cui
893 5493 1022 5549 dico
1081 5509 1230 5565 ego:
1283 5493 1586 5558 Quomodo
1645 5499 1734 5548 est
1791 5493 1850 5548 in
1901 5494 2111 5565 abysso

536 5673 615 5744 (2)
647 5673 717 5727 At
747 5671 804 5727 in
835 5685 1022 5745 marg.
1055 5671 1280 5729 laterali
1314 5687 1327 5728 :
1359 5671 1393 5741 ή
1427 5667 1723 5748 ἀφόρητος.

2297 4163 2441 4238 Ἐγὼ
2475 4167 2748 4236 Σολομῶν
2775 4164 2908 4240 ἔφην
2937 4165 3072 4238 πρὸς
3103 4162 3261 4218 αὐτὸν
3296 4162 3469 4240 λέγων
3515 4159 3858 4233 Βεελζεὸου)
3879 4213 3892 4228 ,

2223 4250 2303 4312 τίς
2353 4249 2492 4306 ἐστὶν
2543 4253 2576 4321 ἡ
2623 4253 2816 4328 πράξις
2867 4272 3000 4320 σου;
3045 4253 3107 4310 Ὁ
3159 4250 3216 4307 δὲ
3249 4251 3424 4328 λέγει,
3457 4255 3602 4327 Ἐγὼ
3641 4253 3894 4328 βασιλεῖς

2225 4339 2442 4394 ἀπολῶ·
2504 4345 2786 4416 συμμαχῶ
2841 4341 2975 4414 μετᾶ
3023 4339 3360 4416 ἀλλοφύλων
3419 4341 3748 4417 τυράννων,
3803 4345 3890 4398 καὶ

2223 4427 2352 4490 τοὺς
2402 4427 2567 4501 ἐμοὺς
2623 4427 2886 4502 δαίμονας
2938 4424 3227 4484 ἐπιϐάλλω
3297 4429 3432 4506 πρὸς
3492 4429 3621 4490 τοὺς
3677 4431 3890 4502 ἀνθρὼο

2226 4538 2400 4586 πους,
2447 4517 2532 4572 ἳνα
2600 4517 2676 4580 εἷς
2743 4517 2938 4580 αὐτοὺς
2991 4519 3314 4574 πιστεύωσιν
3373 4519 3464 4574 καὶ
3527 4518 3886 4574 ἀπόλωνται·

2220 4605 2309 4660 καὶ
2356 4605 2484 4667 τοὺς
2540 4605 2825 4669 ἐκλεκτοὺς
2885 4604 3118 4669 δοῦλους
3147 4612 3244 4662 τοῦ
3297 4611 3452 4676 θεοῦ,
3485 4607 3522 4676 ἢ
3565 4609 3738 4684 ἱερεῖς
3799 4609 3884 4662 καὶ

2222 4694 2446 4757 πιστοὺς
2504 4694 2873 4770 ἀνθρώπους,
2931 4696 3004 4758 si:
3073 4695 3357 4768 ἐπιθυμίας
3434 4697 3718 4770 ἁμαρτιῶν
3783 4719 3886 4752 πο-

2223 4788 2400 4859 νηρῶν
2459 4785 2548 4838 καὶ
2603 4783 2857 4856 αἱρέσεων
2911 4789 3114 4854 κακῶν,
3169 4787 3255 4840 καὶ
3313 4783 3480 4860 ἔργων
3543 4787 3882 4860 παρανέμων

2226 4870 2512 4948 διεγείρω,
2563 4873 2652 4927 καὶ
2711 4873 3042 4928 ὑπακούουσι
3107 4895 3211 4948 μου
3249 4919 3264 4943 ,
3320 4873 3410 4928 καὶ
3461 4873 3539 4937 εἷς
3599 4873 3880 4929 ἀπώλειαν

2226 4961 2372 5039 φέρω
2431 4960 2648 5028 αὐτοὺς,
2707 4961 2796 5016 καὶ
2857 4964 3110 5040 φθόνους,
3167 4963 3255 5017 καὶ
3314 4962 3534 5038 φόνους,
3595 4963 3692 5017 καὶ
3721 4963 3886 5018 πολέ-

2229 5071 2402 5122 μους,
2459 5051 2549 5104 καὶ
2601 5046 3025 5128 ἀρῥενοϐατίας,
3083 5051 3173 5106 καὶ
3225 5047 3381 5125 ἕτερα
3427 5051 3568 5106 κακᾶ
3615 5057 3738 5113 τοῖς
3799 5053 3886 5106 ἂν·

2225 5141 2467 5212 θρώποις
2527 5139 2750 5216 ἐνεργῶ·
2809 5139 2897 5194 καὶ
2929 5141 3124 5195 ἀπολῶ
3167 5141 3257 5195 τὸν
3309 5141 3539 5214 κόσμον.
3583 5141 3756 5197 Εἶπον
3793 5139 3884 5196 οὖν

2223 5225 2370 5299 αὖτῷ
2405 5246 2418 5259 ·
2489 5229 2800 5304 Προσέγαγέ
2852 5249 2944 5300 μοι
3001 5230 3096 5284 τὸν
3156 5229 3246 5284 σὺν
3301 5228 3497 5306 γόνον,
3563 5225 3730 5302 ὅνπερ
3793 5229 3884 5284 λέ-

2223 5337 2336 5390 γεις
2395 5315 2476 5370 ὅτι
2531 5317 2672 5372 ἐστὶν
2713 5317 2764 5372 ἐν
2825 5323 2891 5392 τῇ
2948 5318 3190 5392 θαλάσσῃ
3255 5321 3322 5391 τῇ
3399 5319 3654 5394 Ἐρυθρᾷ.
3713 5323 3772 5371 '0
3829 5315 3882 5371 εὶ

2223 5401 2409 5479 λέγει·
2493 5405 2636 5481 Ἐγὼ
2703 5407 2863 5460 αὐτὸν
2926 5407 2988 5461 οὐ
3039 5407 3185 5484 φέρω
3245 5407 3382 5480 πρὸς
3439 5405 3538 5462 σέ·
3603 5405 3878 5462 ile-Secta:

2223 5489 2280 5548 δὲ
2355 5495 2491 5567 πρός
2571 5516 2636 5568 με
2708 5492 2890 5568 ἕτερος
2969 5493 3180 5568 δαίμων
3261 5495 3488 5570 ὀνόματι
3577 5497 3874 5574 ἜρωτεΞῆ
