3986 6340
52 421 236 484 1325

1227 420 1832 484 TESTAMENTUM
1876 420 2353 483 SALOMONIS.

3337 424 3495 486 i326

48 553 235 608 αὐτὸν
296 549 614 627 δεσμεῦσω,
672 552 761 608 καὶ
814 553 979 617 αὐτὸς
1035 552 1095 609 ἐκ
1149 559 1245 610 τοῦ
1308 555 1474 630 βυθοῦ
1531 551 1762 628 εἶιναγοὶ-⁴

1863 554 2025 611 naris
2053 553 2215 610 ﬁlius
2239 559 2399 625 tuus,
2432 558 2489 611 et
2532 555 2685 628 quod
2738 571 2950 612 nomen
2996 556 3174 628 ejus?
3220 557 3329 623 Qui
3362 557 3445 615 ait
3481 576 3496 616 :

50 663 153 715 γει
214 642 351 717 πρός
415 663 501 716 με.
562 643 703 718 Ἐγὼ
775 640 833 697 δὲ
905 641 1047 718 λέγω
1128 645 1263 717 πρὸς
1304 638 1497 708 ⁴αὐτόν
1534 662 1545 674 ·
1608 646 1733 703 Πῶς

57 729 219 785 ἔστιν
267 733 297 785 ὁ
337 731 453 793 υἱός
484 752 580 785 σου
613 730 664 785 ἐν
694 736 773 803 τῷ
825 732 974 807 βυθῴ
1003 738 1103 801 τῆς
1134 731 1432 802 Θαλάσσης,
1464 730 1553 785 καὶ
1592 730 1643 784 τί
1671 730 1733 784 τὸ

61 818 257 892 ὄνομα
302 820 501 888 αὖτοῦ;
542 821 603 877 Ὁ
634 818 690 875 δὲ
721 816 819 898 ἔφη
860 840 873 853 °
908 823 995 891 Μή
1061 842 1127 894 με
1184 819 1477 896 ἐπερωτᾷς,
1511 819 1572 874 οὐ
1630 819 1733 894 γὰρ

59 908 283 984 δυνήσῃ
334 911 460 984 παρ’
492 908 613 982 ἐμοὶ
670 915 881 983 μαθεῖν,
909 909 1067 973 αὐτὸς
1112 911 1215 985 γὰρ
1266 909 1537 965 ἐλεύσεται
1596 908 1733 980 πρὸς

59 1000 129 1054 σὲ
200 997 269 1053 δι’
327 998 462 1071 ἐμοῦ
516 997 907 1071 κελεύσματος,
965 999 1055 1054 καὶ
1106 998 1253 1055 εἴποι
1315 1021 1400 1053 σοι
1466 1002 1733 1073 φανερῶς.

55 1090 215 1164 Ἐγὼ
261 1089 396 1163 πρὸς
448 1088 605 1143 αὐτὸν
658 1086 801 1165 λέγω
833 1108 847 1122 ⁸
881 1088 1016 1165 Αέγε
1068 1111 1162 1162 μοι
1208 1089 1311 1145 ὑπὸ
1362 1088 1521 1143 ποίου
1576 1085 1733 1162 ἀγγέ-

58 1177 177 1233 λου
229 1182 471 1255 καταργῇ
516 1200 601 1234 συ.
634 1179 690 1231 Ὀ
740 1175 797 1232 δὲ
840 1171 938 1256 ἔφη
979 1198 990 1210 ·
1024 1178 1151 1233 Ὑπὸ
1194 1177 1351 1251 ἁγίου
1399 1178 1485 1232 καὶ
1543 1173 1733 1248 τιμίου

60 1267 344 1340 ὀνόματος
402 1272 499 1322 τοῦ
557 1268 1000 1342 παντοκράτορος
1056 1271 1191 1322 Θεοῦ
1255 1272 1336 1340 τῷ
1406 1264 1767 1337 καλουμένῳ”

60 1360 201 1430 (sic)
257 1357 382 1432 παρ’
434 1351 707 1432 Ἑϐραίοις
767 1377 873 1410 που
933 1358 984 1431 (υ
1014 1357 1064 1426 ⁸2)
1109 1360 1298 1427 minii»,
1341 1354 1401 1408 οὗ
1460 1356 1494 1423 ἡ
1555 1355 1735 1429 ψῆφος

61 1442 221 1521 χμδ,
254 1447 397 1520 παρὰ
453 1442 499 1499 δ’
528 1442 768 1516 ’Ἕλλησι
798 1443 1185 1518 Ἐμμανουήλ,
1216 1444 1305 1498 καὶ
1346 1441 1434 1498 ἐαν
1491 1463 1573 1504 τις
1621 1446 1729 1497 τῶν

62 1533 365 1606 (Ρωμαίων
421 1533 611 1607 ὁρκίσῃ
648 1554 715 1606 με
760 1534 822 1588 τὸ
872 1532 1008 1609 μέγα
1057 1528 1232 1606 ὄνομα
1289 1538 1389 1601 τῆς
1450 1529 1733 1604 δυνάμεως

58 1623 297 1695 Ἐλεὴο,
331 1622 535 1700 ἀφανὴς
571 1621 819 1698 γίνομαι.
853 1623 993 1696 Ἐγὼ
1051 1621 1325 1694 Σολομῶν
1368 1625 1537 1675 ταῦτα
1578 1618 1735 1674 ἀκού-

64 1735 169 1776 σας
232 1712 570 1789 ἐξεπλάγην,
627 1712 718 1766 καὶ
772 1709 1030 1767 ἐκέλευσα
1105 1710 1263 1766 αὐτὸν
1322 1710 1529 1786 πρίζειν
1595 1708 1732 1782 μάρ-

70 1796 229 1879 μαρα
256 1796 486 1873 Θηϐάϊα.
520 1802 604 1856 Ἐν
662 1797 718 1855 δὲ
764 1805 846 1873 τῷ
893 1797 1150 1877 ἄρξασθαι
1196 1799 1356 1855 αὐτὸν
1408 1799 1616 1873 πρίζειν
1664 1798 1732 1852 τΞι

67 1894 361 1965 μαρμαρα,
418 1891 471 1945 οἱ
549 1886 725 1964 ’ἕτεροι
802 1887 1057 1962 δαίμονες
1140 1887 1536 1965 ἀκιεκραῦγασαν
1611 1908 1730 1965 φω-

62 1984 169 2050 νὴν
239 1978 520 2054 μεγάλην,
578 1978 943 2047 ἀλαλάζοντες
1006 1975 1094 2032 διὰ
1173 1977 1264 2032 τὸν
1358 1974 1584 2054 βασιλέα
1635 1975 1732 2029 αὖ·

271 2062 650 2138 Βεελζεϐοὖλ·
721 2067 827 2143 ἐγὼ
903 2065 960 2122 δὲ
1040 2065 1310 2140 Σολομῶν
1405 2064 1736 2140 ἐπηρώτησα

78 2159 244 2215 αὐτὸν
306 2158 483 2234 λέγων
520 2178 533 2191 ⁸
594 2156 660 2214 Εἴ
719 2154 894 2222 οέλεις
953 2151 1142 2211 λαϐεῖν
1209 2152 1412 2223 ἄνεσιν,
1474 2151 1735 2227 διήγησαί

79 2268 179 2323 μοι
231 2247 352 2322 περὶ
408 2251 514 2301 τῶν
584 2244 919 2318 ἐπουρανίων
951 2286 964 2300 .
1018 2245 1179 2321 Λέγεε
1244 2242 1302 2298 δὲ
1374 2237 1733 2312 Βεελζεϐούλ·

79 2341 381 2409 ”Ακουσον,
432 2335 678 2414 βασιλεῦ,
730 2335 816 2390 ἐὰν
876 2334 1147 2410 θυμιάσῃς
1194 2335 1424 2403 στακτὴν
1475 2335 1593 2406 (siC)
1644 2331 1733 2386 καὶ

82 2424 346 2495 λίϐανον,
396 2425 486 2481 καί
563 2419 802 2501 βολϐοὺς
859 2423 1225 2496 θαλασσίους,
1283 2419 1478 2498 νάρδον
1534 2443 1593 2476 τε
1643 2420 1736 2476 καὶ

81 2516 427 2589 κρόκον,καὶ
487 2514 925 2591 λύχνους⁴ἅψῃς
983 2513 1116 2568 ἑπτὰ
1172 2512 1223 2567 ἐν
1280 2516 1510 2585 σεισμῷ,
1563 2509 1736 2565 οἰκίαν

80 2606 308 2681 ἐρείσεις
343 2627 357 2639 ο
388 2605 475 2660 ἐὰν
537 2602 596 2659 δὲ
641 2604 874 2677 καθαρὸς
898 2654 901 2657 λ
924 2599 1022 2672 ὢν,
1057 2605 1195 2676 ἅψῃς
1230 2597 1429 2677 ὄρθρου
1478 2599 1531 2654 ἐν
1588 2598 1737 2673 ἡλίῳ

80 2696 360 2770 ἡμμένοι),
395 2695 709 2769 (ἡμετέρου,
758 2691 1013 2769 ἡμετέρῳ
1031 2694 1077 2764 ‘3)
1122 2693 1211 2747 καὶ
1270 2688 1390 2766 ὄψει
1441 2690 1564 2745 τότε
1609 2687 1735 2766 δρά-

78 2807 280 2848 κοντας
327 2784 453 2845 τοὺς
501 2783 786 2859 οὐρανίους
835 2786 953 2843 πῶς
1002 2780 1274 2836 εἷλοῦνται
1322 2781 1445 2851 (sic)
1492 2779 1581 2834 καὶ
1642 2778 1739 2833 σῦ-

84 2896 242 2951 ρουσι
298 2874 359 2928 τὸ
408 2873 556 2945 ἅρμα
593 2875 692 2926 τοῦ
743 2869 929 2940 ἡλίου.
964 2870 1105 2946 Ἐγὼ
1137 2867 1194 2924 δὲ
1243 2867 1514 2941 Σολομῶν
1572 2872 1741 2923 ταῦτα

80 2963 321 3026 ἀκούσας
379 2961 687 3034 ἐπετίμησα
743 2960 929 3029 αὐτὸν,
976 2959 1065 3014 καὶ
1122 2959 1271 3014 εἷπον
1317 2980 1329 2992 ·

82 3052 194 3115 ἕως
252 3053 465 3119 τουτον,
514 3050 604 3105 καὶ
656 3050 813 3126 πρίζε
867 3049 933 3104 τὰ
989 3050 1251 3126 μάρμαρα
1312 3047 1385 3109 ὡς
1440 3047 1744 3122 προσέταξά

87 3166 199 3200 σοι.
260 3141 357 3196 Καὶ
416 3138 726 3214 εὐλογήσας
784 3139 874 3194 τὸν
935 3140 1063 3194 Θεὸν
1122 3137 1227 3213 ἐγὼ
1277 3135 1570 3209 Σολομῶν,
1628 3135 1742 3191 ἐκέ-

87 3234 259 3289 λευσα
317 3229 564 3306 παρεῖναί
625 3250 721 3301 μοι
772 3225 954 3303 ἕτερον
989 3226 1220 3301 δαίμονα
1254 3247 1267 3261 ο
1300 3225 1389 3281 καὶ
1448 3225 1586 3295 ἦλθε
1637 3225 1743 3301 πρὸ

65 2076 180 2125 τῶν

1394 2959 1587 3012 Σιώπα
1646 2979 1741 3030 μοι

1842 643 1922 698 Ne
1978 661 2068 698 me
2118 643 2462 715 interroges,
2514 662 2620 701 nec
2670 644 2827 701 enim
2880 647 3097 717 poteris
3147 664 3181 703 a
3230 664 3324 703 me
3375 648 3496 704 dis-

1843 749 2005 799 cere;
2044 733 2167 804 ipse
2208 738 2402 788 autem
2459 736 2526 788 ad
2562 740 2618 790 te
2664 735 2853 790 veniet
2902 752 3004 806 per
3054 753 3242 792 meam
3267 738 3497 808 jussio-

1842 838 2000 883 nem.
2032 827 2088 876 et
2118 826 2313 893 aperte
2363 822 2638 894 loquetur
2666 823 2794 880 tibi.
2830 824 2895 878 Et
2918 825 3035 878 dixi
3071 826 3142 880 ad
3176 840 3311 881 eum
3347 842 3361 881 :
3398 828 3491 883 ln-

1843 911 1969 965 dica
1999 911 2140 965 mihi
2172 928 2273 982 per
2316 928 2489 982 quem
2524 914 2797 984 angelum
2854 913 3149 984 impotens
3196 913 3492 971 efﬁciaris.

1844 1003 1949 1069 Qui
1977 1006 2056 1057 ait
2088 1019 2101 1057 :
2137 1003 2243 1058 Per
2282 1008 2552 1059 sanctum
2586 1012 2643 1061 et
2689 1006 3089 1063 venerandum
3125 1023 3334 1063 nomen
3366 1025 3499 1064 om-

1844 1092 2161 1163 nipotentis
2213 1092 2331 1160 Dei,
2381 1093 2565 1147 vocati
2616 1095 2771 1165 apud
2822 1093 3093 1150 Hebraros
3124 1094 3181 1150 in
3232 1095 3498 1168 Scriptu-

1841 1197 1998 1248 ra,...
2049 1182 2219 1250 cujus
2268 1198 2553 1238 numerus
2583 1184 2728 1253 6/14;
2778 1183 2935 1255 apud
2982 1183 3209 1240 Grmcos
3262 1185 3497 1242 Emma-

1843 1268 1975 1324 nuel
2007 1286 2019 1325 :
2053 1274 2109 1323 et
2141 1268 2187 1324 si
2240 1270 2373 1340 quis
2422 1270 2819 1326 Romanorum
2873 1272 3226 1343 adjuraverit
3256 1289 3350 1329 me
3395 1292 3500 1347 per

1842 1375 2123 1430 magnum
2159 1375 2368 1414 nomen
2401 1362 2709 1432 potestatis
2740 1362 2961 1429 Eleeth,
2995 1378 3296 1420 evanesco.
3330 1366 3495 1430 Quod

1842 1448 2089 1504 audiens
2121 1464 2226 1520 ego
2254 1447 2551 1518 Salomon,
2601 1449 2919 1522 obstupui;
2972 1455 3027 1505 et
3050 1451 3206 1522 jussi
3240 1456 3306 1507 ut
3334 1468 3497 1509 exse-

1842 1542 2000 1592 caret
2064 1554 2360 1593 marmora
2417 1538 2682 1594 Thebaea.
2754 1539 2896 1605 Cum
2958 1543 3153 1595 autem
3216 1540 3500 1613 inciperet

1842 1643 2139 1682 marmora
2181 1643 2401 1693 secare,
2432 1632 2639 1683 caetera
2687 1628 2975 1684 daemonia
3022 1628 3497 1686 exclamaverunt

1840 1733 1978 1771 voce
2012 1732 2244 1786 magna,
2278 1723 2576 1785 gementes
2627 1722 2865 1788 propter
2896 1733 3092 1789 regem
3125 1735 3301 1774 suum
3333 1719 3496 1775 Beel-

1841 1803 2030 1860 zebul.
2080 1805 2195 1876 Ego
2246 1804 2518 1861 Salomon
2568 1806 2917 1878 interrogavi
2968 1824 3103 1863 eum
3158 1807 3360 1864 dicens
3394 1825 3407 1863 :
3438 1806 3498 1864 Si

1840 1894 1929 1947 vis
1986 1894 2243 1963 requiem
2303 1910 2529 1965 capere.
2594 1912 2769 1949 narra
2816 1894 2961 1950 mihi
3013 1896 3084 1950 de
3133 1897 3495 1954 ccelestibus.

1847 1982 1996 2038 Dixit
2026 1981 2327 2037 Beelzebul
2362 1998 2375 2037 :
2409 1983 2583 2049 Audi,
2634 2000 2753 2045 rex,
2788 1985 2837 2039 si
2887 1984 3207 2041 adoleveris
3248 1990 3498 2057 stacten,

1844 2076 1903 2126 et
1934 2070 2098 2141 thus,
2130 2076 2187 2125 et
2216 2070 2429 2127 bulbos
2461 2071 2742 2143 marinos,
2769 2073 3017 2128 nardum
3046 2078 3101 2129 et
3153 2090 3413 2142 crocum,
3445 2079 3504 2130 et

1844 2158 2146 2231 lampades
2192 2161 2531 2215 accenderis
2573 2167 2822 2233 septem,
2871 2162 2931 2216 in
2980 2167 3146 2218 terra:
3197 2168 3358 2218 motu
3390 2162 3499 2218 do-

1846 2265 2009 2303 mum
2051 2248 2293 2317 fuleies;
2346 2254 2404 2305 et
2450 2251 2501 2306 si
2546 2267 2730 2321 purus
2779 2250 3087 2321 exsistens,
3136 2251 3495 2317 accenderis,

1845 2337 1966 2393 sole
1994 2355 2265 2393 auroram
2317 2339 2745 2407 inflammante,
2778 2341 3005 2413 videbis
3037 2347 3176 2395 tunc
3211 2343 3498 2396 dracones

1846 2426 2110 2482 cmlestes
2165 2428 2463 2497 quomodo
2536 2428 2866 2496 volvantur,
2927 2435 2986 2484 et
3055 2428 3196 2486 solis
3255 2445 3496 2484 currum

1846 2514 2098 2570 trahant.
2182 2519 2298 2587 Ego
2372 2514 2648 2570 Salomon
2701 2516 2825 2571 hazc
2883 2517 3151 2582 audiens,
3200 2516 3499 2588 increpavi

1846 2622 1980 2661 eum
2010 2609 2067 2663 et
2097 2606 2214 2660 dixi
2249 2622 2263 2661 :
2298 2605 2480 2661 Sileas
2532 2623 2719 2678 usque
2764 2607 2978 2674 adhuc,
3010 2613 3067 2662 et
3109 2608 3313 2664 scinde
3344 2625 3500 2663 mar-

1848 2712 2030 2764 mora,
2086 2699 2152 2750 ut
2197 2695 2440 2767 praecepi
2486 2695 2610 2750 tibi.
2645 2697 2713 2751 Et
2760 2695 3111 2752 benedicens
3160 2697 3344 2753 Deum
3392 2712 3499 2769 ego

1849 2784 2328 2855 Salomon,jussi
2379 2790 2443 2840 ut
2490 2786 2725 2841 adesset
2775 2785 2920 2841 mihi
2963 2785 3115 2841 alius
3146 2786 3415 2853 daemon;
3447 2788 3508 2841 et

1847 2873 2006 2928 Venit
2035 2873 2093 2927 in
2121 2879 2432 2945 conspectu
2480 2891 2609 2931 meo
2654 2893 2811 2931 unus
2861 2876 2959 2947 qui
3004 2874 3229 2929 vultum
3261 2875 3507 2947 gerebat

1849 2962 1909 3019 in
1943 2979 2074 3018 aere
2104 2963 2217 3019 alte
2265 2963 2540 3031 levatum,
2572 2969 2629 3020 et
2677 2965 2971 3036 reliquum
3020 2963 3264 3035 spiritus
3294 2963 3501 3019 sinuo-

1853 3069 1985 3109 sum
2013 3052 2196 3108 instar
2226 3053 2473 3109 cochlea:
2500 3071 2514 3122 ;
2547 3059 2603 3109 et
2633 3053 2920 3125 plurimos
2942 3053 3216 3109 contrivit
3247 3052 3505 3117 milites;

1854 3140 2223 3195 tremendum
2256 3147 2452 3196 autem
2484 3142 2771 3196 excitabat
2819 3141 2890 3196 de
2932 3144 3089 3196 terra
3122 3140 3417 3211 pulverem
3443 3144 3503 3194 et

1855 3244 2093 3283 sursum
2144 3230 2468 3300 attollebat,
2518 3234 2574 3284 et
2623 3247 2855 3285 rursum
2910 3228 3277 3301 projicicbat,
3304 3233 3371 3283 ut
3400 3244 3507 3283 nos

86 3321 390 3397 προσώπου
425 3323 530 3392 μοῦ
585 3320 731 3389 (sic),
765 3318 823 3379 ’ὸς
881 3316 947 3386 ἦν
1008 3316 1277 3391 ἐπιφέρων
1330 3316 1393 3369 τὸ
1450 3313 1741 3389 πρόσωπον

1863 3317 2349 3389 obstupefaceret,
2407 3292 2467 3375 et
2512 3292 2925 3391 interrogabat.
2963 3292 3104 3390 quid
3158 3292 3307 3373 milii
3357 3320 3513 3373 esset

91 3411 146 3468 ἐν
180 3415 259 3482 τῷ
289 3409 404 3482 ἀὲρι
437 3404 547 3463 ἄνω
583 3405 816 3481 ὑψηλὸν,
850 3404 939 3460 καὶ
968 3406 1030 3460 τὸ
1080 3403 1386 3460 ὑπόλοιπον
1440 3407 1536 3458 τοῦ
1583 3401 1745 3457 πνεύ-

93 3520 265 3575 ματος
293 3495 615 3569 είλούμενον
663 3494 791 3549 ὡσεὶ
838 3493 1075 3570 κοχλίας
1127 3511 1140 3524 °
1185 3493 1277 3548 καὶ
1330 3490 1549 3566 ὀλίγους
1611 3488 1748 3567 διὲρ-

90 3590 250 3665 ῥηξεν
295 3586 668 3662 στρατιώτας·
701 3580 892 3659 ἤγειρε
940 3581 997 3637 δὲ
1048 3582 1139 3637 καὶ
1187 3577 1418 3657 φοϐερὸν
1466 3581 1745 3655 κονιορτὸν

1854 3407 2005 3461 tanti
2039 3410 2318 3464 momenti
2348 3411 2419 3465 ab
2449 3426 2515 3465 eo
2548 3410 2928 3482 quaerendum
2958 3426 2971 3477 ;
3004 3413 3060 3464 et
3085 3424 3335 3479 surgens
3377 3423 3514 3463 exs-

1858 3497 1957 3568 pui
1990 3495 2049 3551 in
2081 3501 2297 3553 terram
2335 3499 2393 3553 in
2426 3514 2491 3554 eo
2522 3498 2671 3568 loco,
2702 3502 2759 3553 et
2789 3496 3012 3567 signavi
3048 3495 3267 3553 annulo
3298 3495 3424 3561 Dei,
3456 3499 3516 3551 et

1861 3586 1947 3640 sic
1976 3587 2139 3641 stetit
2168 3604 2332 3643 aura.

87 3680 180 3736 ἐπὶ
211 3685 309 3749 τῆς
338 3684 465 3755 γῆς,
495 3674 584 3731 καὶ
616 3672 865 3752 ἀνέφερεν
899 3675 1009 3728 ἄνω
1042 3692 1055 3705 ’
1088 3672 1180 3727 καὶ
1224 3670 1388 3727 πάλιν
1420 3666 1666 3747 ἕρῥιπτεν
1701 3670 1787 3724 ἐπὶ
1813 3671 1875 3726 τὸ
1907 3674 2053 3746 ἡμᾶς
2086 3668 2365 3747 θαμϐῆσαι
2401 3690 2414 3704 ⁶
2442 3672 2532 3728 καὶ
2583 3673 2724 3729 εἶπεν
2775 3672 2893 3727 τίνα
2951 3672 3066 3748 ἔχω
3114 3671 3387 3750 ἐρωτῆσαι
3437 3670 3514 3736 ὡς

88 3769 182 3826 ἐπὶ
205 3766 370 3836 πολὺ,
403 3765 493 3821 καὶ
520 3762 821 3820 ἀναστᾶντα
854 3783 921 3837 με
947 3761 1142 3818 πτύσαι
1175 3760 1354 3837 χαμαὶ
1385 3761 1501 3816 κατ’
1533 3757 1737 3815 ἐκείνου
1768 3765 1864 3816 τοῦ
1894 3762 2065 3817 τόπου
2096 3766 2173 3837 (3)
2205 3763 2291 3818 καὶ
2328 3762 2621 3839 ἐσφράγισα
2674 3766 2754 3835 τῷ
2801 3759 3137 3835 δακτυλιδίῳ
3185 3765 3283 3816 τοῦ
3331 3762 3465 3816 Θεοῦ
3498 3776 3511 3790 ⁸

84 3857 183 3914 καὶ
210 3855 384 3919 οὕτως
414 3850 576 3925 ἔστην
609 3854 644 3922 ἡ
677 3848 834 3923 αὔρα.

163 3962 305 4021 Τότε
359 3962 623 4036 ἠρώτησα
693 3960 855 4016 αὐτὸν
926 3956 1098 4032 λέγων
1132 3978 1145 3992 '
1209 3956 1284 4012 Σὺ
1339 3955 1421 4019 τίς
1481 3957 1565 4026 εἷς
1618 3956 1754 4032 ’Ἄρα

87 4052 256 4129 (αὖρα
275 4055 324 4125 Ἰ)
356 4052 434 4124 (4)
480 4048 628 4105 οὕτω
676 4048 842 4105 πάλιν
888 4048 1166 4123 κονιορτὸν
1212 4047 1427 4116 τινάξας
1488 4045 1750 4121 ἀπεκρίθη

94 4161 236 4217 μοι’
270 4141 338 4198 Τί
368 4140 431 4195 σὺ
461 4139 657 4206 θέλεις,
692 4140 811 4214 βασ.
847 4143 908 4193 Σ.
943 4136 1265 4210 Ἀπεκρίθην
1299 4135 1464 4207 αὐτῷ·
1493 4133 1629 4191 Εἰπέ
1661 4154 1754 4206 μοι

87 4233 147 4287 τί
184 4230 388 4305 λὲγεις,
411 4227 566 4303 κάγώ
596 4248 655 4282 σε
686 4226 889 4303 ἐρωτᾷν
923 4224 1089 4282 θὲλω.
1126 4223 1315 4288 Οὕτως
1344 4221 1402 4278 δὲ
1448 4220 1755 4298 εὕχαριστῶ

86 4327 179 4394 τῷ
236 4323 351 4390 Θεῷ
401 4322 480 4389 τῷ
537 4315 821 4394 σοφίσαντί
873 4335 939 4388 με
977 4314 1114 4389 πρὸς
1168 4315 1265 4374 τὰς
1328 4310 1533 4389 βουλὰς
1582 4310 1757 4365 αὐτῶν

90 4408 498 4484 ἀποκρίνεσθαι.
532 4407 676 4484 Ἔφη
712 4402 769 4459 δὲ
805 4424 898 4477 μοι
933 4423 947 4436 ’
983 4402 1124 4477 Ἐγώ
1156 4402 1271 4475 εἰμι
1300 4402 1362 4457 τὸ
1406 4404 1617 4473 πνεῦμα
1657 4406 1759 4468 τῆς

87 4499 302 4576 τέερραυ
331 4498 450 4570 (sic)
482 4515 496 4528 '
532 4495 697 4552 Εἶπον
733 4491 791 4548 δὲ
830 4493 976 4564 αὖτῷ
1002 4519 1017 4562 ς
1046 4492 1142 4553 Τίς
1189 4495 1223 4562 ἡ
1270 4490 1459 4565 πρᾶξίς
1507 4512 1602 4545 σου
1635 4508 1652 4525 θ
1699 4496 1759 4545 Ἠ

1934 3965 1999 4016 Et
2030 3966 2168 4017 tunc
2199 3960 2553 4034 interrogavi
2586 3977 2720 4016 eum
2756 3976 2772 4016 :
2803 3961 2886 4015 Tu
2919 3958 3020 4031 qui
3052 3974 3112 4015 es
3133 3958 3162 4013 ?
3192 3958 3357 4014 Tunc
3384 3972 3516 4011 rur-

1863 4066 1965 4105 sus
2015 4050 2312 4121 pulverem
2360 4051 2623 4106 excitans
2667 4048 2972 4121 respondit
3001 4046 3145 4104 mihi
3178 4063 3191 4102 :
3226 4045 3375 4112 Quid
3405 4044 3517 4111 vis,

1864 4156 1962 4194 rex
1991 4139 2310 4195 Salomon?
2339 4141 2409 4195 Et
2456 4139 2731 4211 respondi
2764 4155 2778 4193 :
2814 4138 3012 4193 Indica
3056 4133 3201 4190 mibi
3239 4134 3381 4205 quid
3421 4132 3514 4187 di-

1865 4244 1985 4293 cas,
2029 4244 2133 4300 ego
2185 4227 2311 4284 volo
2359 4232 2415 4284 te
2458 4228 2842 4300 interrogare.
2892 4227 3101 4297 Sicque
3149 4222 3371 4296 gratias
3407 4236 3517 4293 ago
3601 4295 3604 4297 Δ

1866 4316 1982 4372 Deo
2021 4316 2120 4389 qui
2172 4334 2264 4373 me
2313 4317 2638 4390 sapientem
2690 4316 2846 4376 fecit.
2897 4320 2962 4370 ut
3009 4311 3257 4369 consilio.
3311 4324 3516 4367 eorum

1867 4405 2270 4462 excludantur.
2304 4408 2374 4462 Et
2411 4406 2559 4462 dixit
2604 4405 2750 4462 mihi
2786 4423 2799 4461 :
2832 4406 2946 4476 Ego
2997 4419 3129 4459 sum
3162 4401 3411 4473 spiritus
3440 4397 3521 4454 ci-

1869 4496 2047 4551 neris.
2081 4496 2151 4552 Et
2180 4496 2295 4551 dixi
2328 4496 2380 4553 ei
2414 4513 2426 4551 :
2463 4498 2599 4563 Ome
2630 4506 2721 4551 est
2770 4494 3030 4565 operatio
3062 4495 3213 4548 tua?
3242 4489 3350 4557 Qui
3394 4488 3475 4546 ait
3503 4500 3546 4541 :i

89 4588 156 4644 δὲ
191 4585 291 4664 ἔφη
327 4605 340 4618 '
374 4584 719 4658 Ἀνθρώπους
769 4581 1022 4651 σκοτίζω,
1054 4582 1142 4637 καὶ
1197 4579 1392 4656 ἀγροὺς
1450 4578 1756 4655 ἐμπυρίζω·

1870 4585 2149 4641 Homines
2181 4585 2437 4642 tenebris
2484 4584 2724 4641 obvolvo
2756 4589 2814 4639 et
2857 4599 3097 4655 campos
3145 4578 3432 4644 incendo;
3466 4582 3525 4633 et

87 4677 187 4735 xui
222 4672 403 4736 οἝιους
435 4677 688 4749 καταργῷ
720 4692 733 4705 ·
767 4670 855 4726 ἐπὶ
907 4668 1168 4726 πλεῖστον
1215 4666 1271 4724 δὲ
1321 4665 1436 4744 ἔχω
1485 4668 1585 4736 τὴν
1627 4673 1759 4741 πρᾶ-

90 4769 180 4839 ξιν
240 4764 295 4820 ἐν
355 4763 496 4838 θέρει
529 4781 542 4793 '
577 4762 704 4816 ὅταν
757 4757 816 4815 δὲ
872 4760 1062 4834 καιρὸν
1105 4757 1274 4833 οὕρω,
1311 4754 1621 4828 ὑποδύομαι
1689 4754 1763 4816 εἷς

90 4852 305 4933 γωνίας
355 4856 577 4927 τειχῶν,
610 4850 799 4911 νυκτὸς
857 4850 946 4903 καὶ
989 4850 1201 4923 ἡμέρας
1236 4864 1249 4878 ·
1291 4844 1401 4915 ἤδη
1440 4845 1540 4919 γὰρ
1603 4844 1764 4918 γόνος

94 4929 221 5018 εἰμὶ
280 4945 374 4996 τοῦ
432 4938 712 5015 Μεγάλου.
773 4938 937 4994 Εἶπον
999 4936 1089 4991 οὖν
1158 4935 1305 5007 αὖτῷ
1337 4953 1351 4968 ·
1386 4934 1534 5005 lloin
1583 4929 1764 5007 ἄστρῳ

95 5038 284 5090 κεῖσαι
310 5050 323 5100 ;
353 5031 415 5088 Ὁ
458 5026 517 5084 δὲ
573 5025 675 5105 ἔφη
712 5047 724 5060 ·
759 5029 836 5100 (5)
869 5032 953 5080 Ἐν
987 5024 1133 5098 αὐτῷ
1162 5029 1242 5097 τῷ
1271 5022 1487 5099 ἀκρὸνῳ
1518 5022 1639 5094 (sic)
1668 5023 1764 5074 τοῦ

96 5124 332 5194 κέρατος
388 5121 487 5185 τῆς
549 5116 918 5187 σελήνης,τῷ
977 5114 1028 5169 ἐν
1084 5119 1163 5185 τῷ
1192 5112 1335 5185 νότῳ
1367 5110 1764 5185 εὐρισιιομένῳ,

98 5211 220 5265 ἐκεῖ
284 5207 375 5281 μοί
434 5206 545 5261 ἐστι
602 5206 664 5259 τὸ
719 5203 916 5279 ἄστρον
948 5222 962 5234 ⁸
1012 5201 1149 5257 διότι
1207 5201 1274 5257 τὰ
1323 5199 1615 5280 σφάλματα
1670 5200 1765 5252 τοῦ

99 5297 463 5374 ἡμιτριταίου
495 5295 878 5369 προσετάχοην
933 5292 1224 5366 ἀνιμᾶσοαι
1265 5293 1391 5364 (sic)
1424 5308 1436 5320 °
1472 5286 1560 5344 διὰ
1606 5291 1765 5343 τοῦτο

104 5385 319 5449 ἰδόντες
351 5384 557 5442 πολλοὶ
587 5388 693 5439 τῶν
729 5383 1029 5459 ἀνθρώπων
1061 5379 1316 5456 εὔχονται
1377 5377 1451 5440 είς
1492 5378 1581 5432 τὸν
1632 5379 1768 5449 ἡμι-

182 5602 262 5673 (3)
294 5603 355 5657 In
388 5616 571 5673 marg.
604 5598 812 5673 infimo
841 5600 930 5653 est
962 5594 1339 5673 correction.
1387 5589 1507 5648 εκαὶ
1540 5588 1770 5648 ἀναστὰς

101 5663 313 5730 ἔπτυσα
343 5663 673 5747 χαμαῖοιατ⁹
705 5668 912 5747 ἐκείνου
932 5668 1104 5723 τόπου
1135 5666 1227 5721 καὶ
1258 5663 1303 5721 ἐ.

184 5746 267 5818 (4)
295 5737 546 5818 scriptio
578 5747 666 5800 est
698 5760 711 5797 ι
746 5737 847 5815 ἄρα

1870 4675 2077 4730 domos
2130 4675 2409 4742 destruo;
2464 4674 2525 4729 in
2580 4679 2723 4729 zestu
2786 4677 2983 4727 autem
3051 4669 3304 4725 maxime
3355 4664 3521 4720 labor

1873 4780 2039 4818 meus
2099 4781 2113 4831 ;
2180 4765 2414 4834 quando
2486 4778 2621 4817 vero
2688 4760 3187 4832 opportunitatem
3266 4753 3518 4819 invenio,

1873 4852 2107 4924 angulis
2139 4853 2417 4906 moenium
2470 4850 2674 4916 subeo,
2726 4852 2897 4904 nocte
2946 4850 3001 4902 et
3032 4847 3127 4901 die
3161 4844 3325 4915 :jam
3362 4841 3520 4897 enim

1874 4941 2069 5013 Magni
2115 4941 2271 4997 tilius
2319 4957 2473 4995 sum.
2526 4939 2649 4993 Dixi
2701 4954 2837 5008 ergo
2869 4936 2919 4991 ei
2954 4953 2967 4991 :
3002 4935 3122 4991 Sub
3170 4949 3285 5005 quo
3334 4931 3527 4987 sidere

1874 5030 2043 5088 stas?
2091 5029 2199 5095 Qui
2246 5030 2331 5085 ait
2364 5046 2376 5084 :
2408 5029 2526 5083 Sub
2574 5027 2705 5099 ipsa
2754 5026 3094 5083 summitate
3142 5038 3325 5078 cornu
3376 5019 3527 5075 lunae

1875 5121 2028 5192 quod
2090 5120 2160 5175 ad
2235 5116 2537 5174 meridiem
2613 5116 2930 5180 invenitur,
2992 5112 3087 5168 hic
3160 5110 3304 5166 mihi
3365 5108 3533 5165 sidus

1877 5216 2003 5279 est;
2040 5210 2178 5280 quia
2208 5207 2481 5263 sinistros
2532 5221 2847 5261 successus
2897 5202 3079 5258 febris
3130 5197 3408 5255 tertiarite
3437 5212 3534 5252 or-

1878 5301 2114 5355 dinatus
2174 5315 2304 5353 sum
2368 5300 2432 5352 ut
2490 5295 2738 5362 tollam;
2797 5296 3038 5366 propter
3104 5289 3216 5344 hoc
3269 5288 3537 5343 videntes

1880 5388 2051 5444 multi
2130 5387 2456 5453 hominum,
2515 5386 2574 5441 in
2653 5382 2917 5440 tertiaria
2992 5378 3141 5438 febri
3214 5379 3537 5449 deprecan-

1954 5588 2023 5656 (5)
2056 5583 2241 5639 Dntiv.
2298 5581 2581 5656 correctio
2629 5597 2811 5656 supra
2848 5578 3057 5652 posita.
3112 5576 3259 5633 Nam
3293 5574 3351 5630 in
3383 5573 3541 5629 linea

1893 5650 2144 5730 regulari
2179 5672 2298 5711 acc.
2332 5653 2407 5715 εἷς
2437 5650 2595 5708 αὐτὸν
2624 5650 2872 5726 ἄκρονονή.
