4046 6338
492 439 650 500 1327

1477 431 1878 494 APPENDlX
1917 431 2021 492 AD
2066 428 2529 492 MICHAELEM
2575 430 2963 495 PSELLUM.

3756 435 3917 495 1328

489 579 589 630 tur
628 573 684 628 in
731 571 920 626 tribus
968 567 1308 624 nominibus
1360 583 1374 622 :
1424 565 1518 622 his
1566 564 1850 631 Boultala,
1882 562 2132 630 Thallal,

2247 568 2487 634 τριταῖον
2547 563 2598 618 ἐν
2652 569 2769 626 τοῖς
2819 562 2991 640 τρισὶν
3053 563 3281 638 ὀνόμασι
3337 562 3558 626 τούτοις
3601 560 3904 640 βουλταλὶ,

489 662 756 731 Melchal,
789 665 844 716 et
873 677 1014 715 sano
1058 675 1175 714 eos.
1213 658 1338 714 Dixi
1371 657 1421 712 ei
1463 673 1568 729 ego
1599 657 1869 711 Salomon
1903 673 1916 709 :
1951 655 2140 718 Quan-

489 754 562 809 do
619 754 705 807 vis
762 749 914 805 male
962 750 1174 818 facere,
1218 765 1321 820 per
1377 763 1552 818 quem
1604 745 1756 800 male
1806 745 1981 816 agis?
2033 743 2140 807 Qui

490 845 572 899 ait
603 858 616 896 :
654 842 757 896 Per
787 839 1060 911 angelum
1105 855 1207 910 per
1239 854 1410 908 quem
1460 836 1724 891 tertiaria
1756 835 1931 890 febris
1975 834 2139 904 quie-

487 932 618 987 scit.
681 928 1031 998 Interrogavi
1091 943 1224 982 eum
1276 926 1478 981 dicens
1526 943 1538 979 :
1590 931 1653 980 In
1697 942 1812 994 quo
1855 922 2140 978 nomine?

490 1021 560 1076 Et
619 1019 700 1074 ait
761 1035 774 1072 :
835 1015 1179 1087 Archangeli
1236 1013 1425 1069 Azael.
1483 1013 1770 1068 Advocavi
1828 1011 2144 1082 archange-

491 1109 617 1163 lum
666 1105 857 1174 Azael,
910 1111 968 1160 et
1016 1103 1209 1175 sigillo
1263 1102 1454 1158 notavi
1505 1103 1852 1168 daemonem,
1906 1098 2143 1170 etjussi

492 1200 562 1253 ut
637 1196 860 1266 lapides
920 1210 1164 1265 magnos
1238 1191 1708 1264 apprehendens,
1770 1191 1829 1245 in
1873 1190 2143 1261 :superna

491 1284 694 1358 templi
742 1284 993 1339 deferret
1041 1280 1322 1353 operariis
1365 1298 1378 1337 :
1426 1285 1482 1335 et
1526 1280 1580 1334 vi
1630 1283 1866 1334 coaetus
1916 1278 2141 1333 daemon

485 1378 656 1448 jussa
702 1372 1011 1445 implevit;
1063 1375 1120 1426 et
1168 1386 1377 1425 rursus
1430 1369 1751 1441 gloriﬁcavi
1807 1367 1986 1423 Deum
2041 1366 2139 1436 qui

493 1465 654 1521 dedit
708 1463 853 1518 mihi
930 1459 1107 1516 talem
1184 1463 1553 1530 potestatem.
1633 1458 1702 1512 Et
1777 1457 2020 1528 praecepi
2078 1459 2141 1508 ut

489 1555 723 1609 adesset
771 1549 918 1605 mihi
965 1548 1115 1604 alius
1165 1550 1410 1602 daemon.
1447 1551 1512 1600 Et
1561 1549 1843 1601 venerunt
1892 1543 2138 1614 spiritus

486 1645 710 1712 septem
745 1637 979 1694 feminei
1031 1635 1204 1692 simul
1251 1635 1431 1690 vincti
1487 1637 1544 1689 et
1593 1633 1859 1701 connexi,
1912 1631 2139 1704 pulchri

484 1732 630 1786 faeie
661 1734 716 1784 et
748 1729 935 1782 forma
967 1729 1347 1798 praestantes;
1405 1729 1461 1780 et
1491 1723 1696 1778 videns
1728 1739 1833 1795 ego
1865 1721 2138 1776 Salomon

483 1817 835 1891 interrogavi
881 1833 978 1872 eos
1011 1832 1023 1870 :
1055 1815 1161 1879 Qui
1211 1814 1351 1870 eslis
1403 1813 1552 1868 vos?
1603 1815 1736 1877 Quae
1784 1811 2142 1866 unanimiter

483 1909 688 1964 eadem
719 1921 855 1962 voce
886 1905 1159 1960 dixerunt
1194 1919 1206 1958 :
1242 1907 1357 1957 Nos
1408 1919 1617 1957 sumus
1663 1917 1730 1956 ex
1759 1901 2003 1971 triginta
2035 1900 2135 1954 tri-
2169 1929 2215 1992 Β

482 1997 594 2052 bus
616 1994 929 2050 comitibus
955 1991 1236 2064 principis
1264 1992 1636 2046 tenebrarum
1666 2007 1678 2057 ;
1715 1993 1772 2044 et
1804 1990 1883 2044 ait
1906 1989 2132 2060 prima:

485 2087 600 2161 Ego
632 2101 763 2140 sum
809 2081 1092 2150 Fallacia;
1139 2081 1398 2136 secunda
1430 2096 1441 2134 :
1479 2081 1592 2150 Ego
1640 2095 1763 2132 sum
1797 2078 2134 2146 Discordia;

485 2174 701 2230 tertia:
737 2174 853 2244 Ego
885 2187 1017 2226 sum
1058 2168 1326 2235 Clothod,
1379 2169 1434 2222 id
1486 2173 1576 2222 est
1607 2168 1845 2238 Pugna;
1882 2170 2088 2235 quarta
2123 2183 2135 2222 :

486 2265 604 2334 Ego
655 2279 783 2318 sum
838 2259 1106 2325 Invidia;
1156 2259 1411 2329 quinta:
1448 2258 1562 2327 Ego
1614 2273 1746 2311 sum
1795 2256 2137 2323 Fortitudo;

487 2356 650 2409 sexta
682 2368 695 2406 :
730 2351 846 2421 Ego
895 2364 1028 2404 sum
1083 2348 1292 2415 Error;
1345 2347 1640 2418 septima:
1677 2351 1792 2418 Ego
1842 2362 1974 2401 sum
2007 2349 2140 2400 Pes-

486 2441 674 2508 sima;
707 2444 764 2494 et
793 2437 986 2493 sidera
1018 2441 1219 2492 nostra
1261 2436 1321 2490 in
1355 2435 1498 2491 emlo
1552 2440 1691 2490 sunt
1723 2439 1946 2506 septem
1981 2439 2141 2488 astra

486 2547 612 2602 quae
645 2545 819 2600 parva
848 2526 1140 2596 videntur,
1195 2526 1252 2580 in
1304 2525 1665 2594 Concordia;
1718 2531 1775 2580 et
1809 2529 1869 2578 ut
1899 2524 2017 2579 deae
2048 2540 2142 2577 vo-

486 2634 691 2674 camur
723 2633 735 2671 :
770 2615 947 2670 simul
987 2615 1113 2671 loco
1165 2614 1450 2682 cedimus,
1484 2619 1540 2669 et
1582 2613 1760 2668 simul
1805 2612 2141 2667 habitamus

485 2722 642 2762 nunc
669 2705 932 2778 Lydiam,
987 2721 1143 2758 nunc
1192 2703 1528 2776 Olympum,
1583 2719 1738 2756 nunc
1790 2719 1922 2757 vero
1954 2701 2138 2756 altum

485 2801 766 2851 montem.
799 2796 867 2849 Et
911 2794 1260 2864 interrogavi
1309 2809 1408 2847 eas
1461 2809 1566 2863 ego
1621 2792 1896 2847 Salomon
1930 2790 2143 2861 sigilla-

485 2886 615 2956 tim,
648 2884 934 2956 incipiens
967 2901 1000 2937 a
1028 2883 1219 2954 prima
1250 2898 1435 2952 usque
1467 2881 1536 2936 ad
1573 2881 1908 2952 septimam.
1947 2881 2143 2934 Prima

487 2975 634 3030 dixit
667 2991 679 3029 :
717 2979 826 3045 Ego
858 2990 991 3028 sum
1043 2971 1332 3038 Fallacia;
1386 2970 1635 3040 decipio,
1671 2969 1976 3024 machinor
2006 2968 2140 3022 hinc

489 3067 547 3118 et
577 3063 735 3130 hinc,
768 3063 1015 3116 haereses
1059 3061 1281 3127 excito;
1331 3060 1430 3114 sed
1463 3059 1648 3113 habeo
1680 3059 2016 3112 domantem
2049 3073 2140 3112 me

491 3150 766 3223 angelum
827 3148 1217 3204 Lamechalal.
1269 3146 1554 3203 Similiter
1597 3152 1653 3202 et
1707 3147 1964 3201 secunda
2011 3145 2136 3201 ait:

493 3240 609 3311 Ego
641 3256 768 3294 sum
802 3238 1125 3304 Discordia,
1165 3237 1460 3292 contentio
1503 3236 1944 3291 contentionum
1973 3253 1988 3303 ;
2022 3236 2139 3291 fero

491 3327 671 3400 ligna,
703 3326 952 3398 lapides,
983 3326 1233 3398 gladios,
1281 3330 1337 3381 et
1385 3342 1548 3380 arma
1580 3342 1708 3380 mea
1739 3325 1955 3397 ubique
1986 3324 2093 3380 loci
2123 3345 2136 3393 ;

475 3417 578 3472 sed
614 3416 797 3471 habeo
841 3415 1115 3488 angelum
1169 3415 1656 3486 comprimentem
1693 3431 1784 3470 me
1814 3415 2136 3471 Baruchia-

477 3504 625 3560 chel.
659 3503 941 3559 Similiter
984 3508 1040 3559 et
1088 3503 1261 3558 tertia
1293 3503 1438 3558 dixit
1470 3521 1482 3559 :
1519 3504 1632 3575 Ego
1667 3503 1911 3559 Clothod
1949 3505 2135 3559 nomi-

477 3611 606 3663 nor,
641 3593 697 3648 id
747 3598 836 3649 est
877 3593 1120 3662 Pugna;
1175 3593 1312 3664 quia
1361 3597 1424 3648 ut
1454 3609 1678 3648 corona:
1727 3594 2050 3664 perdantur
2081 3599 2137 3650 et

479 3684 652 3755 capiti
684 3684 998 3755 cingantur
1048 3682 1272 3750 efﬁcio;
1307 3687 1363 3737 et
1406 3683 1546 3754 quid
1603 3682 1790 3737 multa
1816 3682 1943 3738 dico
1965 3683 1992 3737 ?
2021 3687 2132 3739 Ha-

482 3773 590 3829 beo
649 3771 922 3845 angelum
974 3774 1074 3844 qui
1126 3788 1218 3827 me
1269 3770 1499 3826 irritam
1561 3771 1700 3827 facit
1753 3775 2130 3828 Marmarath.

480 3862 762 3917 Similiter
807 3865 864 3917 et
911 3865 1119 3933 quarta
1173 3861 1319 3916 dixit
1352 3879 1364 3917 :
1398 3863 1513 3932 Ego
1563 3862 1706 3916 facio
1757 3867 1819 3916 ut
1863 3862 2132 3918 homines

483 3969 596 4007 non
634 3951 865 4023 sapiant
898 3968 910 4006 :
950 3967 1249 4019 mensuro,
1296 3967 1525 4022 separo,
1569 3950 1784 4020 divido,
1818 3953 2133 4007 comitante

479 4057 572 4096 me
625 4039 956 4103 Discordia;
1010 4040 1309 4095 hominem
1362 4040 1607 4111 sejungo
1641 4057 1673 4094 a
1705 4041 1952 4111 conjuge
2001 4058 2129 4109 sua,

478 4134 534 4185 et
567 4129 717 4184 filios
745 4146 778 4183 a
809 4129 1173 4200 parentibus,
1209 4134 1265 4184 et
1305 4129 1513 4184 fratres
1544 4146 1577 4182 a
1609 4129 1931 4198 fratribus;
1967 4137 2024 4184 et
2062 4130 2132 4184 de

479 4234 571 4272 me
604 4218 741 4288 quid
778 4218 1008 4272 multa?
1054 4217 1328 4289 angelum
1374 4218 1558 4272 habeo
1590 4218 1688 4288 qui
1741 4235 1834 4272 me
1863 4217 2134 4274 inutilem

477 4306 634 4373 facit,
669 4322 950 4377 magnum
976 4306 1290 4361 Baltbioul.
1320 4306 1604 4361 Similiter
1636 4311 1692 4361 et
1723 4307 1930 4377 quinta
1953 4308 2132 4364 dixit:

475 4396 594 4466 Ego
629 4411 760 4449 sum
814 4394 1112 4450 Fortitudo
1141 4413 1153 4462 ;
1205 4395 1258 4448 vi
1289 4398 1574 4466 tyrannos
1625 4397 1938 4464 constituo,
1973 4414 2137 4469 reges

473 4483 700 4553 dejicio,
734 4483 1010 4538 omnibus
1054 4483 1407 4538 adversariis
1459 4485 1637 4538 robur
1669 4485 1931 4555 prmbeo;
1969 4504 2137 4557 auge.

473 4572 597 4628 lum
628 4571 813 4628 habeo
855 4571 957 4644 qui
999 4589 1091 4627 me
1142 4589 1370 4628 cassam
1405 4573 1544 4628 facit
1595 4575 1923 4629 Asteraoth.
1960 4576 2132 4631 Simi-

2251 651 2488 721 Οαλλάλ,
2525 652 2745 728 μελχάλ
2784 671 2799 688 ⁶
2829 653 2918 708 καὶ
2967 653 3138 726 ἱῶμαι
3170 653 3383 717 αὐτούς.
3414 653 3579 710 Εἶπον
3643 651 3702 708 δὲ
3760 654 3907 726 αὐτῷ

2251 738 2355 814 ἐγὼ
2389 740 2658 814 Σολομῶν
2696 763 2707 774 ο
2740 744 2869 799 ’Ὀτε
2899 739 2988 796 οὖν
3023 740 3182 816 θέλῃς
3213 749 3552 818 κακουργεῖν,
3593 743 3647 797 ὲν
3679 742 3784 796 τίνι
3813 763 3904 796 κα-

2249 835 2538 904 κουργεῖς;
2573 833 2634 888 Ὁ
2667 828 2723 885 δὲ
2766 853 2858 904 μοι
2889 827 2989 908 ἔφη
3027 851 3040 864 ·
3076 833 3162 885 Ἐν
3192 837 3272 904 τῷ
3299 831 3539 907 ἀγγέλῳ,
3573 833 3619 903 ᾧ
3650 833 3740 886 καὶ
3792 853 3905 906 τρι-

2248 924 2399 980 ταῖος
2475 923 2892 977 ἐπαναπαύεται.
2948 922 3314 994 Ἐπηρώτησα
3365 919 3421 976 δὲ
3469 921 3629 976 αὐτὸν
3691 922 3784 976 καὶ
3833 924 3906 976 εἶ-

2249 1028 2349 1061 πον
2388 1030 2399 1042 ·
2449 1011 2534 1065 Ἐν
2585 1009 2725 1083 ποίῳ
2775 1007 2833 1064 δὲ
2878 1010 3103 1083 ὀνόματι
3131 1031 3143 1078 ;
3172 1011 3232 1066 Ὀ
3285 1008 3341 1065 δὲ
3373 1008 3472 1088 ἔφη
3508 1031 3521 1044 ο
3556 1014 3661 1064 Τοῦ
3695 1012 3902 1086 ἀρχαγ-

2249 1096 2414 1173 γέλου
2462 1097 2690 1168 Ἀζαήλ.
2755 1099 2852 1153 Καὶ
2913 1099 3326 1172 ἐπεκαλεσάμην
3399 1101 3493 1154 τὸν
3556 1097 3903 1175 ἀρχάγγελον

2250 1186 2478 1256 Ἀζαήλ,
2528 1188 2616 1242 καὶ
2669 1187 3033 1266 ἐπεσφράγισα
3077 1189 3167 1242 τὸν
3223 1186 3458 1262 δαίμονα
3491 1206 3503 1221 ·
3556 1189 3646 1243 καὶ
3691 1188 3909 1244 ἐκέλευ-

2253 1298 2317 1330 σα
2375 1276 2533 1332 αὐτὸν
2613 1277 2798 1340 λίθους
2879 1275 3154 1353 μεγάλους
3231 1278 3505 1353 ἁρπάζειν,
3562 1279 3655 1333 καὶ
3715 1278 3794 1342 εἷς
3850 1280 3913 1332 τά

2255 1365 2439 1439 ὑψηλά
2467 1372 2562 1422 τοῦ
2592 1372 2723 1422 ναοῦ
2760 1367 3056 1437 ἀκοντίζειν
3088 1373 3205 1430 τοῖς
3253 1371 3527 1444 τεχνίταις
3560 1385 3572 1397 .
3607 1369 3700 1423 καὶ
3752 1369 3917 1443 agr.“

2251 1455 2548 1530 καζὸμενον
2605 1457 2668 1510 τὸ
2727 1453 3008 1530 δαιμόνιον
3061 1457 3128 1511 τὰ
3183 1456 3626 1532 προστεταγμένα
3715 1457 3916 1513 ἐποίει.

2252 1544 2357 1599 Καὶ
2420 1543 2525 1619 ἐγὼ
2582 1543 2748 1599 πάλιν
2811 1542 3036 1616 ἐδόξασα
3092 1547 3182 1600 τὸν
3243 1546 3372 1601 Θεὸν
3431 1547 3521 1601 τὸν
3596 1544 3760 1601 δόντα
3822 1568 3916 1619 μοι

2252 1631 2491 1704 ἐξουσίαν
2527 1633 2729 1704 ταύτην
2765 1653 2778 1666 ⁸
2832 1635 2918 1688 καὶ
2971 1634 3224 1699 ἐκέλευσα
3271 1635 3518 1709 παρεῖναί
3572 1656 3668 1708 μοι
3725 1632 3915 1707 ἕτερον

2253 1718 2556 1794 δαιμόνιον.
2593 1724 2697 1778 Καὶ
2729 1722 2903 1792 ἦλθον
2937 1723 3218 1797 πνεύματα
3271 1725 3406 1778 ἑπτά
3450 1723 3667 1794 θηλυκὰ
3720 1722 3917 1779 συνδε-

2253 1809 2447 1882 δεμένα
2499 1813 2587 1866 καὶ
2647 1813 3129 1889 συμπεπλεγμένα,
3183 1811 3431 1892 εὔμορφα
3495 1815 3558 1868 τὸ
3616 1812 3764 1876 εἶδος
3824 1814 3916 1869 καὶ

2251 1897 2507 1975 εὕσχημα
2541 1920 2553 1932 ·
2589 1901 2694 1976 ὶγὼ
2726 1900 2783 1956 δὲ
2826 1901 3094 1975 Σολομῶν
3149 1900 3278 1957 ἰδὼν
3340 1903 3673 1978 ἐπηρώτησα
3730 1904 3870 1958 uiti
3903 1926 3916 1936 ·

2249 1991 2428 2063 Ὑμεῖς
2509 1990 2643 2052 τίνες
2705 1990 2877 2062 ἐστὲ;
2938 1992 3005 2046 Ai
3069 1989 3126 2046 δὲ
3185 1990 3536 2065 ὁμοθυμαδὸν
3601 1993 3705 2066 μίᾳ
3760 1999 3918 2070 φωνῇ

2248 2073 2446 2157 ἔφησαν
2511 2099 2523 2112 ο
2583 2081 2774 2153 Ἡμεῖς
2835 2081 2991 2154 ἐσμεν
3055 2080 3113 2136 ἐκ
3177 2086 3285 2136 τῶν
3366 2080 3660 2158 τριάκοντα
3739 2089 3914 2155 τριῶν

2251 2168 2540 2242 στοιχείων
2581 2174 2679 2224 τοῦ
2736 2173 3184 2247 κοσμοκράτορος
3237 2175 3333 2225 τοῦ
3403 2168 3650 2236 σκότους.
3704 2173 3918 2247 "Eques:

2679 2259 2824 2333 Ἐγώ
2866 2259 2980 2333 εἶμι
3012 2263 3046 2329 ἡ
3082 2261 3293 2330 Ἀπάτη
3331 2279 3343 2292 ·
3377 2264 3412 2329 ἡ
3465 2258 3685 2332 δευτέρα
3721 2281 3735 2293 ·
3772 2263 3918 2335 Ἑγὼ

2251 2346 2366 2418 εἶμι
2414 2349 2448 2416 ἡ
2481 2351 2631 2421 Ἔρις
2801 2349 2959 2423 τρίτη
3017 2351 3160 2426 Ἐγώ
3219 2351 3331 2422 εἰμι
3394 2349 3623 2413 Κλωθός
3656 2370 3670 2381 ’
3709 2352 3742 2404 δ
3803 2351 3915 2405 ἐστι

2253 2437 2405 2511 μάχη
2461 2455 2474 2468 °
2530 2440 2564 2505 ἡ
2621 2437 2850 2513 τετάρτη
2909 2457 2922 2471 ·
2979 2439 3120 2513 Ἐγώ
3178 2438 3292 2512 εἶμι
3353 2441 3389 2508 ἡ
3441 2436 3603 2508 Ζώλη
3668 2443 3837 2512 aio}-
3879 2443 3913 2509 ἡ

2249 2525 2471 2596 πέμπτη
2509 2544 2521 2556 ·
2554 2528 2698 2601 Ἐγώ
2748 2527 2862 2599 εἰμι
2911 2530 2945 2596 ἡ
2997 2528 3234 2600 Δῦναμις
3269 2530 3341 2597 wh
3399 2525 3552 2597 ἕκτη⁹
3589 2529 3737 2602 Ἐγώ
3800 2529 3913 2601 ειμι

2250 2616 2284 2683 ἠ
2319 2611 2506 2686 ΙΙλάνη
2539 2634 2552 2647 ·
2587 2619 2620 2685 ἡ
2656 2611 2889 2689 ἑϐδόμη,
2923 2618 3067 2692 Ἐγώ
3121 2617 3234 2689 εἷ’μι
3289 2620 3323 2686 ἡ
3377 2617 3612 2687 Κακίστη
3652 2637 3666 2649 °
3695 2618 3794 2671 καὶ
3850 2620 3918 2673 τά

2252 2702 2419 2767 ἄστρα
2464 2707 2625 2776 ἡμῶν
2671 2704 2720 2759 ἐν
2775 2706 2991 2782 οὐρανῷ
3037 2704 3192 2776 εἰσιν,
3227 2707 3360 2760 ἑπτά
3407 2705 3573 2781 ἄστρα
3626 2727 3917 2786 μικροιρα-

2250 2799 2316 2860 νῆ
2367 2795 2489 2865 (sic)
2539 2793 2590 2846 ἐν
2643 2793 2872 2866 ὁμονοίᾳ
2905 2814 2918 2826 ·
2952 2794 3041 2848 καὶ
3096 2794 3169 2856 ὡς
3215 2794 3334 2856 θεὰς
3367 2793 3688 2867 καλούμεθα
3725 2816 3740 2827 ο
3775 2798 3916 2868 ὁμοῦ

2251 2255 2307 2312 δὲ
2401 2259 2592 2331 πρώτη
2630 2279 2642 2292 ·

2250 2879 2698 2954 ἀλλασσοῦμεθά,
2757 2883 2846 2938 καὶ
2907 2884 3047 2956 ὁμοῦ
3110 2883 3398 2956 οἰκοῦμεν,
3457 2883 3589 2939 πότε
3639 2885 3751 2952 τὴν
3812 2896 3915 2940 Λυ-

2252 2966 2390 3038 δίαν,
2423 2972 2555 3024 πὸτε
2579 2973 2668 3026 τὸν
2701 2970 3008 3045 Ὄλυμπον,
3041 2972 3173 3027 πότε
3205 2970 3260 3027 δὲ
3296 2974 3435 3046 μέγα
3466 2969 3592 3043 ὅρος
3630 2990 3641 3002 ‘
3678 2974 3910 3048 ἐπηρώ-

2248 3079 2388 3127 τησα
2437 3056 2493 3112 δὲ
2540 3058 2702 3123 αὐτάς
2746 3059 2852 3134 ἐγὼ
2909 3065 3175 3134 Σολομῶν
3232 3066 3330 3133 μιᾷ
3381 3062 3592 3133 ἑκάστῃ,
3644 3063 3910 3136 ἠρξάμην

2251 3143 2307 3201 δὲ
2366 3149 2470 3202 ἀπὸ
2519 3149 2744 3222 πρώτης
2792 3146 2896 3211 ἕως
2937 3157 3036 3219 τῆς
3079 3145 3348 3223 ἑϐδόμης.
3389 3152 3451 3207 Ἡ
3500 3151 3695 3223 πρώτη
3757 3151 3860 3228 ἔφη
3897 3172 3909 3182 ·

2253 3236 2391 3312 Ἐγὼ
2425 3237 2630 3309 Ἀπάτη
2683 3237 2818 3311 εἰμὶ,
2871 3239 3080 3307 ἀπατῶ,
3132 3237 3319 3294 πλέκω
3371 3237 3478 3294 ὧδε
3524 3240 3681 3294 κάκεῖ
3719 3262 3734 3274 ο

2254 3347 2364 3387 σεις
2396 3324 2615 3401 ἐρεθίζω
2651 3346 2663 3360 ⁸
2696 3325 2816 3381 ἀλλ’
2847 3321 2961 3403 ἔχω
2991 3329 3080 3383 τὸν
3139 3329 3512 3402 καταργοῦντά
3558 3350 3624 3402 με
3672 3329 3912 3406 (irrelev-

2248 3414 2612 3491 Λαμεχάλαλ.
2645 3416 2885 3488 Ὁμοίως
2924 3417 3013 3471 καὶ
3056 3419 3092 3486 ἡ
3144 3415 3363 3493 δευτέρα
3407 3416 3532 3495 ἔφη,
3584 3419 3739 3492 Ἐγώ
3795 3419 3909 3491 εἶμι

2247 3506 2280 3573 ἡ
2315 3507 2469 3579 "Egi;
2503 3525 2516 3537 ·
2551 3501 2662 3581 ἔρις
2694 3506 2804 3579 [καὶ
2837 3500 2946 3582 ἔρις
2985 3511 3091 3561 τῶν
3143 3509 3240 3579 (6)]
3273 3503 3460 3580 ἐρίδων
3499 3525 3511 3538 ·
3547 3505 3695 3584 φέρω
3751 3507 3911 3580 ξῦλα,

2248 3591 2456 3665 λίθους,
2489 3594 2635 3673 ξίφη,
2667 3595 2733 3650 τὰ
2765 3593 2910 3650 ὅπλα
2946 3616 3049 3669 μου
3097 3600 3194 3650 τοῦ
3223 3595 3394 3650 τόπου
3428 3615 3441 3628 ⁸
3475 3594 3602 3651 ἀλλ’
3635 3594 3763 3670 ἔχω
3815 3596 3910 3671 ἄγ-

2244 3679 2410 3746 γελον
2475 3685 2565 3738 τὸν
2624 3686 2993 3760 καταργοῦντά
3057 3705 3145 3757 με,
3178 3683 3597 3760 Βαρουχιαχήλ.
3652 3685 3907 3756 Ὁμοίως

2242 3773 2330 3825 καὶ
2389 3775 2422 3842 ἡ
2483 3773 2638 3848 τρίτη
2699 3770 2798 3851 ἔφη
2836 3774 3020 3849 ’Ἐγὼ
3075 3771 3304 3838 Κλωθὸδ
3361 3771 3659 3846 καλοῦμαι,
3693 3774 3729 3828 ὅ
3796 3774 3912 3829 ἑστι

2247 3862 2425 3936 μάχη,
2458 3863 2519 3916 οὐ
2571 3863 2888 3937 σχημόνους
2945 3862 3109 3937 χ·3σαι
3162 3862 3252 3916 καὶ
3281 3864 3669 3937 περισχεθῆναι
3705 3868 3863 3917 ποιῶ
3897 3883 3908 3892 ·

2241 3951 2330 4004 καὶ
2361 3951 2411 4004 τί
2445 3949 2630 4006 πολλά
2656 3952 2803 4026 λέγω
2836 3972 2848 4020 ;
2882 3950 2998 4026 ἔχω
3031 3949 3257 4027 ἄγγελον
3285 3952 3376 4006 τὸν
3405 3952 3796 4026 καταργοῦντά
3850 3973 3912 4025 ῳ

2240 4040 2566 4114 Μαρμαράθ.
2627 4042 2868 4113 Ὁμοίως
2925 4040 3014 4096 καὶ
3073 4040 3299 4115 τετάρτη
3358 4038 3457 4117 ἔνρη
3493 4060 3507 4073 '
3557 4041 3700 4114 Ἐγὼ
3766 4047 3913 4096 ποιιὶ

2239 4127 2366 4190 τοὺς
2429 4129 2747 4204 ἀνθρώπους
2810 4131 2883 4203 μὴ
2946 4134 3238 4207 σωφρονεῖν
3275 4148 3287 4161 ·
3356 4129 3580 4203 μερίζω,
3647 4131 3910 4205 χωρίζω,

2244 4217 2582 4293 ἀπομερίζω,
2636 4218 3162 4292 παρακολουθούσης
3221 4239 3313 4292 μοι
3371 4218 3460 4272 καὶ
3513 4224 3614 4287 τῆς
3672 4216 3908 4291 ἔριδος·

2243 4306 2578 4383 ἀποχωρίζω
2611 4311 2685 4382 (7)
2719 4307 2883 4383 ἄνδρα
2934 4308 3038 4363 ἀπὸ
3089 4315 3187 4379 τῆς
3238 4307 3520 4383 συγκοίτου
3568 4307 3744 4362 αὐτοῦ
3777 4329 3790 4340 ”
3821 4310 3905 4364 καὶ

2242 4395 2402 4451 τέκνα
2450 4397 2554 4452 ἀπὸ
2604 4399 2831 4471 γονὲων,
2861 4397 2950 4452 καὶ
2999 4395 3268 4472 ἀδελφοὺς
3317 4397 3420 4451 ἀπὸ
3468 4393 3726 4470 ἀδελφῶν
3767 4417 3780 4430 ·
3819 4401 3903 4452 καὶ

2242 4485 2295 4539 τί
2326 4484 2511 4540 πολλὰ
2540 4485 2686 4562 λέγω
2733 4488 2849 4542 κατ’
2879 4486 3055 4561 ἒμοῦ;
3090 4482 3206 4562 ἔχω
3258 4484 3491 4562 ἄγγελον
3551 4486 3647 4540 τὸν
3703 4509 3909 4564 καταρ-

2243 4574 2440 4649 γοῦντά
2500 4596 2605 4648 με,
2664 4577 2755 4631 τὸν
2835 4577 2998 4652 μεγαν
3053 4575 3347 4632 Βαλθιούλ.
3407 4575 3658 4648 ’Πμοίως
3714 4579 3816 4631 καὶ
3874 4581 3905 4645 ἡ

3776 3242 3918 3295 αἱοέ-

3837 3281 3894 3317 ,η

472 4661 604 4717 liter
630 4665 688 4717 ct
735 4665 898 4717 sexta
944 4662 1026 4716 ait
1057 4680 1068 4717 :
1105 4663 1219 4734 Ego
1270 4679 1403 4716 sum
1453 4666 1648 4730 Error,
1704 4679 1801 4718 rex
1832 4664 2106 4720 Salomon

2247 4664 2466 4736 πέμπτη
2525 4659 2624 4741 ἔφη
2662 4683 2674 4696 ⁸
2708 4664 2844 4741 Ἐγώ
2906 4665 3021 4738 εἶμι
3083 4667 3354 4737 Δύναμις’
3416 4661 3644 4736 δυνάμει
3701 4669 3908 4739 τυράν-

473 4755 530 4806 et
559 4757 614 4807 te
645 4751 932 4824 decipiam
983 4751 1136 4807 sicut
1185 4755 1242 4806 et
1289 4751 1510 4825 decepi,
1566 4756 1620 4807 et
1671 4753 1777 4808 feci
1817 4757 1880 4808 ut
1911 4753 2130 4810 interli-

472 4857 630 4898 ceres
680 4841 920 4896 fratrem
969 4846 1178 4910 tuum;
1228 4858 1333 4912 ego
1381 4841 1606 4914 decipio
1647 4861 1768 4911 vos,
1824 4847 1881 4898 ul
1936 4845 2130 4916 explo-

469 4935 674 4986 rentur
721 4929 1028 5002 sepulera;
1076 4935 1133 4985 et
1187 4931 1501 4987 eil'ossores
1555 4933 1773 4991 doceo:
1819 4939 1876 4988 et
1903 4935 2130 4990 animas

469 5025 659 5076 averto
701 5021 772 5074 ab
821 5019 981 5074 omni
1031 5018 1345 5091 religione;
1397 5025 1454 5075 et
1486 5020 1598 5074 alia
1635 5021 1820 5076 multa
1861 5040 2039 5094 prava
2071 5023 2128 5077 in

468 5125 596 5175 me;
646 5108 832 5163 habeo
881 5112 1076 5162 autem
1127 5108 1399 5178 angelum
1453 5110 1553 5180 qui
1602 5126 1695 5164 me
1746 5111 2126 5181 impotentem

466 5196 606 5251 facit
656 5196 828 5252 Uriel.
876 5197 1156 5253 Similiter
1203 5202 1259 5252 et
1304 5198 1556 5269 septima
1609 5198 1799 5254 dixit:
1837 5200 1950 5271 Ego
1995 5218 2125 5255 sum

464 5284 764 5356 Pessima;
816 5290 872 5341 et
923 5291 977 5342 te
1039 5287 1236 5359 ipsum
1283 5288 1634 5359 depravabo,
1678 5287 2122 5358 quiainducam

463 5371 659 5428 Dianae
694 5392 896 5445 nexus,
932 5393 1057 5448 qua)
1102 5377 1339 5432 tandem
1375 5393 1466 5432 me
1518 5376 1827 5448 liberabit;
1862 5394 1963 5449 per
1993 5395 2119 5435 eam

529 5685 607 5755 (6)
639 5647 767 5758 liae
801 5685 872 5739 ad
907 5701 1096 5758 marg.
1123 5691 1292 5758 sunt.

526 5754 605 5824 (7)
641 5756 702 5809 In
733 5760 892 5811 textu
924 5754 1234 5830 ἀποᾶχίζω.

2240 4774 2366 4814 νους
2420 4754 2642 4825 ἀνιστῶ,
2702 4753 2946 4827 βασιλεῖς
2993 4755 3258 4829 καθαιρῶ,
3310 4759 3437 4807 πᾶσι
3495 4759 3616 4816 τοῖς
3675 4755 3906 4810 breves.

2237 4841 2379 4905 τίοις
2410 4843 2637 4917 παρέχω
2669 4839 2897 4914 δύναμιν
2935 4861 2947 4874 ⁸
2981 4837 3096 4917 ἔχω
3149 4840 3379 4918 ἁγγελον
3429 4839 3522 4896 τὸν
3563 4849 3904 4918 καταργοῦνο

2236 4933 2303 4985 τά
2361 4953 2425 5004 με
2456 4932 2782 5007 Ἀστεραώο,
2817 4929 3060 5005 Ὁμοίως
3109 4931 3196 4986 καὶ
3260 4934 3295 5002 ἡ
3348 4927 3475 5002 ἕκτη
3541 4929 3644 5008 ἔφη
3681 4951 3694 4964 .
3757 4933 3904 5009 Ἐγώ

2238 5021 2350 5092 εἶμι
2386 5019 2598 5091 Πλάνη,
2640 5019 2864 5095 βασιλεῦ
2897 5018 3193 5093 Σολομῶν,
3225 5019 3314 5074 καὶ
3358 5021 3415 5074 σὲ
3467 5017 3525 5074 δὲ
3573 5018 3774 5076 πλανῶ
3831 5024 3902 5082 ὡς

2235 5111 2323 5163 καὶ
2357 5113 2434 5183 (8)
2462 5109 2744 5180 ἐπλάνησά
2775 5131 2830 5165 σε
2865 5113 2985 5183 (sic)
3032 5111 3121 5164 καὶ
3173 5108 3404 5178 ἐποίησα
3453 5109 3764 5179 ἀποκτῆναι
3811 5114 3900 5167 τὸν

2234 5196 2468 5276 ἀδελφόν
2528 5220 2622 5252 σου
2659 5219 2669 5230 ·
2722 5197 2827 5274 ἐγὼ
2894 5198 3087 5253 πλανῶ
3159 5201 3308 5270 ἡμᾶς
3377 5199 3541 5271 (ὑμᾶς
3572 5200 3630 5270 Ῡ)
3690 5201 3900 5276 τάφους

2235 5287 2448 5363 ἐρευνᾷν
2505 5306 2516 5318 ·
2574 5287 2664 5342 καὶ
2735 5285 3017 5363 διορύκτας
3077 5284 3315 5342 διδάσκω
3362 5305 3374 5318 '

2232 5378 2412 5452 ψυχάς
2440 5377 2544 5433 ἀπὸ
2575 5376 2754 5448 πάσης
2796 5371 3088 5447 εὐσεϐείας,
3121 5376 3209 5431 καὶ
3258 5373 3417 5452 ἕτερα
3465 5374 3655 5431 πολλὰ
3715 5376 3897 5453 φαῦλα

3435 5286 3524 5341 καὶ
3587 5287 3900 5342 ἀποπλανῶ

2294 5692 2370 5764 (8)
2400 5687 2590 5764 Verba
2621 5683 2678 5741 δὲ
2707 5684 2901 5743 πλανῶ
2928 5688 3002 5750 ὡς
3041 5685 3134 5742 καὶ
3167 5687 3228 5744 in
3260 5701 3445 5760 marg.
3485 5703 3776 5761 supremo
3809 5689 3894 5744 in-

2225 5761 2380 5821 serta
2408 5761 2702 5834 leguntur.
