4046 6338
188 360 360 424 1329

1348 363 1946 429 'l'ESTAMENTUM
1990 361 2466 425 SALOMONIS.

3459 365 3619 427 1330

170 489 246 545 ιν
308 490 457 563 ὶμοί·
490 486 605 568 ἔχω
661 487 720 546 δὶ
766 492 858 549 τὸν
910 495 1287 569 καταργοῦντά
1348 516 1416 567 με
1463 493 1697 571 ἄγγελον
1746 493 1852 553 Οὗ-

1972 494 2128 551 enim
2178 481 2407 565 oportet
2452 496 2509 548 te
2557 492 2845 549 facescere
2886 491 3448 565 concupiscentiam,
3500 494 3616 551 nisi

173 579 348 655 ριήλ.
377 580 614 653 Ὁμοίως
661 581 753 636 καὶ
806 583 841 652 ἡ
889 576 1099 656 ἑϐδόμη
1160 578 1286 662 ἔφη’
1320 585 1467 659 Ἐγώ
1527 584 1640 659 εἶμι
1690 583 1854 641 Κακί-

176 689 316 741 στη·
349 669 441 724 καὶ
491 670 549 724 σὲ
601 668 761 726 αὐτὸν
818 675 969 726 κακῶ
1004 690 1016 705 ⁸
1051 673 1134 727 ὅτι
1201 672 1476 729 κελευστῶ
1527 671 1856 749 (κελευσῶῩ)

1967 586 2280 642 adversum
2325 600 2420 639 me
2469 582 2827 639 desiderium
2899 583 3202 655 sapientia)
3256 583 3506 657 feceris;
3566 587 3616 642 si

1969 674 2103 747 quis
2162 674 2319 729 enim
2380 672 2620 745 sapiens
2676 677 2854 741 esset,
2915 690 3030 730 non
3089 673 3159 729 ad
3220 689 3313 729 me
3373 679 3621 733 verteret

178 755 513 835 Ἀρτέμιδος
564 756 817 834 δεσμούς’
852 762 886 830 ἡ
940 758 998 817 δὲ
1046 759 1199 837 ἅκρις
1250 783 1316 837 με
1364 762 1555 819 λύσει·
1592 761 1661 819 δι’
1692 762 1860 829 αὐτῆς
1970 780 2237 836 gressus.

179 847 297 925 γάρ
350 869 408 904 σε
447 845 531 904 δεῖ
584 848 781 926 πρᾶξαι
823 852 922 921 τὴν
972 850 1285 926 ἐπιθυμίαν,
1318 851 1473 927 (ἰμή)
1524 852 1656 927 [ἰμή
1700 856 1801 928 sic,
1833 851 1878 907 εἰ
1936 852 2074 926 μήῩ]
2122 852 2239 907 κατ’
2292 849 2531 924 ιςλαυτῆς
2580 851 2677 920 τὴν
2728 849 3020 923 ἐπιθυμίαν
3077 855 3179 921 τῆς
3233 849 3422 928 σοφίας
3455 870 3469 884 ⁸
3529 849 3618 908 ἐὰν

188 938 303 1015 γὰρ
334 938 400 1008 ἦν
431 959 515 1001 τις
549 939 737 1015 σοφὸς,
772 938 871 995 οὐκ
900 939 1190 1017 ἐπιστρέψῃ
1221 939 1375 1017 ξ’χνος
1402 941 1539 1019 πρός
1575 963 1662 1016 με.

264 1045 405 1120 Ἐγὼ
437 1043 496 1102 δὲ
550 1044 831 1121 Σολομῶν
886 1047 1120 1112 ἀκούσας
1179 1049 1271 1105 καὶ
1328 1049 1608 1124 Θαυμάσας
1659 1049 1855 1127 ἐσφρά-

176 1153 320 1208 γισα
376 1134 540 1197 αὐτὰς
591 1133 644 1191 ἐν
701 1140 781 1208 τῷ
833 1134 1187 1211 δακτυλιδίῳ·
1219 1139 1310 1193 καὶ
1360 1137 1547 1209 ἐπειδὴ
1596 1140 1852 1195 ταύτοκαι

176 1226 315 1295 (sic)
342 1223 502 1293 ἦσαν,
541 1223 799 1280 ὶκξλευσα
855 1225 1019 1289 αὐτὰς
1079 1225 1324 1303 ὀρύσσειν
1378 1229 1507 1291 τοὺς
1567 1226 1855 1302 θεμελίους

173 1315 287 1366 τοῦ
334 1316 464 1366 ναοῦ
512 1318 610 1368 τοῦ
660 1318 814 1369 Θεοῦ·
848 1312 962 1369 ἐπεὶ
1008 1312 1317 1379 διακοσίους
1367 1319 1709 1388 πεντήκοντα
1746 1318 1853 1387 πή-

180 1417 317 1474 χεις
364 1402 430 1470 ἦν
480 1402 544 1456 τὸ
597 1409 813 1475 μῆκος·
867 1400 1041 1482 ἴφησα
1085 1402 1143 1459 δὲ
1189 1405 1355 1468 αὐτὰς
1408 1405 1659 1470 εὐτόνους
1723 1406 1852 1461 εἶναι

177 1489 283 1546 καὶ
336 1493 534 1552 κοινῶς
589 1491 918 1567 γογγύταται
974 1491 1190 1549 τελέσαι
1249 1495 1316 1549 τὰ
1359 1493 1712 1559 κελευσθέντα
1761 1493 1854 1549 αὐ-

174 1584 308 1640 ταῖς
358 1578 783 1655 κατηργάζοντο.
833 1581 971 1655 Ἐγὼ
1029 1579 1087 1637 δὲ
1144 1582 1417 1657 Σολομῶν
1478 1581 1704 1655 δοξάσας
1760 1583 1851 1639 τὸν

180 1667 416 1743 Κύριον,
474 1666 731 1724 ἐκέλευσα
786 1670 1039 1747 παρεῖναί
1117 1692 1213 1745 μοι
1279 1669 1459 1748 ἕτερον
1542 1670 1850 1747 δαιμόνιον.

181 1756 293 1811 Καὶ
341 1755 678 1833 προσενὲχθη
739 1780 832 1831 μοι
902 1756 1184 1833 δαιμόνιον
1248 1758 1533 1835 ἄνθρωπος
1593 1757 1739 1837 ἔχων
1788 1759 1856 1816 τὰ

178 1844 365 1902 πάντα
424 1845 593 1920 μίλη,
650 1846 921 1926 ἀκέφαλος
980 1847 1038 1905 δέ
1069 1870 1083 1883 ⁸
1118 1850 1268 1925 κάγὼ
1325 1848 1455 1906 ἰδὼν
1488 1851 1636 1907 εἶπον
1666 1850 1847 1922 αὐτῷ’

2035 1052 2154 1123 Ego
2184 1049 2460 1107 Salomon
2493 1048 2738 1105 audiens
2770 1053 2828 1104 et
2876 1046 3201 1119 admirans,
3249 1047 3477 1121 signavi
3516 1066 3618 1108 eas

1965 1138 2207 1208 annulo,
2240 1144 2297 1195 et
2328 1139 2539 1194 deinde
2570 1137 2774 1210 quales
2794 1141 2981 1204 erant,
3020 1136 3168 1208 iussi
3201 1141 3266 1191 ut
3295 1137 3616 1193 effoderent

1964 1230 2353 1284 fundamenta
2384 1228 2591 1300 templi
2624 1228 2903 1300 quoniam
2946 1226 3036 1281 bis
3089 1229 3319 1281 centum
3353 1230 3410 1281 et
3438 1227 3613 1296 quin-

1964 1319 2249 1391 quaginta
2296 1317 2629 1373 cubitorum
2682 1321 2806 1372 erat
2852 1315 3197 1387 longitudo;
3238 1314 3385 1370 dixit
3412 1320 3611 1372 autem

1965 1425 2063 1463 eas
2097 1408 2370 1463 robustas
2402 1423 2567 1474 esse;
2603 1410 2660 1461 et
2692 1406 2910 1478 pariter
2957 1409 3396 1460 murmurantes
3451 1404 3613 1476 operi

1964 1497 2287 1566 instabant,
2319 1500 2382 1552 ut
2405 1496 2578 1567 jussa
2618 1495 2982 1568 perﬁcerent.
3016 1494 3134 1566 Ego
3167 1493 3442 1549 Salomon
3476 1493 3608 1549 lau-

1964 1587 2111 1642 dans
2142 1586 2327 1642 Deum
2361 1585 2605 1658 praecepi
2638 1589 2704 1640 ut
2729 1584 2961 1640 adesset
2987 1582 3131 1638 mihi
3165 1582 3317 1638 alius
3348 1583 3606 1651 daamon;

1963 1680 2020 1731 et
2048 1675 2309 1731 oblatum
2342 1679 2432 1730 est
2458 1673 2605 1729 mibi
2635 1673 3015 1742 daamonium,
3039 1671 3215 1727 homo
3245 1671 3469 1727 habens
3491 1686 3610 1727 om-

1963 1764 2063 1820 nia
2110 1763 2394 1831 membra,
2429 1764 2530 1819 sed
2580 1761 2934 1835 acephalus;
2987 1765 3044 1817 et
3092 1777 3197 1834 ego
3228 1760 3432 1816 videns
3488 1760 3608 1817 dixi

1962 1854 2016 1911 ei
2052 1869 2065 1909 :
2100 1852 2301 1909 Indica
2332 1851 2478 1908 mihi
2510 1853 2642 1924 quis
2673 1852 2777 1908 sis.
2811 1851 2917 1916 Qui
2950 1850 3070 1908 ait:
3107 1849 3468 1905 Dasmonium
3500 1866 3606 1905 cx-

179 1938 330 2012 Λίγε
368 1958 462 2009 μοι
498 1935 559 1991 σὺ
600 1936 684 1999 τίς
728 1937 793 1995 εἴ.
826 1939 887 1997 Ὁ
939 1937 998 1994 δὲ
1045 1939 1209 1997 εἶπεν.
1243 1939 1535 2013 Δαιμόνιόν
1584 1938 1720 2014 είμι.
1753 1938 1848 1995 Εἶ-

1965 1943 2123 1999 sisto.
2175 1943 2245 1998 Et
2302 1941 2419 1998 dixi
2454 1960 2467 2000 :
2499 1941 2673 2006 Quisl
2725 1940 2835 2005 Qui
2868 1940 3169 2011 respondit
3210 1940 3329 2012 Ego
3377 1938 3602 1994 Invidia

180 2046 292 2080 πον
343 2021 400 2079 δὲ
437 2024 607 2097 αὐτῷ.
641 2025 863 2097 Τίς;’0
920 2024 978 2082 δὶ
1026 2025 1151 2104 ἔφη.
1206 2028 1352 2104 Ἐγὼ
1388 2028 1663 2102 καλοῦμαι
1710 2026 1849 2082 Φθό-

180 2133 328 2176 νος·
381 2112 488 2189 ἐγὼ
567 2116 668 2190 γὰρ
744 2114 982 2194 κεφαλὰς
1051 2114 1230 2187 ἡδέως
1309 2115 1613 2187 κατεσθίω,
1675 2116 1848 2173 θέλων

180 2202 407 2277 ἐμαυτῷ
460 2203 702 2281 κεφαλὴν
752 2207 1235 2281 περιποιήσασθαι,
1288 2207 1378 2261 καὶ
1451 2205 1514 2261 ού
1569 2205 1846 2283 χορτάζω,

179 2291 442 2365 ἰπιθυμῶ
499 2290 557 2348 δὲ
603 2295 849 2372 κεφαλὴν
904 2296 1161 2366 τοιαύτην
1209 2290 1379 2372 ἔχειν,
1439 2294 1554 2351 οἵαν
1612 2296 1702 2351 καὶ
1762 2294 1848 2350 σύ·

180 2386 365 2437 Ταῦτα
422 2380 656 2445 ἀκούσας
715 2381 820 2459 ἐγὼ
879 2381 1154 2458 Σολομὼν
1213 2384 1507 2462 ἐσφράγισα
1564 2385 1714 2455 αὐτὸ,
1763 2383 1850 2440 ἐκ·

180 2470 367 2533 τείνας
422 2473 520 2541 τήν
579 2473 741 2548 χεῖρά
803 2494 908 2547 μου
955 2474 1093 2529 κατὰ
1135 2478 1232 2529 τοῦ
1277 2476 1509 2545 στήθους
1541 2475 1729 2547 αὐτοῦ,
1759 2473 1849 2529 καὶ

185 2556 534 2632 ἀνεπήδησεν
566 2561 594 2615 ὁ
626 2558 836 2635 δαίμων
894 2563 985 2617 καὶ
1043 2561 1259 2639 ἔῤῥιψεν
1310 2564 1522 2633 ἑαυτὸν,
1570 2564 1661 2618 καὶ
1699 2561 1853 2639 ἐγόγ-

180 2671 346 2728 γυσεν
397 2649 591 2719 εἰπὼν,
620 2648 818 2724 Οἴμοι,
852 2657 958 2707 ποῦ
1006 2654 1280 2728 πάρειμις
1336 2653 1382 2707 ὦ
1433 2651 1676 2729 προδότα
1725 2654 1851 2728 Ὀρ-

182 2735 301 2807 νία,
334 2736 396 2792 ού
458 2737 666 2813 βλέπω.
702 2745 876 2817 ’Έφην
929 2737 987 2795 δὲ
1037 2740 1186 2813 αὖτῷ
1226 2740 1331 2816 ἐγὼ
1387 2739 1683 2814 Σολομὼν·
1717 2739 1852 2817 Λὶγε

191 2846 295 2899 μοι
340 2828 444 2901 γαρ
492 2826 654 2892 πόθεν
710 2826 951 2904 βλέπεις.
983 2831 1044 2887 Ὁ
1095 2828 1152 2885 δὲ
1191 2826 1317 2907 ἔφη,
1372 2831 1470 2885 Διά
1513 2835 1622 2886 τῶν
1663 2834 1848 2894 παθῶν

192 2935 331 2987 μου.
365 2916 529 2991 Κάγὼ
580 2917 671 2971 οὗν
715 2918 987 2991 Σολομῶν
1035 2920 1135 2987 τήν
1183 2916 1378 2974 ἄνοδον
1408 2926 1510 2989 τῆς
1540 2926 1727 2996 φωνῆς
1757 2919 1852 2974 αὖ·

189 3004 297 3059 τοῦ
350 3004 605 3073 ἀκούσας,
658 3006 746 3061 καὶ
806 3005 983 3062 θέλων
1041 3005 1403 3084 εὐδηλότερον
1456 3010 1664 3081 μαθεῖν,
1724 3008 1855 3079 ἔπη-

192 3093 427 3165 ρώτησα
480 3094 663 3161 αὐτὸν,
724 3096 890 3151 Πόθεν
949 3093 1175 3167 λαλεῖς;
1236 3092 1336 3172 ἔφη
1400 3094 1455 3152 δὲ
1512 3116 1635 3172 μοι*
1688 3098 1853 3173 Ἐγὼ,

200 3181 430 3258 βασιλεῦ
463 3182 756 3257 Σολομῶν,
791 3183 938 3247 ὅλως
970 3186 1123 3262 φωνή
1174 3184 1311 3255 εἰμί,
1344 3182 1571 3241 πολλῶν
1618 3187 1719 3263 γὰρ
1768 3187 1855 3241 ἀν-

1951 2048 2127 2087 vocor
2156 2049 2169 2100 ;
2203 2030 2395 2104 capita
2425 2031 2582 2087 enim
2606 2030 2869 2101 jucunde
2898 2029 3162 2099 comedo,
3192 2028 3393 2084 volens
3423 2026 3597 2082 mihi-

1958 2126 2078 2177 met
2107 2124 2281 2193 caput
2313 2119 2594 2191 praestari,
2639 2124 2697 2175 et
2745 2136 2862 2175 non
2911 2118 3120 2187 satior;
3171 2116 3437 2173 desidero
3490 2133 3597 2171 au-

1958 2216 2078 2267 tem
2110 2208 2225 2266 tale
2278 2212 2454 2281 caput
2501 2208 2737 2277 habere,
2773 2206 2945 2280 quale
2977 2211 3035 2263 et
3064 2211 3149 2261 tu.
3181 2210 3315 2262 Haec
3353 2204 3602 2261 audiens

1959 2317 2064 2373 ego
2097 2299 2372 2355 Salomon
2407 2297 2626 2370 signavi
2658 2313 2817 2364 eum,
2850 2296 3169 2352 extendens
3199 2310 3439 2351 manum
3481 2310 3607 2348 me-

1959 2406 2052 2445 am
2086 2389 2145 2444 in
2178 2392 2381 2460 pectus
2413 2388 2575 2459 ejus;
2609 2385 2862 2458 prosiliit
2892 2386 3141 2455 daemon,
3173 2388 3230 2440 et
3259 2400 3321 2440 se
3352 2382 3612 2455 praecipi-

1959 2483 2075 2535 tem
2109 2478 2306 2545 dabat,
2338 2481 2395 2532 et
2442 2476 2733 2549 ingemuit
2763 2476 2965 2530 dicens
2999 2491 3013 2530 :
3046 2474 3203 2529 Ebeu
3231 2473 3243 2529 l
3303 2472 3403 2529 ubi
3433 2469 3605 2528 sum!

1962 2584 1993 2624 ο
2026 2566 2288 2640 proditor
2315 2565 2513 2636 Arnia,
2547 2564 2748 2619 lumen
2781 2562 3031 2634 perdidi.
3064 2562 3193 2617 Dixi
3243 2560 3295 2617 ei
3345 2577 3453 2632 ego
3503 2555 3614 2616 Sa;

1961 2656 2158 2712 lomon
2192 2672 2206 2711 :
2240 2655 2342 2711 Dic
2373 2653 2526 2711 enim
2556 2652 2699 2708 mibi
2730 2652 2886 2707 unde
2916 2651 3114 2707 videas
3138 2650 3166 2705 ?
3196 2649 3304 2714 Qui
3342 2655 3425 2705 ait
3455 2665 3468 2703 :
3503 2649 3610 2704 Per

1962 2762 2174 2801 sensus
2204 2760 2383 2800 meos.
2421 2748 2538 2816 Ego
2569 2742 2750 2815 igitur
2786 2739 3057 2796 Salomon
3092 2739 3312 2795 inviam
3343 2740 3472 2810 ejus
3501 2754 3604 2793 vo-

1962 2852 2087 2891 cem
2122 2835 2390 2901 audiens,
2413 2843 2467 2889 et
2497 2832 2697 2888 volens
2743 2830 3119 2887 manifestius
3150 2830 3396 2897 discere,
3420 2828 3605 2884 inter-

1962 2924 2155 2996 rogavi
2188 2941 2321 2981 eum
2357 2940 2369 2978 :
2404 2922 2569 2978 Unde
2600 2920 2902 2992 loqueris?
2930 2923 2999 2975 Et
3029 2918 3109 2975 ait
3141 2935 3154 2974 :
3188 2918 3330 2990 Ego,
3364 2933 3464 2972 rex
3494 2916 3598 2972 Sa-

1962 3012 2186 3077 lomon.
2219 3017 2379 3069 totus
2409 3028 2516 3068 vox
2543 3026 2700 3078 sum,
2734 3008 3058 3064 multorum
3087 3006 3245 3063 enim
3296 3005 3605 3061 hominum

1962 3120 2132 3163 voces
2165 3102 2541 3170 hmreditavi;
2573 3102 2865 3171 quotquot
2894 3096 3050 3153 enim
3082 3096 3188 3151 viri
3222 3094 3371 3150 muti
3400 3110 3609 3150 vocan-

1963 3200 2081 3262 tur,
2114 3194 2325 3249 borum
2357 3208 2462 3264 ego
2493 3190 2688 3262 capita
2713 3186 2976 3244 conclusi
3008 3185 3244 3259 quando
3276 3183 3442 3258 pueri
3472 3199 3612 3238 nas-

196 3269 438 3371 θρώπων
488 3273 669 3346 φωνὰς
712 3273 1274 3349 κατεκληρονόμησα⁶
1328 3276 1446 3330 ὅσοι
1495 3275 1599 3352 γὰρ
1648 3276 1852 3350 ἅνθρω-

1965 3288 2200 3352 cuntur,
2233 3286 2289 3337 et
2318 3280 2526 3337 diebus
2574 3283 2704 3335 octo
2750 3281 2985 3349 tempus
3038 3274 3436 3347 praeveniunt;
3473 3277 3613 3328 tunc

191 3380 299 3415 ποι
329 3357 625 3417 καλοῦνται
654 3364 861 3441 κωφοὶ,
889 3361 1096 3418 τούτων
1148 3363 1254 3442 ἐγὼ
1299 3365 1396 3426 τὰς
1440 3362 1685 3439 κεφαλὰς
1728 3386 1857 3420 κατ-

193 3448 428 3523 εκλησα,
488 3448 579 3508 ὅτε
651 3451 844 3508 παιδία
918 3458 1228 3529 γεννῶνται,
1289 3455 1380 3510 καὶ
1433 3457 1655 3531 ἡμερῶν
1711 3453 1856 3509 ὀκτὼ

192 3538 464 3616 φθάσωσι,
495 3540 621 3601 τότε
670 3541 961 3605 κλαίοντος
996 3547 1093 3599 τοῦ
1122 3541 1345 3599 παιδίου
1391 3544 1584 3605 νυκτὸς
1634 3543 1855 3620 γίνομαι

191 3631 449 3701 πνεῦμα’
510 3631 602 3685 καὶ
661 3628 750 3686 διὰ
796 3634 895 3697 τῆς
955 3634 1139 3709 φωνῆς
1200 3632 1366 3688 αὐτοῦ
1416 3631 1851 3707 ἐπεισέρχομαιο

191 3715 431 3792 ὶνορίαις
478 3719 568 3773 καὶ
620 3720 759 3775 πάνυ
813 3716 1072 3790 διακονῶ,
1120 3722 1208 3777 καὶ
1258 3721 1319 3775 τὸ
1380 3720 1689 3794 συνάντημά
1750 3742 1855 3795 μου

196 3800 469 3882 βλαϐερόν
523 3806 685 3863 ἐστιν’
731 3808 822 3863 καὶ
878 3809 1076 3871 εὐθέως
1130 3804 1315 3865 λαϐὼν
1362 3814 1482 3874 ταῖς
1538 3809 1693 3885 χερσί
1755 3829 1855 3883 μο-

194 3894 276 3954 ei»:
336 3894 425 3950 ἐπὶ
477 3895 629 3974 ξίφος
682 3898 783 3967 τὴν
842 3896 1085 3976 κεφαλὴν
1140 3897 1452 3971 ἀποτέμνω·
1488 3898 1578 3953 καὶ
1636 3918 1858 3973 προστι-

195 3985 278 4038 θῶ
316 3981 555 4058 ἐμαυτῷο
597 3985 689 4041 καὶ
742 3985 915 4049 οὕτως
968 3987 1070 4041 ὑπὸ
1116 3988 1288 4061 πυρὸς
1336 3992 1431 4041 τοῦ
1462 3983 1619 4050 ὄντος
1644 3986 1696 4042 ἐν
1729 3986 1856 4061 ἐμοὶ

197 4068 293 4127 διὰ
346 4076 444 4127 τοῦ
502 4074 791 4149 τραχήλου
844 4072 1303 4131 καταδαπανᾶται·
1356 4074 1462 4151 ἐγὼ
1520 4074 1634 4149 εῗμι
1686 4077 1714 4130 ὁ
1759 4077 1857 4140 τὰς

190 4160 472 4233 πηρώσεις
536 4163 633 4224 τὰς
706 4163 949 4238 μεγάλας
1019 4164 1109 4220 καὶ
1178 4163 1573 4240 ἆθεραπεύτους
1631 4164 1682 4219 ἐν
1737 4170 1856 4229 τοῖς

196 4248 363 4304 ποσὶν
393 4248 738 4323 ὶπιπέμπων,
767 4251 859 4307 καὶ
900 4251 1037 4324 ἕλκη
1084 4252 1321 4327 ὲμποιῶ.
1355 4254 1528 4328 Κάγὼ
1582 4252 1851 4327 Σολομῶν

191 4335 428 4400 ἀκούσας
473 4343 661 4410 ταῦτα,
695 4341 848 4396 εἶπον
894 4341 1062 4415 αὐτῷ’
1105 4343 1246 4418 Λέγε
1298 4364 1391 4417 μοι
1433 4342 1525 4397 οὗν
1567 4348 1683 4405 πῶς
1732 4342 1855 4398 ἐπα-

193 4424 327 4501 φίης
380 4428 443 4482 τὸ
500 4431 632 4504 πῦρ,
682 4430 771 4509 ἀφ’
824 4432 899 4485 ὧν
961 4430 1306 4505 ἀποπέμπεις
1361 4432 1411 4505 ἐξ
1460 4431 1850 4511 αὐτῶν;Ἕφη

192 4513 253 4571 δέ
316 4537 409 4590 μοι
464 4517 528 4573 τὸ
581 4517 817 4594 πνεῦμα,
866 4520 1004 4575 Ἀπὸ
1061 4527 1159 4590 τῆς
1216 4521 1488 4588 ἀνατολῆς
1524 4541 1537 4556 ·
1584 4519 1690 4577 ὧδε
1747 4522 1852 4598 γὰρ

191 4601 351 4660 οὔπω
409 4606 603 4682 εὑρέθη
663 4609 915 4672 κάκεῖνος
957 4604 1292 4686 Ἐλϐουρίων
1349 4609 1423 4673 ὡς
1484 4610 1731 4686 ἐπεύχων
1788 4612 1851 4667 τὸ

1965 3374 2258 3430 clamante
2285 3368 2552 3443 puerulo,
2588 3369 2660 3423 ilo
2692 3366 2960 3439 spiritus,
3013 3369 3071 3421 et
3102 3380 3205 3437 per
3248 3378 3452 3419 vocem
3489 3362 3618 3433 ejus

1966 3461 2271 3529 subintro;
2320 3457 2539 3513 finibus
2595 3461 2795 3511 custos
2852 3453 3133 3527 invigilo,
3211 3457 3271 3509 et
3336 3467 3617 3507 occursus

1967 3566 2134 3606 meus
2155 3548 2364 3604 noxius
2391 3565 2403 3615 ;
2438 3551 2492 3603 et
2523 3544 2635 3600 cito
2667 3543 2958 3616 arripiens
2989 3541 3286 3610 manibus,
3316 3538 3478 3596 velut
3512 3555 3613 3594 en-

1965 3656 2028 3697 se
2058 3641 2237 3711 caput
2267 3638 2533 3708 amputo,
2565 3637 2623 3689 et
2653 3632 3074 3704 superimpono
3103 3628 3285 3699 mihi;
3315 3633 3373 3685 et
3402 3627 3488 3683 sic
3541 3626 3613 3683 ab

1964 3729 2099 3801 igne
2155 3729 2347 3782 stante
2396 3724 2455 3778 in
2510 3738 2604 3779 me
2658 3738 2761 3793 per
2808 3719 3026 3776 collum
3068 3717 3467 3783 consumitur;
3502 3730 3608 3786 ego

1965 3834 2098 3873 sum
2129 3815 2228 3886 qui
2258 3813 2526 3870 laesiones
2571 3826 2818 3882 magnas
2867 3814 2925 3866 et
2974 3804 3335 3864 insanabiles
3360 3805 3610 3878 pedibus

1964 3905 2233 3974 immitto,
2264 3907 2320 3959 et
2351 3901 2548 3957 ulcera
2580 3900 2746 3955 facio.
2779 3898 2848 3953 Et
2876 3914 2983 3970 ego
3012 3895 3286 3953 Salomon
3338 3893 3608 3964 audiens,

1965 3995 2083 4050 dixi
2139 3992 2239 4057 ei;
2312 3990 2513 4047 Indica
2560 3987 2705 4043 mibi
2763 3987 2939 4058 igitur
3008 3983 3299 4057 quomodo
3373 3981 3612 4038 emittas

1961 4085 2158 4157 ignem
2188 4101 2202 4151 ;
2236 4099 2268 4137 a
2298 4080 2516 4152 quibus
2547 4077 2828 4133 amandas
2859 4075 3025 4130 illud.
3057 4074 3128 4129 Et
3174 4072 3257 4128 ait
3312 4071 3559 4143 spiritus
3594 4088 3608 4126 :

1961 4173 2047 4228 Ab
2069 4171 2303 4227 Oriente
2337 4186 2350 4223 :
2384 4167 2476 4223 hic
2507 4166 2663 4222 enim
2697 4165 2959 4220 nondum
2992 4162 3267 4218 inventus
3299 4164 3389 4216 est
3416 4158 3613 4216 elbou-

1963 4261 2091 4317 rion
2136 4256 2432 4331 (nebulo?)
2488 4255 2619 4322 ista,
2653 4253 2825 4325 quasi
2859 4254 2931 4308 de
2962 4252 3072 4307 hoc
3101 4250 3231 4322 ipso
3264 4265 3328 4305 se
3353 4248 3615 4319 jactans,

1962 4350 2055 4407 cui
2088 4349 2301 4405 festum
2330 4346 2706 4402 lucernarum
2739 4340 3105 4398 ascensionis
3135 4338 3478 4413 persolvunt
3507 4336 3612 4393 bo-

1962 4438 2154 4494 mines
2187 4454 2199 4493 :
2233 4437 2404 4507 cujus
2443 4449 2654 4490 nomen
2687 4432 2959 4488 invocant
2987 4433 3211 4502 septem
3236 4426 3482 4499 spiritus
3512 4441 3610 4481 co-

1962 4544 2087 4583 ram
2122 4542 2232 4592 me,
2259 4529 2318 4581 et
2345 4524 2470 4596 ipse
2503 4523 2767 4578 medetur
2795 4520 2899 4577 eis.
2928 4518 3058 4576 Dixi
3087 4518 3141 4574 ei
3174 4533 3187 4573 :
3222 4517 3422 4572 Indica
3463 4513 3608 4569 mibi

1962 4631 2174 4672 nomen
2217 4615 2363 4684 ejus.
2423 4612 2532 4677 Qui
2586 4612 2667 4667 ait
2724 4610 2852 4668 Non
2912 4624 3153 4678 possum
3211 4605 3507 4674 indicare;
3558 4602 3607 4658 si

190 4694 328 4749 αὐτὸ
384 4696 472 4751 καὶ
524 4696 834 4773 λυχναψίαν
882 4697 1030 4772 αὐτῷ
1086 4699 1138 4753 οἱ
1185 4698 1463 4775 ἄνθρωποι
1518 4700 1849 4755 ἐπιτελοῦσιο

1965 4705 2115 4760 enim
2163 4703 2359 4759 dixero
2410 4716 2621 4757 nomen
2673 4699 2823 4769 ejus,
2857 4694 3245 4752 insanabilem
3294 4709 3389 4748 me
3437 4691 3604 4762 facio,

189 4782 444 4839 κάκείνου
470 4786 534 4841 τὸ
583 4783 774 4861 ὅνωμα
813 4791 935 4863 (sic)
968 4809 986 4846 :
1015 4816 1098 4845 —_-
1138 4785 1337 4863 ὄνομα)
1385 4787 1770 4843 ἐπικαλοῦνται
1801 4788 1852 4842 οἱ

193 4873 332 4929 ἱπτὰ
394 4871 652 4948 δαίμονες
738 4877 968 4933 ἐνώπιόν
1048 4898 1153 4951 μου
1188 4897 1201 4910 ·
1260 4879 1508 4939 κάκεῖνος
1575 4876 1853 4950 θεραπεύει

194 4961 415 5025 αὐτούς.
464 4965 633 5020 Εἶπον
693 4962 752 5021 δὶ
810 4965 976 5039 αὐτῷ’
1021 4965 1156 5025 Εἷπέ
1213 4988 1305 5041 μοι
1356 4966 1420 5021 τὸ
1463 4960 1638 5040 ὄνομα
1667 4965 1851 5021 αὐτοῦ·

191 5053 258 5109 Ὀ
293 5048 351 5106 δὲ
380 5046 507 5127 ἔφη·
543 5053 621 5111 Οὐ
653 5050 890 5127 δύναμαί
923 5076 1006 5110 σοι
1039 5056 1208 5111 εἰπεῖν
1229 5076 1242 5090 ·
1277 5056 1368 5110 ἑὰν
1417 5056 1521 5132 γὰρ
1575 5053 1713 5111 εἷ’πω
1759 5054 1856 5110 αὖ·

190 5145 293 5196 τοῦ
340 5142 404 5197 τὸ
480 5140 681 5218 ὄνομα,
733 5146 1100 5222 ἀθεράπευτον
1178 5146 1411 5220 ἐμαυτὸν
1486 5150 1667 5201 ποιῶ·
1731 5143 1858 5201 ἀλλ’

192 5228 396 5293 ἐκεῖνος
447 5229 624 5296 ἐλθὼν
685 5233 772 5288 ἰπὶ
826 5233 956 5289 αὖτό
1011 5237 1074 5291 τὸ
1129 5231 1327 5309 ὄνομα.
1362 5234 1460 5290 Καὶ
1490 5239 1659 5290 ταῦτα
1690 5234 1859 5290 ἀκού-

1961 4797 2023 4848 at
2080 4793 2189 4847 iste
2238 4790 2399 4846 venit
2430 4790 2502 4844 ad
2557 4788 2755 4859 ipsum
2801 4799 3038 4840 nomen.
3082 4783 3152 4837 Et
3193 4781 3316 4835 haec
3360 4779 3608 4835 audiens

1960 4898 2067 4954 ego
2115 4878 2387 4934 Salomon
2444 4875 2562 4931 dixi
2609 4874 2659 4930 ei
2693 4891 2706 4930 :
2742 4875 3005 4945 Loquere
3052 4870 3253 4942 igitur,
3286 4885 3389 4940 per
3432 4882 3606 4939 quem

1962 4968 2238 5040 angelum
2289 4966 2586 5037 impotens
2636 4960 2913 5019 efﬁciaris
2962 4964 3047 5015 tu.
3096 4956 3197 5014 Ille
3227 4960 3423 5012 autem
3457 4971 3472 5009 :
3505 4954 3614 5009 Per

1963 5057 2214 5129 ignitum
2248 5054 2467 5127 fulgur,
2501 5051 2601 5108 ait.
2655 5052 2728 5106 Et
2774 5051 3088 5122 postquam
3146 5043 3384 5101 adoravi
3413 5041 3613 5099 Domi-

1965 5162 2107 5203 num
2135 5145 2320 5201 Deum
2379 5138 2760 5212 Israel,jussi
2810 5142 2874 5194 ut
2922 5138 2981 5192 in
3028 5134 3433 5191 observatione
3462 5134 3617 5187 esset

1968 5251 2147 5307 super
2173 5230 2498 5300 Beelzebul,
2532 5228 2865 5301 usquedum
2896 5224 3123 5281 clamor
3174 5221 3307 5278 festi
3338 5233 3616 5292 superve-

194 5338 289 5381 σας
337 5316 442 5394 ἐγὼ
500 5320 775 5396 Σολομῶν
835 5324 983 5379 εἷπον
1043 5323 1190 5396 αὐτῷ
1223 5307 1241 5358 ’ί
1296 5324 1431 5380 Είπέ
1465 5344 1559 5397 μοι
1607 5321 1698 5379 οὖν
1756 5323 1852 5379 ὑπὸ

1969 5323 2164 5389 niret;
2197 5325 2254 5377 et
2284 5318 2556 5375 mandavi
2590 5322 2653 5372 ut
2683 5317 2916 5372 adesset
2945 5312 3085 5369 mihi
3120 5310 3273 5365 alius
3315 5307 3577 5382 spiritus.

192 5406 627 5503 ποίου-αγγὲλου
656 5394 902 5488 καταργῇ
929 5411 1027 5484 σύ;
1068 5413 1129 5469 Ὀ
1162 5394 1242 5479 δὲ,
1275 5412 1374 5467 Διὰ
1399 5394 1500 5483 τῆς
1531 5412 1781 5488 ίμπύρου
1810 5413 2093 5485 ἀστραπῆς
2124 5404 2249 5487 ἔφη.
2282 5407 2382 5462 Καὶ
2435 5405 2815 5481 προσκυνήσας
2859 5400 2963 5476 ἐγὼ
3020 5398 3201 5474 Κυρίῳ
3247 5400 3329 5469 τῷ
3359 5397 3490 5503 ,θξξρ
3516 5394 3612 5447 τοῦ

209 5483 445 5571 Ισραὴλ,
470 5483 727 5556 ἒκὲλευσα
756 5483 914 5557 abies
964 5500 1015 5556 ὲν
1045 5502 1277 5579 τηρήσει
1310 5502 1443 5558 εἶναι
1469 5483 1691 5558 ἰπὶ-τοῦ.
1712 5483 2047 5572 Βεελζεῦούλ
2073 5520 2085 5535 ο
2124 5483 2320 5575 μεχρις
2354 5496 2481 5552 ὅτου
2526 5492 2608 5565 ἷίαξ
2640 5496 2757 5567 (εἰσ)
2787 5490 3177 5565 παραγενηταιο
3207 5487 3305 5542 Καὶ
3355 5483 3613 5540 ἐκέλευσα

188 5586 445 5664 παρεῖναί
480 5610 575 5663 μοι
604 5586 789 5668 ἕτερον
818 5587 1123 5665 δαιμόνιον.

264 5692 375 5750 Καὶ
403 5690 545 5765 ἦλθε
575 5697 683 5775 πρὸ
715 5698 1012 5776 προσώπου
1045 5718 1150 5773 μου
1178 5695 1349 5769 κύων,
1376 5699 1440 5755 τὸ
1478 5701 1674 5776 σχῆμα
1703 5696 1848 5774 ἔχων

2033 5695 2103 5753 Et
2156 5695 2316 5754 venit
2365 5693 2426 5750 in
2484 5692 2801 5764 conspectu
2852 5700 2982 5765 meo
3026 5683 3208 5753 canis,
3256 5680 3450 5758 specie
3478 5694 3634 5763 ma-‘Z
