4046 6338
449 396 600 457 1331

1412 387 1812 450 APPENDIX
1855 386 1956 445 AD
2002 379 2465 446 MICHAELEM
2515 387 2900 452 PSELLUM.

3719 387 3870 447 £332

450 543 628 602 gnus,
662 529 720 582 et
748 523 985 580 locutus
1024 527 1113 578 est
1151 537 1289 576 voce
1324 537 1536 590 magna
1567 520 1804 576 dicens:
1833 521 1962 583 Ave,
1997 517 2093 572 do-

2217 515 2378 588 μὲγα,
2410 517 2498 570 καὶ
2553 515 2793 588 ἐλάλησε
2849 523 3003 596 φωνῇ
3067 516 3300 593 μεγάλῃ,
3331 519 3420 573 καὶ
3481 516 3868 588 εἶπε·δ,Χαῑρε’

449 619 608 671 mine
637 631 734 670 rex
761 613 1054 669 Salomon.
1095 611 1468 682 Stupet‘actus
1523 627 1628 681 ego
1677 607 1952 664 Salomon
1985 603 2102 658 dixi

451 706 504 760 ei
539 721 552 760 :
587 704 726 771 Quis
758 719 840 772 es,
875 699 1070 756 canis!
1105 700 1210 763 Qui
1245 699 1326 754 ait
1359 718 1374 752 :
1407 699 1579 754 Canis
1615 698 1720 752 tibi
1765 697 1966 750 videor
2007 710 2102 749 es-

453 811 556 861 se;
589 797 722 846 ante
747 796 804 846 te
855 791 1036 854 enim,
1071 806 1170 843 rex
1209 788 1502 854 Salomon,
1537 803 1642 858 ego
1691 786 1778 839 vir
1809 800 1968 838 eram
2017 784 2101 836 l'a-

453 883 611 938 ciens
639 879 940 951 injustain
965 879 1183 933 mundo
1219 879 1424 944 multa;
1445 894 1624 948 supra
1655 876 1894 929 modum
1917 873 2102 927 scien-

451 972 567 1028 tias
611 973 909 1026 scrutatus
957 986 1115 1032 sum,
1155 973 1210 1024 et
1265 967 1486 1022 viribus
1543 965 1820 1037 praevalui
1853 969 2104 1020 utastra

448 1061 576 1116 coeli
629 1061 1030 1132 possiderem;
1065 1063 1122 1112 et
1155 1057 1410 1129 plurima
1453 1058 1694 1110 deorum
1743 1071 1919 1125 opera
1975 1071 2102 1123 per-

459 1149 564 1206 feci
593 1175 606 1214 ;
638 1165 744 1220 ego
775 1147 930 1203 enim
961 1147 1106 1202 laado
1137 1146 1408 1201 homines
1459 1151 1658 1200 nostro
1707 1145 1884 1200 sideri
1930 1145 2102 1197 obse-

449 1243 721 1310 quentes,
771 1241 827 1292 et
872 1237 932 1291 in
987 1236 1278 1290 insaniam
1311 1241 1506 1302 verto;
1543 1241 1598 1290 et
1657 1235 1964 1289 freneticos
1997 1234 2099 1288 bo-

449 1327 647 1382 mines
677 1331 914 1398 gutture
946 1326 1178 1381 obtineo
1209 1331 1265 1380 et
1297 1325 1380 1380 sic
1413 1325 1718 1388 interlicio,
1757 1323 1875 1377 Dixi
1903 1329 2099 1377 autem

451 1416 505 1472 ei
533 1433 638 1488 ego
669 1415 942 1471 Salomon
975 1433 988 1468 :
1023 1415 1184 1478 Quod
1213 1421 1302 1468 est
1346 1431 1556 1468 nomen
1587 1413 1802 1468 tuum?
1833 1413 1936 1476 Qui
1972 1412 2052 1466 ait
2085 1427 2098 1464 :

457 1503 729 1560 Baculus.
763 1504 832 1558 Et
877 1503 992 1558 dixi
1027 1504 1076 1557 ei
1105 1504 1236 1567 Quae
1269 1507 1358 1557 est
1381 1503 1640 1574 operatio
1673 1501 1810 1556 tua?
1860 1507 1916 1556 et
1962 1501 2099 1570 quid

454 1597 617 1665 potes
650 1592 783 1648 boni
810 1591 1032 1646 facere?
1065 1593 1132 1647 Et
1163 1593 1279 1646 ait:
1315 1591 1399 1646 Da
1431 1591 1574 1646 mihi
1608 1607 1789 1645 unum
1821 1607 1890 1644 ex
1921 1591 2103 1644 servis

453 1682 595 1748 tuis,
620 1687 676 1737 et
699 1682 985 1737 adducam
1012 1697 1144 1736 eum
1167 1681 1223 1736 in
1245 1681 1368 1736 loco
1393 1680 2016 1748 montls,etostendam
2050 1678 2100 1732 ei

453 1771 710 1842 lapidem
743 1771 1059 1842 praesidum
1095 1769 1460 1832 (luctantem,
1510 1787 1622 1839 quo
1671 1767 1910 1823 ornabis
1953 1773 2099 1822 tem-

2212 602 2364 676 κνόριε
2415 605 2637 681 βασιλεῦ
2697 607 2990 682 Σολομῶν.
3051 607 3456 678 Ἐκπληκτικὸς
3517 605 3574 662 δὲ
3633 609 3872 682 γεγονὼς

2213 691 2322 766 ἐγὼ
2377 693 2668 768 Σολομῶν,
2701 698 2847 752 εἷπον
2903 697 3069 770 αὐτῷ·
3103 697 3192 762 Τίς
3243 697 3312 764 εἶ,
3341 697 3486 752 κῦιυν
3515 716 3528 766 ;
3561 697 3624 753 Ὁ
3675 693 3736 750 δὲ
3779 718 3868 768 μοι

2215 779 2338 858 ἔφη·
2377 785 2469 838 Καὶ
2503 784 2644 838 κύων
2679 807 2760 840 σοι
2806 784 2952 840 δοκῶ
2995 789 3154 858 εἶναι,
3185 788 3290 860 πρὸ
3329 787 3430 862 γὰρ
3485 789 3606 855 σοῦ,
3643 783 3868 860 βασιλεῦ

2215 869 2508 944 Σολομῶν,
2543 872 2648 947 ἐγὼ
2681 873 2967 950 ἄνθρωπος
3017 873 3187 948 ἥμην,
3222 875 3692 950 κατεργαζόμενος
3745 873 3868 928 ἀθέ-

2217 979 2347 1030 μιτα
2379 959 2427 1014 ἐν
2461 966 2539 1032 τῷ
2569 961 2758 1036 κόσμῳ
2805 962 2992 1019 πολλᾶ
3036 966 3154 1027 καθ’
3187 959 3501 1039 ὑπερϐολήν
3553 961 3868 1040 φιλολογί-

2211 1069 2304 1110 σας
2369 1051 2702 1126 ὑπερίσχυσα
2759 1053 2849 1106 καὶ
2907 1051 3072 1128 ἄστρα
3129 1054 3371 1128 οὐρανῶν
3425 1059 3746 1126 κατασχεῖν·
3783 1053 3868 1104 καὶ

2211 1137 2436 1193 πλείονα
2493 1145 2626 1204 θεῶν
2687 1137 2812 1216 ἔργα
2867 1143 3247 1198 κατεσκεύασα.
3279 1141 3423 1217 Ἐγὼ
3481 1143 3586 1214 γὰρ
3639 1140 3870 1215 βλάπτοι

2213 1229 2528 1304 ἀνθρώπους
2559 1230 2683 1292 τοὺς
2733 1231 2812 1303 τῷ
2851 1234 3012 1303 ἡμῶν
3060 1231 3240 1306 ἄστρῳ
3289 1229 3870 1306 παρακολουθοῦντας,

2209 1318 2298 1371 καὶ
2353 1319 2428 1382 εἷς
2478 1318 2698 1394 ἐξηχίαν
2749 1321 2962 1394 τρέπω·
2999 1321 3088 1376 καὶ
3136 1320 3262 1383 τοὺς
3325 1325 3732 1395 φρενητεῶντας
3785 1319 3872 1372 ἆν-

2247 1407 2462 1482 ρώπους
2515 1406 2603 1462 διὰ
2648 1414 2744 1462 τοῦ
2793 1409 3060 1485 λάρυγγος
3109 1415 3313 1486 κρατῶ,
3357 1410 3446 1463 καί
3497 1409 3676 1470 οὕτως
3723 1409 3876 1462 ἀναι-

2259 1495 2998 1530 νυμοδξ-ἳντε,
3169 1504 3193 1514 -
3351 1499 3362 1516 ι
3591 1495 3686 1512 ιν
3861 1517 3872 1528 _

2213 1515 2311 1568 ρει).
2372 1503 2520 1573 Ιιφςν
2556 1517 2611 1551 οε
2641 1519 2786 1570 αυτῳ
2819 1519 2928 1573 εγω
2963 1497 3264 1572 ὶολομωνο
3294 1501 3362 1556 Τι
3405 1519 3500 1553 σου
3549 1521 3614 1552 το
3655 1519 3872 1568 ονομα,

2211 1585 2270 1640 Ὁ
2305 1583 2360 1638 δὲ
2413 1583 2540 1662 ἔφη,
2581 1581 2822 1649 Ῥοὶῧδοςυ
2858 1589 2956 1642 Καὶ
3016 1589 3187 1643 εἶπον·
3223 1588 3320 1642 Καῖ
3377 1587 3432 1642 τί
3479 1609 3577 1642 σου
3627 1589 3664 1656 ἡ
3717 1585 3876 1662 ἔργα·

2212 1673 2332 1744 σία;
2382 1676 2468 1728 καὶ
2530 1675 2581 1730 τί
2639 1674 2858 1732 δύνασαι
2913 1683 3294 1752 κατορθῶσαι;
3349 1679 3409 1734 Ὁ
3461 1674 3518 1731 εὶ
3575 1673 3704 1754 ἔρῃ·
3769 1677 3874 1736 Δός

2217 1784 2308 1836 μοι
2377 1761 2656 1839 ἄνθρωπον
2727 1767 2840 1834 σὸν,
2889 1768 2978 1820 καὶ
3059 1767 3320 1842 ἀπαγάγω
3387 1765 3546 1821 αὐτὸν
3601 1765 3656 1819 ἐν
3715 1767 3872 1836 vim?

452 1860 618 1931 plum
645 1859 868 1914 Domini
903 1859 1021 1914 Dei.
1051 1859 1179 1914 Haec
1213 1860 1457 1914 audiens
1489 1875 1592 1930 ego
1625 1857 1921 1924 Salomon,
1947 1857 2093 1926 jussi

2213 1853 2394 1928 ὅρους,
2429 1854 2515 1907 καὶ
2569 1851 2724 1924 δείξω
2774 1853 2920 1928 αὖτῷ
2979 1853 3130 1918 λίθον
3191 1857 3462 1932 πρασυνον
3495 1853 3870 1928 μετασαλευο-

450 1955 515 2004 ut
545 1949 732 2005 abiret
761 1965 964 2004 servus
991 1965 1156 2003 meus
1189 1965 1320 2003 cum
1350 1947 1668 2016 eo,habens
1691 1947 1976 2000 annulum
2014 1947 2092 2000 si-

447 2039 572 2110 gilli
604 2038 702 2093 Dei
752 2055 973 2100 secum.
1007 2043 1062 2092 et
1091 2038 1208 2092 dixi
1241 2037 1290 2091 ei
1329 2053 1342 2091 :
1377 2039 1560 2101 Quem
1609 2036 1714 2091 tibi
1772 2035 2094 2090 ostenderit

445 2127 699 2200 lapidem
733 2127 1068 2199 praesinum,
1099 2127 1264 2196 signa
1295 2126 1512 2180 annulo
1547 2126 1675 2192 hoc,
1702 2130 1756 2180 et
1785 2124 2096 2194 diligenter

445 2217 642 2272 locum
675 2216 1066 2280 considera,et
1093 2215 1207 2268 huc
1231 2215 1553 2269 daemonem
1588 2215 1776 2269 adduc
1829 2213 1993 2269 mihi.
2027 2214 2095 2268 Et

447 2305 704 2360 ostendit
744 2303 792 2358 ei
827 2305 1053 2358 daemon
1084 2301 1337 2374 lapidem
1372 2303 1710 2374 praesinum,
1743 2307 1798 2358 et
1847 2302 2095 2372 signavit

447 2397 683 2458 eum,et
703 2392 946 2447 adduxit
979 2391 1124 2446 mihi
1157 2392 1510 2447 daemonium
1541 2411 1556 2462 ;
1615 2399 1672 2448 et
1717 2392 1940 2446 decrevi
1989 2407 2094 2462 ego

447 2479 745 2558 Salomon,
769 2481 989 2535 circum
1023 2481 1267 2552 signans
1299 2482 1503 2536 ambos
1537 2483 1790 2548 dextera,
1811 2485 1875 2536 ut
1906 2481 2092 2552 capite

450 2573 744 2624 carentem
777 2567 1050 2624 similiter
1080 2575 1136 2624 et
1185 2569 1340 2626 hunc
1380 2587 1584 2626 canem
1635 2587 1912 2642 magnum
1963 2570 2092 2624 vin-

448 2659 648 2726 cirem,
683 2663 740 2714 et
770 2659 930 2714 canis
961 2660 1286 2715 custodiret
1309 2660 1578 2732 spiritum
1603 2661 1846 2732 ignitum
1871 2665 1930 2714 ut
1953 2659 2094 2714 lam-

449 2747 732 2818 padarum
769 2749 955 2803 lucem
989 2747 1083 2803 die
1113 2765 1178 2802 ac
1211 2755 1380 2804 nocte
1412 2767 1512 2819 per
1543 2755 1746 2820 guttur
1795 2751 2095 2820 praestaret

445 2835 853 2892 laborantibus
887 2837 1191 2909 operariis.
1221 2837 1289 2891 Et
1319 2837 1423 2892 tuli
1456 2855 1560 2908 ego
1603 2837 1874 2892 Salomon
1906 2855 1934 2892 e
1969 2854 2092 2892 me-

449 2925 592 2982 tallo
642 2926 752 2982 hoc
809 2927 1024 2998 lapidis
1079 2928 1366 2982 ducentos
1423 2928 1598 2982 siclos
1632 2929 1690 2982 in
1722 2928 2087 3000 snperliciem

451 3014 676 3082 altaris,
735 3015 1012 3072 similiter
1067 3033 1169 3087 pro
1227 3023 1391 3088 parte
1423 3017 1734 3085 anteriori;
1770 3021 1826 3072 et
1857 3033 1960 3088 ego
1992 3017 2092 3071 Sa-

445 3103 644 3160 lomon
678 3111 986 3176 postquam
1041 3106 1272 3160 laudavi
1312 3107 1520 3172 Deum,
1551 3111 1606 3162 et
1660 3107 1920 3161 conclusi
1965 3107 2087 3161 the-

450 3210 691 3248 saurum
725 3193 939 3265 lapidis
971 3194 1171 3264 hujus,
1208 3194 1360 3264 iussi
1411 3212 1646 3250 rursum
1681 3201 1745 3250 ut
1795 3197 2088 3250 dmmones

2211 1963 2390 2015 μενθνν
2425 1942 2474 1998 ἐν
2535 1945 2579 2015 ᾧ
2635 1947 2933 2016 κοσμῆσεις
2991 1945 3082 1999 τὸν
3129 1947 3252 1999 ναὸν
3303 1945 3504 2020 Κυρίου
3553 1949 3652 1998 τοῦ
3709 1947 3868 1998 Θεοῦ.

2201 2033 2342 2108 Ἐγὼ
2388 2031 2444 2086 δὲ
2495 2034 2784 2106 Σολομῶν,
2819 2034 3049 2096 ἀκούσας
3099 2039 3284 2102 ταῦτα,
3323 2033 3552 2106 ὑπέταξα
3581 2035 3870 2109 πορευοῆο

2204 2143 2288 2176 ναι
2319 2123 2411 2176 τὸν
2446 2121 2658 2192 οἶκε-την
2693 2144 2797 2196 μου
2831 2125 2942 2196 ἅμα
2971 2122 3138 2194 αὐτῷ,
3171 2118 3366 2198 ἔχοντα
3415 2119 3708 2176 δακτύλιον
3759 2128 3868 2190 τῆς

2204 2209 2496 2288 σφραγῖδος
2551 2217 2646 2266 τοῦ
2705 2217 2858 2280 Θεοῦ,
2922 2213 3037 2286 μετ’
3067 2211 3256 2280 αὐτοῦ,
3307 2211 3396 2266 καὶ
3455 2213 3604 2266 εἶπον
3663 2211 3862 2282 αὐτῷ·

2203 2307 2296 2362 ⁸ος
2355 2297 2401 2354 δ’

2206 2391 2501 2464 cogi-{260v
2553 2391 2709 2446 αὐτὸν
2773 2393 2906 2463 μετὰ
2961 2395 3058 2445 τοῦ
3119 2389 3472 2445 δακτυλιδίου
3520 2389 3872 2458 τοῦτου,καῖ

2461 2299 2519 2354 ἂν
2579 2299 2846 2372 ἀποδείξει
2905 2323 2988 2356 σοι
3041 2303 3134 2357 τὸν
3195 2300 3348 2356 λίθον
3407 2301 3500 2355 τὸν
3557 2301 3870 2373 πρασυνον,

2203 2479 2609 2534 κατασκὸπασον
2661 2476 2899 2552 ἀκριϐῶς
2964 2481 3056 2534 τὸν
3110 2481 3280 2534 τόπον
3315 2497 3330 2511 ⁸

2201 2568 2294 2622 τὸν
2337 2565 2826 2640 δαίμοναοέιθάδε.
2861 2569 2958 2623 Καὶ
3007 2566 3198 2638 ἔδειξεν
3257 2567 3404 2640 αὖτῷ
3436 2569 3463 2621 ὁ
3497 2565 3718 2639 δαίμων
3778 2567 3870 2620 τὲεν

2203 2658 2467 2730 πράσυνον
2531 2657 2708 2724 λίθον,
2749 2659 2834 2712 καὶ
2899 2657 3210 2735 ἐσφράγισεν
3253 2656 3436 2728 αὖτὸν,
3488 2657 3580 2710 καὶ
3637 2655 3872 2730 ἤνεγκεν

3391 2479 3478 2534 καὶ
3535 2475 3708 2554 ἄγαγε
3775 2500 3872 2550 μοι

2201 2745 2262 2799 τὸ
2322 2743 2603 2818 δαιμόνιον
2661 2747 2798 2822 πρὸς
2859 2748 2942 2821 με.
2998 2745 3099 2802 Καὶ
3157 2743 3340 2820 ἔκρινα
3393 2744 3496 2820 ἐγὼ
3577 2743 3870 2816 Σολομῶν

2201 2841 2626 2911 περισρραγίσας
2699 2835 2825 2897 τοὺς
2899 2832 2994 2889 δύο
3043 2839 3110 2908 τῇ

2202 2923 2410 2996 ὁμοίως
2466 2925 2554 2979 καὶ
2597 2925 2687 2979 τὸν
2738 2924 2871 2978 κύνα
2914 2921 3299 2998 προσδεδὲσθαι
3345 2923 3552 2977 ἐκεῖνον
3603 2921 3704 2976 τὸν
3773 2923 3872 2993 μέο

3198 2834 3340 2906 δεξιᾷ
3393 2835 3486 2888 τὸν
3559 2831 3870 2910 ἂκὲιραλον,

2199 3033 2317 3088 γαν·
2352 3013 2440 3068 καὶ
2491 3014 2586 3068 τὸν
2649 3015 2740 3086 μὲν
2799 3013 2932 3068 κύνα
2981 3019 3165 3088 τηρεῖν
3225 3011 3286 3066 ad
3319 3009 3576 3086 διάπυρον
3639 3016 3870 3084 πνεῦμα

2201 3104 2272 3163 ὡς
2305 3101 2595 3175 λαμπάδας
2625 3104 2816 3165 νυκτὸς
2849 3103 2937 3158 καὶ
2969 3104 3180 3176 ἡμέρας
3215 3099 3302 3156 διὰ
3347 3105 3444 3156 τοῦ
3492 3099 3705 3174 λαιμοῦ
3741 3103 3868 3173 (sic)

2199 3192 2560 3267 παραπίπτειν
2593 3199 2710 3256 τοῖς
2741 3192 3128 3268 ἐργαζυμὲνοις
3157 3191 3450 3266 τεχνίταις.
3475 3191 3576 3246 Καὶ
3605 3191 3722 3264 ἦρα
3757 3191 3872 3264 ἐγὼ

445 3298 738 3338 marmora
769 3283 1058 3337 caederent
1091 3284 1158 3337 ad
1193 3284 1635 3338 aedificationem
1671 3301 1910 3355 operum
1946 3285 2084 3354 Dei;

2205 3280 2476 3356 Σολομῶν
2513 3281 2571 3336 ἐκ
2599 3287 2694 3336 τοῦ
2731 3281 3006 3354 μετάλλου
3046 3280 3250 3336 ἐκείνου
3305 3285 3406 3334 τοῦ
3459 3279 3614 3343 λίθου
3667 3277 3872 3334 διακο-

445 3375 503 3426 et
552 3387 683 3426 cum
717 3387 977 3426 orassem
1028 3371 1366 3438 Dominum,
1400 3389 1505 3444 ego
1539 3373 1813 3428 Salomon
1845 3375 2092 3430 interro-

447 3459 577 3530 gavi
610 3475 814 3514 canem
852 3476 864 3514 :
901 3459 1042 3523 Quis
1085 3463 1138 3514 te
1189 3459 1432 3531 angelus
1477 3461 1858 3532 impotentem
1911 3465 2094 3519 facit?

447 3549 518 3602 Et
549 3547 630 3604 ait
659 3549 881 3604 daemon
916 3564 928 3602 :
965 3548 1214 3620 Magnus
1249 3551 1466 3605 Brieus.
1501 3551 1568 3604 Et
1601 3553 1948 3606 benedicens
1983 3557 2092 3608 Do-

451 3637 683 3692 minum
717 3637 896 3693 Deum
931 3638 1060 3693 coeli
1093 3643 1150 3693 et
1181 3643 1342 3694 terrae
1369 3640 1524 3710 jussi
1555 3645 1618 3694 ut
1673 3647 1892 3696 astaret
1942 3642 2092 3696 alius

445 3725 674 3782 daemon
709 3743 721 3780 :
760 3727 826 3782 Et
853 3726 1011 3782 venit
1035 3726 1091 3780 in
1125 3735 1438 3798 conspectu
1491 3745 1618 3784 meo
1667 3727 1853 3784 leonis
1903 3731 2092 3786 forma

445 3815 706 3886 rugiens,
737 3821 796 3870 et
827 3821 992 3870 stans
1026 3817 1326 3887 respondit
1351 3816 1494 3870 mihi
1527 3817 1729 3872 dicens
1757 3835 1768 3872 :
1795 3819 1931 3886 Rex,
1985 3821 2090 3874 sub

445 3904 634 3959 forma
663 3903 773 3960 hac
805 3921 982 3975 quam
1016 3903 1224 3968 habeo,
1267 3905 1511 3976 spiritus
1544 3923 1676 3960 sum
1709 3907 1870 3962 nullo
1919 3909 2090 3963 modo

444 3992 644 4048 valens
675 3993 1014 4064 excogitari;
1043 4009 1147 4065 ego
1195 3993 1256 4048 in
1297 4011 1500 4049 omnes
1531 3994 1798 4051 homines
1828 3995 1886 4050 in
1937 4015 2090 4052 mor-

441 4081 534 4136 bis
581 4081 846 4152 jacentes
889 4081 1308 4153 superveniens
1367 4082 1592 4150 exsilio,
1626 4089 1682 4140 et
1741 4086 2090 4154 pertinacio-

442 4185 566 4225 rem
629 4171 774 4226 l'acio
833 4169 1158 4238 hominem,
1229 4171 1313 4225 ita
1369 4175 1434 4226 ut
1491 4173 1878 4244 impossibilis
1913 4175 2090 4230 fiatci

442 4257 647 4326 diaeta;
683 4257 796 4313 alio
828 4259 1054 4328 gaudeo
1085 4258 1364 4324 honore,o
1389 4276 1506 4324 rex;
1536 4261 1856 4316 daemonem
1891 4263 2090 4332 ejicio;

443 4347 631 4401 habeo
664 4351 857 4400 autem
892 4346 1160 4400 subditas
1215 4346 1360 4400 mihi
1393 4348 1687 4418 legiones;
1741 4352 1938 4406 omnia
1969 4351 2094 4407 loca

445 4451 539 4490 me
569 4449 775 4505 capere
805 4438 1076 4505 possunt,
1111 4439 1168 4488 et
1199 4434 1374 4489 simul
1409 4437 1671 4492 omnium
1733 4440 2089 4495 daemonium

441 4522 730 4594 legionem
765 4539 890 4592 quae
923 4521 1068 4578 mihi
1099 4523 1322 4578 subest.
1357 4523 1487 4580 Haec
1518 4527 1764 4582 audiens
1796 4544 1900 4598 ego
1931 4529 2088 4584 Salo-

2205 3372 2353 3434 σίους
2415 3371 2636 3432 σίκλους
2671 3371 2720 3426 ἐν
2752 3377 2868 3433 τοῖς
2915 3372 3243 3445 ἀναφοροῢσι
3293 3375 3389 3424 τοῦ
3443 3369 3867 3440 θυσιαστηρίου,

2200 3461 2262 3515 τὸ
2321 3459 2462 3522 εἶδος
2517 3460 2919 3533 ὁμοιούμενον·
2969 3461 3126 3535 κάγὼ
3184 3457 3242 3513 δὲ
3301 3457 3572 3532 Σολομῶν
3629 3456 3872 3528 ὂοξάσας

2203 3549 2404 3624 Κύριον
2461 3551 2552 3604 τὸν
2603 3551 2754 3620 Θεὸν,
2811 3551 2901 3604 καὶ
2985 3546 3328 3624 περικλείσας
3406 3549 3496 3602 τὴν
3581 3549 3868 3623 θησαυρὸν

2199 3642 2296 3692 τοῦ
2351 3635 2507 3692 λίθου
2565 3637 2792 3704 ἐκείνου,
2827 3637 3078 3693 ἐκέλευσα
3109 3635 3166 3692 δὲ
3197 3636 3360 3692 πάλιν
3409 3635 3536 3700 τοὺς
3593 3633 3870 3708 δαίμονας

2205 3733 2653 3802 μαρμαροκοπεῖν
2731 3727 2806 3789 εἷς
2863 3729 2958 3788 τὰς
3017 3724 3319 3798 οἰκοδομὰς
3367 3730 3470 3780 τῶν
3531 3721 3702 3800 ἔργων
3765 3729 3866 3778 τοῦ

2202 3821 2354 3884 Θεοῦ,
2387 3818 2473 3871 καὶ
2527 3816 2810 3888 εὐξάμενος
2867 3821 2946 3888 τῷ
3002 3815 3186 3890 Κυρίῳ
3237 3814 3342 3890 ἐγὼ
3393 3812 3663 3886 Σολομῶν
3715 3812 3862 3882 ἐπη-

2202 3907 2422 3978 ρώτησα
2476 3907 2566 3960 τὸν
2628 3905 2782 3973 κύνα,
2819 3905 2964 3977 Ποίῳ
3021 3903 3238 3979 ἀγγέλῳ
3287 3907 3531 3978 καταραίῇ
3563 3902 3760 3971 σῦς⁹0
3807 3901 3866 3956 δὲ

2202 3991 2410 4067 δαίμων
2441 3991 2562 4072 ἔφη·
2598 3997 2690 4066 Τῷ
2724 3993 2943 4070 μεγάλῳ
2993 3995 3190 4068 Βριέῳ.
3242 3993 3335 4049 Καὶ
3385 3991 3688 4066 εὐλογήσας
3751 3991 3864 4047 Κῦ-

2203 4105 2317 4159 ριον
2369 4085 2457 4139 τὸν
2517 4085 2644 4140 Θεὸν
2696 4087 2792 4138 τοῦ
2853 4081 3082 4155 οὖρανοῦ
3139 4081 3227 4136 καὶ
3286 4089 3384 4150 τῆς
3440 4079 3864 4156 γῆς,ἐκὲλευσα

2199 4174 2451 4245 παρεῖναί
2501 4195 2595 4246 μοι
2653 4170 2834 4248 ἕτερον
2885 4169 3139 4244 δαίμονα’
3173 4171 3262 4225 καὶ
3315 4170 3454 4239 ἦλθε
3496 4171 3602 4244 πρὸ
3633 4171 3864 4242 προσιὸ-

2201 4283 2308 4316 που
2370 4283 2474 4334 μου
2535 4261 2754 4325 λέοντος
2809 4267 3004 4336 σχῆμα
3067 4259 3446 4334 βρυχόμενος·
3491 4259 3582 4312 καί
3643 4259 3864 4321 σταθεές

2202 4352 2465 4426 ἀπεκρίθη
2526 4373 2618 4424 μοι
2677 4350 2877 4426 λέγων·
2913 4349 3162 4416 Βασιλεῖ),
3195 4349 3259 4404 τὸ
3319 4348 3414 4422 μὲν
3451 4355 3646 4423 σχῆμα
3691 4353 3864 4400 τοῦτο

2201 4442 2230 4496 ’ὀ
2286 4437 2402 4516 ἔχω
2449 4446 2662 4513 metu
2721 4439 2836 4511 εῗμὶ
2893 4437 3154 4511 μηδέλως
3211 4435 3500 4510 δυνάμενον
3561 4443 3862 4506 “Mm-"5‘"

2203 4531 2347 4605 Ἐγὼ
2407 4529 2458 4584 ἐν
2505 4536 2664 4584 πᾶσιν
2726 4529 3032 4604 ἀνθρώποις
3089 4533 3203 4588 τοῖς
3261 4526 3310 4580 ἐν
3363 4528 3636 4598 νοσήμασι
3695 4547 3864 4579 κατα-

443 4629 606 4676 mon,
629 4611 982 4682 interrogavi
1006 4628 1137 4666 eum
1168 4629 1180 4667 :
1208 4614 1366 4679 Quod
1393 4631 1604 4670 nomen
1632 4617 1945 4683 tuum?Qui
1975 4619 2086 4674 ait:

2205 4625 2470 4694 κειμένοις
2546 4619 2872 4696 ἐφορμῶμαι
2943 4615 3477 4692 παρεισερχὸμενον,
3537 4614 3624 4668 καί
3707 4613 3862 4668 ἀνεν-

445 4701 732 4770 Leonil‘er,
783 4699 912 4754 rath
961 4699 1276 4772 (multus?)
1327 4719 1558 4774 genere.
1593 4705 1720 4759 Dixi
1762 4712 1954 4762 autem
1984 4707 2034 4762 ei
2069 4725 2081 4763 :

444 4790 744 4855 Quomodo
795 4790 1092 4861 impotens
1148 4790 1256 4846 tias
1287 4797 1348 4846 tu
1401 4809 1534 4847 cum
1591 4793 1816 4866 legione
1849 4801 1968 4864 tua,
2000 4797 2088 4852 vel

445 4879 578 4951 quis
609 4885 664 4935 te
694 4879 937 4952 angelus
971 4881 1354 4952 impotentem
1389 4882 1572 4937 facit?
1599 4887 1666 4938 Et
1699 4885 1846 4939 dixit
1895 4886 2039 4940 mihi
2073 4903 2087 4942 :

445 4968 506 5024 Si
563 4985 776 5024 nomen
835 4968 1059 5032 dixero,
1120 4987 1232 5024 non
1291 4969 1582 5042 meipsum
1641 4973 1829 5029 vincio
1873 4974 2087 5041 solum,

443 5057 546 5112 sed
579 5062 636 5112 et
665 5056 964 5112 subditam
996 5057 1144 5112 mihi
1177 5057 1465 5130 legionem
1497 5061 2088 5118 daemoniorum.Dixi

444 5149 640 5200 autem
677 5145 763 5200 ei:
795 5145 1016 5216 Adjuro
1049 5152 1104 5200 te
1155 5163 1258 5216 per
1315 5163 1524 5201 nomen
1563 5149 2088 5222 DominiSabaoth,

444 5237 510 5288 ut
538 5233 701 5288 dicas
733 5249 849 5304 quo
881 5233 1120 5288 nomine
1155 5235 1450 5306 impotens
1483 5237 1590 5290 fias
1629 5241 1692 5290 tu
1744 5254 1875 5294 cum
1929 5247 2087 5311 pote-

443 5328 596 5380 state
627 5329 726 5380 tua
777 5325 848 5380 Et
880 5324 1027 5379 dixit
1062 5325 1206 5379 mihi
1242 5342 1255 5380 :
1293 5326 1551 5396 Spiritus
1582 5329 1678 5399 qui
1707 5347 1808 5399 pro
1859 5333 2090 5403 magnis

437 5411 582 5470 viris
615 5413 800 5469 multa
829 5429 1114 5486 passurus
1144 5419 1232 5470 est
1279 5415 1352 5471 ab
1383 5416 1748 5490 hominibus,
1781 5421 1951 5490 cujus
1983 5439 2087 5478 no-

2203 4707 2418 4783 δότερον
2451 4713 2594 4762 ποιῶ
2623 4709 2713 4762 τὸν
2766 4707 3072 4780 ἄνθρωπον,
3106 4707 3180 4766 ὡς
3231 4707 3304 4776 μὴ
3349 4701 3645 4774 δυνηθῆναι
3705 4703 3860 4774 αὐτῷ

2197 4800 2294 4866 τήν
2333 4796 2558 4852 δίαιταν.
2591 4799 2750 4871 "Exte
2785 4793 2842 4850 δὲ
2869 4795 2960 4849 καὶ
2992 4795 3175 4870 ἒτὲραν
3227 4791 3379 4862 δόξαν
3431 4792 3563 4866 ἐγὼ,
3599 4791 3856 4866 βασιλεῦ·

2201 4884 2462 4960 δαίμονας
2521 4883 2776 4940 ἐκϐάλλω
2814 4904 2826 4917 ·
2889 4880 3004 4958 ἔχω
3065 4880 3122 4937 δὲ
3185 4881 3310 4943 τοὺς
3383 4880 3862 4956 ὑποτεταγμένους

2203 4997 2297 5048 μοι
2346 4975 2631 5050 λεγεῶνας·
2667 4972 2908 5029 δεκτικὸν
2967 4975 3042 5046 (9)
3102 4975 3226 5046 (sic)
3285 4970 3397 5042 εἰμὶ
3453 4975 3572 5031 τοῖς
3625 4969 3852 5030 16:01;-

2201 5065 2312 5136 ἅμα
2347 5061 2404 5117 δὲ
2433 5069 2547 5125 τοῖς
2581 5068 2706 5118 πᾶσι
2741 5059 2964 5134 δαίμοσι
2995 5065 3114 5122 τοῖς
3141 5065 3246 5114 τῶν
3281 5059 3370 5113 ὑπ’
3399 5058 3494 5132 ἐμὲ
3545 5057 3859 5134 λεγεώνων.

2196 5152 2338 5228 Ἐγὼ
2369 5150 2424 5206 δὶ
2459 5152 2750 5224 Σολομῶν,
2785 5150 3016 5210 ἀκούσας
3071 5153 3257 5220 ταῦτα,
3295 5147 3616 5222 ἐπερώτησα
3671 5147 3860 5203 αὐτόν.

2199 5241 2264 5298 Τί
2297 5263 2391 5296 σου
2421 5243 2482 5296 τὸ
2515 5239 2709 5314 ὄνομα·
2737 5242 2762 5295 ὁ
2795 5237 2852 5294 δὶ
2883 5238 2983 5316 ἔφη
3017 5238 3410 5315 Λεοντοφὸρονο
3449 5235 3547 5310 ῥάο
3579 5241 3660 5308 τῷ
3691 5235 3860 5310 γένει·

2199 5333 2363 5386 Εἶπον
2399 5328 2454 5385 δὲ
2487 5331 2654 5402 αὐτῷ·
2687 5334 2809 5390 Πῶς
2840 5331 3082 5402 καταργῇ
3128 5325 3189 5380 σὺ
3251 5325 3384 5399 μετὰ
3433 5333 3534 5394 τῆς
3585 5325 3866 5400 λεγεῶνός

2199 5443 2316 5491 σου,
2376 5423 2411 5492 ἢ
2465 5426 2624 5476 ποῖον
2680 5415 2904 5496 ἄγγελον
2967 5419 3088 5490 (sic)
3153 5417 3245 5471 τὸν
3327 5413 3702 5490 καταργοῦντά
3777 5435 3856 5470 σε.

513 5627 662 5712 (ᾖλξέ
699 5631 816 5712 νεριἶ
863 5629 1000 5712 Cod.
1049 5627 1160 5686 hoc
1209 5632 1385 5690 etiam
1435 5635 1842 5708 apographum
1892 5653 2042 5712 esse,
2099 5640 2440 5700 testimonio
2489 5641 2600 5708 est,
2654 5637 2810 5710 quod
2844 5637 2909 5710 (ί)
2958 5649 3095 5692 cum
3145 5632 3386 5708 punctis
3435 5633 3758 5691 diacriticis
3795 5633 3856 5704 (ἰ)

437 5697 648 5758 scribit
675 5699 847 5770 solet,
875 5701 1111 5772 ubique.
