4046 6338
154 416 317 476 1333

145 544 289 620 Ἔφη
333 543 390 601 δὲ
451 567 590 621 μοι’

145 631 398 709 δεσμεύω
446 636 637 710 μόνον,
672 636 820 694 ἀλλὰ
865 640 957 694 καὶ
1006 639 1098 695 τὸν
1141 639 1225 695 ἐπ’
1271 641 1368 713 ἐμὲ
1410 639 1655 715 λεγεῶνα
1699 643 1807 693 τῶν

148 721 445 799 δαιμόνπν.
479 730 655 803 Ἕφην
682 724 740 781 δὲ
770 727 918 800 αύτῷ
954 748 966 761 ·
998 729 1144 804 Ἐγὼ
1193 729 1394 804 ὁρκίζω
1443 750 1500 783 σε
1541 729 1603 782 τὸ
1634 722 1809 801 ὄνομα

139 818 244 867 τοῦ
288 820 425 870 Θεοῦ
456 811 844 885 Σαδαὼθ,τοῦ
894 816 1063 872 εἷπεῖν
1116 838 1171 875 σε
1218 817 1362 890 ποίῳ
1412 817 1641 891 ὀνόματι
1680 837 1809 871 κατ-

144 908 293 979 αργῆ
324 904 389 961 06'
419 907 556 979 μετὰ
575 913 675 975 τῆς
732 898 1018 980 δυνάμεώς
1072 929 1190 964 σου.
1251 910 1389 965 Εἴπε
1431 904 1488 962 δὲ
1548 926 1690 981 μοι·

1309 415 1909 482 TESTAMENTUM
1953 415 2425 481 SALOMONIS.

642 548 765 606 Ἐὰν
817 546 1010 604 εἷ’πωσι
1052 549 1115 605 τὸ
1175 546 1371 624 ὄνομα,
1423 550 1527 605 οὐκ
1570 548 1801 623 ἐμαυτὸν

1923 566 2052 605 men
2084 549 2347 607 calculus
2376 551 2503 622 644,
2538 551 2692 623 quod
2739 552 2830 605 est
2874 545 3243 618 Emmanuel,
3295 545 3395 619 qui
3439 544 3568 602 alli-

3412 415 3568 476 i334

1918 640 2077 711 gavit
2125 656 2231 695 nos
2267 656 2278 695 :
2315 639 2415 712 qui
2447 645 2503 695 et
2551 644 2692 695 tunc
2736 643 3018 694 venturus
3068 641 3158 694 est
3205 652 3309 709 per
3351 650 3567 706 aquam

1919 729 2191 783 deorsum
2227 729 2588 801 praecipitare
2619 745 2747 797 nos,
2779 729 2839 783 in
2871 728 3061 783 tribus
3100 731 3296 781 autem
3327 724 3571 781 charac-

1919 817 2144 877 teribus
2170 818 2422 890 dejicere
2454 818 2604 890 (nos)
2637 834 2772 873 cum
2804 815 3075 888 strepitu.

1748 904 1819 959 Τὸ
1876 909 2090 978 πνεῦμα
2137 905 2166 959 ’ὀ
2223 904 2481 981 μεγάλοις
2530 906 2841 982 ἀνθρώποις
2894 901 3039 978 ἔχων
3096 902 3222 976 (sic)
3252 898 3438 957 πολλὰ
3468 920 3572 955 πα-

141 994 256 1051 θεῖν
320 994 426 1049 ὑπὸ
490 995 830 1071 ἀνθρώπων,
890 994 952 1051 ού
1000 997 1063 1051 τὸ
1122 994 1294 1070 ὄνομα
1349 1000 1529 1073 ψῆφος
1588 991 1746 1072 χμδ’,
1802 991 2005 1048 ὃέστὶν
2068 993 2451 1068 Ἐμμανουήλ,
2512 994 2574 1057 ’ὸς
2638 994 2727 1050 καὶ
2788 991 3103 1066 ὲδὲσμευσεν
3154 993 3324 1065 ἡμᾶς,
3373 991 3435 1053 ὃς
3481 983 3617 1061 καὶ,

140 1079 270 1136 τότε
327 1079 680 1156 ἐλευσόμενος
737 1082 874 1138 κατᾶ
920 1088 1018 1139 τοῦ
1078 1081 1293 1157 ὕδατος,

143 1170 492 1245 ηχούμενον.

219 1278 386 1354 Κάγὼ
433 1280 728 1353 Σολομῶν,
787 1279 1019 1343 ἀκούσας
1083 1285 1251 1337 ταῦτα
1300 1281 1391 1336 καὶ
1445 1277 1669 1351 δοξάσας
1718 1277 1809 1333 τὸν

148 1369 308 1438 Θεὸν,
350 1371 642 1445 κατέκρινα
690 1369 855 1425 αὐτοῦ
902 1371 993 1426 τὸν
1047 1368 1291 1447 λεγεῶνα
1342 1371 1661 1446 ξυλοφορεῖν
1707 1367 1812 1423 ἀπὸ

149 1453 387 1531 δρυμοῦ,
420 1456 580 1512 αὐτὸν
630 1455 689 1512 δὲ
732 1458 822 1513 τὸν
873 1457 1277 1536 λεοντόμορφον
1323 1459 1609 1533 κατέκρινα
1650 1475 1813 1511 κατα-

148 1546 368 1622 πρίζιιν
414 1544 588 1602 λεπτᾶ
634 1552 752 1610 τοῖς
802 1544 1040 1618 ὀδοῦσιν,
1094 1548 1168 1610 εἰς
1219 1549 1514 1603 ὑπόκαυσιν
1571 1553 1670 1616 τῆς
1715 1566 1811 1600 κα-

154 1634 317 1707 μίνου
343 1635 445 1704 τὴς
475 1630 737 1691 ἀσϐέστου
767 1635 844 1699 εἷς
887 1636 979 1692 τὸν
1019 1638 1145 1692 ναὸν
1185 1637 1384 1714 Κυρίου
1407 1640 1503 1691 τοῦ
1535 1639 1689 1705 Θεοῦ,
1722 1632 1811 1688 καὶ

150 1728 537 1798 προσκυνήσας
572 1724 769 1799 Κύριον
820 1727 912 1781 τὸν
961 1728 1088 1782 Θεὸν
1137 1730 1235 1781 τοῦ
1279 1725 1521 1800 Ἰσραὴλ,
1559 1721 1814 1779 ἐκέλευσα

151 1813 408 1888 παρεῖναί
441 1834 535 1884 μοι
563 1810 747 1889 ἓτερον
785 1811 1040 1887 δαίμονα.
1075 1814 1176 1872 Καὶ
1207 1813 1346 1884 ἦλθε
1376 1814 1484 1891 πρὸ
1515 1812 1812 1887 προσώπου

154 1899 371 1976 δράκων
428 1901 759 1981 τρικέφαλος
841 1898 1254 1982 φοϐερόχροος·
1329 1902 1419 1958 καὶ
1495 1902 1814 1978 ἐπερώτησα

153 1992 316 2046 αὐτόν
347 2035 360 2048 .
396 1993 472 2046 Σὺ
502 1993 587 2054 τίς
619 1994 669 2048 εἴ
699 2011 713 2064 ;
746 1995 790 2050 Ο
836 1990 893 2047 δέ
942 2013 1035 2067 μοι
1068 1991 1169 2068 ἔφη
1206 2011 1220 2025 ·
1254 1997 1473 2067 Πνεῦμα
1496 1986 1814 2067 τριϐόλαιόν

1383 1076 1784 1159 κρηνοϐατιτίσε
1837 1082 1987 1153 ἡμᾶς
2019 1098 2033 1112 ·
2095 1080 2145 1136 ἐν
2205 1078 2263 1136 δὶ
2316 1087 2432 1143 τοῖς
2486 1080 2630 1155 τρισὶ
2680 1086 3024 1158 χαρακτῆρσι
3070 1077 3398 1154 κατάγουσαι
3448 1097 3573 1154 περι

1992 1280 2059 1336 Et
2078 1296 2182 1353 ego
2205 1281 2484 1337 Salomon
2521 1280 2643 1336 haec
2661 1280 2930 1347 audiens,
2955 1284 3012 1336 et
3027 1278 3363 1352 gloriﬁcans
3384 1279 3571 1335 Deum

1923 1371 2306 1425 condemnavi
2354 1369 2643 1442 legionem
2673 1371 2803 1441 ejus
2835 1375 2899 1426 ut
2928 1369 3088 1442 ligna
3122 1371 3510 1441 comportaret
3539 1384 3574 1423 a

1923 1458 2079 1514 saltu
2106 1476 2120 1525 ;
2152 1458 2348 1530 ipsum
2374 1463 2569 1514 autem
2598 1458 3118 1526 Leoniformem,ut
3144 1457 3327 1512 frusta
3348 1460 3573 1513 secaret

1923 1545 2197 1601 dentibus
2227 1545 2297 1599 ad
2331 1546 2694 1602 exustionem
2725 1545 2939 1601 camini
2969 1561 3203 1617 semper
3231 1543 3569 1600 ardentisin

1922 1633 2209 1706 templum
2243 1633 2475 1689 Domini
2506 1634 2634 1703 Dei;
2669 1639 2727 1690 et
2756 1639 3068 1706 postquam
3101 1633 3336 1689 adoravi
3373 1632 3573 1688 Domi-

1923 1740 2064 1779 num
2102 1725 2280 1779 Deum
2313 1722 2511 1795 Israel,
2537 1723 2695 1796 jussi
2726 1728 2790 1778 ut
2818 1724 3053 1780 adesset
3093 1722 3237 1778 mihi
3268 1721 3419 1778 alius
3448 1722 3570 1777 dae-

1924 1830 2084 1868 mon.
2116 1814 2186 1868 Et
2213 1814 2377 1869 venit
2407 1814 2467 1868 in
2522 1818 2839 1886 conspectu
2889 1828 3020 1869 meo
3053 1813 3226 1868 draco
3273 1811 3569 1883 tricepha-

1922 1902 2015 1957 lus
2046 1902 2334 1959 tremendi
2367 1902 2597 1971 coloris,
2630 1908 2688 1958 et
2719 1901 3068 1974 interrogavi
3097 1918 3273 1957 eum:
3315 1901 3403 1956 Tu
3436 1899 3570 1972 quis

1924 1990 2031 2046 es?
2059 1995 2127 2046 Et
2156 1991 2237 2045 ait
2265 1990 2411 2046 mihi
2446 2007 2459 2046 :
2492 1991 2746 2064 Spiritus
2777 1990 2992 2064 triplex
3022 2007 3172 2057 sum,
3205 1989 3395 2044 tribus
3424 1988 3569 2044 acti-

154 2079 296 2153 εῗμῖ,
347 2078 398 2135 ἐν
450 2081 596 2156 τρισὶ
659 2081 878 2157 πράξεσι
927 2065 1415 2157 κατεργαζόμενονξ
1466 2065 1613 2155 Ἐγὼ
1665 2077 1723 2134 δὲ
1757 2078 1807 2134 ἐν

1924 2081 2034 2136 bus
2065 2084 2428 2152 occupatus:
2461 2096 2568 2152 ego
2617 2080 2773 2135 enim
2807 2079 2867 2134 in
2916 2080 3051 2136 sinu
3103 2077 3417 2134 mulierum
3468 2091 3571 2131 ex-

152 2170 343 2241 κοιλίᾳ
369 2175 639 2245 γυναικῶν
680 2170 871 2249 τυφλῶ
910 2173 969 2226 εά
998 2169 1188 2227 παιδία
1220 2191 1234 2205 ο
1267 2170 1357 2226 καὶ
1390 2172 1502 2225 ὦτα
1531 2167 1757 2225 ἐπιδινῶ
1791 2187 1804 2200 ·

151 2259 247 2314 καὶ
276 2264 418 2314 ποιῶ
453 2254 609 2336 βωὸά
636 2260 727 2314 καὶ
775 2259 933 2338 κωφά
964 2278 976 2291 ·
1035 2262 1125 2316 καὶ
1170 2259 1294 2334 ἐμοὶ
1327 2259 1427 2336 γὰρ
1458 2257 1622 2314 πάλιν
1657 2257 1707 2313 ἐν
1738 2260 1807 2331 τῇ

148 2350 309 2425 τρίτῃ
369 2372 464 2423 μοι
512 2349 724 2429 κεφαλῇ
795 2348 1035 2406 ὗπόδυνα
1082 2353 1204 2427 (sic)
1239 2369 1253 2383 '
1314 2352 1405 2405 καὶ
1446 2349 1633 2405 τύπτω
1678 2348 1807 2412 τοὺς

152 2441 478 2516 ἀνθρώπους
527 2441 663 2496 κατὰ
709 2441 772 2495 τὸ
819 2438 1031 2504 ἆκωδὸς
1063 2444 1176 2510 (10)
1215 2442 1332 2515 (sic)
1380 2444 1475 2495 τοῦ
1506 2441 1757 2512 σώματος
1793 2458 1807 2471 ”

143 2528 414 2584 καὶποιῶ
460 2530 821 2585 καταπίπτειν
866 2531 955 2585 καὶ
1004 2529 1244 2608 ἀφρίζειν
1292 2530 1382 2585 καὶ
1433 2530 1633 2603 τρίζειν
1682 2526 1811 2593 τοὺς

148 2614 377 2682 ὀδόντας
408 2638 421 2651 ·
455 2613 572 2694 ἔχω
601 2616 657 2673 δὲ
695 2618 896 2695 τρόπον
945 2617 997 2672 ἐν
1048 2619 1093 2690 ᾧ
1140 2622 1517 2693 καταργοῦμαι
1552 2634 1567 2649 ·
1602 2617 1809 2687 ὑποση-

150 2706 486 2780 μειουμὲνης
563 2711 664 2773 τῆς
740 2706 1123 2781 Ἰερουσαλὴμ,
1204 2706 1280 2769 εἰς
1345 2707 1436 2761 τὸν
1515 2704 1810 2780 λεγόμενον

142 2796 315 2851 τόπον
378 2794 714 2871 Κεφάλαιον.
764 2798 914 2851 Ἐκεῖ
967 2796 1069 2873 γὰρ
1127 2797 1407 2872 πρώριστο
1458 2796 1486 2850 ὁ
1542 2796 1811 2870 ’Ἄγγελος

146 2892 252 2954 τῆς
294 2884 545 2960 μεγάλης
602 2884 811 2960 βουλῆς
839 2905 852 2918 ’
900 2885 990 2940 καὶ
1038 2889 1129 2939 νῦν
1182 2889 1426 2963 φανερῶς
1449 2885 1498 2939 τ’
1526 2883 1613 2939 ἐπὶ
1647 2883 1810 2955 ξύλου

152 2974 367 3044 οἰκήσει
429 2973 635 3037 ἐκεῖνός
689 2995 757 3047 με
806 2978 1068 3052 καταργεῖ
1110 2972 1161 3028 ἐν
1209 2974 1255 3046 ᾧ
1305 2971 1674 3049 ὕποτὲναγμαι
1706 2992 1719 3004 ·
1754 2971 1808 3027 ἐν

149 3059 209 3118 δὲ
238 3067 321 3136 τῷ
348 3062 506 3136 τόπῷ
543 3063 594 3118 ἐν
644 3065 690 3136 ᾦ
739 3063 964 3138 καθέζῃ,
1018 3061 1243 3138 βασιλεῦ
1295 3061 1589 3135 Σολομῶν,
1624 3063 1810 3132 στήκει

143 3151 286 3207 κίων
316 3151 401 3207 ἐπὶ
448 3156 547 3208 τοῦ
599 3151 796 3228 ἀέρος’
847 3148 1397 3230 πορφυροδανόμενος
1440 3152 1467 3206 ὁ
1521 3148 1728 3224 δαίμων
1780 3150 1809 3204 ὁ

153 3240 452 3316 λεγόμενος
492 3242 722 3319 Ἐφιπᾶς
770 3240 877 3296 ἀπὸ
923 3247 1022 3309 τῆς
1062 3242 1323 3315 Ἐρυθρᾶς
1366 3237 1644 3310 θαλάσσης
1689 3240 1810 3293 ἀνα-

145 3331 331 3404 γαγὼν
361 3328 469 3384 ἀπὸ
506 3332 608 3398 τῆς
656 3327 762 3384 ἔσω
817 3324 1116 3403 Ἀραϐίας’
1179 3327 1323 3391 ὅστις
1385 3327 1475 3383 καὶ
1536 3327 1615 3390 εἷς
1645 3327 1806 3383 ἀσκὸν

141 3416 556 3479 κατακλεισθεῖς
618 3419 1012 3491 κομισθήσεται
1069 3412 1374 3493 ἕμπροσθὲν
1433 3437 1529 3471 σου
1563 3435 1576 3449 ’

90 3528 95 3531 ‘
147 3510 219 3581 τῇ
282 3507 432 3583 ἀρχῇ
490 3511 588 3561 τοῦ
639 3510 768 3561 ναοῦ
847 3507 1010 3581 ὅνπερ
1079 3503 1230 3582 ἤρξω
1301 3505 1521 3576 κτίξειν,
1585 3504 1810 3581 βασιλεῦ

146 3593 449 3669 Σολομῶν,
518 3594 800 3650 ἀπόκειται
869 3594 1095 3671 χρυσίον
1155 3593 1324 3661 πολὺ,
1412 3595 1544 3669 ὅπερ
1619 3594 1810 3669 ὀρύξας

144 3685 277 3758 ἆρον
314 3701 327 3715 ⁸
382 3684 539 3758 Κᾶγὼ
599 3682 892 3757 Σολομῶν,
938 3681 1267 3748 ἀποστείλας
1314 3685 1404 3738 τὸν
1454 3680 1624 3737 παῖδά
1682 3705 1811 3756 μου,

141 3773 302 3847 εὗρον
332 3771 512 3837 καθὼς
563 3773 680 3827 εἷπὲ
737 3794 827 3846 μοι
883 3773 946 3828 τὸ
992 3769 1276 3845 δαιμόνιον
1311 3789 1326 3804 ·
1376 3770 1465 3826 καὶ
1515 3772 1810 3849 σφραγίσας

142 3865 226 3934 τῷ
281 3857 616 3934 δακτυλιδιῳ
666 3858 834 3936 ᾔνεσα
894 3861 1098 3937 Κύριον
1149 3862 1242 3917 τὸν
1285 3860 1413 3917 Θεόν
1449 3880 1462 3893 ·
1512 3863 1667 3915 εἷπον
1719 3859 1811 3915 οὖν

141 3950 299 4021 αύτῷ
332 3969 344 3981 ·
390 3949 451 4003 Τί
500 3950 563 4004 σὺ
615 3949 796 4026 λὲγεις
824 3970 838 4019 ;
871 3952 899 4005 ὁ
945 3949 1153 4023 δαίμων
1206 3944 1308 4028 ἔφη
1343 3969 1357 3983 θ
1412 3951 1640 4027 Κορυφὴ
1690 3947 1813 4025 δρα-

140 4039 360 4094 κόντων
417 4038 533 4113 εἶμί
566 4058 579 4072 ⁸
634 4040 726 4095 καὶ
777 4038 1032 4095 ἐκέλευσα
1098 4040 1261 4095 αὐτὸν
1320 4037 1706 4114 πλινθουργεῖν
1761 4037 1813 4093 ἒν

136 4133 223 4201 τῷ
252 4132 367 4200 ναῷ
398 4149 409 4161 ·
451 4128 597 4204 εἶχεν
655 4134 848 4205 χεῖρας
901 4128 1206 4206 ἀνθρώπων
1240 4148 1253 4162 ο
1299 4128 1390 4183 καὶ
1437 4129 1813 4205 προσγυνήσας

150 4218 356 4294 Κύριον
414 4220 505 4273 τὸν
566 4218 695 4273 Θεὸν
775 4224 871 4273 τοῦ
948 4218 1194 4294 Ἰσραὴλ,
1254 4218 1510 4275 ἐκέλευσα
1564 4216 1813 4295 παρεῖναί

150 4328 249 4379 μοι
300 4304 483 4383 ἕτερον
535 4304 791 4380 δαίμονα.
852 4307 955 4365 Καὶ
1008 4306 1176 4376 ἦλθεν
1220 4309 1326 4381 πρὸ
1373 4307 1672 4382 προσώπου
1707 4328 1811 4380 μου

135 4400 363 4469 πνεῦμα
418 4394 788 4470 γυναικοειδὶς
847 4397 949 4465 τήν
1016 4396 1262 4472 κορυφὴν
1337 4397 1652 4471 κατέχουσα
1708 4396 1815 4450 ἀπὸ

137 4485 348 4547 παντὸς
385 4484 588 4558 μέλους
623 4504 635 4516 ·
684 4484 777 4540 καὶ
821 4484 918 4547 τὰς
972 4469 1297 4560 λυσίτριχας
1343 4469 1642 4561 ταῖςηθριξί
1675 4503 1689 4517 ⁶
1722 4469 1812 4539 καὶ

135 4573 282 4651 ἔφην
314 4575 452 4648 πρὸς
505 4573 673 4644 αύτήν
707 4591 719 4604 ·
768 4574 902 4647 Λέγε
953 4594 1072 4647 μσι,
1122 4572 1183 4627 σὺ
1228 4573 1309 4636 τίς
1354 4577 1442 4642 εἷς
1490 4575 1553 4631 Ἡ
1605 4571 1662 4628 δὲ
1708 4567 1807 4652 ἔφη

132 4663 245 4719 Καὶ
274 4661 356 4725 τίς
386 4660 450 4717 σὺ
496 4664 565 4735 εἴ,
616 4658 653 4730 ἤ
702 4683 823 4717 τινα
871 4661 1060 4737 χρείαν
1116 4657 1265 4737 ἔχεις
1317 4662 1543 4716 ἀκοῦσαι
1584 4663 1652 4716 τὰ
1694 4647 1811 4716 κατ’

133 4753 324 4825 ﬁmi};
356 4748 509 4807 Ἀλλ’
556 4750 601 4805 εἰ
653 4748 829 4812 θέλεις
883 4752 1110 4824 μαθεῖν’
1160 4753 1346 4821 στήκω
1394 4751 1498 4827 γὰρ
1547 4748 1806 4822 δεδεμένη

134 4841 252 4915 πρὸ
283 4840 583 4911 προσώπου
629 4860 748 4908 σου,
798 4838 1097 4915 πορεύθητι
1149 4837 1240 4893 οὖν
1299 4838 1350 4893 ἐν
1401 4843 1518 4900 τοῖς
1564 4837 1811 4911 ταμείοις

1918 2187 2068 2227 casco
2101 2170 2394 2242 parvulos,
2428 2173 2485 2224 et
2515 2186 2688 2225 aures
2717 2173 2984 2240 torqueo,
3009 2172 3064 2223 et
3093 2167 3240 2222 facio
3269 2164 3569 2238 vagientes

1920 2265 1978 2314 et
2007 2259 2241 2329 surdos,
2273 2275 2411 2315 nam
2448 2259 2520 2313 'in
2554 2257 2722 2314 tertio
2771 2257 2962 2330 capite
3001 2273 3130 2312 meo
3184 2271 3393 2310 rursus
3439 2253 3568 2310 illa-

1918 2347 2177 2415 buntur;
2200 2347 2473 2403 homines
2512 2347 2774 2418 percutio
2798 2346 2856 2400 in
2881 2344 3141 2401 inferiori
3164 2348 3328 2416 parte
3358 2358 3563 2414 corpo-

1918 2437 2085 2504 ris,et
2116 2436 2263 2493 facio
2295 2442 2359 2492 ut
2408 2437 2643 2505 cadant,
2686 2440 2743 2491 et
2772 2451 3015 2506 spumas
3043 2434 3240 2501 edant,
3271 2436 3329 2488 et
3374 2431 3566 2487 denti-

1918 2527 2029 2582 bus
2052 2527 2336 2594 fremant;
2362 2525 2618 2581 estmihi
2643 2525 2856 2580 modus
2877 2540 2992 2596 quo
3014 2521 3269 2578 imbellis
3295 2522 3390 2577 ﬁo:
3418 2538 3562 2592 pras-

1918 2616 2246 2688 signiﬁcata
2258 2613 2585 2670 Jerusalem
2600 2614 2676 2681 ,in
2694 2613 2818 2669 loco
2835 2613 2934 2685 qui
2950 2609 3565 2683 dieiturCephalteum:

1916 2705 1998 2760 ibi
2029 2704 2183 2760 enim
2224 2704 2677 2776 praadestinatus
2706 2706 2796 2759 est
2827 2701 3081 2774 Angelus
3100 2699 3298 2773 magni
3317 2697 3570 2767 consilii,

1916 2797 1973 2849 et
2015 2792 2153 2848 olim
2207 2798 2403 2863 aperte
2452 2808 2630 2865 super
2678 2790 2904 2863 lignum
2956 2789 3255 2857 manebit;
3302 2787 3575 2860 ipse'me

1909 2882 2151 2952 jussum
2186 2898 2357 2953 agere
2406 2897 2523 2936 non
2556 2879 2731 2949 sinit;
2765 2886 2820 2935 et
2851 2879 2911 2934 in
2962 2878 3089 2935 loco
3117 2878 3217 2932 ubi
3251 2877 3443 2940 sedes.
3475 2892 3576 2931 rex

1916 2970 2212 3039 Salomon,
2263 2970 2445 3025 stabit
2491 2968 2767 3025 columna
2809 2969 2870 3024 in
2922 2984 3074 3033 aere,
3109 2983 3140 3022 e
3170 2965 3319 3021 mari
3378 2966 3577 3020 Rubro

1923 3060 2139 3115 educta
2169 3076 2203 3114 a
2234 3057 2591 3131 porphyrino
2623 3059 2888 3113 dazmone
2919 3056 3019 3128 qui
3051 3055 3269 3110 dicitur
3295 3054 3579 3126 Ephipas,

1922 3148 2021 3220 qui
2055 3148 2128 3203 ab
2163 3147 2427 3202 interiori
2459 3146 2676 3202 Arabia
2697 3147 2755 3202 in
2781 3162 2927 3201 nave
2958 3144 3227 3200 inclusus
3259 3144 3587 3200 adducetur

1916 3242 2059 3292 ante
2090 3242 2165 3292 te.
2193 3237 2263 3291 Et
2292 3236 2355 3291 in
2390 3236 2581 3309 rapite
2608 3235 2813 3307 templi
2846 3235 3003 3307 quod
3023 3234 3250 3306 cepisti
3275 3234 3586 3299 aedificare,

1917 3342 2016 3381 rex
2038 3325 2335 3392 Salomon,
2354 3324 2494 3380 latet
2516 3341 2727 3380 aurum
2752 3322 3190 3394 multum,quod
3217 3328 3280 3379 tu
3305 3323 3583 3378 effossum

1637 3414 1690 3470 ἐν
1749 3414 1808 3470 δὶ
1841 3433 1883 3500 C
1922 3414 2081 3470 tolle.
2111 3415 2181 3468 Et
2210 3430 2316 3485 ego
2347 3413 2643 3480 Salomon,
2677 3412 2917 3468 mittens
2944 3427 3194 3485 puerum
3228 3428 3449 3481 meum,
3485 3410 3584 3464 in-

1922 3503 2051 3560 veni
2081 3503 2236 3558 sicut
2264 3501 2411 3557 dixit
2442 3502 2586 3557 mibi
2637 3503 2865 3557 daemon
2901 3521 2915 3569 ;
2973 3506 3030 3556 et
3077 3504 3392 3572 postquam
3442 3513 3579 3554 eum

1921 3591 2139 3649 annulo
2200 3591 2454 3662 signavi,
2510 3589 2743 3646 laudavi
2801 3589 3119 3645 Dominum
3178 3594 3385 3645 Deum.
3444 3588 3577 3643 Dixi

1921 3696 2057 3753 ergo
2115 3680 2213 3736 ei:
2248 3682 2349 3753 (De
2407 3680 2485 3751 te)
2512 3678 2653 3750 quid
2713 3678 2862 3733 dicis
2918 3677 3044 3750 (seu
3099 3677 3232 3749 quis
3291 3675 3578 3744 diceris)?

1920 3770 2243 3841 Respondit
2273 3770 2500 3823 daemon
2536 3784 2549 3824 :
2577 3770 2763 3839 Caput
2795 3783 2927 3822 sum
2980 3767 3341 3832 draconum;
3375 3768 3432 3820 et
3460 3765 3575 3819 im-

1920 3860 2115 3933 peravi
2149 3864 2212 3914 ut
2236 3858 2448 3914 lateres
2478 3861 2854 3929 componeret
2885 3854 2944 3910 in
2976 3854 3296 3926 templum;
3323 3853 3580 3909 habebat
3656 3859 3660 3865 '

1922 3966 2134 4004 manus
2184 3947 2468 4003 hominis.
2502 3947 2572 4002 Et
2620 3947 2860 4001 adorato
2910 3945 3156 4000 Domino
3209 3944 3322 3999 Deo
3369 3941 3573 4009 Israel,

1912 4038 2070 4109 jussi
2120 4040 2185 4092 ut
2229 4037 2463 4091 adesset
2511 4034 2655 4090 mihi
2704 4033 2858 4090 alius
2908 4033 3152 4088 daemon.
3189 4033 3259 4087 Et
3309 4030 3468 4088 venit
3514 4030 3575 4086 in

1921 4130 2236 4198 conspectu
2296 4141 2424 4180 meo
2483 4123 2731 4196 spiritus
2771 4123 3003 4178 feminae
3050 4120 3287 4189 similis,
3338 4120 3432 4176 cui
3486 4124 3575 4175 tot

1919 4216 2115 4287 capita
2161 4220 2306 4286 quot
2355 4213 2641 4282 membra,
2673 4217 2729 4268 et
2779 4211 3042 4267 crinibus
3090 4208 3322 4278 soluta;
3357 4213 3414 4265 et
3458 4209 3577 4264 dixi

1921 4305 1992 4361 ad
2026 4320 2153 4360 eam
2189 4320 2202 4360 :
2238 4302 2440 4359 Indica
2472 4301 2616 4357 mihi
2648 4318 2779 4373 qua:
2810 4301 2915 4357 sis.
2948 4301 3083 4365 Quae
3113 4300 3216 4356 ait.
3250 4300 3411 4354 Et-tu
3442 4297 3578 4369 quis

1922 4412 1984 4451 es
2006 4394 2033 4450 ?
2063 4394 2165 4450 Vel
2201 4393 2341 4466 quid
2394 4410 2543 4465 opus
2569 4393 2752 4449 habes
2799 4393 3004 4448 audire
3034 4409 3163 4464 quae
3211 4391 3284 4446 ad
3314 4407 3414 4446 me
3438 4388 3573 4447 atti-

1922 4483 2110 4540 nent?
2141 4487 2215 4538 At
2246 4482 2296 4538 si
2342 4481 2434 4538 vis
2464 4482 2710 4549 discere,
2745 4486 2835 4538 sto
2879 4481 3036 4537 enim
3084 4481 3282 4535 vincta
3308 4479 3367 4534 in
3399 4495 3572 4535 cons-

1922 4579 2093 4647 pectu
2153 4576 2275 4638 tuo,
2306 4571 2455 4627 vade
2510 4571 2570 4627 in
2627 4569 2806 4627 cellas
2865 4576 2997 4626 tuas
3053 4569 3265 4642 regias,
3297 4572 3353 4624 et
3413 4572 3571 4640 post-

1921 4677 2102 4734 quam
2133 4678 2346 4716 manus
2391 4660 2671 4728 ablueris,
2703 4660 2841 4714 sede
2887 4659 3102 4715 iterum
3144 4663 3282 4713 ante
3310 4656 3570 4712 tribunal

1920 4755 2133 4818 tuum;
2165 4753 2222 4805 et
2268 4754 2411 4804 tunc
2462 4747 2853 4819 interrogabis
2902 4763 3017 4815 me,
3074 4750 3133 4801 et
3176 4745 3389 4812 disces,
3447 4761 3568 4799 rex.

1923 4855 2049 4910 quae
2079 4838 2190 4892 sim
2222 4854 2348 4909 ego.

133 4950 243 4985 σου
300 4934 420 4992 τοῖς
475 4926 809 5004 βασιλικοῖς,
865 4928 955 4984 καὶ
1013 4929 1310 5003 νιψάμενος
1364 4928 1461 4991 τὰς
1516 4932 1732 5003 χεῖρας,
1777 4925 1941 4982 πάλιν
2001 4926 2240 4995 καθήσας
2292 4924 2399 4998 πρὸ
2454 4927 2551 4978 τοῦ
2613 4921 2864 5000 βήματός
2923 4942 3041 4993 σου,
3102 4921 3227 4977 τότε
3278 4918 3572 4995 ἐρωτήσεις

135 5039 235 5095 με,
262 5016 353 5072 καὶ
388 5018 635 5093 μαθήσῃ,
673 5016 920 5091 βασιλεῦ,
948 5016 1029 5080 τίς
1060 5017 1176 5091 εἰμι
1206 5016 1338 5093 ἐγώ.

217 5132 323 5189 Καὶ
352 5136 515 5188 τοῦτο
560 5133 798 5204 ποιήσας
849 5131 1291 5208 ἐγὼΣολομῶν,
1340 5130 1520 5194 καθὼς
1567 5129 1813 5204 συνέταξὲ

135 5242 266 5297 μοι,
319 5222 645 5297 ἠνεσχόμην
710 5218 801 5276 8ιᾶ
856 5222 954 5290 τὴν
1016 5219 1238 5276 ἐνοῦσαν
1301 5241 1394 5294 μοι
1453 5219 1664 5298 σοφίαν,
1720 5218 1814 5275 ’ίνσι

136 5308 368 5380 δυνηθῶ
420 5311 647 5366 ἀκοῦσαι
721 5311 817 5373 τὰς
894 5310 1115 5383 πράξεις
1200 5310 1391 5380 αὐτῆς,
1445 5308 1535 5364 καὶ
1602 5307 1809 5383 ἐλὲγξαι

133 5400 337 5467 αὐτὰς,
370 5400 458 5455 καὶ
522 5404 827 5476 φατερῶσαι
875 5405 994 5462 τοῖς
1043 5399 1378 5476 ἀνθρώποις,
1434 5399 1523 5453 καὶ
1568 5398 1813 5468 καθήσας

136 5489 326 5567 ἔφησα
354 5490 491 5566 πρὸς
537 5489 630 5544 τὸν
683 5486 941 5564 δαίμονα,
989 5490 1085 5552 Τίς
1136 5489 1185 5544 εἶ
1213 5509 1226 5523 ·
1280 5488 1384 5546 Καὶ
1435 5487 1578 5543 εἶπεν
1610 5507 1623 5521 °
1655 5486 1809 5564 ’Ἐγὼ

225 5738 344 5813 (10)
375 5732 603 5804 εἶκώόος
633 5769 703 5784 --—
733 5736 978 5803 εῗκώδες.

1994 5130 2065 5187 Et
2094 5146 2228 5187 cum
2259 5128 2382 5185 haec
2412 5128 2669 5186 fecissim
2702 5143 2808 5200 ego
2841 5126 3142 5198 Salomon,
3176 5126 3328 5183 sicut
3366 5126 3580 5198 praece-

1922 5225 2089 5294 perat
2117 5219 2287 5288 mihi,
2319 5218 2742 5274 contendebam
2777 5216 3140 5289 perinsitam
3182 5215 3325 5271 mihi
3349 5213 3582 5290 sapien-

1922 5311 2085 5375 tiam,
2158 5312 2223 5363 ut
2289 5323 2522 5378 possem
2591 5306 2799 5362 audire
2863 5304 3238 5377 operationes
3304 5305 3455 5375 ejus,
3523 5306 3582 5358 et

1922 5403 2094 5453 notas
2143 5396 2369 5469 aperire
2419 5394 2799 5463 hominibus;
2834 5398 2893 5451 et
2923 5395 3137 5450 sedens
3190 5391 3309 5448 dixi
3340 5393 3410 5448 ad
3459 5391 3581 5446 daa-

1922 5501 2206 5543 monem:
2266 5487 2404 5552 Quze
2459 5501 2522 5542 es
2575 5484 2688 5542 tu?
2745 5484 2813 5540 Et
2868 5484 2995 5541 ait:
3045 5481 3164 5555 Ego
3209 5481 3372 5539 dicor
3421 5481 3579 5554 apud
