  <div class='ocr_page' id='page_1' title='image "/cluster/home/n/w/nwhite01/storage/ocr_20150623/122/hvd.32044073502452/677.png"; bbox 0 0 4046 6338; ppageno 0'>
   <div class='ocr_carea' id='block_1_1' title="bbox 504 440 660 501">
    <p class='ocr_par' dir='ltr' id='par_1_1' title="bbox 504 440 660 501">
     <span class='ocr_line' id='line_1_1' title="bbox 504 440 660 501; baseline 0.013 -2"><span class='ocrx_word' id='word_1_1' title='bbox 504 440 660 501; x_wconf 73' lang='lat' dir='ltr'>i335</span> 
     </span>
    </p>
   </div>
   <div class='ocr_carea' id='block_1_2' title="bbox 1459 431 2952 498">
    <p class='ocr_par' dir='ltr' id='par_1_2' title="bbox 1459 431 2952 498">
     <span class='ocr_line' id='line_1_2' title="bbox 1459 431 2952 498; baseline 0 -4"><span class='ocrx_word' id='word_1_2' title='bbox 1459 434 1860 496; x_wconf 85' lang='lat' dir='ltr'>APPENDIX</span> <span class='ocrx_word' id='word_1_3' title='bbox 1906 435 2009 494; x_wconf 86' lang='lat' dir='ltr'>AD</span> <span class='ocrx_word' id='word_1_4' title='bbox 2055 431 2520 496; x_wconf 81' lang='lat' dir='ltr'>MICHAELEM</span> <span class='ocrx_word' id='word_1_5' title='bbox 2565 434 2952 498; x_wconf 82' lang='lat' dir='ltr'>PSELLUM.</span> 
     </span>
    </p>
   </div>
   <div class='ocr_carea' id='block_1_3' title="bbox 3775 432 3924 494">
    <p class='ocr_par' dir='ltr' id='par_1_3' title="bbox 3775 432 3924 494">
     <span class='ocr_line' id='line_1_3' title="bbox 3775 432 3924 494; baseline 0.013 -2"><span class='ocrx_word' id='word_1_6' title='bbox 3775 432 3924 494; x_wconf 72' lang='lat'>{336</span> 
     </span>
    </p>
   </div>
   <div class='ocr_carea' id='block_1_4' title="bbox 501 558 2146 642">
    <p class='ocr_par' dir='ltr' id='par_1_4' title="bbox 501 565 2146 640">
     <span class='ocr_line' id='line_1_4' title="bbox 501 565 2146 640; baseline -0.005 -12"><span class='ocrx_word' id='word_1_7' title='bbox 501 573 774 628; x_wconf 77' lang='lat' dir='ltr'>homines</span> <span class='ocrx_word' id='word_1_8' title='bbox 829 567 1136 638; x_wconf 86' lang='lat' dir='ltr'>Obizouth,</span> <span class='ocrx_word' id='word_1_9' title='bbox 1169 584 1295 640; x_wconf 77' lang='lat' dir='ltr'>quas</span> <span class='ocrx_word' id='word_1_10' title='bbox 1351 571 1520 624; x_wconf 88' lang='lat' dir='ltr'>nocte</span> <span class='ocrx_word' id='word_1_11' title='bbox 1575 585 1690 623; x_wconf 88' lang='lat' dir='ltr'>non</span> <span class='ocrx_word' id='word_1_12' title='bbox 1749 565 2000 632; x_wconf 83' lang='lat' dir='ltr'>dormio,</span> <span class='ocrx_word' id='word_1_13' title='bbox 2054 567 2146 622; x_wconf 89' lang='lat' dir='ltr'>sed</span> 
     </span>
    </p>
   </div>
   <div class='ocr_carea' id='block_1_5' title="bbox 2256 558 3922 642">
    <p class='ocr_par' dir='ltr' id='par_1_5' title="bbox 2277 558 3922 642">
     <span class='ocr_line' id='line_1_5' title="bbox 2277 558 3922 642; baseline -0.002 -23"><span class='ocrx_word' id='word_1_14' title='bbox 2277 562 2507 639; x_wconf 72' lang='grc' dir='ltr'>λέγομαι</span> <span class='ocrx_word' id='word_1_15' title='bbox 2557 567 2700 642; x_wconf 69' lang='grc' dir='ltr'>παρὰ</span> <span class='ocrx_word' id='word_1_16' title='bbox 2749 565 3060 640; x_wconf 84' lang='grc' dir='ltr'>ἀνθρώποις</span> <span class='ocrx_word' id='word_1_17' title='bbox 3107 558 3356 632; x_wconf 74' lang='grc' dir='ltr'>Ὀϐιζοῦθ</span> <span class='ocrx_word' id='word_1_18' title='bbox 3386 581 3400 595; x_wconf 84' lang='lat'>&#39;</span> <span class='ocrx_word' id='word_1_19' title='bbox 3457 563 3585 633; x_wconf 69' lang='grc' dir='ltr'>ἥτις</span> <span class='ocrx_word' id='word_1_20' title='bbox 3632 563 3832 623; x_wconf 73' lang='grc' dir='ltr'>νυκτὸς</span> <span class='ocrx_word' id='word_1_21' title='bbox 3861 564 3922 617; x_wconf 69' lang='grc' dir='ltr'>οὗ</span> 
     </span>
    </p>
   </div>
   <div class='ocr_carea' id='block_1_6' title="bbox 505 657 2160 736">
    <p class='ocr_par' dir='ltr' id='par_1_6' title="bbox 505 657 2160 736">
     <span class='ocr_line' id='line_1_6' title="bbox 505 657 2160 736; baseline -0.005 -18"><span class='ocrx_word' id='word_1_22' title='bbox 505 659 844 736; x_wconf 85' lang='lat' dir='ltr'>perambulo</span> <span class='ocrx_word' id='word_1_23' title='bbox 902 675 1132 714; x_wconf 87' lang='lat' dir='ltr'>omnem</span> <span class='ocrx_word' id='word_1_24' title='bbox 1197 659 1508 725; x_wconf 90' lang='lat' dir='ltr'>mundum,</span> <span class='ocrx_word' id='word_1_25' title='bbox 1573 662 1806 729; x_wconf 85' lang='lat' dir='ltr'>propter</span> <span class='ocrx_word' id='word_1_26' title='bbox 1867 657 2160 728; x_wconf 88' lang='lat' dir='ltr'>parientes</span> 
     </span>
    </p>
   </div>
   <div class='ocr_carea' id='block_1_7' title="bbox 505 747 2156 820">
    <p class='ocr_par' dir='ltr' id='par_1_7' title="bbox 505 747 2156 820">
     <span class='ocr_line' id='line_1_7' title="bbox 505 747 2156 820; baseline -0.004 -12"><span class='ocrx_word' id='word_1_27' title='bbox 505 754 790 819; x_wconf 78' lang='lat' dir='ltr'>feminas;</span> <span class='ocrx_word' id='word_1_28' title='bbox 825 755 880 805; x_wconf 89' lang='lat' dir='ltr'>et</span> <span class='ocrx_word' id='word_1_29' title='bbox 911 767 1012 820; x_wconf 87' lang='lat' dir='ltr'>per</span> <span class='ocrx_word' id='word_1_30' title='bbox 1040 749 1245 804; x_wconf 88' lang='lat' dir='ltr'>horam</span> <span class='ocrx_word' id='word_1_31' title='bbox 1280 749 1550 804; x_wconf 81' lang='lat' dir='ltr'>divinans</span> <span class='ocrx_word' id='word_1_32' title='bbox 1583 749 1840 804; x_wconf 83' lang='lat' dir='ltr'>consisto</span> <span class='ocrx_word' id='word_1_33' title='bbox 1867 766 1879 814; x_wconf 91' lang='lat'><strong>;</strong></span> <span class='ocrx_word' id='word_1_34' title='bbox 1905 753 1961 802; x_wconf 91' lang='lat' dir='ltr'>et</span> <span class='ocrx_word' id='word_1_35' title='bbox 1983 747 2028 802; x_wconf 92' lang='lat' dir='ltr'>si</span> <span class='ocrx_word' id='word_1_36' title='bbox 2054 763 2156 818; x_wconf 89' lang='lat' dir='ltr'>op-</span> 
     </span>
    </p>
   </div>
   <div class='ocr_carea' id='block_1_8' title="bbox 505 837 2155 914">
    <p class='ocr_par' dir='ltr' id='par_1_8' title="bbox 505 837 2155 914">
     <span class='ocr_line' id='line_1_8' title="bbox 505 837 2155 914; baseline -0.004 -17"><span class='ocrx_word' id='word_1_37' title='bbox 505 848 754 914; x_wconf 86' lang='lat' dir='ltr'>portune</span> <span class='ocrx_word' id='word_1_38' title='bbox 786 838 1245 910; x_wconf 83' lang='lat' dir='ltr'>supervenerim,</span> <span class='ocrx_word' id='word_1_39' title='bbox 1271 837 1611 910; x_wconf 85' lang='lat' dir='ltr'>strangulo;</span> <span class='ocrx_word' id='word_1_40' title='bbox 1648 838 1734 892; x_wconf 86' lang='lat' dir='ltr'>sin</span> <span class='ocrx_word' id='word_1_41' title='bbox 1765 841 1980 906; x_wconf 77' lang='lat' dir='ltr'>minus,</span> <span class='ocrx_word' id='word_1_42' title='bbox 2014 837 2155 891; x_wconf 83' lang='lat' dir='ltr'>abeo</span> 
     </span>
    </p>
   </div>
   <div class='ocr_carea' id='block_1_9' title="bbox 503 926 2158 996">
    <p class='ocr_par' dir='ltr' id='par_1_9' title="bbox 503 926 2158 996">
     <span class='ocr_line' id='line_1_9' title="bbox 503 926 2158 996; baseline -0.001 -12"><span class='ocrx_word' id='word_1_43' title='bbox 503 931 562 985; x_wconf 88' lang='lat' dir='ltr'>in</span> <span class='ocrx_word' id='word_1_44' title='bbox 587 930 766 984; x_wconf 89' lang='lat' dir='ltr'>alium</span> <span class='ocrx_word' id='word_1_45' title='bbox 787 929 980 984; x_wconf 88' lang='lat' dir='ltr'>locum</span> <span class='ocrx_word' id='word_1_46' title='bbox 1007 946 1018 996; x_wconf 93' lang='lat'>;</span> <span class='ocrx_word' id='word_1_47' title='bbox 1047 945 1164 982; x_wconf 91' lang='lat' dir='ltr'>una</span> <span class='ocrx_word' id='word_1_48' title='bbox 1187 928 1343 982; x_wconf 89' lang='lat' dir='ltr'>enim</span> <span class='ocrx_word' id='word_1_49' title='bbox 1369 933 1534 982; x_wconf 88' lang='lat' dir='ltr'>nocte</span> <span class='ocrx_word' id='word_1_50' title='bbox 1559 926 1832 982; x_wconf 81' lang='lat' dir='ltr'>inefficax</span> <span class='ocrx_word' id='word_1_51' title='bbox 1858 926 2158 982; x_wconf 80' lang='lat' dir='ltr'>discedere</span> 
     </span>
    </p>
   </div>
   <div class='ocr_carea' id='block_1_10' title="bbox 503 1015 2154 1092">
    <p class='ocr_par' dir='ltr' id='par_1_10' title="bbox 503 1015 2154 1092">
     <span class='ocr_line' id='line_1_10' title="bbox 503 1015 2154 1092; baseline -0.003 -17"><span class='ocrx_word' id='word_1_52' title='bbox 503 1036 764 1092; x_wconf 83' lang='lat' dir='ltr'>nequeo;</span> <span class='ocrx_word' id='word_1_53' title='bbox 799 1018 1042 1088; x_wconf 77' lang='lat' dir='ltr'>spiritus</span> <span class='ocrx_word' id='word_1_54' title='bbox 1073 1017 1228 1072; x_wconf 86' lang='lat' dir='ltr'>enim</span> <span class='ocrx_word' id='word_1_55' title='bbox 1281 1017 1641 1088; x_wconf 84' lang='lat' dir='ltr'>perniciosus</span> <span class='ocrx_word' id='word_1_56' title='bbox 1691 1032 1843 1084; x_wconf 89' lang='lat' dir='ltr'>sum,</span> <span class='ocrx_word' id='word_1_57' title='bbox 1879 1015 2154 1070; x_wconf 85' lang='lat' dir='ltr'>innume-</span> 
     </span>
    </p>
   </div>
   <div class='ocr_carea' id='block_1_11' title="bbox 499 1102 2152 1179">
    <p class='ocr_par' dir='ltr' id='par_1_11' title="bbox 499 1102 2152 1179">
     <span class='ocr_line' id='line_1_11' title="bbox 499 1102 2152 1179; baseline -0.004 -17"><span class='ocrx_word' id='word_1_58' title='bbox 499 1105 581 1162; x_wconf 88' lang='lat' dir='ltr'>ris</span> <span class='ocrx_word' id='word_1_59' title='bbox 625 1107 888 1179; x_wconf 84' lang='lat' dir='ltr'>gaudens</span> <span class='ocrx_word' id='word_1_60' title='bbox 935 1105 1276 1160; x_wconf 85' lang='lat' dir='ltr'>nominibus</span> <span class='ocrx_word' id='word_1_61' title='bbox 1337 1109 1392 1158; x_wconf 90' lang='lat' dir='ltr'>et</span> <span class='ocrx_word' id='word_1_62' title='bbox 1434 1105 1677 1174; x_wconf 83' lang='lat' dir='ltr'>formis;</span> <span class='ocrx_word' id='word_1_63' title='bbox 1712 1110 1766 1158; x_wconf 88' lang='lat' dir='ltr'>et</span> <span class='ocrx_word' id='word_1_64' title='bbox 1817 1104 1988 1160; x_wconf 88' lang='lat' dir='ltr'>modo</span> <span class='ocrx_word' id='word_1_65' title='bbox 2037 1102 2152 1170; x_wconf 87' lang='lat' dir='ltr'>hic,</span> 
     </span>
    </p>
   </div>
   <div class='ocr_carea' id='block_1_12' title="bbox 495 1193 2154 1265">
    <p class='ocr_par' dir='ltr' id='par_1_12' title="bbox 495 1193 2154 1265">
     <span class='ocr_line' id='line_1_12' title="bbox 495 1193 2154 1265; baseline -0.004 -14"><span class='ocrx_word' id='word_1_66' title='bbox 495 1197 669 1251; x_wconf 89' lang='lat' dir='ltr'>modo</span> <span class='ocrx_word' id='word_1_67' title='bbox 699 1211 833 1251; x_wconf 88' lang='lat' dir='ltr'>vero</span> <span class='ocrx_word' id='word_1_68' title='bbox 868 1194 988 1249; x_wconf 85' lang='lat' dir='ltr'>illic</span> <span class='ocrx_word' id='word_1_69' title='bbox 1037 1211 1252 1263; x_wconf 83' lang='lat' dir='ltr'>versor,</span> <span class='ocrx_word' id='word_1_70' title='bbox 1285 1198 1340 1248; x_wconf 89' lang='lat' dir='ltr'>et</span> <span class='ocrx_word' id='word_1_71' title='bbox 1367 1193 1697 1265; x_wconf 74' lang='lat' dir='ltr'>assignatas</span> <span class='ocrx_word' id='word_1_72' title='bbox 1749 1193 2014 1264; x_wconf 84' lang='lat' dir='ltr'>regiones</span> <span class='ocrx_word' id='word_1_73' title='bbox 2054 1193 2154 1246; x_wconf 90' lang='lat' dir='ltr'>de-</span> 
     </span>
    </p>
   </div>
   <div class='ocr_carea' id='block_1_13' title="bbox 493 1279 2151 1354">
    <p class='ocr_par' dir='ltr' id='par_1_13' title="bbox 493 1279 2151 1354">
     <span class='ocr_line' id='line_1_13' title="bbox 493 1279 2151 1354; baseline -0.005 -14"><span class='ocrx_word' id='word_1_74' title='bbox 493 1283 774 1352; x_wconf 86' lang='lat' dir='ltr'>ambulo;</span> <span class='ocrx_word' id='word_1_75' title='bbox 808 1283 908 1338; x_wconf 88' lang='lat' dir='ltr'>sed</span> <span class='ocrx_word' id='word_1_76' title='bbox 942 1286 1007 1337; x_wconf 89' lang='lat' dir='ltr'>ut</span> <span class='ocrx_word' id='word_1_77' title='bbox 1037 1287 1122 1338; x_wconf 82' lang='lat' dir='ltr'>est</span> <span class='ocrx_word' id='word_1_78' title='bbox 1153 1299 1327 1348; x_wconf 89' lang='lat' dir='ltr'>nunc,</span> <span class='ocrx_word' id='word_1_79' title='bbox 1365 1283 1608 1354; x_wconf 80' lang='lat' dir='ltr'>signans</span> <span class='ocrx_word' id='word_1_80' title='bbox 1641 1297 1733 1336; x_wconf 90' lang='lat' dir='ltr'>me</span> <span class='ocrx_word' id='word_1_81' title='bbox 1775 1280 1992 1336; x_wconf 87' lang='lat' dir='ltr'>annulo</span> <span class='ocrx_word' id='word_1_82' title='bbox 2027 1279 2151 1346; x_wconf 87' lang='lat' dir='ltr'>Dei,</span> 
     </span>
    </p>
   </div>
   <div class='ocr_carea' id='block_1_14' title="bbox 493 1370 2154 1438">
    <p class='ocr_par' dir='ltr' id='par_1_14' title="bbox 493 1370 2154 1438">
     <span class='ocr_line' id='line_1_14' title="bbox 493 1370 2154 1438; baseline -0.002 -11"><span class='ocrx_word' id='word_1_83' title='bbox 493 1372 574 1427; x_wconf 88' lang='lat' dir='ltr'>nil</span> <span class='ocrx_word' id='word_1_84' title='bbox 601 1371 826 1438; x_wconf 78' lang='lat' dir='ltr'>fecisti;</span> <span class='ocrx_word' id='word_1_85' title='bbox 855 1389 968 1426; x_wconf 90' lang='lat' dir='ltr'>non</span> <span class='ocrx_word' id='word_1_86' title='bbox 995 1372 1202 1426; x_wconf 84' lang='lat' dir='ltr'>adsum</span> <span class='ocrx_word' id='word_1_87' title='bbox 1229 1371 1332 1425; x_wconf 86' lang='lat' dir='ltr'>tibi</span> <span class='ocrx_word' id='word_1_88' title='bbox 1366 1391 1378 1438; x_wconf 92' lang='lat'><strong>;</strong></span> <span class='ocrx_word' id='word_1_89' title='bbox 1410 1375 1472 1427; x_wconf 91' lang='lat' dir='ltr'>tu</span> <span class='ocrx_word' id='word_1_90' title='bbox 1507 1371 1660 1424; x_wconf 72' lang='lat' dir='ltr'>niazil</span> <span class='ocrx_word' id='word_1_91' title='bbox 1697 1370 1839 1424; x_wconf 87' lang='lat' dir='ltr'>mihi</span> <span class='ocrx_word' id='word_1_92' title='bbox 1867 1371 2154 1438; x_wconf 86' lang='lat' dir='ltr'>imperare</span> 
     </span>
    </p>
   </div>
   <div class='ocr_carea' id='block_1_15' title="bbox 497 1459 2152 1532">
    <p class='ocr_par' dir='ltr' id='par_1_15' title="bbox 497 1459 2152 1532">
     <span class='ocr_line' id='line_1_15' title="bbox 497 1459 2152 1532; baseline -0.002 -16"><span class='ocrx_word' id='word_1_93' title='bbox 497 1461 716 1532; x_wconf 89' lang='lat' dir='ltr'>poteris</span> <span class='ocrx_word' id='word_1_94' title='bbox 746 1480 758 1529; x_wconf 88' lang='lat'><strong>;</strong></span> <span class='ocrx_word' id='word_1_95' title='bbox 787 1459 1014 1514; x_wconf 89' lang='lat' dir='ltr'>nullum</span> <span class='ocrx_word' id='word_1_96' title='bbox 1043 1461 1198 1515; x_wconf 90' lang='lat' dir='ltr'>enim</span> <span class='ocrx_word' id='word_1_97' title='bbox 1227 1460 1366 1514; x_wconf 87' lang='lat' dir='ltr'>mihi</span> <span class='ocrx_word' id='word_1_98' title='bbox 1393 1465 1482 1514; x_wconf 90' lang='lat' dir='ltr'>est</span> <span class='ocrx_word' id='word_1_99' title='bbox 1504 1476 1672 1530; x_wconf 88' lang='lat' dir='ltr'>opus,</span> <span class='ocrx_word' id='word_1_100' title='bbox 1699 1459 1812 1514; x_wconf 87' lang='lat' dir='ltr'>nisi</span> <span class='ocrx_word' id='word_1_101' title='bbox 1837 1475 2152 1530; x_wconf 90' lang='lat' dir='ltr'>puerorum</span> 
     </span>
    </p>
   </div>
   <div class='ocr_carea' id='block_1_16' title="bbox 497 1547 2149 1618">
    <p class='ocr_par' dir='ltr' id='par_1_16' title="bbox 497 1547 2149 1618">
     <span class='ocr_line' id='line_1_16' title="bbox 497 1547 2149 1618; baseline -0.001 -14"><span class='ocrx_word' id='word_1_102' title='bbox 497 1549 736 1618; x_wconf 86' lang='lat' dir='ltr'>ablatio,</span> <span class='ocrx_word' id='word_1_103' title='bbox 771 1550 1000 1604; x_wconf 89' lang='lat' dir='ltr'>aurium</span> <span class='ocrx_word' id='word_1_104' title='bbox 1031 1549 1311 1615; x_wconf 78' lang='lat' dir='ltr'>surditas,</span> <span class='ocrx_word' id='word_1_105' title='bbox 1346 1547 1648 1603; x_wconf 91' lang='lat' dir='ltr'>oculorum</span> <span class='ocrx_word' id='word_1_106' title='bbox 1683 1547 1863 1614; x_wconf 67' lang='lat' dir='ltr'>laesio,</span> <span class='ocrx_word' id='word_1_107' title='bbox 1899 1549 2149 1602; x_wconf 80' lang='lat' dir='ltr'>faucium</span> 
     </span>
    </p>
   </div>
   <div class='ocr_carea' id='block_1_17' title="bbox 499 1638 2150 1708">
    <p class='ocr_par' dir='ltr' id='par_1_17' title="bbox 499 1638 2150 1708">
     <span class='ocr_line' id='line_1_17' title="bbox 499 1638 2150 1708; baseline 0 -15"><span class='ocrx_word' id='word_1_108' title='bbox 499 1639 768 1706; x_wconf 80' lang='lat' dir='ltr'>frenatio,</span> <span class='ocrx_word' id='word_1_109' title='bbox 802 1639 1087 1693; x_wconf 90' lang='lat' dir='ltr'>mentium</span> <span class='ocrx_word' id='word_1_110' title='bbox 1122 1638 1383 1704; x_wconf 86' lang='lat' dir='ltr'>amissio,</span> <span class='ocrx_word' id='word_1_111' title='bbox 1406 1642 1462 1692; x_wconf 90' lang='lat' dir='ltr'>et</span> <span class='ocrx_word' id='word_1_112' title='bbox 1493 1654 1802 1708; x_wconf 86' lang='lat' dir='ltr'>corporum</span> <span class='ocrx_word' id='word_1_113' title='bbox 1835 1638 2150 1693; x_wconf 79' lang='lat' dir='ltr'>cruciatus.</span> 
     </span>
    </p>
   </div>
   <div class='ocr_carea' id='block_1_18' title="bbox 501 1735 2153 1808">
    <p class='ocr_par' dir='ltr' id='par_1_18' title="bbox 501 1735 2153 1808">
     <span class='ocr_line' id='line_1_18' title="bbox 501 1735 2153 1808; baseline 0 -16"><span class='ocrx_word' id='word_1_114' title='bbox 501 1737 627 1792; x_wconf 74' lang='lat' dir='ltr'>Ilrec</span> <span class='ocrx_word' id='word_1_115' title='bbox 675 1737 921 1792; x_wconf 88' lang='lat' dir='ltr'>audiens</span> <span class='ocrx_word' id='word_1_116' title='bbox 980 1753 1083 1808; x_wconf 89' lang='lat' dir='ltr'>ego</span> <span class='ocrx_word' id='word_1_117' title='bbox 1133 1735 1430 1804; x_wconf 86' lang='lat' dir='ltr'>Salomon,</span> <span class='ocrx_word' id='word_1_118' title='bbox 1465 1736 1792 1791; x_wconf 81' lang='lat' dir='ltr'>admiratus</span> <span class='ocrx_word' id='word_1_119' title='bbox 1843 1753 1974 1791; x_wconf 85' lang='lat' dir='ltr'>sum</span> <span class='ocrx_word' id='word_1_120' title='bbox 2027 1753 2153 1807; x_wconf 88' lang='lat' dir='ltr'>spc-</span> 
     </span>
    </p>
   </div>
   <div class='ocr_carea' id='block_1_19' title="bbox 499 1827 2149 1898">
    <p class='ocr_par' dir='ltr' id='par_1_19' title="bbox 499 1827 2149 1898">
     <span class='ocr_line' id='line_1_19' title="bbox 499 1827 2149 1898; baseline -0.001 -17"><span class='ocrx_word' id='word_1_121' title='bbox 499 1827 646 1881; x_wconf 90' lang='lat' dir='ltr'>eiem</span> <span class='ocrx_word' id='word_1_122' title='bbox 679 1829 844 1897; x_wconf 87' lang='lat' dir='ltr'>ejus;</span> <span class='ocrx_word' id='word_1_123' title='bbox 879 1827 1320 1898; x_wconf 86' lang='lat' dir='ltr'>contemplabar</span> <span class='ocrx_word' id='word_1_124' title='bbox 1354 1843 1525 1882; x_wconf 88' lang='lat' dir='ltr'>omne</span> <span class='ocrx_word' id='word_1_125' title='bbox 1574 1843 1788 1897; x_wconf 80' lang='lat' dir='ltr'>corpus</span> <span class='ocrx_word' id='word_1_126' title='bbox 1833 1827 1960 1896; x_wconf 90' lang='lat' dir='ltr'>ejus</span> <span class='ocrx_word' id='word_1_127' title='bbox 1991 1830 2149 1880; x_wconf 89' lang='lat' dir='ltr'>tene-</span> 
     </span>
    </p>
   </div>
   <div class='ocr_carea' id='block_1_20' title="bbox 2269 651 3918 730">
    <p class='ocr_par' dir='ltr' id='par_1_20' title="bbox 2269 651 3918 730">
     <span class='ocr_line' id='line_1_20' title="bbox 2269 651 3918 730; baseline -0.002 -22"><span class='ocrx_word' id='word_1_128' title='bbox 2269 652 2532 725; x_wconf 74' lang='grc' dir='ltr'>καθεύδω,</span> <span class='ocrx_word' id='word_1_129' title='bbox 2592 654 2738 710; x_wconf 71' lang='grc' dir='ltr'>ἀλλὰ</span> <span class='ocrx_word' id='word_1_130' title='bbox 2779 655 3147 730; x_wconf 73' lang='grc' dir='ltr'>περιέρχομαι</span> <span class='ocrx_word' id='word_1_131' title='bbox 3196 653 3368 708; x_wconf 76' lang='grc' dir='ltr'>πάντα</span> <span class='ocrx_word' id='word_1_132' title='bbox 3423 653 3514 706; x_wconf 84' lang='grc' dir='ltr'>τὸν</span> <span class='ocrx_word' id='word_1_133' title='bbox 3569 651 3787 723; x_wconf 81' lang='grc' dir='ltr'>κόσμον</span> <span class='ocrx_word' id='word_1_134' title='bbox 3839 651 3918 704; x_wconf 74' lang='grc' dir='ltr'>ἰτεέ</span> 
     </span>
    </p>
   </div>
   <div class='ocr_carea' id='block_1_21' title="bbox 2265 740 3928 818">
    <p class='ocr_par' dir='ltr' id='par_1_21' title="bbox 2265 740 3928 818">
     <span class='ocr_line' id='line_1_21' title="bbox 2335 740 3551 762; baseline 0.002 -4"><span class='ocrx_word' id='word_1_135' title='bbox 2335 749 2358 758; x_wconf 64' lang='grc' dir='ltr'>ς.</span> <span class='ocrx_word' id='word_1_136' title='bbox 2589 743 2602 762; x_wconf 77' lang='grc' dir='ltr'><em>ι</em></span> <span class='ocrx_word' id='word_1_137' title='bbox 2965 743 2976 762; x_wconf 71' lang='grc' dir='ltr'><strong>ρ</strong></span> <span class='ocrx_word' id='word_1_138' title='bbox 3149 741 3162 762; x_wconf 64' lang='grc' dir='ltr'>ι</span> <span class='ocrx_word' id='word_1_139' title='bbox 3257 747 3264 757; x_wconf 76' lang='grc' dir='ltr'>ι</span> <span class='ocrx_word' id='word_1_140' title='bbox 3407 742 3422 760; x_wconf 63' lang='grc' dir='ltr'>ς</span> <span class='ocrx_word' id='word_1_141' title='bbox 3524 740 3551 761; x_wconf 69' lang='grc' dir='ltr'>εν</span> 
     </span>
     <span class='ocr_line' id='line_1_22' title="bbox 2265 744 3928 818; baseline -0.002 -22"><span class='ocrx_word' id='word_1_142' title='bbox 2265 764 2384 804; x_wconf 83' lang='grc' dir='ltr'>ταις</span> <span class='ocrx_word' id='word_1_143' title='bbox 2421 765 2727 806; x_wconf 75' lang='grc' dir='ltr'>τικτουσαις</span> <span class='ocrx_word' id='word_1_144' title='bbox 2765 744 2976 818; x_wconf 80' lang='grc' dir='ltr'>γυναιξι</span> <span class='ocrx_word' id='word_1_145' title='bbox 3007 762 3018 774; x_wconf 87' lang='grc'><strong>”</strong></span> <span class='ocrx_word' id='word_1_146' title='bbox 3069 764 3160 798; x_wconf 78' lang='grc' dir='ltr'>και</span> <span class='ocrx_word' id='word_1_147' title='bbox 3207 764 3306 811; x_wconf 70' lang='grc' dir='ltr'>την</span> <span class='ocrx_word' id='word_1_148' title='bbox 3367 761 3459 815; x_wconf 86' lang='grc' dir='ltr'>μεν</span> <span class='ocrx_word' id='word_1_149' title='bbox 3513 761 3658 816; x_wconf 84' lang='grc' dir='ltr'>ωραν</span> <span class='ocrx_word' id='word_1_150' title='bbox 3721 759 3928 815; x_wconf 75' lang='grc' dir='ltr'>στοχα-</span> 
     </span>
    </p>
   </div>
   <div class='ocr_carea' id='block_1_22' title="bbox 2270 829 3928 905">
    <p class='ocr_par' dir='ltr' id='par_1_22' title="bbox 2270 829 3928 905">
     <span class='ocr_line' id='line_1_23' title="bbox 2270 829 3928 905; baseline 0 -20"><span class='ocrx_word' id='word_1_151' title='bbox 2270 831 2468 903; x_wconf 71' lang='grc' dir='ltr'>ζομένη</span> <span class='ocrx_word' id='word_1_152' title='bbox 2530 831 2848 905; x_wconf 80' lang='grc' dir='ltr'>σταματίζω</span> <span class='ocrx_word' id='word_1_153' title='bbox 2909 829 3152 904; x_wconf 61' lang='grc' dir='ltr'>(ἵσταμαι</span> <span class='ocrx_word' id='word_1_154' title='bbox 3215 837 3350 888; x_wconf 86' lang='lat' dir='ltr'>ante</span> <span class='ocrx_word' id='word_1_155' title='bbox 3425 831 3485 886; x_wconf 65' lang='grc' dir='ltr'>ἱ).</span> <span class='ocrx_word' id='word_1_156' title='bbox 3551 832 3808 886; x_wconf 83' lang='lat' dir='ltr'>verbum</span> <span class='ocrx_word' id='word_1_157' title='bbox 3857 831 3928 885; x_wconf 82' lang='lat' dir='ltr'>ad</span> 
     </span>
    </p>
   </div>
   <div class='ocr_carea' id='block_1_23' title="bbox 2267 915 3926 996">
    <p class='ocr_par' dir='ltr' id='par_1_23' title="bbox 2267 915 3926 996">
     <span class='ocr_line' id='line_1_24' title="bbox 2267 915 3926 996; baseline -0.004 -20"><span class='ocrx_word' id='word_1_158' title='bbox 2267 923 2492 996; x_wconf 85' lang='lat' dir='ltr'>marg.)</span> <span class='ocrx_word' id='word_1_159' title='bbox 2527 941 2559 980; x_wconf 80' lang='grc'>·,</span> <span class='ocrx_word' id='word_1_160' title='bbox 2597 922 2686 976; x_wconf 82' lang='grc' dir='ltr'>καὶ</span> <span class='ocrx_word' id='word_1_161' title='bbox 2743 921 2829 975; x_wconf 74' lang='grc' dir='ltr'>ἰὰν</span> <span class='ocrx_word' id='word_1_162' title='bbox 2907 919 3175 996; x_wconf 75' lang='grc' dir='ltr'>ἐπιτύχω,</span> <span class='ocrx_word' id='word_1_163' title='bbox 3238 917 3442 989; x_wconf 77' lang='grc' dir='ltr'>ἔπνιξα.</span> <span class='ocrx_word' id='word_1_164' title='bbox 3503 918 3568 975; x_wconf 83' lang='lat' dir='ltr'>Ei</span> <span class='ocrx_word' id='word_1_165' title='bbox 3631 915 3690 972; x_wconf 73' lang='grc' dir='ltr'>δὲ</span> <span class='ocrx_word' id='word_1_166' title='bbox 3765 920 3926 993; x_wconf 63' lang='grc' dir='ltr'>μήτε,</span> 
     </span>
    </p>
   </div>
   <div class='ocr_carea' id='block_1_24' title="bbox 2265 1007 3922 1086">
    <p class='ocr_par' dir='ltr' id='par_1_24' title="bbox 2265 1007 3922 1086">
     <span class='ocr_line' id='line_1_25' title="bbox 2265 1007 3922 1086; baseline 0.001 -24"><span class='ocrx_word' id='word_1_167' title='bbox 2265 1009 2538 1086; x_wconf 83' lang='grc' dir='ltr'>ἀναχωρῶ</span> <span class='ocrx_word' id='word_1_168' title='bbox 2570 1010 2645 1072; x_wconf 74' lang='grc' dir='ltr'>εἷς</span> <span class='ocrx_word' id='word_1_169' title='bbox 2679 1007 2858 1086; x_wconf 73' lang='grc' dir='ltr'>ἕτερον</span> <span class='ocrx_word' id='word_1_170' title='bbox 2898 1011 3067 1065; x_wconf 88' lang='grc' dir='ltr'>τόπον</span> <span class='ocrx_word' id='word_1_171' title='bbox 3103 1026 3116 1041; x_wconf 92' lang='grc'><strong>·</strong></span> <span class='ocrx_word' id='word_1_172' title='bbox 3167 1009 3292 1082; x_wconf 81' lang='grc' dir='ltr'>μίαν</span> <span class='ocrx_word' id='word_1_173' title='bbox 3343 1009 3448 1084; x_wconf 72' lang='grc' dir='ltr'>γὰρ</span> <span class='ocrx_word' id='word_1_174' title='bbox 3489 1010 3656 1062; x_wconf 83' lang='grc' dir='ltr'>νύκτα</span> <span class='ocrx_word' id='word_1_175' title='bbox 3685 1007 3922 1081; x_wconf 77' lang='grc' dir='ltr'>ἀποχω-</span> 
     </span>
    </p>
   </div>
   <div class='ocr_carea' id='block_1_25' title="bbox 2266 1094 3924 1174">
    <p class='ocr_par' dir='ltr' id='par_1_25' title="bbox 2266 1094 3924 1174">
     <span class='ocr_line' id='line_1_26' title="bbox 2266 1094 3924 1174; baseline -0.004 -21"><span class='ocrx_word' id='word_1_176' title='bbox 2266 1105 2429 1171; x_wconf 76' lang='grc' dir='ltr'>ρῆσαι</span> <span class='ocrx_word' id='word_1_177' title='bbox 2485 1096 2756 1174; x_wconf 77' lang='grc' dir='ltr'>ἄπρακτος</span> <span class='ocrx_word' id='word_1_178' title='bbox 2791 1098 2851 1153; x_wconf 84' lang='grc' dir='ltr'>οὗ</span> <span class='ocrx_word' id='word_1_179' title='bbox 2899 1095 3128 1171; x_wconf 83' lang='grc' dir='ltr'>δύναμαι</span> <span class='ocrx_word' id='word_1_180' title='bbox 3163 1119 3176 1132; x_wconf 87' lang='grc'><strong>·</strong></span> <span class='ocrx_word' id='word_1_181' title='bbox 3238 1097 3449 1170; x_wconf 75' lang='grc' dir='ltr'>πνεῦμα</span> <span class='ocrx_word' id='word_1_182' title='bbox 3505 1096 3609 1172; x_wconf 69' lang='grc' dir='ltr'>γὰρ</span> <span class='ocrx_word' id='word_1_183' title='bbox 3671 1094 3924 1170; x_wconf 62' lang='grc' dir='ltr'>χαλεπόν</span> 
     </span>
    </p>
   </div>
   <div class='ocr_carea' id='block_1_26' title="bbox 2265 1181 3926 1262">
    <p class='ocr_par' dir='ltr' id='par_1_26' title="bbox 2265 1181 3926 1262">
     <span class='ocr_line' id='line_1_27' title="bbox 2265 1181 3926 1262; baseline -0.002 -22"><span class='ocrx_word' id='word_1_184' title='bbox 2265 1188 2400 1258; x_wconf 72' lang='grc' dir='ltr'>εἶμι,</span> <span class='ocrx_word' id='word_1_185' title='bbox 2431 1188 2780 1262; x_wconf 86' lang='grc' dir='ltr'>μυριώνυμον</span> <span class='ocrx_word' id='word_1_186' title='bbox 2830 1188 2920 1243; x_wconf 79' lang='grc' dir='ltr'>καὶ</span> <span class='ocrx_word' id='word_1_187' title='bbox 2969 1185 3329 1262; x_wconf 78' lang='grc' dir='ltr'>πολύμορφον</span> <span class='ocrx_word' id='word_1_188' title='bbox 3367 1204 3378 1216; x_wconf 92' lang='grc'><strong>·</strong></span> <span class='ocrx_word' id='word_1_189' title='bbox 3431 1187 3518 1240; x_wconf 80' lang='grc' dir='ltr'>καὶ</span> <span class='ocrx_word' id='word_1_190' title='bbox 3561 1189 3654 1238; x_wconf 75' lang='grc' dir='ltr'>νῦν</span> <span class='ocrx_word' id='word_1_191' title='bbox 3691 1186 3792 1258; x_wconf 71' lang='grc' dir='ltr'>μὲν</span> <span class='ocrx_word' id='word_1_192' title='bbox 3823 1181 3926 1238; x_wconf 75' lang='grc' dir='ltr'>ὧδε</span> 
     </span>
    </p>
   </div>
   <div class='ocr_carea' id='block_1_27' title="bbox 2263 1272 3666 1350">
    <p class='ocr_par' dir='ltr' id='par_1_27' title="bbox 2263 1272 3666 1350">
     <span class='ocr_line' id='line_1_28' title="bbox 2263 1272 3666 1350; baseline -0.001 -21"><span class='ocrx_word' id='word_1_193' title='bbox 2263 1276 2350 1329; x_wconf 82' lang='grc' dir='ltr'>καὶ</span> <span class='ocrx_word' id='word_1_194' title='bbox 2396 1281 2484 1330; x_wconf 78' lang='grc' dir='ltr'>νῦν</span> <span class='ocrx_word' id='word_1_195' title='bbox 2537 1277 2646 1332; x_wconf 74' lang='grc' dir='ltr'>ἐκεῖ</span> <span class='ocrx_word' id='word_1_196' title='bbox 2687 1281 2900 1349; x_wconf 75' lang='grc' dir='ltr'>πνεῦμα</span> <span class='ocrx_word' id='word_1_197' title='bbox 2949 1279 3070 1350; x_wconf 75' lang='lat' dir='ltr'>(sic)</span> <span class='ocrx_word' id='word_1_198' title='bbox 3116 1280 3208 1330; x_wconf 77' lang='grc' dir='ltr'>νῦν</span> <span class='ocrx_word' id='word_1_199' title='bbox 3261 1272 3439 1346; x_wconf 67' lang='grc' dir='ltr'>ἔκεῖῗ]</span> <span class='ocrx_word' id='word_1_200' title='bbox 3479 1275 3614 1328; x_wconf 73' lang='grc' dir='ltr'>εἶναι</span> <span class='ocrx_word' id='word_1_201' title='bbox 3651 1295 3666 1307; x_wconf 92' lang='grc'><strong>·</strong></span> 
     </span>
    </p>
   </div>
   <div class='ocr_carea' id='block_1_28' title="bbox 2261 1361 3920 1441">
    <p class='ocr_par' dir='ltr' id='par_1_28' title="bbox 2261 1361 3920 1441">
     <span class='ocr_line' id='line_1_29' title="bbox 2261 1361 3920 1441; baseline -0.001 -24"><span class='ocrx_word' id='word_1_202' title='bbox 2261 1365 2328 1418; x_wconf 70' lang='grc' dir='ltr'>τὰ</span> <span class='ocrx_word' id='word_1_203' title='bbox 2359 1362 2683 1438; x_wconf 69' lang='grc' dir='ltr'>δατικᾶ(.ςὶσ)</span> <span class='ocrx_word' id='word_1_204' title='bbox 2711 1365 2848 1440; x_wconf 81' lang='grc' dir='ltr'>μέρη</span> <span class='ocrx_word' id='word_1_205' title='bbox 2876 1365 3241 1441; x_wconf 66' lang='grc' dir='ltr'>περιέρχομαι</span> <span class='ocrx_word' id='word_1_206' title='bbox 3267 1383 3280 1396; x_wconf 90' lang='grc'><strong>·</strong></span> <span class='ocrx_word' id='word_1_207' title='bbox 3315 1361 3474 1418; x_wconf 83' lang='grc' dir='ltr'>Ἀλλ’</span> <span class='ocrx_word' id='word_1_208' title='bbox 3495 1363 3570 1424; x_wconf 84' lang='grc' dir='ltr'>ὡς</span> <span class='ocrx_word' id='word_1_209' title='bbox 3593 1361 3708 1418; x_wconf 71' lang='grc' dir='ltr'>ἐστὶ</span> <span class='ocrx_word' id='word_1_210' title='bbox 3733 1367 3832 1414; x_wconf 76' lang='grc' dir='ltr'>νῦν</span> 
     </span>
    </p>
   </div>
   <div class='ocr_carea' id='block_1_29' title="bbox 3713 1274 3926 1336">
    <p class='ocr_par' dir='ltr' id='par_1_29' title="bbox 3713 1274 3926 1336">
     <span class='ocr_line' id='line_1_30' title="bbox 3713 1274 3926 1336; baseline 0 -9"><span class='ocrx_word' id='word_1_211' title='bbox 3713 1274 3812 1328; x_wconf 78' lang='grc' dir='ltr'>καὶ</span> <span class='ocrx_word' id='word_1_212' title='bbox 3851 1274 3926 1336; x_wconf 71' lang='grc' dir='ltr'>εἷς</span> 
     </span>
    </p>
   </div>
   <div class='ocr_carea' id='block_1_30' title="bbox 2262 1458 3926 1540">
    <p class='ocr_par' dir='ltr' id='par_1_30' title="bbox 2262 1458 3926 1540">
     <span class='ocr_line' id='line_1_31' title="bbox 2262 1458 3926 1540; baseline -0.002 -24"><span class='ocrx_word' id='word_1_213' title='bbox 2262 1463 2684 1540; x_wconf 72' lang='grc' dir='ltr'>περισφραγίσας</span> <span class='ocrx_word' id='word_1_214' title='bbox 2769 1484 2833 1536; x_wconf 88' lang='grc' dir='ltr'>με</span> <span class='ocrx_word' id='word_1_215' title='bbox 2909 1461 2988 1535; x_wconf 83' lang='grc' dir='ltr'>τῷ</span> <span class='ocrx_word' id='word_1_216' title='bbox 3066 1458 3399 1533; x_wconf 77' lang='grc' dir='ltr'>δακτυλιδίῳ</span> <span class='ocrx_word' id='word_1_217' title='bbox 3469 1465 3566 1516; x_wconf 71' lang='grc' dir='ltr'>τοῦ</span> <span class='ocrx_word' id='word_1_218' title='bbox 3627 1463 3766 1516; x_wconf 74' lang='grc' dir='ltr'>θεοῦ</span> <span class='ocrx_word' id='word_1_219' title='bbox 3829 1459 3926 1513; x_wconf 69' lang='grc' dir='ltr'>οὒκ</span> 
     </span>
    </p>
   </div>
   <div class='ocr_carea' id='block_1_31' title="bbox 2265 1546 3926 1626">
    <p class='ocr_par' dir='ltr' id='par_1_31' title="bbox 2265 1546 3926 1626">
     <span class='ocr_line' id='line_1_32' title="bbox 2265 1546 3926 1626; baseline -0.005 -20"><span class='ocrx_word' id='word_1_220' title='bbox 2265 1551 2525 1621; x_wconf 76' lang='grc' dir='ltr'>ἐποίησας</span> <span class='ocrx_word' id='word_1_221' title='bbox 2558 1571 2570 1583; x_wconf 88' lang='grc'><strong>·</strong></span> <span class='ocrx_word' id='word_1_222' title='bbox 2635 1553 2696 1606; x_wconf 80' lang='grc' dir='ltr'>ού</span> <span class='ocrx_word' id='word_1_223' title='bbox 2745 1552 3060 1626; x_wconf 68' lang='grc' dir='ltr'>παρέστηκά</span> <span class='ocrx_word' id='word_1_224' title='bbox 3110 1571 3192 1604; x_wconf 85' lang='grc' dir='ltr'>σοι</span> <span class='ocrx_word' id='word_1_225' title='bbox 3228 1569 3240 1583; x_wconf 71' lang='grc'><strong><em>⁸</em></strong></span> <span class='ocrx_word' id='word_1_226' title='bbox 3301 1548 3406 1625; x_wconf 79' lang='grc' dir='ltr'>ἐγὼ</span> <span class='ocrx_word' id='word_1_227' title='bbox 3461 1551 3578 1622; x_wconf 78' lang='lat' dir='ltr'>(sic)</span> <span class='ocrx_word' id='word_1_228' title='bbox 3611 1549 3678 1603; x_wconf 80' lang='grc' dir='ltr'>οὐ</span> <span class='ocrx_word' id='word_1_229' title='bbox 3723 1546 3814 1602; x_wconf 71' lang='grc' dir='ltr'>δέν</span> <span class='ocrx_word' id='word_1_230' title='bbox 3863 1568 3926 1618; x_wconf 68' lang='grc' dir='ltr'>με</span> 
     </span>
    </p>
   </div>
   <div class='ocr_carea' id='block_1_32' title="bbox 2263 1635 3926 1716">
    <p class='ocr_par' dir='ltr' id='par_1_32' title="bbox 2263 1635 3926 1716">
     <span class='ocr_line' id='line_1_33' title="bbox 2263 1635 3926 1716; baseline -0.004 -22"><span class='ocrx_word' id='word_1_231' title='bbox 2263 1637 2502 1711; x_wconf 78' lang='grc' dir='ltr'>διατάξαι</span> <span class='ocrx_word' id='word_1_232' title='bbox 2544 1638 2746 1716; x_wconf 70' lang='grc' dir='ltr'>δυνήσῃ</span> <span class='ocrx_word' id='word_1_233' title='bbox 2783 1660 2796 1674; x_wconf 82' lang='grc'><em>’</em></span> <span class='ocrx_word' id='word_1_234' title='bbox 2845 1637 2998 1694; x_wconf 74' lang='grc' dir='ltr'>οὐδὲν</span> <span class='ocrx_word' id='word_1_235' title='bbox 3050 1661 3154 1712; x_wconf 87' lang='grc' dir='ltr'>μου</span> <span class='ocrx_word' id='word_1_236' title='bbox 3197 1640 3300 1715; x_wconf 78' lang='grc' dir='ltr'>γάρ</span> <span class='ocrx_word' id='word_1_237' title='bbox 3353 1637 3489 1692; x_wconf 73' lang='grc' dir='ltr'>ἐστιν</span> <span class='ocrx_word' id='word_1_238' title='bbox 3545 1635 3726 1712; x_wconf 66' lang='grc' dir='ltr'>ἔργον,</span> <span class='ocrx_word' id='word_1_239' title='bbox 3761 1636 3814 1690; x_wconf 71' lang='grc' dir='ltr'>εἰ</span> <span class='ocrx_word' id='word_1_240' title='bbox 3851 1639 3926 1708; x_wconf 72' lang='grc' dir='ltr'>μὴ</span> 
     </span>
    </p>
   </div>
   <div class='ocr_carea' id='block_1_33' title="bbox 2267 1725 3930 1805">
    <p class='ocr_par' dir='ltr' id='par_1_33' title="bbox 2267 1725 3930 1805">
     <span class='ocr_line' id='line_1_34' title="bbox 2267 1725 3930 1805; baseline -0.002 -21"><span class='ocrx_word' id='word_1_241' title='bbox 2267 1732 2478 1804; x_wconf 68' lang='grc' dir='ltr'>βρεφῶν</span> <span class='ocrx_word' id='word_1_242' title='bbox 2531 1729 2828 1804; x_wconf 84' lang='grc' dir='ltr'>ἀναίρεσις,</span> <span class='ocrx_word' id='word_1_243' title='bbox 2889 1729 2978 1783; x_wconf 77' lang='grc' dir='ltr'>καὶ</span> <span class='ocrx_word' id='word_1_244' title='bbox 3030 1727 3185 1783; x_wconf 82' lang='grc' dir='ltr'>ὥτων</span> <span class='ocrx_word' id='word_1_245' title='bbox 3235 1728 3510 1805; x_wconf 72' lang='grc' dir='ltr'>κωφότης,</span> <span class='ocrx_word' id='word_1_246' title='bbox 3567 1725 3662 1781; x_wconf 81' lang='grc' dir='ltr'>καί</span> <span class='ocrx_word' id='word_1_247' title='bbox 3717 1725 3930 1802; x_wconf 58' lang='grc' dir='ltr'>ὀφθαλ-</span> 
     </span>
    </p>
   </div>
   <div class='ocr_carea' id='block_1_34' title="bbox 2265 1813 3926 1891">
    <p class='ocr_par' dir='ltr' id='par_1_34' title="bbox 2265 1813 3926 1891">
     <span class='ocr_line' id='line_1_35' title="bbox 2265 1813 3926 1891; baseline -0.003 -19"><span class='ocrx_word' id='word_1_248' title='bbox 2265 1824 2380 1890; x_wconf 83' lang='grc' dir='ltr'>μῶν</span> <span class='ocrx_word' id='word_1_249' title='bbox 2438 1816 2638 1890; x_wconf 75' lang='grc' dir='ltr'>ἀδικῖα,</span> <span class='ocrx_word' id='word_1_250' title='bbox 2688 1818 2777 1872; x_wconf 78' lang='grc' dir='ltr'>καὶ</span> <span class='ocrx_word' id='word_1_251' title='bbox 2847 1816 3132 1891; x_wconf 78' lang='grc' dir='ltr'>στομάτων</span> <span class='ocrx_word' id='word_1_252' title='bbox 3186 1813 3582 1891; x_wconf 79' lang='grc' dir='ltr'>χαλινόδευμα,</span> <span class='ocrx_word' id='word_1_253' title='bbox 3641 1814 3734 1869; x_wconf 81' lang='grc' dir='ltr'>καὶ</span> <span class='ocrx_word' id='word_1_254' title='bbox 3801 1834 3926 1888; x_wconf 65' lang='grc' dir='ltr'>φρε-</span> 
     </span>
    </p>
   </div>
   <div class='ocr_carea' id='block_1_35' title="bbox 497 1903 2146 2004">
    <p class='ocr_par' dir='ltr' id='par_1_35' title="bbox 497 1914 2146 1984">
     <span class='ocr_line' id='line_1_36' title="bbox 497 1914 2146 1984; baseline -0.002 -13"><span class='ocrx_word' id='word_1_255' title='bbox 497 1915 734 1971; x_wconf 90' lang='lat' dir='ltr'>brosum</span> <span class='ocrx_word' id='word_1_256' title='bbox 763 1933 775 1983; x_wconf 93' lang='lat'>;</span> <span class='ocrx_word' id='word_1_257' title='bbox 802 1914 978 1970; x_wconf 87' lang='lat' dir='ltr'>facies</span> <span class='ocrx_word' id='word_1_258' title='bbox 1001 1921 1196 1969; x_wconf 88' lang='lat' dir='ltr'>autem</span> <span class='ocrx_word' id='word_1_259' title='bbox 1218 1916 1347 1984; x_wconf 88' lang='lat' dir='ltr'>ejus</span> <span class='ocrx_word' id='word_1_260' title='bbox 1371 1919 1493 1969; x_wconf 89' lang='lat' dir='ltr'>tota</span> <span class='ocrx_word' id='word_1_261' title='bbox 1522 1914 1739 1984; x_wconf 85' lang='lat' dir='ltr'>lucida,</span> <span class='ocrx_word' id='word_1_262' title='bbox 1769 1915 2146 1982; x_wconf 87' lang='lat' dir='ltr'>viridescens,</span> 
     </span>
    </p>
   </div>
   <div class='ocr_carea' id='block_1_36' title="bbox 2256 1903 3922 2004">
    <p class='ocr_par' dir='ltr' id='par_1_36' title="bbox 2259 1903 3922 1980">
     <span class='ocr_line' id='line_1_37' title="bbox 2259 1903 3922 1980; baseline -0.002 -20"><span class='ocrx_word' id='word_1_263' title='bbox 2259 1911 2364 1961; x_wconf 81' lang='grc' dir='ltr'>νῶν</span> <span class='ocrx_word' id='word_1_264' title='bbox 2417 1907 2682 1979; x_wconf 77' lang='grc' dir='ltr'>ἀπώλεια,</span> <span class='ocrx_word' id='word_1_265' title='bbox 2739 1906 2829 1962; x_wconf 85' lang='grc' dir='ltr'>καὶ</span> <span class='ocrx_word' id='word_1_266' title='bbox 2888 1907 3154 1979; x_wconf 81' lang='grc' dir='ltr'>σωμάτων</span> <span class='ocrx_word' id='word_1_267' title='bbox 3211 1903 3469 1980; x_wconf 73' lang='grc' dir='ltr'>ἅλγησις,</span> <span class='ocrx_word' id='word_1_268' title='bbox 3521 1907 3708 1961; x_wconf 72' lang='grc' dir='ltr'>Ταῦτα</span> <span class='ocrx_word' id='word_1_269' title='bbox 3751 1903 3922 1957; x_wconf 58' lang='lat'>€17.05-</span> 
     </span>
    </p>
   </div>
   <div class='ocr_carea' id='block_1_37' title="bbox 495 2002 2152 2075">
    <p class='ocr_par' dir='ltr' id='par_1_37' title="bbox 495 2002 2152 2075">
     <span class='ocr_line' id='line_1_38' title="bbox 495 2002 2152 2075; baseline -0.002 -15"><span class='ocrx_word' id='word_1_270' title='bbox 495 2010 551 2060; x_wconf 86' lang='lat' dir='ltr'>et</span> <span class='ocrx_word' id='word_1_271' title='bbox 607 2005 799 2060; x_wconf 90' lang='lat' dir='ltr'>crines</span> <span class='ocrx_word' id='word_1_272' title='bbox 861 2006 987 2074; x_wconf 84' lang='lat' dir='ltr'>ejus</span> <span class='ocrx_word' id='word_1_273' title='bbox 1049 2004 1320 2075; x_wconf 64' lang='lat' dir='ltr'>hispidae,</span> <span class='ocrx_word' id='word_1_274' title='bbox 1355 2009 1420 2058; x_wconf 89' lang='lat' dir='ltr'>ut</span> <span class='ocrx_word' id='word_1_275' title='bbox 1476 2002 1788 2071; x_wconf 88' lang='lat' dir='ltr'>draconis;</span> <span class='ocrx_word' id='word_1_276' title='bbox 1839 2007 1897 2057; x_wconf 90' lang='lat' dir='ltr'>et</span> <span class='ocrx_word' id='word_1_277' title='bbox 1953 2003 2152 2057; x_wconf 88' lang='lat' dir='ltr'>omnia</span> 
     </span>
    </p>
   </div>
   <div class='ocr_carea' id='block_1_38' title="bbox 495 2091 2149 2163">
    <p class='ocr_par' dir='ltr' id='par_1_38' title="bbox 495 2091 2149 2163">
     <span class='ocr_line' id='line_1_39' title="bbox 495 2091 2149 2163; baseline -0.002 -15"><span class='ocrx_word' id='word_1_278' title='bbox 495 2094 761 2148; x_wconf 85' lang='lat' dir='ltr'>membra</span> <span class='ocrx_word' id='word_1_279' title='bbox 808 2094 936 2163; x_wconf 88' lang='lat' dir='ltr'>ejus</span> <span class='ocrx_word' id='word_1_280' title='bbox 994 2091 1438 2159; x_wconf 83' lang='lat' dir='ltr'>invisibilia;et</span> <span class='ocrx_word' id='word_1_281' title='bbox 1491 2109 1598 2146; x_wconf 84' lang='lat' dir='ltr'>vox</span> <span class='ocrx_word' id='word_1_282' title='bbox 1651 2091 1779 2161; x_wconf 87' lang='lat' dir='ltr'>ejus</span> <span class='ocrx_word' id='word_1_283' title='bbox 1838 2091 2149 2145; x_wconf 73' lang='lat' dir='ltr'>manifesta</span> 
     </span>
    </p>
   </div>
   <div class='ocr_carea' id='block_1_39' title="bbox 493 2179 2150 2253">
    <p class='ocr_par' dir='ltr' id='par_1_39' title="bbox 493 2179 2150 2253">
     <span class='ocr_line' id='line_1_40' title="bbox 493 2179 2150 2253; baseline 0.001 -19"><span class='ocrx_word' id='word_1_284' title='bbox 493 2181 754 2253; x_wconf 79' lang='lat' dir='ltr'>pervenit</span> <span class='ocrx_word' id='word_1_285' title='bbox 787 2181 859 2236; x_wconf 88' lang='lat' dir='ltr'>ad</span> <span class='ocrx_word' id='word_1_286' title='bbox 903 2197 1015 2235; x_wconf 88' lang='lat' dir='ltr'>me.</span> <span class='ocrx_word' id='word_1_287' title='bbox 1053 2185 1118 2234; x_wconf 88' lang='lat' dir='ltr'>Et</span> <span class='ocrx_word' id='word_1_288' title='bbox 1151 2197 1255 2252; x_wconf 87' lang='lat' dir='ltr'>ego</span> <span class='ocrx_word' id='word_1_289' title='bbox 1287 2179 1654 2251; x_wconf 76' lang='lat' dir='ltr'>sophismata</span> <span class='ocrx_word' id='word_1_290' title='bbox 1686 2180 2150 2236; x_wconf 88' lang='lat' dir='ltr'>circumveniens</span> 
     </span>
    </p>
   </div>
   <div class='ocr_carea' id='block_1_40' title="bbox 494 2268 2152 2340">
    <p class='ocr_par' dir='ltr' id='par_1_40' title="bbox 494 2268 2152 2340">
     <span class='ocr_line' id='line_1_41' title="bbox 494 2268 2152 2340; baseline -0.001 -16"><span class='ocrx_word' id='word_1_291' title='bbox 494 2286 646 2333; x_wconf 87' lang='lat' dir='ltr'>eam,</span> <span class='ocrx_word' id='word_1_292' title='bbox 681 2269 800 2323; x_wconf 84' lang='lat' dir='ltr'>dixi</span> <span class='ocrx_word' id='word_1_293' title='bbox 837 2286 848 2322; x_wconf 96' lang='lat'>:</span> <span class='ocrx_word' id='word_1_294' title='bbox 885 2269 1082 2323; x_wconf 84' lang='lat' dir='ltr'>Indica</span> <span class='ocrx_word' id='word_1_295' title='bbox 1117 2268 1283 2335; x_wconf 88' lang='lat' dir='ltr'>mihi,</span> <span class='ocrx_word' id='word_1_296' title='bbox 1315 2268 1468 2323; x_wconf 89' lang='lat' dir='ltr'>male</span> <span class='ocrx_word' id='word_1_297' title='bbox 1518 2269 1935 2340; x_wconf 89' lang='lat' dir='ltr'>spiritus,quis</span> <span class='ocrx_word' id='word_1_298' title='bbox 1968 2274 2023 2324; x_wconf 91' lang='lat' dir='ltr'>te</span> <span class='ocrx_word' id='word_1_299' title='bbox 2055 2287 2152 2323; x_wconf 88' lang='lat' dir='ltr'>an-</span> 
     </span>
    </p>
   </div>
   <div class='ocr_carea' id='block_1_41' title="bbox 493 2357 2148 2430">
    <p class='ocr_par' dir='ltr' id='par_1_41' title="bbox 493 2357 2148 2430">
     <span class='ocr_line' id='line_1_42' title="bbox 493 2357 2148 2430; baseline -0.001 -17"><span class='ocrx_word' id='word_1_300' title='bbox 493 2357 657 2428; x_wconf 84' lang='lat' dir='ltr'>gelus</span> <span class='ocrx_word' id='word_1_301' title='bbox 689 2358 1088 2428; x_wconf 87' lang='lat' dir='ltr'>imponentem</span> <span class='ocrx_word' id='word_1_302' title='bbox 1141 2357 1361 2412; x_wconf 84' lang='lat' dir='ltr'>faciat?</span> <span class='ocrx_word' id='word_1_303' title='bbox 1391 2361 1524 2424; x_wconf 77' lang='lat' dir='ltr'>Quae</span> <span class='ocrx_word' id='word_1_304' title='bbox 1573 2358 1656 2412; x_wconf 90' lang='lat' dir='ltr'>ait</span> <span class='ocrx_word' id='word_1_305' title='bbox 1691 2375 1703 2410; x_wconf 90' lang='lat'><strong>:</strong></span> <span class='ocrx_word' id='word_1_306' title='bbox 1739 2359 1999 2430; x_wconf 80' lang='lat' dir='ltr'>Angelus</span> <span class='ocrx_word' id='word_1_307' title='bbox 2051 2358 2148 2414; x_wconf 92' lang='lat' dir='ltr'>Dei</span> 
     </span>
    </p>
   </div>
   <div class='ocr_carea' id='block_1_42' title="bbox 493 2446 2148 2518">
    <p class='ocr_par' dir='ltr' id='par_1_42' title="bbox 493 2446 2148 2518">
     <span class='ocr_line' id='line_1_43' title="bbox 493 2446 2148 2518; baseline -0.001 -17"><span class='ocrx_word' id='word_1_308' title='bbox 493 2451 734 2502; x_wconf 87' lang='lat' dir='ltr'>vocatus</span> <span class='ocrx_word' id='word_1_309' title='bbox 782 2446 1117 2518; x_wconf 85' lang='lat' dir='ltr'>Aphareph,</span> <span class='ocrx_word' id='word_1_310' title='bbox 1171 2447 1328 2517; x_wconf 90' lang='lat' dir='ltr'>quod</span> <span class='ocrx_word' id='word_1_311' title='bbox 1391 2448 1809 2518; x_wconf 86' lang='lat' dir='ltr'>interpretatur</span> <span class='ocrx_word' id='word_1_312' title='bbox 1867 2447 2148 2518; x_wconf 79' lang='lat' dir='ltr'>Raphael,</span> 
     </span>
    </p>
   </div>
   <div class='ocr_carea' id='block_1_43' title="bbox 497 2534 2149 2607">
    <p class='ocr_par' dir='ltr' id='par_1_43' title="bbox 497 2534 2149 2607">
     <span class='ocr_line' id='line_1_44' title="bbox 497 2534 2149 2607; baseline 0 -17"><span class='ocrx_word' id='word_1_313' title='bbox 497 2552 528 2590; x_wconf 89' lang='lat' dir='ltr'>a</span> <span class='ocrx_word' id='word_1_314' title='bbox 561 2551 677 2606; x_wconf 90' lang='lat' dir='ltr'>quo</span> <span class='ocrx_word' id='word_1_315' title='bbox 730 2551 886 2590; x_wconf 89' lang='lat' dir='ltr'>nunc</span> <span class='ocrx_word' id='word_1_316' title='bbox 932 2534 1186 2591; x_wconf 84' lang='lat' dir='ltr'>imbellis</span> <span class='ocrx_word' id='word_1_317' title='bbox 1219 2536 1290 2590; x_wconf 84' lang='lat' dir='ltr'>fio</span> <span class='ocrx_word' id='word_1_318' title='bbox 1343 2535 1400 2590; x_wconf 88' lang='lat' dir='ltr'>in</span> <span class='ocrx_word' id='word_1_319' title='bbox 1455 2553 1629 2591; x_wconf 89' lang='lat' dir='ltr'>omne</span> <span class='ocrx_word' id='word_1_320' title='bbox 1677 2541 1949 2607; x_wconf 88' lang='lat' dir='ltr'>tempus;</span> <span class='ocrx_word' id='word_1_321' title='bbox 1981 2538 2149 2606; x_wconf 87' lang='lat' dir='ltr'>cujus</span> 
     </span>
    </p>
   </div>
   <div class='ocr_carea' id='block_1_44' title="bbox 497 2623 2150 2696">
    <p class='ocr_par' dir='ltr' id='par_1_44' title="bbox 497 2623 2150 2696">
     <span class='ocr_line' id='line_1_45' title="bbox 497 2623 2150 2696; baseline 0.001 -18"><span class='ocrx_word' id='word_1_322' title='bbox 497 2639 711 2678; x_wconf 88' lang='lat' dir='ltr'>nomen</span> <span class='ocrx_word' id='word_1_323' title='bbox 739 2624 788 2679; x_wconf 90' lang='lat' dir='ltr'>si</span> <span class='ocrx_word' id='word_1_324' title='bbox 821 2623 955 2694; x_wconf 87' lang='lat' dir='ltr'>quis</span> <span class='ocrx_word' id='word_1_325' title='bbox 987 2623 1295 2678; x_wconf 90' lang='lat' dir='ltr'>hominum</span> <span class='ocrx_word' id='word_1_326' title='bbox 1329 2625 1621 2694; x_wconf 81' lang='lat' dir='ltr'>didicerit,</span> <span class='ocrx_word' id='word_1_327' title='bbox 1657 2629 1713 2680; x_wconf 90' lang='lat' dir='ltr'>et</span> <span class='ocrx_word' id='word_1_328' title='bbox 1745 2642 1923 2696; x_wconf 83' lang='lat' dir='ltr'>super</span> <span class='ocrx_word' id='word_1_329' title='bbox 1954 2631 2150 2696; x_wconf 88' lang='lat' dir='ltr'>partu-</span> 
     </span>
    </p>
   </div>
   <div class='ocr_carea' id='block_1_45' title="bbox 495 2712 2150 2786">
    <p class='ocr_par' dir='ltr' id='par_1_45' title="bbox 495 2712 2150 2786">
     <span class='ocr_line' id='line_1_46' title="bbox 495 2712 2150 2786; baseline 0.002 -20"><span class='ocrx_word' id='word_1_330' title='bbox 495 2713 742 2767; x_wconf 87' lang='lat' dir='ltr'>rientem</span> <span class='ocrx_word' id='word_1_331' title='bbox 789 2712 1066 2767; x_wconf 87' lang='lat' dir='ltr'>feminam</span> <span class='ocrx_word' id='word_1_332' title='bbox 1101 2713 1422 2784; x_wconf 87' lang='lat' dir='ltr'>scripserit,</span> <span class='ocrx_word' id='word_1_333' title='bbox 1453 2718 1596 2767; x_wconf 86' lang='lat' dir='ltr'>tuno</span> <span class='ocrx_word' id='word_1_334' title='bbox 1631 2714 1854 2785; x_wconf 81' lang='lat' dir='ltr'>ingredi</span> <span class='ocrx_word' id='word_1_335' title='bbox 1897 2731 2010 2768; x_wconf 90' lang='lat' dir='ltr'>non</span> <span class='ocrx_word' id='word_1_336' title='bbox 2044 2731 2150 2786; x_wconf 90' lang='lat' dir='ltr'>po-</span> 
     </span>
    </p>
   </div>
   <div class='ocr_carea' id='block_1_46' title="bbox 497 2801 2150 2874">
    <p class='ocr_par' dir='ltr' id='par_1_46' title="bbox 497 2801 2150 2874">
     <span class='ocr_line' id='line_1_47' title="bbox 497 2801 2150 2874; baseline 0.001 -18"><span class='ocrx_word' id='word_1_337' title='bbox 497 2807 658 2870; x_wconf 87' lang='lat' dir='ltr'>tero;</span> <span class='ocrx_word' id='word_1_338' title='bbox 691 2803 862 2871; x_wconf 88' lang='lat' dir='ltr'>cujus</span> <span class='ocrx_word' id='word_1_339' title='bbox 895 2801 1156 2856; x_wconf 87' lang='lat' dir='ltr'>calculus</span> <span class='ocrx_word' id='word_1_340' title='bbox 1189 2807 1277 2857; x_wconf 89' lang='lat' dir='ltr'>est</span> <span class='ocrx_word' id='word_1_341' title='bbox 1323 2804 1447 2856; x_wconf 81' lang='grc'>640.</span> <span class='ocrx_word' id='word_1_342' title='bbox 1481 2804 1552 2857; x_wconf 87' lang='lat' dir='ltr'>Et</span> <span class='ocrx_word' id='word_1_343' title='bbox 1582 2819 1686 2874; x_wconf 85' lang='lat' dir='ltr'>ego</span> <span class='ocrx_word' id='word_1_344' title='bbox 1719 2801 1992 2858; x_wconf 86' lang='lat' dir='ltr'>Salomon</span> <span class='ocrx_word' id='word_1_345' title='bbox 2029 2803 2150 2858; x_wconf 68' lang='lat' dir='ltr'>hare</span> 
     </span>
    </p>
   </div>
   <div class='ocr_carea' id='block_1_47' title="bbox 495 2889 2152 2961">
    <p class='ocr_par' dir='ltr' id='par_1_47' title="bbox 495 2889 2152 2961">
     <span class='ocr_line' id='line_1_48' title="bbox 495 2889 2152 2961; baseline 0.001 -16"><span class='ocrx_word' id='word_1_346' title='bbox 495 2891 762 2957; x_wconf 86' lang='lat' dir='ltr'>audiens,</span> <span class='ocrx_word' id='word_1_347' title='bbox 799 2889 1030 2945; x_wconf 81' lang='lat' dir='ltr'>laudavi</span> <span class='ocrx_word' id='word_1_348' title='bbox 1061 2890 1398 2961; x_wconf 88' lang='lat' dir='ltr'>Dominum,</span> <span class='ocrx_word' id='word_1_349' title='bbox 1435 2897 1486 2946; x_wconf 85' lang='lat' dir='ltr'>et</span> <span class='ocrx_word' id='word_1_350' title='bbox 1511 2892 1667 2961; x_wconf 87' lang='lat' dir='ltr'>jussi</span> <span class='ocrx_word' id='word_1_351' title='bbox 1703 2896 1765 2946; x_wconf 90' lang='lat' dir='ltr'>ut</span> <span class='ocrx_word' id='word_1_352' title='bbox 1795 2891 2152 2947; x_wconf 81' lang='lat' dir='ltr'>vincirentur</span> 
     </span>
    </p>
   </div>
   <div class='ocr_carea' id='block_1_48' title="bbox 494 2979 2147 3052">
    <p class='ocr_par' dir='ltr' id='par_1_48' title="bbox 494 2979 2147 3052">
     <span class='ocr_line' id='line_1_49' title="bbox 494 2979 2147 3052; baseline 0.001 -19"><span class='ocrx_word' id='word_1_353' title='bbox 494 2979 684 3034; x_wconf 88' lang='lat' dir='ltr'>crines</span> <span class='ocrx_word' id='word_1_354' title='bbox 717 2980 865 3049; x_wconf 84' lang='lat' dir='ltr'>ejus,</span> <span class='ocrx_word' id='word_1_355' title='bbox 901 2983 957 3034; x_wconf 92' lang='lat' dir='ltr'>et</span> <span class='ocrx_word' id='word_1_356' title='bbox 988 2981 1494 3050; x_wconf 87' lang='lat' dir='ltr'>suspenderentur</span> <span class='ocrx_word' id='word_1_357' title='bbox 1543 2985 1676 3034; x_wconf 86' lang='lat' dir='ltr'>ante</span> <span class='ocrx_word' id='word_1_358' title='bbox 1705 2980 1994 3052; x_wconf 88' lang='lat' dir='ltr'>templum</span> <span class='ocrx_word' id='word_1_359' title='bbox 2027 2981 2147 3051; x_wconf 87' lang='lat' dir='ltr'>Dei,</span> 
     </span>
    </p>
   </div>
   <div class='ocr_carea' id='block_1_49' title="bbox 493 3076 2149 3150">
    <p class='ocr_par' dir='ltr' id='par_1_49' title="bbox 493 3076 2149 3150">
     <span class='ocr_line' id='line_1_50' title="bbox 493 3076 2149 3150; baseline 0.001 -19"><span class='ocrx_word' id='word_1_360' title='bbox 493 3081 558 3131; x_wconf 87' lang='lat' dir='ltr'>ut</span> <span class='ocrx_word' id='word_1_361' title='bbox 587 3093 790 3131; x_wconf 89' lang='lat' dir='ltr'>omnes</span> <span class='ocrx_word' id='word_1_362' title='bbox 823 3077 926 3130; x_wconf 83' lang='lat' dir='ltr'>ﬁlii</span> <span class='ocrx_word' id='word_1_363' title='bbox 983 3076 1161 3132; x_wconf 87' lang='lat' dir='ltr'>Israel</span> <span class='ocrx_word' id='word_1_364' title='bbox 1192 3077 1488 3132; x_wconf 84' lang='lat' dir='ltr'>venientes</span> <span class='ocrx_word' id='word_1_365' title='bbox 1535 3082 1592 3132; x_wconf 89' lang='lat' dir='ltr'>et</span> <span class='ocrx_word' id='word_1_366' title='bbox 1635 3077 1898 3133; x_wconf 85' lang='lat' dir='ltr'>videntes</span> <span class='ocrx_word' id='word_1_367' title='bbox 1928 3077 2149 3150; x_wconf 80' lang='lat' dir='ltr'>gloriﬁ-</span> 
     </span>
    </p>
   </div>
   <div class='ocr_carea' id='block_1_50' title="bbox 497 3165 2148 3237">
    <p class='ocr_par' dir='ltr' id='par_1_50' title="bbox 497 3165 2148 3237">
     <span class='ocr_line' id='line_1_51' title="bbox 497 3165 2148 3237; baseline 0.002 -18"><span class='ocrx_word' id='word_1_368' title='bbox 497 3171 699 3220; x_wconf 88' lang='lat' dir='ltr'>earent</span> <span class='ocrx_word' id='word_1_369' title='bbox 735 3166 1044 3220; x_wconf 88' lang='lat' dir='ltr'>Dominum</span> <span class='ocrx_word' id='word_1_370' title='bbox 1093 3167 1278 3220; x_wconf 89' lang='lat' dir='ltr'>Deum</span> <span class='ocrx_word' id='word_1_371' title='bbox 1311 3165 1510 3235; x_wconf 89' lang='lat' dir='ltr'>Israel,</span> <span class='ocrx_word' id='word_1_372' title='bbox 1543 3166 1640 3237; x_wconf 89' lang='lat' dir='ltr'>qui</span> <span class='ocrx_word' id='word_1_373' title='bbox 1695 3167 1854 3222; x_wconf 87' lang='lat' dir='ltr'>dedit</span> <span class='ocrx_word' id='word_1_374' title='bbox 1887 3168 2032 3222; x_wconf 88' lang='lat' dir='ltr'>mibi</span> <span class='ocrx_word' id='word_1_375' title='bbox 2065 3169 2148 3222; x_wconf 87' lang='lat' dir='ltr'>fa-</span> 
     </span>
    </p>
   </div>
   <div class='ocr_carea' id='block_1_51' title="bbox 493 3253 2150 3328">
    <p class='ocr_par' dir='ltr' id='par_1_51' title="bbox 493 3253 2150 3328">
     <span class='ocr_line' id='line_1_52' title="bbox 493 3253 2150 3328; baseline 0.002 -20"><span class='ocrx_word' id='word_1_376' title='bbox 493 3253 791 3322; x_wconf 87' lang='lat' dir='ltr'>cultatem,</span> <span class='ocrx_word' id='word_1_377' title='bbox 825 3259 880 3309; x_wconf 91' lang='lat' dir='ltr'>et</span> <span class='ocrx_word' id='word_1_378' title='bbox 931 3254 1304 3326; x_wconf 86' lang='lat' dir='ltr'>sapientiam,</span> <span class='ocrx_word' id='word_1_379' title='bbox 1351 3261 1406 3310; x_wconf 90' lang='lat' dir='ltr'>et</span> <span class='ocrx_word' id='word_1_380' title='bbox 1456 3255 1782 3325; x_wconf 87' lang='lat' dir='ltr'>potentiam</span> <span class='ocrx_word' id='word_1_381' title='bbox 1817 3273 1850 3311; x_wconf 91' lang='lat' dir='ltr'>a</span> <span class='ocrx_word' id='word_1_382' title='bbox 1885 3261 1994 3311; x_wconf 89' lang='lat' dir='ltr'>Deo</span> <span class='ocrx_word' id='word_1_383' title='bbox 2049 3273 2150 3328; x_wconf 86' lang='lat' dir='ltr'>per</span> 
     </span>
    </p>
   </div>
   <div class='ocr_carea' id='block_1_52' title="bbox 493 3341 2149 3414">
    <p class='ocr_par' dir='ltr' id='par_1_52' title="bbox 493 3341 2149 3414">
     <span class='ocr_line' id='line_1_53' title="bbox 493 3341 2149 3414; baseline 0.002 -18"><span class='ocrx_word' id='word_1_384' title='bbox 493 3342 781 3396; x_wconf 79' lang='lat' dir='ltr'>annulum</span> <span class='ocrx_word' id='word_1_385' title='bbox 799 3341 999 3396; x_wconf 87' lang='lat' dir='ltr'>istum.</span> <span class='ocrx_word' id='word_1_386' title='bbox 1023 3343 1468 3414; x_wconf 83' lang='lat' dir='ltr'>Etrursusjussi</span> <span class='ocrx_word' id='word_1_387' title='bbox 1485 3343 1792 3399; x_wconf 87' lang='lat' dir='ltr'>utadesset</span> <span class='ocrx_word' id='word_1_388' title='bbox 1828 3344 1970 3398; x_wconf 85' lang='lat' dir='ltr'>mihi</span> <span class='ocrx_word' id='word_1_389' title='bbox 1999 3344 2149 3401; x_wconf 88' lang='lat' dir='ltr'>alius</span> 
     </span>
    </p>
   </div>
   <div class='ocr_carea' id='block_1_53' title="bbox 497 3430 2150 3502">
    <p class='ocr_par' dir='ltr' id='par_1_53' title="bbox 497 3430 2150 3502">
     <span class='ocr_line' id='line_1_54' title="bbox 497 3430 2150 3502; baseline 0.003 -17"><span class='ocrx_word' id='word_1_390' title='bbox 497 3431 746 3487; x_wconf 77' lang='lat' dir='ltr'>daemon.</span> <span class='ocrx_word' id='word_1_391' title='bbox 781 3433 850 3485; x_wconf 86' lang='lat' dir='ltr'>Et</span> <span class='ocrx_word' id='word_1_392' title='bbox 881 3430 1038 3486; x_wconf 87' lang='lat' dir='ltr'>venit</span> <span class='ocrx_word' id='word_1_393' title='bbox 1083 3430 1142 3484; x_wconf 90' lang='lat' dir='ltr'>in</span> <span class='ocrx_word' id='word_1_394' title='bbox 1175 3437 1490 3502; x_wconf 88' lang='lat' dir='ltr'>conspectu</span> <span class='ocrx_word' id='word_1_395' title='bbox 1541 3449 1670 3488; x_wconf 90' lang='lat' dir='ltr'>meo</span> <span class='ocrx_word' id='word_1_396' title='bbox 1703 3433 2150 3490; x_wconf 84' lang='lat' dir='ltr'>draconiformis</span> 
     </span>
    </p>
   </div>
   <div class='ocr_carea' id='block_1_54' title="bbox 497 3519 2148 3592">
    <p class='ocr_par' dir='ltr' id='par_1_54' title="bbox 497 3519 2148 3592">
     <span class='ocr_line' id='line_1_55' title="bbox 497 3519 2148 3592; baseline 0.003 -19"><span class='ocrx_word' id='word_1_397' title='bbox 497 3519 1045 3588; x_wconf 87' lang='lat' dir='ltr'>eircumvolutatus,</span> <span class='ocrx_word' id='word_1_398' title='bbox 1079 3520 1284 3575; x_wconf 82' lang='lat' dir='ltr'>faciem</span> <span class='ocrx_word' id='word_1_399' title='bbox 1331 3521 1550 3576; x_wconf 88' lang='lat' dir='ltr'>habens</span> <span class='ocrx_word' id='word_1_400' title='bbox 1579 3525 1638 3575; x_wconf 87' lang='lat' dir='ltr'>et</span> <span class='ocrx_word' id='word_1_401' title='bbox 1669 3521 1843 3592; x_wconf 89' lang='lat' dir='ltr'>pedes</span> <span class='ocrx_word' id='word_1_402' title='bbox 1869 3521 2148 3588; x_wconf 86' lang='lat' dir='ltr'>hominis,</span> 
     </span>
    </p>
   </div>
   <div class='ocr_carea' id='block_1_55' title="bbox 498 3607 2151 3680">
    <p class='ocr_par' dir='ltr' id='par_1_55' title="bbox 498 3607 2151 3680">
     <span class='ocr_line' id='line_1_56' title="bbox 498 3607 2151 3680; baseline 0.002 -17"><span class='ocrx_word' id='word_1_403' title='bbox 498 3607 725 3680; x_wconf 87' lang='lat' dir='ltr'>reliqua</span> <span class='ocrx_word' id='word_1_404' title='bbox 755 3625 889 3664; x_wconf 90' lang='lat' dir='ltr'>vero</span> <span class='ocrx_word' id='word_1_405' title='bbox 923 3610 1186 3664; x_wconf 89' lang='lat' dir='ltr'>membra</span> <span class='ocrx_word' id='word_1_406' title='bbox 1204 3611 1499 3676; x_wconf 88' lang='lat' dir='ltr'>draconis,</span> <span class='ocrx_word' id='word_1_407' title='bbox 1533 3615 1589 3664; x_wconf 91' lang='lat' dir='ltr'>et</span> <span class='ocrx_word' id='word_1_408' title='bbox 1619 3610 1744 3664; x_wconf 86' lang='lat' dir='ltr'>alas</span> <span class='ocrx_word' id='word_1_409' title='bbox 1775 3610 1834 3664; x_wconf 89' lang='lat' dir='ltr'>in</span> <span class='ocrx_word' id='word_1_410' title='bbox 1867 3612 2069 3680; x_wconf 89' lang='lat' dir='ltr'>dorso;</span> <span class='ocrx_word' id='word_1_411' title='bbox 2094 3615 2151 3667; x_wconf 89' lang='lat' dir='ltr'>et</span> 
     </span>
    </p>
   </div>
   <div class='ocr_carea' id='block_1_56' title="bbox 493 3701 2148 3774">
    <p class='ocr_par' dir='ltr' id='par_1_56' title="bbox 493 3701 2148 3774">
     <span class='ocr_line' id='line_1_57' title="bbox 493 3701 2148 3774; baseline 0.001 -18"><span class='ocrx_word' id='word_1_412' title='bbox 493 3717 626 3756; x_wconf 86' lang='lat' dir='ltr'>ecce</span> <span class='ocrx_word' id='word_1_413' title='bbox 639 3717 742 3772; x_wconf 86' lang='lat' dir='ltr'>ego</span> <span class='ocrx_word' id='word_1_414' title='bbox 758 3702 1118 3772; x_wconf 84' lang='lat' dir='ltr'>stupefactus</span> <span class='ocrx_word' id='word_1_415' title='bbox 1135 3701 1420 3765; x_wconf 76' lang='lat' dir='ltr'>dixizouis</span> <span class='ocrx_word' id='word_1_416' title='bbox 1436 3719 1518 3770; x_wconf 91' lang='lat' dir='ltr'>es,</span> <span class='ocrx_word' id='word_1_417' title='bbox 1541 3702 2038 3774; x_wconf 67' lang='lat' dir='ltr'>odaemon;etquis</span> <span class='ocrx_word' id='word_1_418' title='bbox 2061 3703 2148 3757; x_wconf 93' lang='lat' dir='ltr'>di-</span> 
     </span>
    </p>
   </div>
   <div class='ocr_carea' id='block_1_57' title="bbox 493 3789 2146 3864">
    <p class='ocr_par' dir='ltr' id='par_1_57' title="bbox 493 3789 2146 3864">
     <span class='ocr_line' id='line_1_58' title="bbox 493 3789 2146 3864; baseline 0.001 -20"><span class='ocrx_word' id='word_1_419' title='bbox 493 3790 732 3859; x_wconf 88' lang='lat' dir='ltr'>caris,et</span> <span class='ocrx_word' id='word_1_420' title='bbox 755 3807 787 3844; x_wconf 93' lang='lat' dir='ltr'>u</span> <span class='ocrx_word' id='word_1_421' title='bbox 802 3791 912 3844; x_wconf 90' lang='lat' dir='ltr'>nde</span> <span class='ocrx_word' id='word_1_422' title='bbox 933 3790 1132 3844; x_wconf 89' lang='lat' dir='ltr'>venias</span> <span class='ocrx_word' id='word_1_423' title='bbox 1154 3789 1349 3844; x_wconf 88' lang='lat' dir='ltr'>indica</span> <span class='ocrx_word' id='word_1_424' title='bbox 1367 3791 1534 3845; x_wconf 90' lang='lat' dir='ltr'>mihi.</span> <span class='ocrx_word' id='word_1_425' title='bbox 1551 3791 1618 3844; x_wconf 83' lang='lat' dir='ltr'>Et</span> <span class='ocrx_word' id='word_1_426' title='bbox 1641 3792 2004 3861; x_wconf 87' lang='lat' dir='ltr'>respondens</span> <span class='ocrx_word' id='word_1_427' title='bbox 2023 3792 2146 3864; x_wconf 90' lang='lat' dir='ltr'>spi-</span> 
     </span>
    </p>
   </div>
   <div class='ocr_carea' id='block_1_58' title="bbox 491 3878 2147 3953">
    <p class='ocr_par' dir='ltr' id='par_1_58' title="bbox 491 3878 2147 3953">
     <span class='ocr_line' id='line_1_59' title="bbox 491 3878 2147 3953; baseline 0.002 -22"><span class='ocrx_word' id='word_1_428' title='bbox 491 3879 641 3934; x_wconf 86' lang='lat' dir='ltr'>ritus</span> <span class='ocrx_word' id='word_1_429' title='bbox 675 3878 821 3934; x_wconf 84' lang='lat' dir='ltr'>dixit</span> <span class='ocrx_word' id='word_1_430' title='bbox 853 3895 865 3934; x_wconf 92' lang='lat'><strong>:</strong></span> <span class='ocrx_word' id='word_1_431' title='bbox 903 3879 1162 3933; x_wconf 90' lang='lat' dir='ltr'>Primum</span> <span class='ocrx_word' id='word_1_432' title='bbox 1194 3879 1358 3934; x_wconf 89' lang='lat' dir='ltr'>astiti</span> <span class='ocrx_word' id='word_1_433' title='bbox 1398 3879 1531 3948; x_wconf 86' lang='lat' dir='ltr'>tibi,</span> <span class='ocrx_word' id='word_1_434' title='bbox 1563 3896 1660 3934; x_wconf 87' lang='lat' dir='ltr'>rex</span> <span class='ocrx_word' id='word_1_435' title='bbox 1691 3879 1988 3948; x_wconf 88' lang='lat' dir='ltr'>Salomon,</span> <span class='ocrx_word' id='word_1_436' title='bbox 2022 3881 2147 3953; x_wconf 90' lang='lat' dir='ltr'>spi-</span> 
     </span>
    </p>
   </div>
   <div class='ocr_carea' id='block_1_59' title="bbox 489 3965 2146 4035">
    <p class='ocr_par' dir='ltr' id='par_1_59' title="bbox 489 3965 2146 4035">
     <span class='ocr_line' id='line_1_60' title="bbox 489 3965 2146 4035; baseline 0.002 -15"><span class='ocrx_word' id='word_1_437' title='bbox 489 3966 640 4021; x_wconf 90' lang='lat' dir='ltr'>ritus</span> <span class='ocrx_word' id='word_1_438' title='bbox 673 3965 980 4022; x_wconf 82' lang='lat' dir='ltr'>deiﬁcatus</span> <span class='ocrx_word' id='word_1_439' title='bbox 1013 3967 1167 4022; x_wconf 87' lang='lat' dir='ltr'>inter</span> <span class='ocrx_word' id='word_1_440' title='bbox 1197 3967 1665 4035; x_wconf 86' lang='lat' dir='ltr'>homines,nunc</span> <span class='ocrx_word' id='word_1_441' title='bbox 1697 3973 1892 4024; x_wconf 87' lang='lat' dir='ltr'>autem</span> <span class='ocrx_word' id='word_1_442' title='bbox 1926 3969 2146 4024; x_wconf 86' lang='lat' dir='ltr'>fractus</span> 
     </span>
    </p>
   </div>
   <div class='ocr_carea' id='block_1_60' title="bbox 485 4054 2143 4128">
    <p class='ocr_par' dir='ltr' id='par_1_60' title="bbox 485 4054 2143 4128">
     <span class='ocr_line' id='line_1_61' title="bbox 485 4054 2143 4128; baseline 0.002 -20"><span class='ocrx_word' id='word_1_443' title='bbox 485 4054 708 4110; x_wconf 89' lang='lat' dir='ltr'>viribus</span> <span class='ocrx_word' id='word_1_444' title='bbox 730 4072 832 4126; x_wconf 91' lang='lat' dir='ltr'>per</span> <span class='ocrx_word' id='word_1_445' title='bbox 853 4056 1056 4110; x_wconf 88' lang='lat' dir='ltr'>datum</span> <span class='ocrx_word' id='word_1_446' title='bbox 1087 4055 1192 4110; x_wconf 87' lang='lat' dir='ltr'>tibi</span> <span class='ocrx_word' id='word_1_447' title='bbox 1216 4055 1504 4110; x_wconf 89' lang='lat' dir='ltr'>annulum</span> <span class='ocrx_word' id='word_1_448' title='bbox 1531 4056 1625 4111; x_wconf 90' lang='lat' dir='ltr'>Dei</span> <span class='ocrx_word' id='word_1_449' title='bbox 1659 4061 1716 4111; x_wconf 89' lang='lat' dir='ltr'>et</span> <span class='ocrx_word' id='word_1_450' title='bbox 1749 4056 2099 4128; x_wconf 81' lang='lat' dir='ltr'>sapientiam</span> <span class='ocrx_word' id='word_1_451' title='bbox 2129 4083 2143 4126; x_wconf 84' lang='lat'><strong>;</strong></span> 
     </span>
    </p>
   </div>
   <div class='ocr_carea' id='block_1_61' title="bbox 487 4153 2142 4224">
    <p class='ocr_par' dir='ltr' id='par_1_61' title="bbox 487 4153 2142 4224">
     <span class='ocr_line' id='line_1_62' title="bbox 487 4153 2142 4224; baseline 0.002 -17"><span class='ocrx_word' id='word_1_452' title='bbox 487 4157 543 4208; x_wconf 87' lang='lat' dir='ltr'>et</span> <span class='ocrx_word' id='word_1_453' title='bbox 565 4170 722 4208; x_wconf 88' lang='lat' dir='ltr'>nunc</span> <span class='ocrx_word' id='word_1_454' title='bbox 748 4169 853 4224; x_wconf 87' lang='lat' dir='ltr'>ego</span> <span class='ocrx_word' id='word_1_455' title='bbox 873 4170 1006 4208; x_wconf 91' lang='lat' dir='ltr'>sum</span> <span class='ocrx_word' id='word_1_456' title='bbox 1031 4154 1132 4224; x_wconf 90' lang='lat' dir='ltr'>qui</span> <span class='ocrx_word' id='word_1_457' title='bbox 1156 4154 1319 4209; x_wconf 91' lang='lat' dir='ltr'>dicor</span> <span class='ocrx_word' id='word_1_458' title='bbox 1339 4153 1532 4210; x_wconf 88' lang='lat' dir='ltr'>alatus</span> <span class='ocrx_word' id='word_1_459' title='bbox 1555 4155 1874 4218; x_wconf 88' lang='lat' dir='ltr'>draco,non</span> <span class='ocrx_word' id='word_1_460' title='bbox 1900 4155 2142 4211; x_wconf 88' lang='lat' dir='ltr'>commi-</span> 
     </span>
    </p>
   </div>
   <div class='ocr_carea' id='block_1_62' title="bbox 486 4241 2141 4314">
    <p class='ocr_par' dir='ltr' id='par_1_62' title="bbox 486 4241 2141 4314">
     <span class='ocr_line' id='line_1_63' title="bbox 486 4241 2141 4314; baseline 0.002 -19"><span class='ocrx_word' id='word_1_461' title='bbox 486 4245 616 4296; x_wconf 88' lang='lat' dir='ltr'>stus</span> <span class='ocrx_word' id='word_1_462' title='bbox 641 4241 842 4296; x_wconf 89' lang='lat' dir='ltr'>multis</span> <span class='ocrx_word' id='word_1_463' title='bbox 867 4241 1348 4310; x_wconf 89' lang='lat' dir='ltr'>mulieribus,sed</span> <span class='ocrx_word' id='word_1_464' title='bbox 1381 4243 1584 4313; x_wconf 86' lang='lat' dir='ltr'>paucis</span> <span class='ocrx_word' id='word_1_465' title='bbox 1619 4245 1674 4296; x_wconf 87' lang='lat' dir='ltr'>et</span> <span class='ocrx_word' id='word_1_466' title='bbox 1705 4243 2141 4314; x_wconf 74' lang='lat' dir='ltr'>formosis,qua2</span> 
     </span>
    </p>
   </div>
   <div class='ocr_carea' id='block_1_63' title="bbox 485 4328 2144 4402">
    <p class='ocr_par' dir='ltr' id='par_1_63' title="bbox 485 4328 2144 4402">
     <span class='ocr_line' id='line_1_64' title="bbox 485 4328 2144 4402; baseline 0.002 -20"><span class='ocrx_word' id='word_1_467' title='bbox 485 4328 700 4383; x_wconf 88' lang='lat' dir='ltr'>sideris</span> <span class='ocrx_word' id='word_1_468' title='bbox 729 4328 908 4399; x_wconf 83' lang='lat' dir='ltr'>hujus</span> <span class='ocrx_word' id='word_1_469' title='bbox 941 4345 1151 4383; x_wconf 91' lang='lat' dir='ltr'>nomen</span> <span class='ocrx_word' id='word_1_470' title='bbox 1187 4329 1404 4383; x_wconf 84' lang='lat' dir='ltr'>habent</span> <span class='ocrx_word' id='word_1_471' title='bbox 1433 4347 1445 4396; x_wconf 92' lang='lat'><strong>;</strong></span> <span class='ocrx_word' id='word_1_472' title='bbox 1481 4333 1537 4384; x_wconf 89' lang='lat' dir='ltr'>et</span> <span class='ocrx_word' id='word_1_473' title='bbox 1566 4329 1709 4384; x_wconf 90' lang='lat' dir='ltr'>abeo</span> <span class='ocrx_word' id='word_1_474' title='bbox 1743 4330 1812 4384; x_wconf 86' lang='lat' dir='ltr'>ad</span> <span class='ocrx_word' id='word_1_475' title='bbox 1845 4347 1942 4385; x_wconf 88' lang='lat' dir='ltr'>eas</span> <span class='ocrx_word' id='word_1_476' title='bbox 1975 4331 2144 4402; x_wconf 83' lang='lat' dir='ltr'>quasi</span> 
     </span>
    </p>
   </div>
   <div class='ocr_carea' id='block_1_64' title="bbox 486 4415 2144 4488">
    <p class='ocr_par' dir='ltr' id='par_1_64' title="bbox 486 4415 2144 4488">
     <span class='ocr_line' id='line_1_65' title="bbox 486 4415 2144 4488; baseline 0.002 -17"><span class='ocrx_word' id='word_1_477' title='bbox 486 4415 736 4486; x_wconf 88' lang='lat' dir='ltr'>spiritus</span> <span class='ocrx_word' id='word_1_478' title='bbox 795 4417 1078 4488; x_wconf 88' lang='lat' dir='ltr'>penniger</span> <span class='ocrx_word' id='word_1_479' title='bbox 1133 4415 1399 4472; x_wconf 87' lang='lat' dir='ltr'>alliciens</span> <span class='ocrx_word' id='word_1_480' title='bbox 1459 4433 1561 4488; x_wconf 89' lang='lat' dir='ltr'>per</span> <span class='ocrx_word' id='word_1_481' title='bbox 1624 4418 1884 4484; x_wconf 80' lang='lat' dir='ltr'>divitias,</span> <span class='ocrx_word' id='word_1_482' title='bbox 1927 4423 1982 4474; x_wconf 89' lang='lat' dir='ltr'>et</span> <span class='ocrx_word' id='word_1_483' title='bbox 2043 4419 2144 4474; x_wconf 89' lang='lat' dir='ltr'>illa</span> 
     </span>
    </p>
   </div>
   <div class='ocr_carea' id='block_1_65' title="bbox 487 4503 2143 4576">
    <p class='ocr_par' dir='ltr' id='par_1_65' title="bbox 487 4503 2143 4576">
     <span class='ocr_line' id='line_1_66' title="bbox 487 4503 2143 4576; baseline 0.004 -20"><span class='ocrx_word' id='word_1_484' title='bbox 487 4503 728 4573; x_wconf 89' lang='lat' dir='ltr'>quidem</span> <span class='ocrx_word' id='word_1_485' title='bbox 757 4520 935 4575; x_wconf 87' lang='lat' dir='ltr'>super</span> <span class='ocrx_word' id='word_1_486' title='bbox 965 4521 1142 4576; x_wconf 87' lang='lat' dir='ltr'>quam</span> <span class='ocrx_word' id='word_1_487' title='bbox 1177 4504 1343 4570; x_wconf 90' lang='lat' dir='ltr'>irrui,</span> <span class='ocrx_word' id='word_1_488' title='bbox 1365 4506 1593 4560; x_wconf 85' lang='lat' dir='ltr'>fruetus</span> <span class='ocrx_word' id='word_1_489' title='bbox 1625 4505 1725 4576; x_wconf 92' lang='lat' dir='ltr'>qui</span> <span class='ocrx_word' id='word_1_490' title='bbox 1758 4510 1932 4561; x_wconf 90' lang='lat' dir='ltr'>natus</span> <span class='ocrx_word' id='word_1_491' title='bbox 1963 4511 2051 4562; x_wconf 87' lang='lat' dir='ltr'>est</span> <span class='ocrx_word' id='word_1_492' title='bbox 2074 4523 2143 4562; x_wconf 84' lang='lat' dir='ltr'>ex</span> 
     </span>
    </p>
   </div>
   <div class='ocr_carea' id='block_1_66' title="bbox 483 4590 2136 4666">
    <p class='ocr_par' dir='ltr' id='par_1_66' title="bbox 483 4590 2136 4666">
     <span class='ocr_line' id='line_1_67' title="bbox 483 4590 2136 4666; baseline 0.004 -22"><span class='ocrx_word' id='word_1_493' title='bbox 483 4605 572 4656; x_wconf 88' lang='lat' dir='ltr'>ea,</span> <span class='ocrx_word' id='word_1_494' title='bbox 606 4590 830 4662; x_wconf 88' lang='lat' dir='ltr'>Cupido</span> <span class='ocrx_word' id='word_1_495' title='bbox 863 4591 928 4646; x_wconf 85' lang='lat' dir='ltr'>ﬁt</span> <span class='ocrx_word' id='word_1_496' title='bbox 954 4609 967 4659; x_wconf 90' lang='lat'><strong>;</strong></span> <span class='ocrx_word' id='word_1_497' title='bbox 994 4608 1127 4648; x_wconf 89' lang='lat' dir='ltr'>cum</span> <span class='ocrx_word' id='word_1_498' title='bbox 1158 4595 1352 4648; x_wconf 86' lang='lat' dir='ltr'>autem</span> <span class='ocrx_word' id='word_1_499' title='bbox 1386 4609 1420 4648; x_wconf 90' lang='lat' dir='ltr'>a</span> <span class='ocrx_word' id='word_1_500' title='bbox 1449 4593 1589 4648; x_wconf 85' lang='lat' dir='ltr'>viris</span> <span class='ocrx_word' id='word_1_501' title='bbox 1622 4595 1842 4664; x_wconf 85' lang='lat' dir='ltr'>portari</span> <span class='ocrx_word' id='word_1_502' title='bbox 1865 4599 2136 4666; x_wconf 87' lang='lat' dir='ltr'>nequeat,</span> 
     </span>
    </p>
   </div>
   <div class='ocr_carea' id='block_1_67' title="bbox 2260 1991 3928 2072">
    <p class='ocr_par' dir='ltr' id='par_1_67' title="bbox 2260 1991 3928 2072">
     <span class='ocr_line' id='line_1_68' title="bbox 2260 1991 3928 2072; baseline -0.004 -22"><span class='ocrx_word' id='word_1_503' title='bbox 2260 2017 2352 2058; x_wconf 86' lang='grc' dir='ltr'>σας</span> <span class='ocrx_word' id='word_1_504' title='bbox 2405 1995 2508 2072; x_wconf 75' lang='grc' dir='ltr'>ἐγὼ</span> <span class='ocrx_word' id='word_1_505' title='bbox 2562 1993 2856 2068; x_wconf 83' lang='grc' dir='ltr'>Σολομῶν,</span> <span class='ocrx_word' id='word_1_506' title='bbox 2905 1995 3181 2069; x_wconf 74' lang='grc' dir='ltr'>ἐθαύμασα</span> <span class='ocrx_word' id='word_1_507' title='bbox 3228 1995 3290 2050; x_wconf 83' lang='grc' dir='ltr'>τὸ</span> <span class='ocrx_word' id='word_1_508' title='bbox 3335 1992 3474 2055; x_wconf 65' lang='grc' dir='ltr'>εἶδος</span> <span class='ocrx_word' id='word_1_509' title='bbox 3521 1993 3712 2060; x_wconf 68' lang='grc' dir='ltr'>αὐτοῦ,</span> <span class='ocrx_word' id='word_1_510' title='bbox 3757 1991 3928 2055; x_wconf 69' lang='grc' dir='ltr'>ἐθεώ-</span> 
     </span>
    </p>
   </div>
   <div class='ocr_carea' id='block_1_68' title="bbox 2261 2080 3926 2160">
    <p class='ocr_par' dir='ltr' id='par_1_68' title="bbox 2261 2080 3926 2160">
     <span class='ocr_line' id='line_1_69' title="bbox 2261 2080 3926 2160; baseline -0.002 -22"><span class='ocrx_word' id='word_1_511' title='bbox 2261 2105 2387 2160; x_wconf 79' lang='grc' dir='ltr'>ρουν</span> <span class='ocrx_word' id='word_1_512' title='bbox 2421 2085 2556 2140; x_wconf 81' lang='grc' dir='ltr'>ἅπαν</span> <span class='ocrx_word' id='word_1_513' title='bbox 2587 2087 2649 2139; x_wconf 85' lang='grc' dir='ltr'>τὸ</span> <span class='ocrx_word' id='word_1_514' title='bbox 2699 2089 2858 2158; x_wconf 84' lang='grc' dir='ltr'>σῶμα</span> <span class='ocrx_word' id='word_1_515' title='bbox 2913 2085 3078 2154; x_wconf 74' lang='grc' dir='ltr'>αὐτῆς</span> <span class='ocrx_word' id='word_1_516' title='bbox 3129 2083 3316 2138; x_wconf 79' lang='grc' dir='ltr'>σκοτία</span> <span class='ocrx_word' id='word_1_517' title='bbox 3350 2102 3364 2117; x_wconf 86' lang='lat'><strong><em>°</em></strong></span> <span class='ocrx_word' id='word_1_518' title='bbox 3497 2081 3554 2138; x_wconf 67' lang='grc' dir='ltr'>δὲ</span> <span class='ocrx_word' id='word_1_519' title='bbox 3587 2080 3714 2156; x_wconf 63' lang='grc' dir='ltr'>ὄψις</span> <span class='ocrx_word' id='word_1_520' title='bbox 3749 2081 3926 2150; x_wconf 68' lang='grc' dir='ltr'>αὐτῆς</span> 
     </span>
    </p>
   </div>
   <div class='ocr_carea' id='block_1_69' title="bbox 2259 2171 3924 2251">
    <p class='ocr_par' dir='ltr' id='par_1_69' title="bbox 2259 2171 3924 2251">
     <span class='ocr_line' id='line_1_70' title="bbox 2259 2171 3924 2251; baseline -0.001 -23"><span class='ocrx_word' id='word_1_521' title='bbox 2259 2171 2366 2245; x_wconf 70' lang='grc' dir='ltr'>ὅλη</span> <span class='ocrx_word' id='word_1_522' title='bbox 2402 2173 2632 2248; x_wconf 84' lang='grc' dir='ltr'>λαμπρά</span> <span class='ocrx_word' id='word_1_523' title='bbox 2678 2172 3020 2251; x_wconf 81' lang='grc' dir='ltr'>διάχλωρος,</span> <span class='ocrx_word' id='word_1_524' title='bbox 3069 2173 3160 2228; x_wconf 78' lang='grc' dir='ltr'>καὶ</span> <span class='ocrx_word' id='word_1_525' title='bbox 3208 2173 3265 2228; x_wconf 68' lang='grc' dir='ltr'>αἶ</span> <span class='ocrx_word' id='word_1_526' title='bbox 3289 2173 3476 2250; x_wconf 71' lang='grc' dir='ltr'>τρίχες</span> <span class='ocrx_word' id='word_1_527' title='bbox 3508 2173 3677 2241; x_wconf 78' lang='grc' dir='ltr'>αὐτῆς</span> <span class='ocrx_word' id='word_1_528' title='bbox 3709 2173 3924 2246; x_wconf 68' lang='grc' dir='ltr'>ἦγριω-</span> 
     </span>
    </p>
   </div>
   <div class='ocr_carea' id='block_1_70' title="bbox 2264 2261 3926 2338">
    <p class='ocr_par' dir='ltr' id='par_1_70' title="bbox 2264 2261 3926 2338">
     <span class='ocr_line' id='line_1_71' title="bbox 2264 2261 3926 2338; baseline -0.002 -20"><span class='ocrx_word' id='word_1_529' title='bbox 2264 2265 2416 2336; x_wconf 73' lang='grc' dir='ltr'>μὲναι</span> <span class='ocrx_word' id='word_1_530' title='bbox 2452 2264 2523 2325; x_wconf 84' lang='grc' dir='ltr'>ὡς</span> <span class='ocrx_word' id='word_1_531' title='bbox 2569 2262 2861 2338; x_wconf 78' lang='grc' dir='ltr'>δράκοντος</span> <span class='ocrx_word' id='word_1_532' title='bbox 2897 2283 2908 2296; x_wconf 90' lang='grc'><strong>·</strong></span> <span class='ocrx_word' id='word_1_533' title='bbox 2954 2263 3044 2318; x_wconf 84' lang='grc' dir='ltr'>καὶ</span> <span class='ocrx_word' id='word_1_534' title='bbox 3091 2265 3158 2318; x_wconf 72' lang='grc' dir='ltr'>τὰ</span> <span class='ocrx_word' id='word_1_535' title='bbox 3206 2263 3491 2336; x_wconf 76' lang='grc' dir='ltr'>σύμπαντα</span> <span class='ocrx_word' id='word_1_536' title='bbox 3533 2261 3678 2335; x_wconf 72' lang='grc' dir='ltr'>μέλη</span> <span class='ocrx_word' id='word_1_537' title='bbox 3725 2261 3926 2330; x_wconf 69' lang='grc' dir='ltr'>αὐτῆς,</span> 
     </span>
    </p>
   </div>
   <div class='ocr_carea' id='block_1_71' title="bbox 2260 2348 3924 2430">
    <p class='ocr_par' dir='ltr' id='par_1_71' title="bbox 2260 2348 3924 2430">
     <span class='ocr_line' id='line_1_72' title="bbox 2260 2348 3924 2430; baseline -0.002 -22"><span class='ocrx_word' id='word_1_538' title='bbox 2260 2353 2482 2427; x_wconf 78' lang='grc' dir='ltr'>ἀόρατα.</span> <span class='ocrx_word' id='word_1_539' title='bbox 2544 2353 2644 2409; x_wconf 81' lang='grc' dir='ltr'>Καὶ</span> <span class='ocrx_word' id='word_1_540' title='bbox 2725 2355 2760 2423; x_wconf 79' lang='grc' dir='ltr'>ἡ</span> <span class='ocrx_word' id='word_1_541' title='bbox 2839 2354 2994 2430; x_wconf 75' lang='grc' dir='ltr'>φωνή</span> <span class='ocrx_word' id='word_1_542' title='bbox 3082 2351 3247 2422; x_wconf 72' lang='grc' dir='ltr'>αὐτῆς</span> <span class='ocrx_word' id='word_1_543' title='bbox 3333 2349 3648 2422; x_wconf 76' lang='grc' dir='ltr'>κατάδηλος</span> <span class='ocrx_word' id='word_1_544' title='bbox 3707 2348 3924 2424; x_wconf 76' lang='grc' dir='ltr'>ἤρχετο</span> 
     </span>
    </p>
   </div>
   <div class='ocr_carea' id='block_1_72' title="bbox 2259 2438 3928 2518">
    <p class='ocr_par' dir='ltr' id='par_1_72' title="bbox 2259 2438 3928 2518">
     <span class='ocr_line' id='line_1_73' title="bbox 2259 2438 3928 2518; baseline -0.002 -23"><span class='ocrx_word' id='word_1_545' title='bbox 2259 2442 2395 2517; x_wconf 87' lang='grc' dir='ltr'>πρὸς</span> <span class='ocrx_word' id='word_1_546' title='bbox 2468 2442 2554 2514; x_wconf 69' lang='grc' dir='ltr'>μά.</span> <span class='ocrx_word' id='word_1_547' title='bbox 2608 2442 2774 2516; x_wconf 80' lang='grc' dir='ltr'>Κάγὼ</span> <span class='ocrx_word' id='word_1_548' title='bbox 2819 2442 3323 2518; x_wconf 70' lang='grc' dir='ltr'>κατασοφισάμενος</span> <span class='ocrx_word' id='word_1_549' title='bbox 3372 2443 3548 2511; x_wconf 79' lang='grc' dir='ltr'>εἷπον,</span> <span class='ocrx_word' id='word_1_550' title='bbox 3603 2438 3746 2512; x_wconf 76' lang='grc' dir='ltr'>Λέγε</span> <span class='ocrx_word' id='word_1_551' title='bbox 3807 2460 3928 2511; x_wconf 74' lang='grc' dir='ltr'>μοι,</span> 
     </span>
    </p>
   </div>
   <div class='ocr_carea' id='block_1_73' title="bbox 2259 2534 3932 2614">
    <p class='ocr_par' dir='ltr' id='par_1_73' title="bbox 2259 2534 3932 2614">
     <span class='ocr_line' id='line_1_74' title="bbox 2259 2534 3932 2614; baseline -0.002 -20"><span class='ocrx_word' id='word_1_552' title='bbox 2259 2544 2472 2612; x_wconf 73' lang='grc' dir='ltr'>πνεῦμα</span> <span class='ocrx_word' id='word_1_553' title='bbox 2521 2539 2784 2614; x_wconf 76' lang='grc' dir='ltr'>πονηρὸν,</span> <span class='ocrx_word' id='word_1_554' title='bbox 2839 2539 2984 2611; x_wconf 80' lang='grc' dir='ltr'>ποίῳ</span> <span class='ocrx_word' id='word_1_555' title='bbox 3031 2537 3256 2614; x_wconf 82' lang='grc' dir='ltr'>ἀγγὲλῳ</span> <span class='ocrx_word' id='word_1_556' title='bbox 3305 2541 3546 2610; x_wconf 81' lang='grc' dir='ltr'>καταργῇ</span> <span class='ocrx_word' id='word_1_557' title='bbox 3595 2535 3706 2594; x_wconf 70' lang='grc' dir='ltr'>σῦε</span> <span class='ocrx_word' id='word_1_558' title='bbox 3763 2538 3832 2593; x_wconf 82' lang='grc' dir='ltr'><strong><em>Ἠ</em></strong></span> <span class='ocrx_word' id='word_1_559' title='bbox 3875 2534 3932 2590; x_wconf 75' lang='grc' dir='ltr'>εΞέ</span> 
     </span>
    </p>
   </div>
   <div class='ocr_carea' id='block_1_74' title="bbox 2263 2623 3924 2704">
    <p class='ocr_par' dir='ltr' id='par_1_74' title="bbox 2263 2623 3924 2704">
     <span class='ocr_line' id='line_1_75' title="bbox 2263 2623 3924 2704; baseline -0.002 -23"><span class='ocrx_word' id='word_1_560' title='bbox 2263 2649 2356 2700; x_wconf 90' lang='grc' dir='ltr'>μοι</span> <span class='ocrx_word' id='word_1_561' title='bbox 2434 2624 2534 2702; x_wconf 74' lang='grc' dir='ltr'>ἔφη</span> <span class='ocrx_word' id='word_1_562' title='bbox 2575 2648 2585 2659; x_wconf 95' lang='grc'><strong>·</strong></span> <span class='ocrx_word' id='word_1_563' title='bbox 2665 2631 2750 2700; x_wconf 80' lang='grc' dir='ltr'>Τῷ</span> <span class='ocrx_word' id='word_1_564' title='bbox 2819 2626 3036 2704; x_wconf 74' lang='grc' dir='ltr'>ἀγγέλῳ</span> <span class='ocrx_word' id='word_1_565' title='bbox 3109 2631 3205 2681; x_wconf 75' lang='grc' dir='ltr'>τοῦ</span> <span class='ocrx_word' id='word_1_566' title='bbox 3263 2631 3396 2682; x_wconf 74' lang='grc' dir='ltr'>Θεοῦ</span> <span class='ocrx_word' id='word_1_567' title='bbox 3453 2630 3529 2698; x_wconf 82' lang='grc' dir='ltr'>τῷ</span> <span class='ocrx_word' id='word_1_568' title='bbox 3585 2623 3924 2698; x_wconf 69' lang='grc' dir='ltr'>καλουμένῳ</span> 
     </span>
    </p>
   </div>
   <div class='ocr_carea' id='block_1_75' title="bbox 2260 2714 3926 2795">
    <p class='ocr_par' dir='ltr' id='par_1_75' title="bbox 2260 2714 3926 2795">
     <span class='ocr_line' id='line_1_76' title="bbox 2260 2714 3926 2795; baseline -0.002 -23"><span class='ocrx_word' id='word_1_569' title='bbox 2260 2718 2540 2794; x_wconf 73' lang='grc' dir='ltr'>Ἀφαρὼφ,</span> <span class='ocrx_word' id='word_1_570' title='bbox 2591 2717 2619 2770; x_wconf 83' lang='grc' dir='ltr'><strong>’ὀ</strong></span> <span class='ocrx_word' id='word_1_571' title='bbox 2671 2717 3025 2792; x_wconf 74' lang='grc' dir='ltr'>ἑρμηνεύεται</span> <span class='ocrx_word' id='word_1_572' title='bbox 3073 2715 3338 2795; x_wconf 74' lang='grc' dir='ltr'>Ῥαφαήλ,</span> <span class='ocrx_word' id='word_1_573' title='bbox 3398 2715 3443 2787; x_wconf 81' lang='grc' dir='ltr'>ᾧ</span> <span class='ocrx_word' id='word_1_574' title='bbox 3492 2714 3582 2769; x_wconf 82' lang='grc' dir='ltr'>καὶ</span> <span class='ocrx_word' id='word_1_575' title='bbox 3633 2719 3732 2768; x_wconf 72' lang='grc' dir='ltr'>νῦν</span> <span class='ocrx_word' id='word_1_576' title='bbox 3793 2736 3926 2770; x_wconf 69' lang='grc' dir='ltr'>κατ·</span> 
     </span>
    </p>
   </div>
   <div class='ocr_carea' id='block_1_76' title="bbox 2259 2799 3924 2881">
    <p class='ocr_par' dir='ltr' id='par_1_76' title="bbox 2259 2799 3924 2881">
     <span class='ocr_line' id='line_1_77' title="bbox 2259 2799 3924 2881; baseline -0.002 -21"><span class='ocrx_word' id='word_1_577' title='bbox 2259 2810 2532 2881; x_wconf 77' lang='grc' dir='ltr'>αργοῦμαι</span> <span class='ocrx_word' id='word_1_578' title='bbox 2603 2805 2678 2868; x_wconf 64' lang='grc' dir='ltr'>εἷς</span> <span class='ocrx_word' id='word_1_579' title='bbox 2733 2807 2824 2860; x_wconf 82' lang='grc' dir='ltr'>τὸν</span> <span class='ocrx_word' id='word_1_580' title='bbox 2887 2804 3022 2860; x_wconf 73' lang='grc' dir='ltr'>ἅπαν</span> <span class='ocrx_word' id='word_1_581' title='bbox 3076 2806 3299 2881; x_wconf 79' lang='grc' dir='ltr'>χρόνον·</span> <span class='ocrx_word' id='word_1_582' title='bbox 3361 2803 3437 2861; x_wconf 77' lang='grc' dir='ltr'>Οὗ</span> <span class='ocrx_word' id='word_1_583' title='bbox 3501 2804 3564 2858; x_wconf 85' lang='grc' dir='ltr'>τὸ</span> <span class='ocrx_word' id='word_1_584' title='bbox 3611 2799 3792 2877; x_wconf 72' lang='grc' dir='ltr'>ὄνομα</span> <span class='ocrx_word' id='word_1_585' title='bbox 3839 2804 3924 2858; x_wconf 67' lang='grc' dir='ltr'>ξίν</span> 
     </span>
    </p>
   </div>
   <div class='ocr_carea' id='block_1_77' title="bbox 2256 2893 3924 2972">
    <p class='ocr_par' dir='ltr' id='par_1_77' title="bbox 2256 2893 3924 2972">
     <span class='ocr_line' id='line_1_78' title="bbox 2256 2893 3924 2972; baseline -0.002 -22"><span class='ocrx_word' id='word_1_586' title='bbox 2256 2917 2340 2958; x_wconf 85' lang='grc' dir='ltr'>τις</span> <span class='ocrx_word' id='word_1_587' title='bbox 2399 2900 2507 2950; x_wconf 82' lang='grc' dir='ltr'>τῶν</span> <span class='ocrx_word' id='word_1_588' title='bbox 2567 2896 2868 2972; x_wconf 81' lang='grc' dir='ltr'>ἀνθρώπων</span> <span class='ocrx_word' id='word_1_589' title='bbox 2917 2894 3197 2951; x_wconf 77' lang='grc' dir='ltr'>ἐπίσταται</span> <span class='ocrx_word' id='word_1_590' title='bbox 3249 2895 3338 2950; x_wconf 84' lang='grc' dir='ltr'>καὶ</span> <span class='ocrx_word' id='word_1_591' title='bbox 3387 2893 3475 2949; x_wconf 70' lang='grc' dir='ltr'>ἐπὶ</span> <span class='ocrx_word' id='word_1_592' title='bbox 3521 2895 3772 2968; x_wconf 68' lang='grc' dir='ltr'>γεννώσῃ</span> <span class='ocrx_word' id='word_1_593' title='bbox 3837 2899 3924 2966; x_wconf 61' lang='grc' dir='ltr'>ζει)</span> 
     </span>
    </p>
   </div>
   <div class='ocr_carea' id='block_1_78' title="bbox 2257 2980 3922 3060">
    <p class='ocr_par' dir='ltr' id='par_1_78' title="bbox 2257 2980 3922 3060">
     <span class='ocr_line' id='line_1_79' title="bbox 2257 2980 3922 3060; baseline -0.001 -22"><span class='ocrx_word' id='word_1_594' title='bbox 2257 2985 2470 3060; x_wconf 83' lang='grc' dir='ltr'>γυναικὶ</span> <span class='ocrx_word' id='word_1_595' title='bbox 2519 2985 2722 3059; x_wconf 77' lang='grc' dir='ltr'>γράψῃ,</span> <span class='ocrx_word' id='word_1_596' title='bbox 2781 2985 2905 3040; x_wconf 87' lang='grc' dir='ltr'>τότε</span> <span class='ocrx_word' id='word_1_597' title='bbox 2961 2983 3022 3039; x_wconf 78' lang='grc' dir='ltr'>ού</span> <span class='ocrx_word' id='word_1_598' title='bbox 3081 2981 3384 3057; x_wconf 68' lang='grc' dir='ltr'>δυνήσομαι</span> <span class='ocrx_word' id='word_1_599' title='bbox 3440 2981 3735 3052; x_wconf 67' lang='grc' dir='ltr'>εἴσελθεῖν,</span> <span class='ocrx_word' id='word_1_600' title='bbox 3781 2980 3846 3037; x_wconf 67' lang='grc' dir='ltr'>οὗ</span> <span class='ocrx_word' id='word_1_601' title='bbox 3897 2985 3922 3036; x_wconf 79' lang='grc' dir='ltr'>ὁ</span> 
     </span>
    </p>
   </div>
   <div class='ocr_carea' id='block_1_79' title="bbox 2259 3072 3918 3150">
    <p class='ocr_par' dir='ltr' id='par_1_79' title="bbox 2259 3072 3918 3150">
     <span class='ocr_line' id='line_1_80' title="bbox 2259 3072 3918 3150; baseline -0.002 -22"><span class='ocrx_word' id='word_1_602' title='bbox 2259 3077 2439 3150; x_wconf 78' lang='grc' dir='ltr'>ψῆφος</span> <span class='ocrx_word' id='word_1_603' title='bbox 2499 3075 2620 3148; x_wconf 85' lang='grc' dir='ltr'>χμ’.</span> <span class='ocrx_word' id='word_1_604' title='bbox 2681 3075 2845 3149; x_wconf 85' lang='grc' dir='ltr'>Κάγὼ</span> <span class='ocrx_word' id='word_1_605' title='bbox 2921 3072 3217 3146; x_wconf 84' lang='grc' dir='ltr'>Σολομῶν,</span> <span class='ocrx_word' id='word_1_606' title='bbox 3294 3072 3527 3134; x_wconf 81' lang='grc' dir='ltr'>ἀκούσας</span> <span class='ocrx_word' id='word_1_607' title='bbox 3593 3076 3775 3127; x_wconf 68' lang='grc' dir='ltr'>ταῦτα</span> <span class='ocrx_word' id='word_1_608' title='bbox 3833 3073 3918 3126; x_wconf 68' lang='grc' dir='ltr'>καῖ</span> 
     </span>
    </p>
   </div>
   <div class='ocr_carea' id='block_1_80' title="bbox 2259 3157 3924 3238">
    <p class='ocr_par' dir='ltr' id='par_1_80' title="bbox 2259 3157 3924 3238">
     <span class='ocr_line' id='line_1_81' title="bbox 2259 3157 3924 3238; baseline -0.001 -22"><span class='ocrx_word' id='word_1_609' title='bbox 2259 3159 2483 3232; x_wconf 64' lang='lat' dir='ltr'>Bagam;</span> <span class='ocrx_word' id='word_1_610' title='bbox 2541 3162 2631 3216; x_wconf 78' lang='grc' dir='ltr'>τὸν</span> <span class='ocrx_word' id='word_1_611' title='bbox 2695 3163 2918 3238; x_wconf 87' lang='grc' dir='ltr'>Κύριον,</span> <span class='ocrx_word' id='word_1_612' title='bbox 2969 3161 3272 3238; x_wconf 77' lang='grc' dir='ltr'>προσέταξα</span> <span class='ocrx_word' id='word_1_613' title='bbox 3327 3157 3690 3233; x_wconf 74' lang='grc' dir='ltr'>δεσμιυθῆναι</span> <span class='ocrx_word' id='word_1_614' title='bbox 3755 3160 3924 3224; x_wconf 67' lang='grc' dir='ltr'>αὐτῆς</span> 
     </span>
    </p>
   </div>
   <div class='ocr_carea' id='block_1_81' title="bbox 2258 3243 3920 3326">
    <p class='ocr_par' dir='ltr' id='par_1_81' title="bbox 2258 3243 3920 3326">
     <span class='ocr_line' id='line_1_82' title="bbox 2258 3243 3920 3326; baseline -0.001 -23"><span class='ocrx_word' id='word_1_615' title='bbox 2258 3251 2352 3312; x_wconf 74' lang='grc' dir='ltr'>τὰς</span> <span class='ocrx_word' id='word_1_616' title='bbox 2393 3251 2613 3326; x_wconf 76' lang='grc' dir='ltr'>τρίχας,</span> <span class='ocrx_word' id='word_1_617' title='bbox 2671 3250 2762 3305; x_wconf 77' lang='grc' dir='ltr'>καὶ</span> <span class='ocrx_word' id='word_1_618' title='bbox 2832 3248 3205 3326; x_wconf 77' lang='grc' dir='ltr'>λρεμασθῆναι</span> <span class='ocrx_word' id='word_1_619' title='bbox 3264 3243 3565 3326; x_wconf 72' lang='grc' dir='ltr'>ἔμπροσθεν</span> <span class='ocrx_word' id='word_1_620' title='bbox 3625 3254 3732 3303; x_wconf 77' lang='grc' dir='ltr'>τοῦ</span> <span class='ocrx_word' id='word_1_621' title='bbox 3791 3254 3920 3302; x_wconf 75' lang='grc' dir='ltr'>νσοῦ</span> 
     </span>
    </p>
   </div>
   <div class='ocr_carea' id='block_1_82' title="bbox 2259 3337 3920 3415">
    <p class='ocr_par' dir='ltr' id='par_1_82' title="bbox 2259 3337 3920 3415">
     <span class='ocr_line' id='line_1_83' title="bbox 2259 3337 3920 3415; baseline -0.002 -22"><span class='ocrx_word' id='word_1_622' title='bbox 2259 3344 2354 3394; x_wconf 71' lang='grc' dir='ltr'>τοῦ</span> <span class='ocrx_word' id='word_1_623' title='bbox 2409 3344 2543 3394; x_wconf 75' lang='grc' dir='ltr'>Θεοῦ</span> <span class='ocrx_word' id='word_1_624' title='bbox 2578 3360 2588 3371; x_wconf 95' lang='grc'><strong>·</strong></span> <span class='ocrx_word' id='word_1_625' title='bbox 2619 3337 2713 3394; x_wconf 74' lang='grc' dir='ltr'>’ἱνα</span> <span class='ocrx_word' id='word_1_626' title='bbox 2771 3341 2966 3403; x_wconf 79' lang='grc' dir='ltr'>πάντες</span> <span class='ocrx_word' id='word_1_627' title='bbox 3013 3340 3064 3394; x_wconf 79' lang='grc' dir='ltr'>οἱ</span> <span class='ocrx_word' id='word_1_628' title='bbox 3115 3339 3226 3396; x_wconf 71' lang='grc' dir='ltr'>υἱοὶ</span> <span class='ocrx_word' id='word_1_629' title='bbox 3285 3337 3506 3415; x_wconf 77' lang='grc' dir='ltr'>Ἰσραὴλ</span> <span class='ocrx_word' id='word_1_630' title='bbox 3557 3337 3920 3414; x_wconf 70' lang='grc' dir='ltr'>διερχόμενοι</span> 
     </span>
    </p>
   </div>
   <div class='ocr_carea' id='block_1_83' title="bbox 2259 3427 3924 3504">
    <p class='ocr_par' dir='ltr' id='par_1_83' title="bbox 2259 3427 3924 3504">
     <span class='ocr_line' id='line_1_84' title="bbox 2259 3427 3924 3504; baseline -0.002 -21"><span class='ocrx_word' id='word_1_631' title='bbox 2259 3429 2347 3483; x_wconf 86' lang='grc' dir='ltr'>καὶ</span> <span class='ocrx_word' id='word_1_632' title='bbox 2409 3428 2703 3503; x_wconf 74' lang='grc' dir='ltr'>βλέποντες</span> <span class='ocrx_word' id='word_1_633' title='bbox 2763 3427 3044 3500; x_wconf 75' lang='grc' dir='ltr'>δοξάζουσι</span> <span class='ocrx_word' id='word_1_634' title='bbox 3099 3429 3292 3504; x_wconf 79' lang='grc' dir='ltr'>Κύριον</span> <span class='ocrx_word' id='word_1_635' title='bbox 3349 3431 3441 3482; x_wconf 90' lang='grc' dir='ltr'>τὸν</span> <span class='ocrx_word' id='word_1_636' title='bbox 3489 3427 3620 3482; x_wconf 84' lang='grc' dir='ltr'>Θεὸν</span> <span class='ocrx_word' id='word_1_637' title='bbox 3665 3427 3924 3504; x_wconf 68' lang='grc' dir='ltr'>Ἰσραῆλ,</span> 
     </span>
    </p>
   </div>
   <div class='ocr_carea' id='block_1_84' title="bbox 2257 3525 3920 3604">
    <p class='ocr_par' dir='ltr' id='par_1_84' title="bbox 2257 3525 3920 3604">
     <span class='ocr_line' id='line_1_85' title="bbox 2257 3525 3920 3604; baseline -0.002 -22"><span class='ocrx_word' id='word_1_638' title='bbox 2257 3529 2348 3582; x_wconf 87' lang='grc' dir='ltr'>τὸν</span> <span class='ocrx_word' id='word_1_639' title='bbox 2393 3525 2556 3583; x_wconf 85' lang='grc' dir='ltr'>δόντα</span> <span class='ocrx_word' id='word_1_640' title='bbox 2607 3550 2699 3602; x_wconf 91' lang='grc' dir='ltr'>μοι</span> <span class='ocrx_word' id='word_1_641' title='bbox 2747 3530 2846 3596; x_wconf 78' lang='grc' dir='ltr'>τὴν</span> <span class='ocrx_word' id='word_1_642' title='bbox 2919 3526 3158 3598; x_wconf 74' lang='grc' dir='ltr'>ἐξουσίαν</span> <span class='ocrx_word' id='word_1_643' title='bbox 3207 3527 3406 3597; x_wconf 78' lang='grc' dir='ltr'>ταύτην</span> <span class='ocrx_word' id='word_1_644' title='bbox 3457 3527 3546 3582; x_wconf 84' lang='grc' dir='ltr'>καὶ</span> <span class='ocrx_word' id='word_1_645' title='bbox 3598 3528 3804 3604; x_wconf 42' lang='lat' dir='ltr'>capias</span> <span class='ocrx_word' id='word_1_646' title='bbox 3839 3529 3920 3582; x_wconf 74' lang='grc' dir='ltr'>καὲ</span> 
     </span>
    </p>
   </div>
   <div class='ocr_carea' id='block_1_85' title="bbox 2260 3613 3918 3695">
    <p class='ocr_par' dir='ltr' id='par_1_85' title="bbox 2260 3613 3918 3695">
     <span class='ocr_line' id='line_1_86' title="bbox 2260 3613 3918 3695; baseline -0.001 -24"><span class='ocrx_word' id='word_1_647' title='bbox 2260 3615 2489 3690; x_wconf 78' lang='grc' dir='ltr'>δύναμιν</span> <span class='ocrx_word' id='word_1_648' title='bbox 2529 3619 2676 3690; x_wconf 77' lang='grc' dir='ltr'>παρὰ</span> <span class='ocrx_word' id='word_1_649' title='bbox 2705 3621 2838 3673; x_wconf 73' lang='grc' dir='ltr'>Θεοῦ</span> <span class='ocrx_word' id='word_1_650' title='bbox 2889 3614 2978 3672; x_wconf 78' lang='grc' dir='ltr'>διὰ</span> <span class='ocrx_word' id='word_1_651' title='bbox 3035 3624 3134 3687; x_wconf 80' lang='grc' dir='ltr'>τῆς</span> <span class='ocrx_word' id='word_1_652' title='bbox 3183 3613 3480 3695; x_wconf 59' lang='grc' dir='ltr'>σφραγῖδος</span> <span class='ocrx_word' id='word_1_653' title='bbox 3527 3615 3743 3685; x_wconf 67' lang='grc' dir='ltr'>ταύτης</span> <span class='ocrx_word' id='word_1_654' title='bbox 3781 3636 3795 3647; x_wconf 64' lang='grc' dir='ltr'><strong>ε</strong></span> <span class='ocrx_word' id='word_1_655' title='bbox 3837 3617 3918 3670; x_wconf 72' lang='grc' dir='ltr'><strong>καῖ</strong></span> 
     </span>
    </p>
   </div>
   <div class='ocr_carea' id='block_1_86' title="bbox 2257 3701 3918 3780">
    <p class='ocr_par' dir='ltr' id='par_1_86' title="bbox 2257 3701 3918 3780">
     <span class='ocr_line' id='line_1_87' title="bbox 2257 3701 3918 3780; baseline -0.002 -20"><span class='ocrx_word' id='word_1_656' title='bbox 2257 3705 2421 3760; x_wconf 70' lang='grc' dir='ltr'>πάλιν</span> <span class='ocrx_word' id='word_1_657' title='bbox 2485 3705 2742 3761; x_wconf 74' lang='grc' dir='ltr'>ἐκέλευσα</span> <span class='ocrx_word' id='word_1_658' title='bbox 2805 3706 3056 3780; x_wconf 80' lang='grc' dir='ltr'>παρεῖναί</span> <span class='ocrx_word' id='word_1_659' title='bbox 3111 3726 3208 3778; x_wconf 88' lang='grc' dir='ltr'>μοι</span> <span class='ocrx_word' id='word_1_660' title='bbox 3257 3702 3437 3778; x_wconf 78' lang='grc' dir='ltr'>ἕτερον</span> <span class='ocrx_word' id='word_1_661' title='bbox 3489 3701 3757 3777; x_wconf 74' lang='grc' dir='ltr'>δαίμονα.</span> <span class='ocrx_word' id='word_1_662' title='bbox 3827 3707 3918 3761; x_wconf 74' lang='grc' dir='ltr'>Κιξ</span> 
     </span>
    </p>
   </div>
   <div class='ocr_carea' id='block_1_87' title="bbox 2255 3791 3920 3871">
    <p class='ocr_par' dir='ltr' id='par_1_87' title="bbox 2255 3791 3920 3871">
     <span class='ocr_line' id='line_1_88' title="bbox 2255 3791 3920 3871; baseline 0.001 -23"><span class='ocrx_word' id='word_1_663' title='bbox 2255 3793 2395 3863; x_wconf 74' lang='grc' dir='ltr'>ἦλθε</span> <span class='ocrx_word' id='word_1_664' title='bbox 2460 3796 2565 3868; x_wconf 86' lang='grc' dir='ltr'>πρὸ</span> <span class='ocrx_word' id='word_1_665' title='bbox 2635 3791 2932 3871; x_wconf 76' lang='grc' dir='ltr'>πρόσωπου</span> <span class='ocrx_word' id='word_1_666' title='bbox 2997 3792 3414 3868; x_wconf 76' lang='grc' dir='ltr'>δρακοντοιιδὴς</span> <span class='ocrx_word' id='word_1_667' title='bbox 3477 3791 3920 3868; x_wconf 75' lang='grc' dir='ltr'>ἀνακυλινούμεο</span> 
     </span>
    </p>
   </div>
   <div class='ocr_carea' id='block_1_88' title="bbox 2255 3876 3918 3959">
    <p class='ocr_par' dir='ltr' id='par_1_88' title="bbox 2255 3876 3918 3959">
     <span class='ocr_line' id='line_1_89' title="bbox 2255 3876 3918 3959; baseline -0.001 -22"><span class='ocrx_word' id='word_1_668' title='bbox 2255 3905 2371 3955; x_wconf 90' lang='grc' dir='ltr'>νος,</span> <span class='ocrx_word' id='word_1_669' title='bbox 2402 3885 2464 3938; x_wconf 88' lang='grc' dir='ltr'>τὸ</span> <span class='ocrx_word' id='word_1_670' title='bbox 2496 3881 2554 3939; x_wconf 73' lang='grc' dir='ltr'>δὲ</span> <span class='ocrx_word' id='word_1_671' title='bbox 2587 3885 2880 3959; x_wconf 85' lang='grc' dir='ltr'>προσώπον</span> <span class='ocrx_word' id='word_1_672' title='bbox 2915 3883 3003 3938; x_wconf 83' lang='grc' dir='ltr'>καὶ</span> <span class='ocrx_word' id='word_1_673' title='bbox 3050 3881 3178 3945; x_wconf 79' lang='grc' dir='ltr'>τοὺς</span> <span class='ocrx_word' id='word_1_674' title='bbox 3227 3879 3395 3944; x_wconf 80' lang='grc' dir='ltr'>πόδας</span> <span class='ocrx_word' id='word_1_675' title='bbox 3422 3876 3564 3958; x_wconf 77' lang='grc' dir='ltr'>ἔχων</span> <span class='ocrx_word' id='word_1_676' title='bbox 3599 3881 3918 3958; x_wconf 76' lang='grc' dir='ltr'>ἀνθρώπου,</span> 
     </span>
    </p>
   </div>
   <div class='ocr_carea' id='block_1_89' title="bbox 2252 3969 3918 4046">
    <p class='ocr_par' dir='ltr' id='par_1_89' title="bbox 2252 3969 3918 4046">
     <span class='ocr_line' id='line_1_90' title="bbox 2252 3969 3918 4046; baseline -0.001 -19"><span class='ocrx_word' id='word_1_677' title='bbox 2252 3973 2320 4027; x_wconf 76' lang='grc' dir='ltr'>τὰ</span> <span class='ocrx_word' id='word_1_678' title='bbox 2370 3970 2426 4027; x_wconf 70' lang='grc' dir='ltr'>δὲ</span> <span class='ocrx_word' id='word_1_679' title='bbox 2481 3972 2620 4046; x_wconf 71' lang='grc' dir='ltr'>μέλη</span> <span class='ocrx_word' id='word_1_680' title='bbox 2673 3973 2836 4028; x_wconf 70' lang='grc' dir='ltr'>αὐτοῦ</span> <span class='ocrx_word' id='word_1_681' title='bbox 2897 3974 3070 4027; x_wconf 78' lang='grc' dir='ltr'>πάντα</span> <span class='ocrx_word' id='word_1_682' title='bbox 3127 3973 3234 4027; x_wconf 81' lang='grc' dir='ltr'>ἀπὸ</span> <span class='ocrx_word' id='word_1_683' title='bbox 3291 3977 3400 4026; x_wconf 81' lang='grc' dir='ltr'>τῶν</span> <span class='ocrx_word' id='word_1_684' title='bbox 3447 3969 3632 4026; x_wconf 72' lang='grc' dir='ltr'>σποδῶν</span> <span class='ocrx_word' id='word_1_685' title='bbox 3681 3969 3918 4046; x_wconf 71' lang='grc' dir='ltr'>δρακον-</span> 
     </span>
    </p>
   </div>
   <div class='ocr_carea' id='block_1_90' title="bbox 2252 4057 3918 4137">
    <p class='ocr_par' dir='ltr' id='par_1_90' title="bbox 2252 4057 3918 4137">
     <span class='ocr_line' id='line_1_91' title="bbox 2252 4057 3918 4137; baseline -0.001 -21"><span class='ocrx_word' id='word_1_686' title='bbox 2252 4083 2368 4130; x_wconf 86' lang='grc' dir='ltr'>τος,</span> <span class='ocrx_word' id='word_1_687' title='bbox 2400 4062 2490 4116; x_wconf 83' lang='grc' dir='ltr'>καὶ</span> <span class='ocrx_word' id='word_1_688' title='bbox 2537 4063 2706 4137; x_wconf 82' lang='grc' dir='ltr'>πτερὰ</span> <span class='ocrx_word' id='word_1_689' title='bbox 2749 4062 2990 4135; x_wconf 84' lang='grc' dir='ltr'>(πτερὸν)</span> <span class='ocrx_word' id='word_1_690' title='bbox 3039 4063 3174 4115; x_wconf 70' lang='grc' dir='ltr'>κατὰ</span> <span class='ocrx_word' id='word_1_691' title='bbox 3218 4059 3378 4115; x_wconf 84' lang='grc' dir='ltr'>νότου</span> <span class='ocrx_word' id='word_1_692' title='bbox 3413 4079 3426 4092; x_wconf 87' lang='grc'><strong>·</strong></span> <span class='ocrx_word' id='word_1_693' title='bbox 3480 4059 3569 4114; x_wconf 82' lang='grc' dir='ltr'>καὶ</span> <span class='ocrx_word' id='word_1_694' title='bbox 3605 4057 3732 4114; x_wconf 67' lang='grc' dir='ltr'>ἰδοὺ</span> <span class='ocrx_word' id='word_1_695' title='bbox 3759 4061 3918 4122; x_wconf 67' lang='grc' dir='ltr'>αὐτὸς</span> 
     </span>
    </p>
   </div>
   <div class='ocr_carea' id='block_1_91' title="bbox 2253 4145 3922 4225">
    <p class='ocr_par' dir='ltr' id='par_1_91' title="bbox 2253 4145 3922 4225">
     <span class='ocr_line' id='line_1_92' title="bbox 2253 4145 3922 4225; baseline -0.002 -20"><span class='ocrx_word' id='word_1_696' title='bbox 2253 4145 2526 4224; x_wconf 76' lang='grc' dir='ltr'>ἔκθαμϐος</span> <span class='ocrx_word' id='word_1_697' title='bbox 2555 4153 2846 4225; x_wconf 87' lang='grc' dir='ltr'>γενόμενος</span> <span class='ocrx_word' id='word_1_698' title='bbox 2894 4151 3046 4204; x_wconf 80' lang='grc' dir='ltr'>εἷπον</span> <span class='ocrx_word' id='word_1_699' title='bbox 3084 4169 3096 4184; x_wconf 76' lang='grc'><strong><em>⁸</em></strong></span> <span class='ocrx_word' id='word_1_700' title='bbox 3150 4149 3248 4211; x_wconf 84' lang='grc' dir='ltr'>Τίς</span> <span class='ocrx_word' id='word_1_701' title='bbox 3289 4150 3338 4204; x_wconf 73' lang='grc' dir='ltr'>εἴ</span> <span class='ocrx_word' id='word_1_702' title='bbox 3363 4149 3390 4203; x_wconf 83' lang='grc' dir='ltr'>ὁ</span> <span class='ocrx_word' id='word_1_703' title='bbox 3419 4145 3636 4221; x_wconf 70' lang='grc' dir='ltr'>δαίμων</span> <span class='ocrx_word' id='word_1_704' title='bbox 3668 4175 3682 4218; x_wconf 84' lang='grc'><strong>;</strong></span> <span class='ocrx_word' id='word_1_705' title='bbox 3717 4151 3814 4204; x_wconf 69' lang='grc' dir='ltr'>καὶ</span> <span class='ocrx_word' id='word_1_706' title='bbox 3843 4151 3922 4212; x_wconf 60' lang='lat' dir='ltr'>ti;</span> 
     </span>
    </p>
   </div>
   <div class='ocr_carea' id='block_1_92' title="bbox 2254 4237 3918 4314">
    <p class='ocr_par' dir='ltr' id='par_1_92' title="bbox 2254 4237 3918 4314">
     <span class='ocr_line' id='line_1_93' title="bbox 2254 4237 3918 4314; baseline -0.002 -20"><span class='ocrx_word' id='word_1_707' title='bbox 2254 4237 2397 4314; x_wconf 68' lang='grc' dir='ltr'>λέγει</span> <span class='ocrx_word' id='word_1_708' title='bbox 2460 4238 2676 4314; x_wconf 53' lang='lat' dir='ltr'>(lem);</span> <span class='ocrx_word' id='word_1_709' title='bbox 2735 4242 2826 4294; x_wconf 79' lang='grc' dir='ltr'>καὶ</span> <span class='ocrx_word' id='word_1_710' title='bbox 2881 4238 3044 4302; x_wconf 77' lang='grc' dir='ltr'>πόθεν</span> <span class='ocrx_word' id='word_1_711' title='bbox 3107 4237 3406 4310; x_wconf 72' lang='grc' dir='ltr'>ἐλήλυθας,</span> <span class='ocrx_word' id='word_1_712' title='bbox 3464 4237 3582 4292; x_wconf 79' lang='grc' dir='ltr'>εἷπὲ</span> <span class='ocrx_word' id='word_1_713' title='bbox 3635 4259 3760 4310; x_wconf 84' lang='grc' dir='ltr'>μοι.</span> <span class='ocrx_word' id='word_1_714' title='bbox 3825 4239 3918 4293; x_wconf 67' lang='grc' dir='ltr'>Καὶ</span> 
     </span>
    </p>
   </div>
   <div class='ocr_carea' id='block_1_93' title="bbox 2253 4325 3916 4402">
    <p class='ocr_par' dir='ltr' id='par_1_93' title="bbox 2253 4325 3916 4402">
     <span class='ocr_line' id='line_1_94' title="bbox 2253 4325 3916 4402; baseline 0 -22"><span class='ocrx_word' id='word_1_715' title='bbox 2253 4326 2564 4401; x_wconf 81' lang='grc' dir='ltr'>ἀποκριθεὶς</span> <span class='ocrx_word' id='word_1_716' title='bbox 2623 4331 2747 4398; x_wconf 76' lang='lat' dir='ltr'>(sic)</span> <span class='ocrx_word' id='word_1_717' title='bbox 2801 4327 2862 4382; x_wconf 83' lang='grc' dir='ltr'>τὸ</span> <span class='ocrx_word' id='word_1_718' title='bbox 2910 4331 3126 4400; x_wconf 73' lang='grc' dir='ltr'>πνεῦμα</span> <span class='ocrx_word' id='word_1_719' title='bbox 3175 4325 3324 4401; x_wconf 72' lang='grc' dir='ltr'>λέγει</span> <span class='ocrx_word' id='word_1_720' title='bbox 3359 4344 3372 4357; x_wconf 91' lang='grc'><strong>·</strong></span> <span class='ocrx_word' id='word_1_721' title='bbox 3417 4325 3496 4383; x_wconf 86' lang='grc' dir='ltr'>Τὸ</span> <span class='ocrx_word' id='word_1_722' title='bbox 3548 4327 3644 4400; x_wconf 74' lang='grc' dir='ltr'>μὲν</span> <span class='ocrx_word' id='word_1_723' title='bbox 3693 4333 3916 4402; x_wconf 68' lang='grc' dir='ltr'>πρῶτον</span> 
     </span>
    </p>
   </div>
   <div class='ocr_carea' id='block_1_94' title="bbox 2250 4413 3918 4491">
    <p class='ocr_par' dir='ltr' id='par_1_94' title="bbox 2250 4413 3918 4491">
     <span class='ocr_line' id='line_1_95' title="bbox 2250 4413 3918 4491; baseline 0 -23"><span class='ocrx_word' id='word_1_724' title='bbox 2250 4415 2566 4491; x_wconf 80' lang='grc' dir='ltr'>παρέστηκά</span> <span class='ocrx_word' id='word_1_725' title='bbox 2597 4437 2705 4485; x_wconf 89' lang='grc' dir='ltr'>σοι,</span> <span class='ocrx_word' id='word_1_726' title='bbox 2755 4413 2977 4490; x_wconf 78' lang='grc' dir='ltr'>βασιλεῦ</span> <span class='ocrx_word' id='word_1_727' title='bbox 3024 4413 3320 4488; x_wconf 82' lang='grc' dir='ltr'>Σολομῶν,</span> <span class='ocrx_word' id='word_1_728' title='bbox 3359 4415 3572 4487; x_wconf 69' lang='grc' dir='ltr'>πνεῦμά</span> <span class='ocrx_word' id='word_1_729' title='bbox 3601 4435 3662 4469; x_wconf 85' lang='grc' dir='ltr'>τε</span> <span class='ocrx_word' id='word_1_730' title='bbox 3691 4417 3918 4470; x_wconf 74' lang='grc' dir='ltr'>θεοποι-</span> 
     </span>
    </p>
   </div>
   <div class='ocr_carea' id='block_1_95' title="bbox 2251 4501 3918 4580">
    <p class='ocr_par' dir='ltr' id='par_1_95' title="bbox 2251 4501 3918 4580">
     <span class='ocr_line' id='line_1_96' title="bbox 2251 4501 3918 4580; baseline 0 -22"><span class='ocrx_word' id='word_1_731' title='bbox 2251 4503 2482 4577; x_wconf 78' lang='grc' dir='ltr'>ούμενον</span> <span class='ocrx_word' id='word_1_732' title='bbox 2531 4503 2580 4559; x_wconf 77' lang='grc' dir='ltr'>ἰν</span> <span class='ocrx_word' id='word_1_733' title='bbox 2660 4504 3009 4579; x_wconf 82' lang='grc' dir='ltr'>ἀνθρώπνις·</span> <span class='ocrx_word' id='word_1_734' title='bbox 3075 4508 3168 4559; x_wconf 77' lang='grc' dir='ltr'>νῦν</span> <span class='ocrx_word' id='word_1_735' title='bbox 3231 4501 3289 4558; x_wconf 67' lang='grc' dir='ltr'>δὲ</span> <span class='ocrx_word' id='word_1_736' title='bbox 3342 4505 3770 4580; x_wconf 76' lang='grc' dir='ltr'>κατηργημένον</span> <span class='ocrx_word' id='word_1_737' title='bbox 3829 4503 3918 4558; x_wconf 63' lang='lat' dir='ltr'>Eri</span> 
     </span>
    </p>
   </div>
   <div class='ocr_carea' id='block_1_96' title="bbox 2247 4590 3914 4670">
    <p class='ocr_par' dir='ltr' id='par_1_96' title="bbox 2247 4590 3914 4670">
     <span class='ocr_line' id='line_1_97' title="bbox 2247 4590 3914 4670; baseline 0.002 -26"><span class='ocrx_word' id='word_1_738' title='bbox 2247 4599 2348 4662; x_wconf 82' lang='grc' dir='ltr'>τῆς</span> <span class='ocrx_word' id='word_1_739' title='bbox 2391 4597 2487 4646; x_wconf 74' lang='grc' dir='ltr'>τοῦ</span> <span class='ocrx_word' id='word_1_740' title='bbox 2532 4597 2666 4648; x_wconf 78' lang='grc' dir='ltr'>Θεοῦ</span> <span class='ocrx_word' id='word_1_741' title='bbox 2707 4591 3000 4666; x_wconf 70' lang='grc' dir='ltr'>δεδομένης</span> <span class='ocrx_word' id='word_1_742' title='bbox 3052 4613 3136 4647; x_wconf 89' lang='grc' dir='ltr'>σοι</span> <span class='ocrx_word' id='word_1_743' title='bbox 3189 4590 3483 4668; x_wconf 73' lang='grc' dir='ltr'>σφραγῖδος</span> <span class='ocrx_word' id='word_1_744' title='bbox 3545 4591 3638 4646; x_wconf 81' lang='grc' dir='ltr'>καὶ</span> <span class='ocrx_word' id='word_1_745' title='bbox 3689 4595 3914 4670; x_wconf 69' lang='grc' dir='ltr'>σοφίας.</span> 
     </span>
    </p>
   </div>
   <div class='ocr_carea' id='block_1_97' title="bbox 479 4669 2146 4766">
    <p class='ocr_par' dir='ltr' id='par_1_97' title="bbox 479 4679 2138 4754">
     <span class='ocr_line' id='line_1_98' title="bbox 479 4679 2138 4754; baseline 0.004 -22"><span class='ocrx_word' id='word_1_746' title='bbox 479 4695 692 4750; x_wconf 85' lang='lat' dir='ltr'>procax</span> <span class='ocrx_word' id='word_1_747' title='bbox 725 4679 911 4736; x_wconf 86' lang='lat' dir='ltr'>factus</span> <span class='ocrx_word' id='word_1_748' title='bbox 942 4685 1049 4748; x_wconf 88' lang='lat' dir='ltr'>est,</span> <span class='ocrx_word' id='word_1_749' title='bbox 1069 4681 1222 4736; x_wconf 90' lang='lat' dir='ltr'>sicut</span> <span class='ocrx_word' id='word_1_750' title='bbox 1252 4687 1308 4736; x_wconf 92' lang='lat' dir='ltr'>et</span> <span class='ocrx_word' id='word_1_751' title='bbox 1340 4681 1569 4737; x_wconf 87' lang='lat' dir='ltr'>mulier.</span> <span class='ocrx_word' id='word_1_752' title='bbox 1607 4683 1734 4738; x_wconf 79' lang='lat' dir='ltr'>Haec</span> <span class='ocrx_word' id='word_1_753' title='bbox 1765 4687 1854 4738; x_wconf 87' lang='lat' dir='ltr'>est</span> <span class='ocrx_word' id='word_1_754' title='bbox 1883 4683 2138 4754; x_wconf 84' lang='lat' dir='ltr'>operatio</span> 
     </span>
    </p>
   </div>
   <div class='ocr_carea' id='block_1_98' title="bbox 2256 4669 3912 4766">
    <p class='ocr_par' dir='ltr' id='par_1_98' title="bbox 2256 4687 3912 4766">
     <span class='ocr_line' id='line_1_99' title="bbox 2256 4687 3912 4766; baseline 0.001 -22"><span class='ocrx_word' id='word_1_755' title='bbox 2256 4691 2346 4744; x_wconf 77' lang='grc' dir='ltr'>Καὶ</span> <span class='ocrx_word' id='word_1_756' title='bbox 2403 4696 2491 4745; x_wconf 75' lang='grc' dir='ltr'>νῦν</span> <span class='ocrx_word' id='word_1_757' title='bbox 2541 4690 2650 4766; x_wconf 82' lang='grc' dir='ltr'>ἐγώ</span> <span class='ocrx_word' id='word_1_758' title='bbox 2704 4690 2818 4765; x_wconf 86' lang='grc' dir='ltr'>εἶμι</span> <span class='ocrx_word' id='word_1_759' title='bbox 2895 4691 2922 4745; x_wconf 86' lang='grc' dir='ltr'>ὁ</span> <span class='ocrx_word' id='word_1_760' title='bbox 3000 4690 3294 4766; x_wconf 85' lang='grc' dir='ltr'>λεγόμενος</span> <span class='ocrx_word' id='word_1_761' title='bbox 3369 4687 3792 4766; x_wconf 74' lang='grc' dir='ltr'>πτεροδράκων,</span> <span class='ocrx_word' id='word_1_762' title='bbox 3851 4713 3912 4746; x_wconf 71' lang='grc' dir='ltr'>ου</span> 
     </span>
    </p>
   </div>
   <div class='ocr_carea' id='block_1_99' title="bbox 478 4768 2133 4842">
    <p class='ocr_par' dir='ltr' id='par_1_99' title="bbox 478 4768 2133 4842">
     <span class='ocr_line' id='line_1_100' title="bbox 478 4768 2133 4842; baseline 0.002 -19"><span class='ocrx_word' id='word_1_763' title='bbox 478 4783 609 4824; x_wconf 87' lang='lat' dir='ltr'>mea</span> <span class='ocrx_word' id='word_1_764' title='bbox 644 4785 656 4823; x_wconf 90' lang='lat'><strong>:</strong></span> <span class='ocrx_word' id='word_1_765' title='bbox 691 4785 842 4840; x_wconf 90' lang='lat' dir='ltr'>pone</span> <span class='ocrx_word' id='word_1_766' title='bbox 887 4768 1067 4841; x_wconf 84' lang='lat' dir='ltr'>igitur</span> <span class='ocrx_word' id='word_1_767' title='bbox 1115 4775 1180 4824; x_wconf 89' lang='lat' dir='ltr'>ut</span> <span class='ocrx_word' id='word_1_768' title='bbox 1209 4785 1314 4842; x_wconf 85' lang='lat' dir='ltr'>ego</span> <span class='ocrx_word' id='word_1_769' title='bbox 1365 4769 1528 4826; x_wconf 91' lang='lat' dir='ltr'>solus</span> <span class='ocrx_word' id='word_1_770' title='bbox 1579 4770 1866 4826; x_wconf 84' lang='lat' dir='ltr'>coercitus</span> <span class='ocrx_word' id='word_1_771' title='bbox 1901 4771 2133 4841; x_wconf 83' lang='lat' dir='ltr'>fuerim,</span> 
     </span>
    </p>
   </div>
   <div class='ocr_carea' id='block_1_100' title="bbox 470 4855 2134 4932">
    <p class='ocr_par' dir='ltr' id='par_1_100' title="bbox 470 4855 2134 4932">
     <span class='ocr_line' id='line_1_101' title="bbox 470 4855 2134 4932; baseline 0.003 -21"><span class='ocrx_word' id='word_1_772' title='bbox 470 4856 701 4928; x_wconf 86' lang='lat' dir='ltr'>reliqua</span> <span class='ocrx_word' id='word_1_773' title='bbox 753 4875 886 4914; x_wconf 88' lang='lat' dir='ltr'>vero</span> <span class='ocrx_word' id='word_1_774' title='bbox 927 4855 1218 4914; x_wconf 62' lang='lat' dir='ltr'>datmonia</span> <span class='ocrx_word' id='word_1_775' title='bbox 1270 4859 1603 4915; x_wconf 86' lang='lat' dir='ltr'>molestiam</span> <span class='ocrx_word' id='word_1_776' title='bbox 1647 4878 1680 4915; x_wconf 90' lang='lat' dir='ltr'>a</span> <span class='ocrx_word' id='word_1_777' title='bbox 1727 4865 1782 4915; x_wconf 90' lang='lat' dir='ltr'>te</span> <span class='ocrx_word' id='word_1_778' title='bbox 1832 4862 2134 4932; x_wconf 88' lang='lat' dir='ltr'>patientia,</span> 
     </span>
    </p>
   </div>
   <div class='ocr_carea' id='block_1_101' title="bbox 472 4955 2134 5029">
    <p class='ocr_par' dir='ltr' id='par_1_101' title="bbox 472 4955 2134 5029">
     <span class='ocr_line' id='line_1_102' title="bbox 472 4955 2134 5029; baseline 0.002 -20"><span class='ocrx_word' id='word_1_779' title='bbox 472 4955 930 5024; x_wconf 88' lang='lat' dir='ltr'>tumultuentur,</span> <span class='ocrx_word' id='word_1_780' title='bbox 985 4958 1292 5012; x_wconf 89' lang='lat' dir='ltr'>veritatem</span> <span class='ocrx_word' id='word_1_781' title='bbox 1345 4973 1576 5012; x_wconf 89' lang='lat' dir='ltr'>omnem</span> <span class='ocrx_word' id='word_1_782' title='bbox 1628 4958 1876 5012; x_wconf 88' lang='lat' dir='ltr'>dicant:</span> <span class='ocrx_word' id='word_1_783' title='bbox 1927 4957 2134 5029; x_wconf 90' lang='lat' dir='ltr'>ipsane</span> 
     </span>
    </p>
   </div>
   <div class='ocr_carea' id='block_1_102' title="bbox 471 5043 2132 5116">
    <p class='ocr_par' dir='ltr' id='par_1_102' title="bbox 471 5043 2132 5116">
     <span class='ocr_line' id='line_1_103' title="bbox 471 5043 2132 5116; baseline 0.002 -20"><span class='ocrx_word' id='word_1_784' title='bbox 471 5043 689 5099; x_wconf 88' lang='lat' dir='ltr'>facient</span> <span class='ocrx_word' id='word_1_785' title='bbox 717 5049 781 5100; x_wconf 90' lang='lat' dir='ltr'>ut</span> <span class='ocrx_word' id='word_1_786' title='bbox 810 5061 912 5116; x_wconf 89' lang='lat' dir='ltr'>per</span> <span class='ocrx_word' id='word_1_787' title='bbox 960 5045 1154 5115; x_wconf 85' lang='lat' dir='ltr'>ignem</span> <span class='ocrx_word' id='word_1_788' title='bbox 1189 5047 1470 5116; x_wconf 87' lang='lat' dir='ltr'>perdatur</span> <span class='ocrx_word' id='word_1_789' title='bbox 1517 5045 1766 5101; x_wconf 87' lang='lat' dir='ltr'>electum</span> <span class='ocrx_word' id='word_1_790' title='bbox 1819 5063 2030 5102; x_wconf 90' lang='lat' dir='ltr'>nemus</span> <span class='ocrx_word' id='word_1_791' title='bbox 2061 5047 2132 5100; x_wconf 88' lang='lat' dir='ltr'>li-</span> 
     </span>
    </p>
   </div>
   <div class='ocr_carea' id='block_1_103' title="bbox 471 5132 2128 5204">
    <p class='ocr_par' dir='ltr' id='par_1_103' title="bbox 471 5132 2128 5204">
     <span class='ocr_line' id='line_1_104' title="bbox 471 5132 2128 5204; baseline 0.003 -19"><span class='ocrx_word' id='word_1_792' title='bbox 471 5146 722 5202; x_wconf 88' lang='lat' dir='ltr'>gnorum</span> <span class='ocrx_word' id='word_1_793' title='bbox 756 5133 912 5202; x_wconf 90' lang='lat' dir='ltr'>quod</span> <span class='ocrx_word' id='word_1_794' title='bbox 965 5132 1362 5204; x_wconf 86' lang='lat' dir='ltr'>colligendum</span> <span class='ocrx_word' id='word_1_795' title='bbox 1411 5139 1497 5189; x_wconf 82' lang='lat' dir='ltr'>est</span> <span class='ocrx_word' id='word_1_796' title='bbox 1555 5135 1627 5190; x_wconf 88' lang='lat' dir='ltr'>ad</span> <span class='ocrx_word' id='word_1_797' title='bbox 1687 5134 2128 5190; x_wconf 78' lang='lat' dir='ltr'>aedificationem</span> 
     </span>
    </p>
   </div>
   <div class='ocr_carea' id='block_1_104' title="bbox 467 5219 2128 5294">
    <p class='ocr_par' dir='ltr' id='par_1_104' title="bbox 467 5219 2128 5294">
     <span class='ocr_line' id='line_1_105' title="bbox 467 5219 2128 5294; baseline 0.002 -20"><span class='ocrx_word' id='word_1_798' title='bbox 467 5219 720 5292; x_wconf 78' lang='lat' dir='ltr'>templi?</span> <span class='ocrx_word' id='word_1_799' title='bbox 749 5221 817 5276; x_wconf 89' lang='lat' dir='ltr'>Et</span> <span class='ocrx_word' id='word_1_800' title='bbox 849 5221 971 5276; x_wconf 67' lang='lat' dir='ltr'>haec</span> <span class='ocrx_word' id='word_1_801' title='bbox 1005 5226 1070 5276; x_wconf 86' lang='lat' dir='ltr'>ut</span> <span class='ocrx_word' id='word_1_802' title='bbox 1112 5223 1260 5277; x_wconf 84' lang='lat' dir='ltr'>dixit</span> <span class='ocrx_word' id='word_1_803' title='bbox 1309 5223 1555 5291; x_wconf 58' lang='lat' dir='ltr'>damon,</span> <span class='ocrx_word' id='word_1_804' title='bbox 1589 5223 1705 5278; x_wconf 85' lang='lat' dir='ltr'>vidi</span> <span class='ocrx_word' id='word_1_805' title='bbox 1753 5223 2026 5294; x_wconf 89' lang='lat' dir='ltr'>spiritum</span> <span class='ocrx_word' id='word_1_806' title='bbox 2059 5240 2128 5278; x_wconf 85' lang='lat' dir='ltr'>ex</span> 
     </span>
    </p>
   </div>
   <div class='ocr_carea' id='block_1_105' title="bbox 468 5310 2123 5382">
    <p class='ocr_par' dir='ltr' id='par_1_105' title="bbox 468 5310 2123 5382">
     <span class='ocr_line' id='line_1_106' title="bbox 468 5310 2123 5382; baseline 0.002 -21"><span class='ocrx_word' id='word_1_807' title='bbox 468 5323 564 5361; x_wconf 89' lang='lat' dir='ltr'>ore</span> <span class='ocrx_word' id='word_1_808' title='bbox 596 5310 726 5379; x_wconf 81' lang='lat' dir='ltr'>ejus</span> <span class='ocrx_word' id='word_1_809' title='bbox 756 5311 1176 5382; x_wconf 87' lang='lat' dir='ltr'>egredientem,</span> <span class='ocrx_word' id='word_1_810' title='bbox 1213 5311 1312 5382; x_wconf 90' lang='lat' dir='ltr'>qui</span> <span class='ocrx_word' id='word_1_811' title='bbox 1346 5311 1604 5366; x_wconf 89' lang='lat' dir='ltr'>incendit</span> <span class='ocrx_word' id='word_1_812' title='bbox 1635 5327 1843 5366; x_wconf 89' lang='lat' dir='ltr'>nemus</span> <span class='ocrx_word' id='word_1_813' title='bbox 1895 5311 2123 5382; x_wconf 86' lang='lat' dir='ltr'>Libani,</span> 
     </span>
    </p>
   </div>
   <div class='ocr_carea' id='block_1_106' title="bbox 465 5397 2118 5472">
    <p class='ocr_par' dir='ltr' id='par_1_106' title="bbox 465 5397 2118 5472">
     <span class='ocr_line' id='line_1_107' title="bbox 465 5397 2118 5472; baseline 0.004 -24"><span class='ocrx_word' id='word_1_814' title='bbox 465 5398 524 5449; x_wconf 87' lang='lat' dir='ltr'>et</span> <span class='ocrx_word' id='word_1_815' title='bbox 570 5397 897 5453; x_wconf 88' lang='lat' dir='ltr'>combussit</span> <span class='ocrx_word' id='word_1_816' title='bbox 945 5400 1142 5454; x_wconf 86' lang='lat' dir='ltr'>omnia</span> <span class='ocrx_word' id='word_1_817' title='bbox 1189 5399 1349 5472; x_wconf 90' lang='lat' dir='ltr'>ligna</span> <span class='ocrx_word' id='word_1_818' title='bbox 1407 5417 1538 5471; x_wconf 76' lang='lat' dir='ltr'>quae</span> <span class='ocrx_word' id='word_1_819' title='bbox 1584 5401 2008 5472; x_wconf 87' lang='lat' dir='ltr'>componebam</span> <span class='ocrx_word' id='word_1_820' title='bbox 2059 5400 2118 5455; x_wconf 86' lang='lat' dir='ltr'>in</span> 
     </span>
    </p>
   </div>
   <div class='ocr_carea' id='block_1_107' title="bbox 463 5483 909 5556">
    <p class='ocr_par' dir='ltr' id='par_1_107' title="bbox 463 5483 909 5556">
     <span class='ocr_line' id='line_1_108' title="bbox 463 5483 909 5556; baseline 0.009 -19"><span class='ocrx_word' id='word_1_821' title='bbox 463 5483 754 5556; x_wconf 86' lang='lat' dir='ltr'>templum</span> <span class='ocrx_word' id='word_1_822' title='bbox 790 5487 909 5542; x_wconf 89' lang='lat' dir='ltr'>Dei.</span> 
     </span>
    </p>
   </div>
   <div class='ocr_carea' id='block_1_108' title="bbox 2243 5042 3011 5122">
    <p class='ocr_par' dir='ltr' id='par_1_108' title="bbox 2243 5042 3011 5122">
     <span class='ocr_line' id='line_1_109' title="bbox 2243 5042 3011 5122; baseline 0.001 -24"><span class='ocrx_word' id='word_1_823' title='bbox 2243 5046 2370 5100; x_wconf 86' lang='grc' dir='ltr'><strong>ὡσεῖ</strong></span> <span class='ocrx_word' id='word_1_824' title='bbox 2427 5067 2494 5100; x_wconf 87' lang='grc' dir='ltr'>πν</span> <span class='ocrx_word' id='word_1_825' title='bbox 2504 5050 2558 5100; x_wconf 78' lang='grc' dir='ltr'>εὖ</span> <span class='ocrx_word' id='word_1_826' title='bbox 2568 5067 2642 5118; x_wconf 88' lang='grc' dir='ltr'>μα</span> <span class='ocrx_word' id='word_1_827' title='bbox 2702 5042 3011 5122; x_wconf 73' lang='grc' dir='ltr'>πτεροειδὶς</span> 
     </span>
    </p>
   </div>
   <div class='ocr_carea' id='block_1_109' title="bbox 2237 5129 3146 5207">
    <p class='ocr_par' dir='ltr' id='par_1_109' title="bbox 2237 5129 3146 5207">
     <span class='ocr_line' id='line_1_110' title="bbox 2237 5129 3146 5207; baseline 0 -19"><span class='ocrx_word' id='word_1_828' title='bbox 2237 5154 2354 5203; x_wconf 90' lang='grc' dir='ltr'>τον,</span> <span class='ocrx_word' id='word_1_829' title='bbox 2412 5136 2500 5189; x_wconf 83' lang='grc' dir='ltr'>καὶ</span> <span class='ocrx_word' id='word_1_830' title='bbox 2560 5137 2594 5204; x_wconf 81' lang='grc' dir='ltr'><strong>ἡ</strong></span> <span class='ocrx_word' id='word_1_831' title='bbox 2687 5135 2782 5207; x_wconf 73' lang='grc' dir='ltr'>μὲν</span> <span class='ocrx_word' id='word_1_832' title='bbox 2858 5129 3146 5202; x_wconf 71' lang='grc' dir='ltr'>ἐϐάσταζεν</span> 
     </span>
    </p>
   </div>
   <div class='ocr_carea' id='block_1_110' title="bbox 2237 5219 3906 5298">
    <p class='ocr_par' dir='ltr' id='par_1_110' title="bbox 2237 5219 3906 5298">
     <span class='ocr_line' id='line_1_111' title="bbox 2237 5219 3906 5298; baseline 0.001 -22"><span class='ocrx_word' id='word_1_833' title='bbox 2237 5224 2490 5297; x_wconf 72' lang='grc' dir='ltr'>γεννηθὲν</span> <span class='ocrx_word' id='word_1_834' title='bbox 2521 5223 2578 5292; x_wconf 81' lang='grc' dir='ltr'><strong>ἐζ</strong></span> <span class='ocrx_word' id='word_1_835' title='bbox 2607 5222 2778 5292; x_wconf 79' lang='grc' dir='ltr'>αὐτῆς</span> <span class='ocrx_word' id='word_1_836' title='bbox 2807 5223 2984 5298; x_wconf 83' lang='grc' dir='ltr'>Ἔρως</span> <span class='ocrx_word' id='word_1_837' title='bbox 3022 5223 3268 5298; x_wconf 80' lang='grc' dir='ltr'>γίνεται·</span> <span class='ocrx_word' id='word_1_838' title='bbox 3325 5221 3428 5277; x_wconf 85' lang='grc' dir='ltr'>ὑπὸ</span> <span class='ocrx_word' id='word_1_839' title='bbox 3477 5219 3685 5297; x_wconf 76' lang='grc' dir='ltr'>ἀνδρῶν</span> <span class='ocrx_word' id='word_1_840' title='bbox 3737 5219 3798 5277; x_wconf 68' lang='grc' dir='ltr'>δὲ</span> <span class='ocrx_word' id='word_1_841' title='bbox 3833 5225 3906 5294; x_wconf 69' lang='grc' dir='ltr'>μή</span> 
     </span>
    </p>
   </div>
   <div class='ocr_carea' id='block_1_111' title="bbox 2235 5307 3898 5388">
    <p class='ocr_par' dir='ltr' id='par_1_111' title="bbox 2235 5307 3898 5388">
     <span class='ocr_line' id='line_1_112' title="bbox 2235 5307 3898 5388; baseline 0 -23"><span class='ocrx_word' id='word_1_842' title='bbox 2235 5308 2463 5366; x_wconf 75' lang='grc' dir='ltr'>δυνᾶθὸν</span> <span class='ocrx_word' id='word_1_843' title='bbox 2533 5313 2930 5388; x_wconf 77' lang='grc' dir='ltr'>βασταχθῆναι,</span> <span class='ocrx_word' id='word_1_844' title='bbox 2999 5310 3268 5388; x_wconf 69' lang='grc' dir='ltr'>ἐψόφησεν</span> <span class='ocrx_word' id='word_1_845' title='bbox 3343 5307 3464 5386; x_wconf 70' lang='grc' dir='ltr'>ἄρα,</span> <span class='ocrx_word' id='word_1_846' title='bbox 3525 5310 3615 5364; x_wconf 77' lang='grc' dir='ltr'>καὶ</span> <span class='ocrx_word' id='word_1_847' title='bbox 3673 5313 3708 5379; x_wconf 84' lang='grc' dir='ltr'><strong>ἡ</strong></span> <span class='ocrx_word' id='word_1_848' title='bbox 3765 5313 3898 5388; x_wconf 61' lang='grc' dir='ltr'>γυνή</span> 
     </span>
    </p>
   </div>
   <div class='ocr_carea' id='block_1_112' title="bbox 2231 5397 3908 5474">
    <p class='ocr_par' dir='ltr' id='par_1_112' title="bbox 2231 5397 3908 5474">
     <span class='ocr_line' id='line_1_113' title="bbox 2231 5397 3908 5474; baseline 0.001 -21"><span class='ocrx_word' id='word_1_849' title='bbox 2231 5398 2436 5470; x_wconf 70' lang='grc' dir='ltr'>ἐλείνη’</span> <span class='ocrx_word' id='word_1_850' title='bbox 2501 5400 2634 5470; x_wconf 79' lang='grc' dir='ltr'>αὕτη</span> <span class='ocrx_word' id='word_1_851' title='bbox 2687 5421 2794 5472; x_wconf 80' lang='grc' dir='ltr'>μου</span> <span class='ocrx_word' id='word_1_852' title='bbox 2845 5402 2879 5468; x_wconf 83' lang='grc' dir='ltr'>ἡ</span> <span class='ocrx_word' id='word_1_853' title='bbox 2921 5400 3110 5474; x_wconf 77' lang='grc' dir='ltr'>πρᾶξις</span> <span class='ocrx_word' id='word_1_854' title='bbox 3154 5397 3284 5455; x_wconf 68' lang='grc' dir='ltr'>ἐστι.</span> <span class='ocrx_word' id='word_1_855' title='bbox 3319 5401 3481 5453; x_wconf 82' lang='grc' dir='ltr'>Θέσον</span> <span class='ocrx_word' id='word_1_856' title='bbox 3533 5399 3626 5452; x_wconf 78' lang='grc' dir='ltr'>οὖν</span> <span class='ocrx_word' id='word_1_857' title='bbox 3679 5419 3778 5471; x_wconf 85' lang='grc' dir='ltr'>μοι</span> <span class='ocrx_word' id='word_1_858' title='bbox 3817 5401 3908 5472; x_wconf 65' lang='grc' dir='ltr'>μὸ-</span> 
     </span>
    </p>
   </div>
   <div class='ocr_carea' id='block_1_113' title="bbox 2227 5483 3904 5564">
    <p class='ocr_par' dir='ltr' id='par_1_113' title="bbox 2227 5483 3904 5564">
     <span class='ocr_line' id='line_1_114' title="bbox 2227 5483 3904 5564; baseline 0 -22"><span class='ocrx_word' id='word_1_859' title='bbox 2227 5509 2318 5542; x_wconf 90' lang='grc' dir='ltr'>νον</span> <span class='ocrx_word' id='word_1_860' title='bbox 2353 5489 2700 5564; x_wconf 79' lang='grc' dir='ltr'>ἀρκεσθῆναι,</span> <span class='ocrx_word' id='word_1_861' title='bbox 2731 5489 2799 5542; x_wconf 77' lang='grc' dir='ltr'>τὰ</span> <span class='ocrx_word' id='word_1_862' title='bbox 2832 5485 2888 5542; x_wconf 71' lang='grc' dir='ltr'>δὲ</span> <span class='ocrx_word' id='word_1_863' title='bbox 2930 5486 3100 5543; x_wconf 78' lang='grc' dir='ltr'>λοιπὰ</span> <span class='ocrx_word' id='word_1_864' title='bbox 3141 5491 3248 5542; x_wconf 83' lang='grc' dir='ltr'>τῶν</span> <span class='ocrx_word' id='word_1_865' title='bbox 3303 5484 3598 5560; x_wconf 75' lang='grc' dir='ltr'>δαιμονίων</span> <span class='ocrx_word' id='word_1_866' title='bbox 3635 5483 3904 5563; x_wconf 54' lang='lat' dir='ltr'>Evclio-3-</span> 
     </span>
    </p>
   </div>
   <div class='ocr_carea' id='block_1_114' title="bbox 2225 5577 3894 5651">
    <p class='ocr_par' dir='ltr' id='par_1_114' title="bbox 2225 5577 3894 5651">
     <span class='ocr_line' id='line_1_115' title="bbox 2225 5577 3894 5651; baseline 0.001 -20"><span class='ocrx_word' id='word_1_867' title='bbox 2225 5595 2398 5649; x_wconf 71' lang='grc' dir='ltr'>μεναο</span> <span class='ocrx_word' id='word_1_868' title='bbox 2433 5577 2534 5632; x_wconf 86' lang='grc' dir='ltr'>ὑπὸ</span> <span class='ocrx_word' id='word_1_869' title='bbox 2583 5580 2678 5631; x_wconf 77' lang='grc' dir='ltr'>σοῦ</span> <span class='ocrx_word' id='word_1_870' title='bbox 2751 5577 3269 5651; x_wconf 76' lang='grc' dir='ltr'>καταταρασσόμενα</span> <span class='ocrx_word' id='word_1_871' title='bbox 3333 5577 3474 5650; x_wconf 81' lang='lat' dir='ltr'>(sic),</span> <span class='ocrx_word' id='word_1_872' title='bbox 3551 5581 3725 5631; x_wconf 75' lang='grc' dir='ltr'>πᾶσαν</span> <span class='ocrx_word' id='word_1_873' title='bbox 3801 5577 3894 5650; x_wconf 69' lang='grc' dir='ltr'>μὶν</span> 
     </span>
    </p>
   </div>
   <div class='ocr_carea' id='block_1_115' title="bbox 2250 4776 3914 4854">
    <p class='ocr_par' dir='ltr' id='par_1_115' title="bbox 2250 4776 3914 4854">
     <span class='ocr_line' id='line_1_116' title="bbox 2250 4776 3914 4854; baseline 0.001 -21"><span class='ocrx_word' id='word_1_874' title='bbox 2250 4781 2634 4854; x_wconf 89' lang='grc' dir='ltr'>συγγινόμενος</span> <span class='ocrx_word' id='word_1_875' title='bbox 2691 4778 2938 4841; x_wconf 86' lang='grc' dir='ltr'>πολλαῖς</span> <span class='ocrx_word' id='word_1_876' title='bbox 2980 4779 3243 4854; x_wconf 72' lang='grc' dir='ltr'>γυναιξὶν,</span> <span class='ocrx_word' id='word_1_877' title='bbox 3305 4776 3518 4854; x_wconf 69' lang='grc' dir='ltr'>ὀλίγαις</span> <span class='ocrx_word' id='word_1_878' title='bbox 3567 4776 3628 4833; x_wconf 70' lang='grc' dir='ltr'>δὲ</span> <span class='ocrx_word' id='word_1_879' title='bbox 3675 4779 3774 4833; x_wconf 75' lang='grc' dir='ltr'>καὶ</span> <span class='ocrx_word' id='word_1_880' title='bbox 3831 4781 3914 4834; x_wconf 69' lang='grc' dir='ltr'>εὖ·</span> 
     </span>
    </p>
   </div>
   <div class='ocr_carea' id='block_1_116' title="bbox 2252 4866 3908 4947">
    <p class='ocr_par' dir='ltr' id='par_1_116' title="bbox 2252 4866 3908 4947">
     <span class='ocr_line' id='line_1_117' title="bbox 2252 4866 3908 4947; baseline 0 -25"><span class='ocrx_word' id='word_1_881' title='bbox 2252 4869 2484 4947; x_wconf 76' lang='grc' dir='ltr'>μόρφοις</span> <span class='ocrx_word' id='word_1_882' title='bbox 2517 4889 2529 4901; x_wconf 93' lang='grc'><strong>·</strong></span> <span class='ocrx_word' id='word_1_883' title='bbox 2583 4866 2785 4931; x_wconf 72' lang='grc' dir='ltr'>αἶ’-τινες</span> <span class='ocrx_word' id='word_1_884' title='bbox 2833 4867 2928 4923; x_wconf 81' lang='grc' dir='ltr'>τοῦ</span> <span class='ocrx_word' id='word_1_885' title='bbox 2979 4871 3098 4941; x_wconf 67' lang='lat' dir='ltr'>Eum</span> <span class='ocrx_word' id='word_1_886' title='bbox 3153 4870 3272 4941; x_wconf 77' lang='lat' dir='ltr'>(sic)</span> <span class='ocrx_word' id='word_1_887' title='bbox 3319 4867 3518 4922; x_wconf 81' lang='grc' dir='ltr'>τούτου</span> <span class='ocrx_word' id='word_1_888' title='bbox 3558 4873 3656 4922; x_wconf 77' lang='grc' dir='ltr'>τοῦ</span> <span class='ocrx_word' id='word_1_889' title='bbox 3705 4867 3908 4944; x_wconf 67' lang='grc' dir='ltr'>ἄστρου</span> 
     </span>
    </p>
   </div>
   <div class='ocr_carea' id='block_1_117' title="bbox 2246 4955 3910 5032">
    <p class='ocr_par' dir='ltr' id='par_1_117' title="bbox 2246 4955 3910 5032">
     <span class='ocr_line' id='line_1_118' title="bbox 2246 4955 3910 5032; baseline -0.001 -21"><span class='ocrx_word' id='word_1_890' title='bbox 2246 4959 2419 5031; x_wconf 75' lang='grc' dir='ltr'>ὄνομα</span> <span class='ocrx_word' id='word_1_891' title='bbox 2492 4956 2834 5032; x_wconf 76' lang='grc' dir='ltr'>κατέχουσι·</span> <span class='ocrx_word' id='word_1_892' title='bbox 2921 4957 3010 5012; x_wconf 80' lang='grc' dir='ltr'>καὶ</span> <span class='ocrx_word' id='word_1_893' title='bbox 3115 4955 3434 5032; x_wconf 71' lang='grc' dir='ltr'>ἀπέρχομαι</span> <span class='ocrx_word' id='word_1_894' title='bbox 3519 4956 3657 5028; x_wconf 77' lang='grc' dir='ltr'>πρὸς</span> <span class='ocrx_word' id='word_1_895' title='bbox 3743 4957 3910 5018; x_wconf 62' lang='lat' dir='ltr'>uiti;</span> 
     </span>
    </p>
   </div>
   <div class='ocr_carea' id='block_1_118' title="bbox 3103 5041 3912 5121">
    <p class='ocr_par' dir='ltr' id='par_1_118' title="bbox 3103 5041 3912 5121">
     <span class='ocr_line' id='line_1_119' title="bbox 3103 5041 3912 5121; baseline 0 -22"><span class='ocrx_word' id='word_1_896' title='bbox 3103 5045 3492 5121; x_wconf 83' lang='grc' dir='ltr'>συγγινόμενον</span> <span class='ocrx_word' id='word_1_897' title='bbox 3565 5041 3656 5099; x_wconf 68' lang='grc' dir='ltr'>διὰ</span> <span class='ocrx_word' id='word_1_898' title='bbox 3737 5044 3912 5100; x_wconf 73' lang='grc' dir='ltr'>π).ὸῦ-</span> 
     </span>
    </p>
   </div>
   <div class='ocr_carea' id='block_1_119' title="bbox 3225 5133 3910 5209">
    <p class='ocr_par' dir='ltr' id='par_1_119' title="bbox 3225 5133 3910 5209">
     <span class='ocr_line' id='line_1_120' title="bbox 3225 5133 3910 5209; baseline -0.009 -15"><span class='ocrx_word' id='word_1_899' title='bbox 3225 5133 3262 5208; x_wconf 76' lang='grc' dir='ltr'>ᾖ</span> <span class='ocrx_word' id='word_1_900' title='bbox 3326 5133 3637 5209; x_wconf 72' lang='grc' dir='ltr'>ἐφόρμησα,</span> <span class='ocrx_word' id='word_1_901' title='bbox 3693 5135 3790 5188; x_wconf 72' lang='grc' dir='ltr'>καὶ</span> <span class='ocrx_word' id='word_1_902' title='bbox 3849 5135 3910 5188; x_wconf 66' lang='grc' dir='ltr'>τὲ</span> 
     </span>
    </p>
   </div>
   <div class='ocr_carea' id='block_1_120' title="bbox 3329 5221 3498 5244">
    <p class='ocr_par' dir='ltr' id='par_1_120' title="bbox 3329 5221 3498 5244">
     <span class='ocr_line' id='line_1_121' title="bbox 3329 5221 3498 5244; baseline 0 0"><span class='ocrx_word' id='word_1_903' title='bbox 3329 5221 3419 5244; x_wconf 47' lang='grc' dir='ltr'>τηε</span> <span class='ocrx_word' id='word_1_904' title='bbox 3484 5223 3498 5244; x_wconf 60' lang='lat'>,‘</span> 
     </span>
    </p>
   </div>
   <div class='ocr_carea' id='block_1_121' title="bbox 463 5658 3892 5743">
    <p class='ocr_par' dir='ltr' id='par_1_121' title="bbox 463 5658 3892 5743">
     <span class='ocr_line' id='line_1_122' title="bbox 463 5658 3892 5722; baseline -0.011 -7"><span class='ocrx_word' id='word_1_905' title='bbox 463 5658 718 5716; x_wconf 62' lang='grc' dir='ltr'>ἂλγίθπαν</span> <span class='ocrx_word' id='word_1_906' title='bbox 796 5659 822 5682; x_wconf 83' lang='grc'><strong>”</strong></span> <span class='ocrx_word' id='word_1_907' title='bbox 1057 5667 1069 5682; x_wconf 86' lang='lat'>‘</span> <span class='ocrx_word' id='word_1_908' title='bbox 1131 5663 1184 5720; x_wconf 48' lang='grc' dir='ltr'>’Ἄ</span> <span class='ocrx_word' id='word_1_909' title='bbox 1236 5663 1316 5721; x_wconf 62' lang='grc' dir='ltr'>δ’</span> <span class='ocrx_word' id='word_1_910' title='bbox 1411 5667 1507 5722; x_wconf 78' lang='grc' dir='ltr'>ιδ</span> <span class='ocrx_word' id='word_1_911' title='bbox 1692 5669 1724 5720; x_wconf 67' lang='grc' dir='ltr'>τι</span> <span class='ocrx_word' id='word_1_912' title='bbox 1801 5689 1808 5702; x_wconf 90' lang='grc'>.</span> <span class='ocrx_word' id='word_1_913' title='bbox 1972 5666 1986 5688; x_wconf 81' lang='grc'>’</span> <span class='ocrx_word' id='word_1_914' title='bbox 2066 5664 2097 5722; x_wconf 83' lang='grc' dir='ltr'>λ</span> <span class='ocrx_word' id='word_1_915' title='bbox 2191 5671 2217 5683; x_wconf 69' lang='grc' dir='ltr'>ε·</span> <span class='ocrx_word' id='word_1_916' title='bbox 2567 5666 2586 5708; x_wconf 63' lang='grc' dir='ltr'><em>ε</em></span> <span class='ocrx_word' id='word_1_917' title='bbox 2854 5662 2884 5686; x_wconf 70' lang='grc' dir='ltr'>ν</span> <span class='ocrx_word' id='word_1_918' title='bbox 3093 5666 3118 5685; x_wconf 73' lang='grc' dir='ltr'><strong>γ</strong></span> <span class='ocrx_word' id='word_1_919' title='bbox 3247 5664 3270 5702; x_wconf 65' lang='grc' dir='ltr'>,ι</span> <span class='ocrx_word' id='word_1_920' title='bbox 3465 5665 3480 5686; x_wconf 69' lang='grc' dir='ltr'>ρ</span> <span class='ocrx_word' id='word_1_921' title='bbox 3681 5669 3708 5704; x_wconf 56' lang='grc' dir='ltr'>τ.</span> <span class='ocrx_word' id='word_1_922' title='bbox 3803 5683 3892 5702; x_wconf 32' lang='grc' dir='ltr'>Ι,</span> 
     </span>
     <span class='ocr_line' id='line_1_123' title="bbox 558 5662 3862 5743; baseline 0.001 -27"><span class='ocrx_word' id='word_1_923' title='bbox 558 5699 569 5730; x_wconf 60' lang='grc' dir='ltr'><em>ι</em></span> <span class='ocrx_word' id='word_1_924' title='bbox 611 5695 633 5716; x_wconf 68' lang='grc' dir='ltr'>ι</span> <span class='ocrx_word' id='word_1_925' title='bbox 766 5684 983 5734; x_wconf 83' lang='grc' dir='ltr'>ειπωσι,</span> <span class='ocrx_word' id='word_1_926' title='bbox 1014 5686 1080 5720; x_wconf 87' lang='grc' dir='ltr'>τα</span> <span class='ocrx_word' id='word_1_927' title='bbox 1128 5685 1152 5720; x_wconf 85' lang='grc' dir='ltr'>ο</span> <span class='ocrx_word' id='word_1_928' title='bbox 1273 5687 1324 5720; x_wconf 90' lang='grc' dir='ltr'>ια</span> <span class='ocrx_word' id='word_1_929' title='bbox 1368 5687 1474 5743; x_wconf 65' lang='grc' dir='ltr'>παρ</span> <span class='ocrx_word' id='word_1_930' title='bbox 1515 5689 1538 5729; x_wconf 94' lang='grc' dir='ltr'>ς</span> <span class='ocrx_word' id='word_1_931' title='bbox 1593 5687 1914 5738; x_wconf 59' lang='grc' dir='ltr'>ποιλσοδσιν</span> <span class='ocrx_word' id='word_1_932' title='bbox 1961 5687 2060 5721; x_wconf 89' lang='grc' dir='ltr'>ανα</span> <span class='ocrx_word' id='word_1_933' title='bbox 2105 5675 2306 5735; x_wconf 78' lang='grc' dir='ltr'>ωθηναι</span> <span class='ocrx_word' id='word_1_934' title='bbox 2359 5669 2459 5736; x_wconf 81' lang='grc' dir='ltr'>τὴν</span> <span class='ocrx_word' id='word_1_935' title='bbox 2523 5663 2794 5740; x_wconf 74' lang='grc' dir='ltr'>μ-λουσαν</span> <span class='ocrx_word' id='word_1_936' title='bbox 2855 5663 2994 5736; x_wconf 83' lang='grc' dir='ltr'>υλην</span> <span class='ocrx_word' id='word_1_937' title='bbox 3047 5685 3156 5720; x_wconf 84' lang='grc' dir='ltr'>των</span> <span class='ocrx_word' id='word_1_938' title='bbox 3216 5662 3392 5736; x_wconf 53' lang='grc' dir='ltr'>ξύλων</span> <span class='ocrx_word' id='word_1_939' title='bbox 3459 5665 3566 5720; x_wconf 80' lang='grc' dir='ltr'>υπὸ</span> <span class='ocrx_word' id='word_1_940' title='bbox 3613 5685 3714 5719; x_wconf 65' lang='grc' dir='ltr'>το.»</span> <span class='ocrx_word' id='word_1_941' title='bbox 3767 5687 3862 5720; x_wconf 62' lang='grc' dir='ltr'>συν</span> 
     </span>
    </p>
   </div>
   <div class='ocr_carea' id='block_1_122' title="bbox 465 5749 3894 5831">
    <p class='ocr_par' dir='ltr' id='par_1_122' title="bbox 465 5749 3894 5831">
     <span class='ocr_line' id='line_1_124' title="bbox 465 5749 3894 5831; baseline 0.003 -28"><span class='ocrx_word' id='word_1_942' title='bbox 465 5749 682 5825; x_wconf 80' lang='grc' dir='ltr'>άγισθαι</span> <span class='ocrx_word' id='word_1_943' title='bbox 739 5752 815 5814; x_wconf 73' lang='grc' dir='ltr'>εἷς</span> <span class='ocrx_word' id='word_1_944' title='bbox 886 5751 1186 5829; x_wconf 81' lang='grc' dir='ltr'>οἰκοδομὴν</span> <span class='ocrx_word' id='word_1_945' title='bbox 1249 5754 1304 5811; x_wconf 79' lang='grc' dir='ltr'>ἐν</span> <span class='ocrx_word' id='word_1_946' title='bbox 1354 5761 1433 5829; x_wconf 83' lang='grc' dir='ltr'>τῷ</span> <span class='ocrx_word' id='word_1_947' title='bbox 1477 5761 1613 5830; x_wconf 82' lang='grc' dir='ltr'>ναῷ.</span> <span class='ocrx_word' id='word_1_948' title='bbox 1671 5757 1771 5816; x_wconf 81' lang='grc' dir='ltr'>Καὶ</span> <span class='ocrx_word' id='word_1_949' title='bbox 1841 5757 1918 5821; x_wconf 85' lang='grc' dir='ltr'>ὡς</span> <span class='ocrx_word' id='word_1_950' title='bbox 1974 5761 2140 5814; x_wconf 81' lang='grc' dir='ltr'>ταῦτα</span> <span class='ocrx_word' id='word_1_951' title='bbox 2197 5754 2463 5829; x_wconf 72' lang='grc' dir='ltr'>ἐλάλησεν</span> <span class='ocrx_word' id='word_1_952' title='bbox 2525 5758 2553 5812; x_wconf 86' lang='grc' dir='ltr'><strong>ὁ</strong></span> <span class='ocrx_word' id='word_1_953' title='bbox 2615 5753 2847 5831; x_wconf 78' lang='grc' dir='ltr'>δαίμων,</span> <span class='ocrx_word' id='word_1_954' title='bbox 2908 5752 3025 5812; x_wconf 66' lang='grc' dir='ltr'>ἴδον</span> <span class='ocrx_word' id='word_1_955' title='bbox 3080 5757 3141 5812; x_wconf 87' lang='grc' dir='ltr'>τὸ</span> <span class='ocrx_word' id='word_1_956' title='bbox 3199 5757 3408 5828; x_wconf 79' lang='grc' dir='ltr'>πνεῦμα</span> <span class='ocrx_word' id='word_1_957' title='bbox 3463 5753 3574 5812; x_wconf 78' lang='grc' dir='ltr'>ἀπὸ</span> <span class='ocrx_word' id='word_1_958' title='bbox 3617 5758 3716 5812; x_wconf 77' lang='grc' dir='ltr'>τοῦ</span> <span class='ocrx_word' id='word_1_959' title='bbox 3767 5757 3894 5812; x_wconf 79' lang='grc' dir='ltr'>στό-</span> 
     </span>
    </p>
   </div>
  </div>
