4046 6338
242 327 410 388 1337

1398 328 1997 394 TESTAMENTUM
2041 330 2509 394 SALOMONIS.

3505 331 3662 392 £338

236 477 419 529 ματος
448 455 612 512 αὐτοῦ
637 455 892 530 ἐξελθὼν,
925 459 1186 537 ἒνέπρησε
1210 463 1301 516 τὸν
1336 458 1597 538 δρυμῶνα
1625 465 1722 518 τοῦ
1753 456 2010 532 Λιϐάνου,
2043 462 2132 518 καὶ
2165 461 2440 537 ινεπύρισε
2465 461 2638 519 πάντα
2667 464 2732 518 τὰ
2762 461 2914 536 ξύλα,
2941 463 3075 539 ἅπερ
3127 461 3204 526 εἰς
3247 461 3337 517 τὸν
3384 461 3510 516 ναὸν
3565 464 3665 517 τοῦ

234 550 381 600 Θεοῦ
412 544 634 620 ἐθέμην.

318 635 423 690 Καὶ
457 633 596 690 εἶδον
656 637 766 712 ιγὼ
826 639 1096 713 Σολομῶν
1152 641 1180 695 ὃ
1239 640 1505 712 πεποίηκε
1559 643 1620 698 τὸ
1663 647 1895 715 πνεῦμα,

2086 644 2156 700 Et
2187 644 2302 699 vidi
2333 661 2438 716 ego
2489 645 2762 702 Salomon
2814 661 2940 717 quae
2990 644 3126 699 fecit
3173 642 3441 716 spiritus,
3473 645 3530 698 et
3563 641 3664 696 ad-

244 725 342 778 καὶ
403 723 700 798 ἐθαύμασα·
769 729 859 783 καὶ
912 727 1138 802 δοξάσας
1190 731 1282 785 τὸν
1337 733 1464 786 Θεὸν
1521 733 1786 808 ἠρώτησα
1812 732 1901 786 τὸν

251 810 489 886 δαίμονα
539 815 632 870 τὸν
691 814 1076 892 δρακοντοειδῆ
1136 818 1345 895 λέγων,
1401 820 1533 876 Εἲπέ
1584 843 1699 894 μοι⁹
1757 820 1902 893 ποίῳ

246 901 473 977 ἀγγέλῳ
525 909 766 982 καταργῇ
827 907 930 976 σύς
986 909 1048 965 '0
1104 905 1160 963 δέ
1212 931 1305 982 μοι
1363 904 1488 987 ἔφη.
1530 913 1622 980 Τῷ
1678 909 1904 985 μεγάλῳ

245 989 580 1066 ἀγγέλῳτῷ
619 993 670 1049 ἐν
729 1001 810 1068 τῷ
853 995 1084 1072 δευτέρῳ
1134 998 1350 1071 οὐρανῷ
1397 999 1766 1072 καθεζομένῳ,
1825 1003 1905 1071 τῷ

241 1079 576 1154 καλουμένῳ
606 1078 847 1159 ἱϐραῖστὶ
903 1087 1170 1156 Βαζαζάο.
1207 1087 1366 1162 Κάγὼ
1398 1088 1692 1161 Σολομῶν,
1749 1087 1907 1142 ἀκού-

244 1190 345 1232 σας
393 1175 562 1226 ταῦτα
615 1172 705 1227 καὶ
769 1173 1229 1248 ἐπικαλεσάμενος
1281 1177 1372 1230 τὸν
1430 1175 1656 1252 ἄγγελον
1717 1175 1904 1244 αὐτοῦ,

237 1267 532 1342 κατέκρινα
583 1271 845 1345 μάρμαρα
887 1272 1095 1346 πρίζειν
1146 1273 1220 1334 εἷς
1268 1271 1572 1346 οἷ’κοδομήν
1628 1277 1726 1328 τοῦ
1771 1277 1903 1328 ναοῦ

235 1361 339 1410 τοῦ
398 1363 531 1412 Θεοῦ
566 1401 580 1426 ,
631 1359 720 1414 καὶ
766 1359 1072 1436 εὐλογήσας
1118 1362 1210 1417 τὸν
1264 1363 1392 1418 Θεὸν
1451 1361 1708 1418 ἐκέλευσα
1763 1382 1897 1436 παρ’

241 1446 380 1500 εἷναί
419 1468 511 1518 μοι
562 1447 744 1523 ἓτερον
804 1446 1060 1522 δαίμονα.
1119 1451 1217 1505 Καὶ
1269 1451 1404 1520 ἦλθε
1454 1453 1559 1527 πρὸ
1603 1453 1902 1527 προσώπου

246 1555 354 1606 μου
405 1531 584 1609 ἕτερον
627 1541 860 1610 πνεῦμα,
907 1538 981 1600 ὡς
1041 1541 1176 1614 γυνή
1233 1541 1326 1614 μὶν
1358 1540 1420 1596 τὸ
1475 1539 1618 1603 εἶδος
1676 1537 1900 1616 ἔχουσα·

244 1623 325 1685 εἷς
385 1622 442 1679 δὲ
480 1624 608 1688 τοὺς
661 1626 848 1700 ὤμους
906 1627 1088 1703 ἐτέρας
1146 1627 1242 1684 δύο
1298 1629 1539 1708 κεφαλάς
1571 1629 1664 1686 σῦν
1723 1630 1900 1707 χερσί·

246 1723 351 1778 Καὶ
419 1726 683 1799 ἠρώτηται
739 1727 932 1794 αὐτὴν·
994 1729 1131 1801 Λέγε
1174 1750 1288 1802 μοι,
1351 1729 1413 1784 σὺ
1461 1729 1544 1792 τίς
1598 1729 1811 1804 ehi-:91;
1848 1727 1904 1784 δὲ

251 1834 372 1885 μοι.
435 1815 578 1889 Ἐγώ
637 1813 753 1888 εἶ’μι
801 1817 1116 1892 Ἑνήψιγος,
1148 1816 1270 1887 ἤτις
1303 1819 1392 1874 καὶ
1429 1820 1785 1892 μυριώνυμος
1814 1841 1904 1874 κα-

249 1906 479 1974 Αοῦμαι·
528 1903 618 1958 καὶ
678 1906 824 1959 εἶπον
870 1905 1038 1979 αὐτῷ·
1093 1908 1181 1964 Ἐν
1239 1908 1380 1981 ποίῳ
1411 1907 1623 1983 ἀγγέλῳ
1652 1913 1899 1984 καταργῇ

2016 734 2262 789 miratus
2293 751 2445 800 sum,
2479 739 2535 790 et
2565 735 2813 790 laudans
2847 739 3027 789 Deum
3060 732 3415 804 interrogavi
3450 732 3662 786 daemo-

2015 840 2149 878 nem
2184 825 2678 879 draconiformem
2726 825 2970 878 dicens:
3008 822 3107 878 Dic
3141 823 3283 877 mihi
3335 840 3369 877 a
3418 838 3532 892 quo
3563 838 3665 875 an-

2014 913 2142 984 gelo
2175 913 2465 985 impotens
2497 912 2768 968 efticiaris
2802 917 2886 968 tu.
2935 916 3008 968 Et
3037 913 3118 967 ait
3150 928 3164 968 :
3196 914 3241 966 A
3291 927 3506 984 magno
3561 927 3664 964 an-

2015 1002 2143 1074 gelo
2175 1001 2276 1074 qui
2308 1003 2467 1057 sedet
2495 1001 2551 1056 in
2598 1003 2856 1057 secundo
2912 1001 3079 1067 ccelo,
3130 1001 3230 1072 qui
3280 1006 3520 1056 vocatur
3561 999 3668 1055 He-

2014 1091 2210 1146 braice
2241 1091 2547 1147 Bazazath.
2582 1091 2650 1145 Et
2677 1107 2781 1162 ego
2814 1090 3086 1146 Salomon
3120 1091 3241 1146 haec
3274 1089 3541 1158 audiens,
3569 1089 3670 1143 εει.

2013 1179 2207 1234 vocavi
2238 1179 2510 1252 angelum
2543 1180 2694 1250 ejus,
2727 1185 2782 1235 et
2813 1181 3197 1234 condemnavi
3250 1185 3314 1234 ut
3370 1195 3666 1234 marmora

2017 1274 2240 1324 secaret
2289 1269 2345 1324 in
2395 1269 2837 1324 aediﬁcationem
2884 1269 3086 1340 templi
3137 1269 3236 1324 Dei
3273 1285 3286 1322 :
3321 1275 3376 1323 et
3425 1268 3664 1322 benedi-

2015 1374 2151 1413 cens
2185 1363 2362 1413 Deum
2389 1359 2544 1430 jussi
2577 1363 2640 1412 ut
2671 1364 2889 1414 astaret
2921 1359 3064 1414 mihi
3115 1358 3267 1413 alius
3316 1359 3562 1412 damon.
3599 1357 3666 1412 Et

2012 1446 2170 1502 venit
2199 1447 2258 1502 in
2307 1452 2623 1518 conspectu
2670 1445 2797 1503 meo
2831 1445 2986 1502 alius
3018 1446 3262 1518 spiritus
3296 1446 3464 1517 quasi
3499 1446 3663 1500 femi-

2015 1554 2100 1591 ne:
2126 1537 2331 1592 faciem
2365 1536 2589 1592 habens
2623 1536 2680 1592 in
2715 1537 2978 1592 humeris
3021 1541 3215 1592 autem
3252 1536 3367 1590 alia
3399 1536 3514 1589 duo
3570 1551 3662 1588 ca-

2015 1625 2137 1698 pita
2166 1641 2298 1680 cum
2337 1625 2611 1681 manibus
2647 1642 2658 1680 :
2694 1630 2751 1680 et
2782 1624 3135 1696 interrogavi
3167 1640 3295 1680 eam
3331 1641 3344 1679 :
3379 1622 3478 1678 Dic
3519 1624 3664 1679 mihi

2015 1714 2148 1784 quis
2180 1713 2282 1771 sis.
2318 1714 2382 1768 Et
2413 1715 2496 1770 ait
2530 1731 2542 1769 :
2578 1715 2692 1786 Ego
2725 1729 2855 1767 sum
2886 1711 3230 1784 Enepsigos,
3269 1728 3396 1784 qua:
3427 1714 3482 1766 et
3515 1708 3663 1764 mul-

2017 1803 2089 1858 tis
2124 1803 2469 1859 nominibus
2499 1819 2690 1858 vocor.
2726 1803 2791 1857 Et
2823 1802 2940 1856 dixi
2986 1801 3036 1858 ei
3073 1819 3085 1857 :
3119 1801 3260 1866 Quis
3310 1805 3368 1856 te
3419 1799 3663 1870 angelus

2012 1891 2237 1948 viribus
2270 1891 2548 1964 frangat?
2581 1894 2712 1958 Quae
2746 1892 2828 1946 ait
2860 1907 2873 1945 :
2911 1892 3058 1958 Quid
3091 1891 3325 1959 qua’ris,
3368 1888 3509 1960 quid
3560 1905 3661 1943 cu-

245 1989 310 2044 6‘3
337 2034 352 2056 ,
417 1994 451 2060 ἡ
509 1989 564 2046 δέ
609 2015 700 2066 μοι
733 1992 860 2071 ἔφη,
891 1995 955 2049 Τί
994 1977 1210 2068 ζητεῖς,
1266 1997 1318 2051 τί
1352 1977 1624 2072 ’χρη-ζεις,
1660 1996 1770 2071 ἐγὼ
1794 1977 1895 2071 μὲν

2016 1981 2103 2052 pis
2127 1981 2155 2036 ?
2185 1985 2299 2054 Ego
2333 1986 2550 2046 mutor,
2585 1985 2648 2035 ut
2678 1981 2786 2034 dea
2810 1985 3054 2046 vocata;
3090 1985 3147 2034 et
3179 1983 3374 2033 mutor
3424 1977 3661 2042 iterum,

247 2075 667 2154 μεταϐάλλομαι
699 2084 774 2147 ὡς
821 2083 913 2138 0εᾶ
972 2083 1266 2161 λεγομένη,
1328 2087 1418 2140 καὶ
1483 2081 1899 2160 μεταϐάλλομαι

242 2168 430 2237 πάλιν,
493 2169 583 2224 καὶ
634 2172 858 2246 γίνομαι
917 2169 1098 2249 ἕτερον
1161 2171 1305 2238 εἶδος
1359 2171 1563 2249 ἔχουσα
1602 2195 1614 2208 ·
1673 2177 1760 2230 καὶ
1821 2179 1896 2249 μὴ

242 2257 484 2334 Θελησῃς
528 2262 665 2316 κατὰ
721 2267 882 2318 τοῦτο
939 2269 1142 2339 γνῶναι
1216 2264 1388 2319 πάντα
1443 2265 1510 2320 τὰ
1583 2268 1701 2320 κατ’
1756 2265 1894 2340 ὲμέ·

243 2354 374 2410 ἀλλ’
423 2356 608 2429 ἐπειδὴ
663 2359 822 2436 πάρει
878 2383 995 2434 μοι,
1046 2362 1123 2424 εἰς
1154 2367 1312 2417 τοῦτο
1344 2361 1598 2433 ἄκουσον,
1652 2364 1756 2440 ἐγὼ
1795 2386 1899 2420 πα-

247 2447 615 2521 ρακαθέζομαι
671 2453 740 2522 τῇ
791 2449 1022 2520 σελήνη,
1075 2452 1166 2506 καὶ
1199 2448 1286 2506 διὰ
1313 2456 1474 2507 τοῦτο
1503 2457 1649 2526 τρεῖς
1685 2455 1896 2528 μορφὰς

243 2535 487 2610 κατέχω·
537 2532 627 2590 ὅτε
688 2539 781 2610 μὲν
837 2539 1183 2613 μαγευομένη
1223 2541 1324 2595 ὑπὸ
1353 2545 1462 2596 τῶν
1496 2545 1698 2618 σοφῶν,
1744 2543 1896 2618 γίνο-

249 2643 349 2694 μαι
383 2623 459 2684 ὡς
510 2625 736 2698 Κρόνος·
769 2627 858 2682 ὅτε
889 2625 947 2682 δῖε
989 2627 1156 2684 πάλιν
1207 2629 1329 2704 περὶ
1387 2633 1491 2684 τῶν
1552 2631 1894 2704 καταγόντων

249 2731 337 2783 με,
361 2712 703 2787 κατέρχομαι
757 2714 848 2768 καὶ
907 2715 1167 2792 φαίνομαι
1215 2713 1362 2786 ἄλλη
1427 2719 1634 2794 μορφή·
1674 2719 1737 2772 τὸ
1799 2719 1894 2791 μὶν

237 2804 340 2853 τοῦ
400 2800 675 2876 στοιχείου
731 2802 944 2878 μέτρον,
1004 2804 1284 2876 άνίττητον
1335 2805 1426 2860 καὶ
1478 2807 1751 2882 ἀόριστον,
1807 2807 1895 2862 καὶ

243 2886 623 2964 ἀκατάργητὸν
684 2889 846 2947 ἐστιν·
910 2893 1055 2968 Ἐγὼ
1111 2899 1239 2968 γοῦν
1298 2895 1375 2958 εἷς
1410 2896 1506 2958 τὰς
1555 2902 1702 2970 τρεῖς
1756 2917 1897 2972 μορ-

245 2979 349 3056 φάς
440 2973 926 3053 μεταϐαλλομένη,
1016 2983 1356 3058 κατάρχομαι
1392 3028 1407 3054 ,
1500 2984 1591 3040 καὶ
1675 2984 1894 3061 γίνομαι

238 3076 468 3147 τοιαύτη
531 3075 701 3149 ἤνπερ
763 3078 1002 3151 βλέπεις,
1062 3085 1440 3155 καταργοῦμαι
1494 3078 1550 3136 δὲ
1581 3081 1684 3137 ὑπὸ
1740 3081 1897 3157 ἀγγέ-

240 3163 346 3220 λου
397 3165 720 3237 Ῥαοαναήλ,
777 3171 874 3222 τοῦ
932 3170 1296 3241 καθεζομένου
1355 3169 1432 3235 εἷς
1493 3169 1676 3246 τρίτον
1735 3171 1896 3246 ούρα-

237 3255 332 3307 νὸν
365 3287 433 3296 -
463 3251 554 3309 διὰ
580 3259 742 3310 τοῦτο
789 3256 881 3311 οὗν
915 3277 997 3311 σοι
1045 3254 1213 3333 λέγω·
1269 3257 1346 3315 Οὐ
1400 3256 1619 3313 δύναταί
1682 3281 1749 3332 με
1787 3279 1899 3335 χω-

241 3342 389 3416 ρίσαι
451 3344 479 3397 ὁ
531 3344 659 3407 ναὸς
715 3343 891 3406 οὗτος·
953 3345 1103 3422 κάγὼ
1145 3347 1236 3401 οῦν
1284 3345 1556 3420 Σολομῶν
1610 3346 1896 3421 εὐξάμενος
1929 3371 1970 3438 C

239 3438 324 3505 τῷ
371 3438 488 3506 Θεῷ
547 3456 674 3508 μου,
724 3437 814 3490 καὶ
873 3436 1335 3510 ἐπικαλεσάμενος
1389 3439 1483 3492 τὸν
1540 3436 1776 3513 ἄγγελον
1836 3442 1894 3494 ’ὸν

243 3530 361 3586 εἶπέ
422 3553 514 3604 μοι
581 3533 883 3602 ῬαΘαναήλ
916 3581 931 3606 ,
989 3533 1219 3603 ἐποίησα
1296 3537 1394 3604 τήν
1458 3533 1746 3614 σφραγῖδα,
1805 3537 1897 3591 καὶ

245 3622 646 3695 κατεσφράγισα
703 3621 870 3692 αὐτὴν
923 3620 1108 3677 ἁλύσει
1170 3627 1383 3698 τριττῇ,
1441 3626 1527 3680 καὶ
1589 3625 1734 3680 κάτω
1780 3623 1896 3680 δεσ-

247 3711 348 3782 μὸν
407 3716 506 3779 τῆς
565 3709 827 3773 ἁλύσεως·
889 3711 1121 3783 ἐποίησα
1167 3715 1266 3783 τήν
1319 3712 1592 3790 σφραγῖδα
1617 3719 1714 3769 τοῦ
1763 3719 1896 3770 Θεοῦ

236 3807 330 3860 καὶ
369 3807 740 3884 προεφήτευσέ
801 3829 892 3880 μοι
949 3809 1013 3863 τὸ
1071 3814 1285 3881 πνεῦμα
1333 3809 1511 3887 λέγον.
1564 3815 1738 3865 Ταῦτα
1800 3812 1894 3884 μὲν

236 3894 326 3961 σὺ,
390 3895 612 3970 βασιλεῦ
644 3895 944 3970 Σολομῶν,
987 3903 1165 3961 ποιεῖς
1217 3901 1375 3971 ἡμῖν·
1441 3900 1574 3972 μετὰ
1606 3897 1662 3954 δὲ
1692 3899 1892 3975 χρόνον

233 3985 382 4051 τινά,
439 3983 725 4060 ῥαγήσεται
785 4006 870 4040 σοι
927 3989 962 4054 ἡ
1018 3984 1265 4062 βασιλεία
1324 4008 1419 4042 σου
1470 3988 1561 4042 καὶ
1619 3989 1785 4043 πάλιν
1839 3988 1892 4044 ἐν

235 4086 414 4157 καιρῷ
475 4079 898 4160 διαφραγτςσεται
934 4084 1114 4146 ὁναὸς
1166 4084 1323 4146 οὗτος
1381 4085 1469 4139 καὶ
1529 4084 1894 4156 συνλουθήσε-

236 4192 327 4224 ται
359 4171 429 4242 (Ῡ)
489 4176 635 4225 πᾶσα
685 4171 1050 4245 Ἰερουσαλὴμ
1082 4215 1095 4239 ,
1166 4173 1271 4227 άπὸ
1349 4171 1618 4249 βασιλέως
1671 4180 1890 4251 Περσῶν

236 4259 328 4313 καὶ
387 4257 592 4328 Μήδων
623 4257 712 4312 καὶ
745 4257 1052 4314 Χαλδαίων·
1106 4261 1196 4315 καὶ
1237 4263 1304 4316 τὰ
1359 4263 1520 4334 σκεύη
1553 4263 1750 4319 τούτου
1794 4270 1892 4319 τοῦ

231 4351 384 4419 ναοῦ,
444 4348 502 4401 ’ὸν
560 4346 622 4401 σὺ
677 4353 878 4414 ποιεῖς,
939 4345 1280 4404 δουλώσουσι
1341 4353 1505 4419 Θεοῖς,
1570 4355 1688 4424 μεθ’
1723 4354 1794 4407 ὧν
1829 4352 1890 4408 ἂν

230 4446 325 4501 καὶ
374 4445 542 4500 πάντα
572 4445 639 4499 τὰ
698 4445 887 4520 ἀγγεῖα
950 4446 1001 4499 ἐν
1055 4449 1136 4508 οἷς
1193 4449 1341 4520 ἡμᾶς
1387 4448 1707 4522 κατρκλύεις
1753 4447 1893 4504 κλα-

233 4536 523 4604 σθήσονται
586 4535 689 4588 ὑπὸ
742 4539 943 4610 χειρῶν
999 4535 1301 4611 ἀνθρώπων
1338 4581 1352 4606 ,
1402 4538 1492 4592 καὶ
1547 4537 1670 4592 τότε
1723 4541 1886 4610 ἡμεῖς

2011 2075 2068 2124 et
2092 2069 2265 2124 aliam
2299 2069 2552 2142 speciem
2585 2069 2804 2136 habeo;
2841 2073 2897 2123 et
2924 2085 2993 2123 ne
3039 2069 3182 2123 velis
3213 2085 3279 2124 ex
3331 2067 3463 2122 istis
3513 2066 3663 2120 scire

2011 2159 2208 2213 omnia
2238 2176 2361 2229 qua
2387 2162 2526 2213 sunt
2556 2158 2626 2212 de
2655 2174 2782 2225 me;
2819 2157 2918 2212 sed
2953 2158 3234 2228 quoniam
3299 2156 3438 2211 ades
3491 2153 3660 2222 mihi,

2009 2253 2248 2319 propter
2276 2248 2383 2302 hoc
2417 2247 2552 2301 audi
2591 2264 2604 2300 :
2635 2251 2756 2318 Ego
2799 2245 3031 2301 assideo
3061 2245 3234 2312 lunas,
3279 2249 3333 2299 et
3375 2243 3519 2299 ideo.
3539 2247 3660 2298 tres

2010 2336 2227 2392 formas
2259 2335 2445 2391 habeo
2482 2351 2494 2390 :
2529 2335 2883 2406 quandoque
2931 2333 3170 2406 quidem
3223 2332 3470 2404 magicis
3519 2331 3659 2386 arti-

2009 2425 2119 2480 bus
2151 2425 2419 2495 subjecta
2475 2443 2509 2480 a
2569 2423 2960 2496 sapientibus,
3006 2422 3077 2478 ﬁo
3137 2421 3306 2494 quasi
3353 2421 3652 2492 Tempus;

2007 2514 2358 2585 quandoque
2391 2519 2586 2569 autem
2621 2513 2842 2569 circum
2873 2515 3231 2569 deducentes
3264 2528 3356 2567 me
3387 2511 3650 2583 ambulo,

2007 2604 2282 2659 etvideor
2315 2602 2500 2659 altera
2533 2603 2740 2669 forma,
2773 2602 3044 2658 elementi
3080 2618 3359 2657 mensura
3406 2601 3650 2657 inscibi-

2006 2692 2100 2761 lis,
2133 2691 2608 2759 indeterminata,
2645 2691 3055 2759 indomabilis;
3087 2707 3193 2763 ego
3225 2689 3404 2761 igitur
3429 2689 3486 2744 in
3533 2695 3652 2745 tres

2007 2782 2221 2837 formas
2254 2781 2590 2845 immutata,
2618 2780 2766 2835 vado
2796 2785 2852 2834 et
2880 2779 3015 2834 talis
3047 2781 3120 2835 fio
3170 2778 3406 2851 qualem
3453 2779 3652 2846 vides;

2005 2864 2232 2925 viribus
2265 2870 2502 2942 frangor
2532 2869 2603 2925 ab
2637 2867 2844 2940 angelo
2877 2867 3197 2923 Rathanael
3231 2867 3330 2938 qui
3377 2867 3540 2922 sedet
3588 2866 3648 2922 in

2006 2959 2178 3015 tertio
2211 2957 2353 3014 coelo
2381 2984 2394 3026 ;
2428 2963 2666 3032 propter
2695 2957 2801 3013 hoc
2833 2956 3014 3028 igitur
3043 2956 3172 3011 dico
3206 2955 3334 3023 tibi,
3389 2973 3502 3011 non
3558 2971 3656 3027 po-

2007 3051 2120 3102 test
2154 3064 2244 3102 me
2276 3062 2478 3118 capere
2512 3045 2794 3118 templum
2827 3045 3010 3100 istud.
3075 3049 3191 3116 Ego
3250 3044 3431 3117 igitur
3486 3043 3650 3098 Salo-

2007 3153 2142 3191 mon
2175 3154 2374 3209 preces
2403 3137 2655 3192 fundens
2687 3141 2820 3202 Deo,
2854 3134 3126 3190 advocavi
3159 3133 3432 3206 angelum
3480 3149 3648 3203 quem

2007 3226 2152 3280 dixit
2182 3225 2326 3280 mihi
2358 3223 2702 3295 Rathanael,
2758 3225 2865 3280 feci
2902 3223 3190 3280 annulum
3251 3223 3475 3294 signavi
3525 3237 3651 3276 eam

2009 3321 2213 3370 catena
2244 3315 2489 3386 triplici,
2520 3320 2577 3370 et
2608 3314 2780 3384 infra,
2815 3314 3114 3370 vinculum
3149 3317 3385 3381 catenae,
3412 3311 3519 3366 feci
3568 3311 3651 3364 si-

2009 3420 2192 3474 gnum
2226 3403 2364 3470 Dei;
2399 3408 2456 3458 et
2506 3403 2874 3474 pr0phetavit
2926 3402 3071 3457 mihi
3127 3401 3371 3472 spiritus
3402 3399 3602 3455 dicens
3635 3416 3649 3454 :

2009 3492 2137 3547 Haec
2170 3498 2254 3559 tu,
2288 3508 2384 3546 rex
2412 3491 2708 3558 Salomon,
2743 3491 2886 3547 facis
2932 3491 3143 3559 nobis;
3179 3491 3278 3546 sed
3332 3495 3464 3561 post
3511 3494 3652 3543 tem-

2009 3598 2118 3652 pus
2149 3580 2445 3652 quoddam
2478 3580 2778 3650 frangetur
2805 3596 3048 3651 regnum
3086 3585 3278 3648 tuum,
3337 3584 3393 3633 et
3441 3593 3648 3632 rursus

2006 3668 2065 3724 in
2099 3675 2360 3740 tempore
2391 3671 2681 3722 evertetur
2700 3666 2982 3738 templum
3008 3667 3255 3731 istud,et
3276 3667 3650 3720 subvertetur

2005 3758 2198 3814 omnis
2228 3757 2554 3813 Jerusalem
2589 3775 2622 3812 a
2661 3772 2794 3828 rege
2841 3760 3179 3824 Persarum,
3231 3755 3532 3810 Medorum
3589 3758 3648 3808 et

2005 3845 2434 3912 Chaldaeorum;
2467 3850 2522 3900 et
2550 3843 2746 3899 omnia
2777 3861 2916 3899 vasa
2946 3843 3149 3915 templi
3187 3843 3368 3914 hujus
3389 3843 3542 3914 quod
3585 3845 3648 3896 tu

2005 3936 2167 4004 facis,
2201 3934 2456 3989 servient
2486 3933 2618 4002 diis;
2649 3931 2943 4004 simulque
2966 3933 3165 3988 omnia
3185 3933 3422 3988 vascula
3443 3933 3501 3986 in
3525 3931 3652 4002 qui-

2001 4024 2114 4079 bus
2138 4021 2516 4079 nosincludis
2543 4022 2984 4094 confringentur
3017 4022 3286 4078 manibus
3318 4020 3646 4087 hominum;

2003 4118 2058 4169 et
2082 4118 2221 4168 tunc
2252 4111 2540 4168 exibimus
2574 4113 2630 4165 in
2665 4128 2876 4184 magna
2907 4117 3211 4184 potestate,
3235 4111 3372 4166 hinc
3403 4116 3458 4165 et
3487 4109 3645 4176 hinc,

2002 4208 2060 4258 et
2088 4202 2146 4257 in
2179 4202 2378 4257 orbem
2412 4201 2849 4272 dispergemur;
2891 4207 2948 4256 et
2989 4200 3371 4256 lustrabimus
3408 4215 3641 4256 omnem

2001 4297 2216 4348 terram
2251 4291 2435 4346 multo
2467 4295 2750 4362 tempore,
2774 4291 2957 4346 donec
2981 4291 3073 4345 Dei
3100 4290 3279 4346 Filius
3300 4290 3647 4344 extendatur

2001 4380 2059 4434 in
2091 4379 2280 4451 ligno;
2334 4395 2441 4433 nos
2482 4377 2640 4432 enim
2687 4377 2797 4432 erit
2827 4377 2960 4432 talis
3012 4393 3109 4432 rex
3158 4377 3368 4432 similis
3403 4376 3508 4447 illi,
3541 4375 3643 4446 qui

1999 4485 2204 4524 omnes
2259 4484 2364 4523 nos
2424 4467 2648 4535 domat,
2723 4466 2894 4536 cujus
2963 4471 3152 4522 mater
3218 4466 3443 4521 homini
3524 4481 3640 4520 non

1999 4556 2510 4622 commiscebitur;
2544 4561 2600 4609 et
2631 4554 2764 4625 quis
2794 4554 3043 4626 accipiat
3090 4554 3266 4610 talem
3297 4559 3643 4626 potestatem

231 4621 623 4709 ἐξελευσόμεθα
691 4621 742 4676 ἐν
801 4623 991 4697 πολλῇ
1054 4620 1276 4698 δυνάμει
1337 4620 1483 4690 ἔνθεν
1541 4628 1631 4680 καὶ
1690 4625 1834 4713 ἔνθεν
1871 4672 1885 4698 ,

2008 4647 2056 4701 in
2089 4645 2382 4718 spiritum,
2415 4643 2530 4699 nisi
2562 4643 2656 4698 hic
2690 4658 2862 4714 quem
2897 4643 3170 4714 princeps
3202 4643 3474 4698 diabolus
3517 4647 3642 4697 teu-

227 4721 319 4775 καὶ
381 4720 457 4784 εἷς
509 4721 604 4776 τὸν
661 4721 866 4793 κόσμον
925 4722 1474 4797 κατασπαρησόμεθα·
1525 4724 1615 4778 καὶ
1669 4723 1884 4794 πλανή-

2008 4741 2119 4790 tare
2150 4736 2454 4805 quaret,et
2476 4748 2590 4786 non
2619 4729 2954 4802 praevalebit
2977 4731 3258 4786 adversus
3289 4747 3446 4794 eum,
3478 4732 3647 4800 cujus

229 4831 396 4882 σομεν
429 4815 600 4865 πᾶσαν
632 4811 730 4880 τὴν
780 4809 1105 4882 οἰκουμένην
1173 4812 1340 4888 μέχρι
1398 4811 1619 4868 πολλοῦ
1675 4817 1888 4888 καιροῦ,

2008 4823 2257 4878 nominis
2289 4819 2550 4876 calculus
2581 4821 2707 4886 644,
2728 4818 2830 4890 qui
2864 4823 2952 4873 est
2977 4817 3362 4874 Emmanuel?
3406 4822 3649 4890 Pr0pter

224 4907 335 4970 ἕως
365 4909 460 4962 τοῦ
507 4911 641 4963 Θεοῦ
683 4909 710 4962 ὁ
751 4907 877 4963 Υἱὸς
929 4913 1164 4984 τανυσθῇ
1222 4910 1308 4965 ἐπὶ
1350 4909 1534 4984 ξύλου·
1601 4912 1688 4967 καὶ
1754 4912 1879 4968 ούκ-

2008 4928 2230 4979 Joc,rex
2251 4910 2798 4980 Salomon,tempus
2831 4912 2999 4963 tuum
3035 4908 3282 4973 malum,
3314 4915 3368 4964 et
3399 4909 3536 4964 anni
3561 4907 3646 4963 tui

232 4998 312 5053 ἐτι
364 4997 468 5073 γὰρ
518 4997 722 5072 γίνεται
785 5001 1033 5062 τοιοῦτος
1081 4997 1335 5072 βασιλεὺς
1391 4999 1587 5074 ὅμοιος
1629 4999 1796 5073 αύτῷ,
1847 5002 1874 5056 ὁ

2008 5002 2160 5074 pauci
2197 5005 2254 5057 et
2304 4998 2465 5066 mali,
2515 5014 2680 5054 servo
2731 5003 2832 5052 tuo
2873 4997 3141 5052 tradetur
3197 5014 3442 5070 regnum
3475 5002 3643 5051 tuum

231 5089 438 5148 πάντας
469 5089 615 5160 ἡμᾶς
644 5089 948 5162 καταργῶν,
981 5088 1043 5141 οὗ
1072 5090 1107 5157 ἡ
1161 5090 1344 5164 μήτηρ
1378 5087 1531 5165 ἀνδρὶ
1565 5089 1626 5145 οὐ
1659 5092 1969 5165 μιγήσεται,
1999 5089 2088 5144 καὶ
2117 5087 2199 5150 τίς
2221 5082 2362 5160 λάϐῃ
2390 5083 2646 5154 τοιαύτην
2679 5083 2916 5154 ἐξουσίαν
2945 5085 3082 5139 κατᾶ
3111 5083 3454 5158 πνευμάτων,
3487 5081 3530 5137 ei
3568 5083 3642 5157 μή

235 5174 464 5246 ἐκεῖνος,
497 5175 554 5231 ’ὸν
590 5176 617 5230 ὁ
648 5179 867 5248 πρῶτος
898 5169 1156 5238 διάϐολος
1191 5181 1440 5251 πειρᾶσαι
1471 5180 1692 5248 ζητήσει
1722 5178 1812 5233 καὶ
1846 5177 1945 5233 οὐκ
1976 5177 2188 5254 ἰσχύσει
2219 5176 2354 5250 πρὸς
2387 5173 2567 5228 αὐτόν·
2603 5171 2663 5227 οῦ
2693 5175 2728 5242 ἡ
2761 5175 2943 5248 ψῆφος
2972 5177 3069 5227 τοῦ
3101 5173 3365 5245 ὀνόματος
3415 5169 3568 5248 χμδ’,
3619 5172 3648 5225 ὃ

231 5262 372 5318 ἐστιν
406 5261 789 5337 Ἐμμανουήλ.
825 5263 922 5318 Διά
950 5267 1132 5336 τοῦτο,
1169 5263 1394 5341 βασιλεῦ
1427 5265 1723 5341 Σολομῶν,
1747 5269 1775 5322 ὁ
1804 5267 1994 5344 καιρός
2023 5289 2117 5322 σου
2148 5264 2408 5340 πονηρὸς,
2441 5262 2531 5318 καὶ
2561 5263 2628 5316 τὰ
2657 5257 2749 5332 ἔτη
2781 5281 2878 5316 σου
2914 5263 3082 5338 μικρᾶ
3135 5263 3222 5316 καὶ
3270 5262 3504 5336 πονηρά·
3556 5259 3644 5314 καὶ

224 5357 306 5424 τῷ
329 5349 512 5425 δούλῳ
539 5373 634 5408 σου
667 5351 954 5424 δοθήσετα,
987 5354 1022 5422 ἡ
1061 5353 1309 5429 βασιλεία
1339 5377 1456 5414 σου.

299 5441 462 5516 Κάγὼ
511 5440 805 5514 Σολομῶν,
856 5439 1088 5504 ἀκούσας
1129 5448 1318 5515 ταῦτα,
1351 5442 1574 5518 ἰδόεασα
1602 5447 1692 5502 τὸν
1753 5447 1879 5502 Θεὸν

220 5528 314 5584 καὶ
363 5530 640 5602 θαυμάσας
667 5532 775 5584 τῶν
810 5525 1088 5602 δαιμόνων
1120 5530 1215 5593 τὰς
1266 5529 1568 5609 ἀπολογίας
1616 5533 1721 5596 ἓως
1771 5537 1882 5590 τῶν

223 5613 566 5688 ἆποϐάσεων,
617 5617 881 5688 ἠπίστουν
914 5617 1120 5682 αὐτοῖς·
1159 5619 1250 5674 καὶ
1292 5619 1392 5676 οὐκ
1439 5620 1718 5677 ἐπίστευον
1766 5629 1884 5685 τοῖς

220 5705 546 5783 λεγομένοις
598 5707 687 5764 ὑπ’
737 5706 936 5766 αὐτῶν·
994 5705 1084 5764 ὅτε
1135 5705 1196 5764 δὶ
1244 5706 1534 5785 ὶγὲνοντο,
1589 5710 1711 5768 τότε
1769 5731 1885 5768 συν-

2062 5448 2180 5518 Ego
2211 5445 2504 5510 Salomon,
2538 5442 2657 5497 haec
2679 5441 2951 5511 audiens,
2971 5441 3205 5498 laudavi
3232 5441 3644 5508 Dominum,et

1993 5535 2173 5593 admit
2189 5541 2322 5590 atus
2344 5531 2767 5589 daemoniorum
2788 5531 3182 5599 defensiones,
3215 5548 3402 5603 usque
3424 5531 3494 5586 ad
3526 5531 3642 5587 exi-

1990 5630 2120 5681 tum
2154 5640 2265 5680 non
2297 5621 2608 5678 credebam
2665 5619 2772 5690 eis,
2805 5636 2912 5676 nec
2953 5621 3321 5682 conﬁdebam
3380 5621 3454 5677 iis
3512 5637 3639 5693 quas

1993 5713 2338 5772 dicebantur
2377 5708 2634 5780 abillis;
2693 5723 2829 5767 cum
2865 5714 3062 5768 autem
3111 5715 3449 5784 evenerunt,
3495 5714 3638 5769 tunc
