4046 6338
435 359 589 420 i339

1393 365 1784 429 APPENDIX
1826 367 1931 428 AD
1979 364 2444 427 MICHAELEM
2491 364 2876 427 PSELLUM.

3689 363 3846 422 1340

427 491 713 562 intellexi,
747 499 801 547 et
823 491 878 546 in
917 494 1104 547 morte
1132 509 1262 549 mea
1283 496 1489 568 scripsi
1517 503 1938 558 testamentum
1963 501 2074 556 hoc

2193 503 2320 567 ἧκα,
2381 498 2471 552 καὶ
2511 497 2561 551 ἐν
2605 501 2684 568 τῷ
2735 497 2946 568 θανάτῳ
2994 516 3098 568 μου
3157 492 3362 572 ἔγραφα
3414 496 3514 565 τήν
3575 492 3844 565 διαθηκῆν

435 599 540 653 pro
565 582 699 637 ﬁliis
723 579 986 644 Israel,et
1012 582 1265 654 dedieis,
1295 591 1358 641 ut
1387 588 1576 644 sciant
1609 597 1927 662 potestates
1959 592 2074 646 dte-

435 687 696 740 monum,
751 677 809 724 et
866 671 1086 726 formas
1145 689 1371 744 eorum,
1431 685 1490 733 et
1545 682 1784 736 nomina
1837 680 2075 753 angelo-

437 777 566 815 rum
619 779 651 815 a
695 761 912 831 quibus
970 763 1287 820 domantur
1335 769 1666 838 daemones;
1723 775 1779 826 et
1829 771 2078 826 laudans

437 849 750 904 Dominum
777 849 959 905 Deum
989 851 1188 916 Israel,
1211 856 1364 924 jussi
1398 861 1462 911 ut
1488 858 1808 914 vinciretur
1849 861 2076 915 daemon

435 939 685 994 vinculis
709 939 1154 997 insolubilibus.
1189 944 1255 998 Et
1283 945 1660 1005 benediciens
1691 950 1898 1016 Deum,
1925 947 2078 1020 jussi

433 1033 498 1084 ut
527 1029 759 1083 adesset
783 1029 924 1084 mihi
962 1031 1114 1086 alius
1137 1032 1648 1103 spiritus.Etvenit
1679 1039 1738 1092 in
1763 1043 2076 1110 conspectu

434 1135 562 1173 meo
595 1117 746 1174 alius
776 1119 1002 1174 daemon
1031 1120 1254 1177 habens
1286 1125 1538 1194 speciem
1585 1128 1876 1197 posterius
1919 1129 2075 1198 equi,

433 1217 695 1272 anterius
727 1223 920 1272 autem
949 1219 1148 1288 piscis,
1174 1225 1230 1276 et
1260 1239 1366 1276 vox
1397 1229 1521 1278 erat
1551 1225 1600 1280 ei
1635 1242 1868 1298 magna,
1904 1230 1961 1281 et
1991 1226 2076 1280 di-

431 1307 518 1362 xit
550 1307 691 1361 mihi
727 1324 740 1360 :
777 1307 894 1361 Rex
923 1307 1220 1380 Salomon,
1253 1327 1357 1383 ego
1381 1315 1623 1384 spiritus
1657 1317 1920 1370 marinus
1943 1333 2074 1371 sum

435 1396 822 1467 perniciosus,
875 1401 934 1452 et
979 1397 1234 1455 delector
1285 1402 1342 1456 in
1393 1421 1534 1459 auro
1567 1409 1623 1460 et
1655 1410 1938 1474 argento;
1971 1421 2076 1476 ego

435 1485 591 1540 enim
623 1485 758 1540 talis
782 1504 912 1542 sum
937 1487 1181 1558 spiritus
1213 1507 1556 1564 exsurgens,
1587 1501 1644 1549 et
1667 1497 1878 1550 vadens
1903 1511 2080 1566 super

435 1592 571 1631 arva
600 1577 850 1647 aequorei
885 1578 1084 1646 maris,
1144 1585 1198 1634 et
1254 1583 1494 1653 expedio
1549 1585 1888 1656 navigantes
1921 1586 1978 1640 in
2012 1603 2080 1640 ea

431 1665 622 1734 viros;
657 1667 840 1720 excito
872 1667 1024 1722 enim
1085 1670 1378 1741 meipsum
1430 1673 1488 1726 in
1543 1673 1754 1730 fluctus
1796 1680 1852 1729 et
1883 1681 2077 1730 trans-

431 1759 666 1820 mutor;
701 1754 896 1810 insilio
928 1761 985 1811 et
1011 1757 1390 1829 ingrediorin
1425 1763 1711 1830 navibus;
1747 1763 1940 1819 ethoc
1990 1767 2079 1818 est

433 1860 582 1914 opus
616 1859 807 1899 meum
835 1845 1146 1917 colligendi
1171 1849 1406 1906 divitias
1427 1856 1482 1905 et
1514 1851 1818 1919 homines;
1857 1853 2075 1923 accipio
2109 1881 2153 1945 Β

431 1934 608 2002 cnim,
639 1937 694 1987 et
715 1933 920 2002 excito,
954 1941 1011 1990 et
1042 1938 1280 2008 projicio
1307 1939 1574 1996 homines
1601 1959 1631 1996 e
1663 1943 1841 2008 mari;
1875 1945 1956 1998 sic
1977 1943 2074 1997 de-

428 2021 623 2078 sidero
655 2039 918 2094 corpora,
945 2026 1048 2080 sed
1095 2027 1335 2096 projicio
1367 2045 1434 2083 ea
1483 2035 1646 2084 extra
1696 2047 1855 2086 mare
1887 2047 2075 2102 usque

431 2127 607 2166 nunc.
638 2113 924 2176 Quoniam
957 2113 1259 2168 Beelzebul
1291 2117 1590 2187 imperans
1640 2118 1813 2174 aeriis
1857 2118 2074 2188 spiriti-

431 2202 543 2256 bus
573 2205 630 2255 ct
683 2201 904 2272 inferis,
939 2207 997 2257 et
1027 2205 1396 2259 terrenorum
1440 2207 1714 2262 dominus
1766 2212 1822 2262 et
1873 2211 2078 2279 regnat

433 2289 492 2343 in
527 2306 730 2344 omnes
771 2292 1240 2362 uniuscujusque
1287 2299 1558 2350 nostrum
1613 2297 1911 2366 actiones;
1943 2313 2076 2368 pro-

435 2384 563 2450 pter
581 2377 690 2433 hoc
714 2379 859 2434 exivi
885 2397 918 2434 a
945 2379 1150 2451 pelago
1175 2386 1238 2436 ut
1260 2383 1574 2438 consilium
1595 2386 1876 2457 accipiam
1898 2386 1970 2440 ab
1989 2403 2073 2454 eo;

433 2477 621 2532 habeo
653 2481 846 2532 autem
871 2477 1044 2533 aliam
1076 2479 1322 2550 gloriam
1347 2487 1404 2536 et
1425 2484 1852 2553 Operationem;
1887 2487 2077 2539 trans-

435 2569 632 2620 mutor
663 2566 720 2620 in
755 2573 953 2634 azstus,
979 2573 1036 2622 et
1065 2585 1200 2624 exeo
1223 2587 1254 2625 e
1281 2572 1452 2639 mari,
1475 2577 1532 2627 et
1563 2573 1808 2628 ostendo
1847 2589 1938 2628 me
1969 2573 2078 2627 ho-

434 2653 719 2724 minibus,
735 2659 798 2709 ut
819 2659 984 2710 terrae
1007 2656 1208 2712 incolae
1234 2665 1438 2716 vocent
1461 2679 1552 2716 me
1573 2662 1748 2718 Canis
1767 2663 2078 2733 templum,

435 2743 575 2814 quia
635 2743 919 2800 immutor
965 2745 1025 2800 in
1075 2746 1374 2803 hominem
1411 2767 1423 2804 :
1459 2766 1660 2804 verum
1710 2757 1802 2806 est
1866 2767 2078 2806 nomen

438 2847 658 2900 meum;
697 2849 974 2889 nauseam
1001 2835 1256 2891 immitto
1288 2854 1392 2909 per
1421 2855 1732 2894 ascensum
1785 2856 1981 2894 meum
2019 2840 2078 2895 in

438 2921 728 2990 homines;
763 2923 890 2977 veni
922 2925 1104 2996 igitur
1148 2925 1205 2980 in
1260 2925 1572 2982 consilium
1607 2927 1888 2999 principis
1918 2927 2081 2984 Beel-

433 3011 624 3075 zebul,
686 3016 742 3066 et
807 3012 1063 3082 alligavit
1092 3031 1204 3084 me,
1257 3019 1314 3071 et
1364 3017 1611 3071 tradidit
1657 3033 1752 3072 me
1783 3017 1840 3071 in
1874 3033 2083 3072 manus

437 3103 592 3166 tuas,
625 3104 682 3155 et
713 3117 817 3172 ego
849 3103 1062 3158 adsum
1087 3120 1282 3170 coram
1316 3109 1372 3160 te
1401 3121 1503 3176 per
1533 3105 1794 3176 sigillum
1826 3105 2006 3172 istud,
2028 3111 2084 3162 et

433 3192 495 3242 tu
533 3204 626 3243 me
657 3190 1022 3262 interrogas;
1057 3207 1187 3247 ecce
1219 3209 1375 3248 nunc
1417 3194 1532 3248 duo
1565 3198 1622 3248 et
1648 3198 1769 3249 tres
1799 3194 1946 3261 dies,
1977 3195 2083 3250 de-

436 3276 580 3330 sinit
621 3282 830 3333 ventus
881 3278 1064 3350 loqui,
1095 3296 1160 3336 eo
1202 3282 1358 3351 quod
1393 3299 1506 3337 non
1543 3283 1751 3338 habeat
1785 3299 1872 3338 me
1904 3300 2078 3355 aqua.

435 3365 503 3419 Et
533 3366 648 3420 dixi
681 3383 782 3437 ego
806 3367 856 3421 ei
901 3385 914 3423 :
947 3371 992 3422 A
1023 3385 1139 3440 quo
1173 3371 1378 3442 angelo
1423 3370 1769 3442 impotentia
1812 3371 2082 3444 plecteris

431 3454 534 3508 tu?
566 3455 633 3510 Et
657 3455 738 3510 ait
783 3475 800 3510 :
851 3458 956 3512 Per
1011 3458 1266 3514 Jameth.
1321 3461 1388 3514 Et
1437 3477 1542 3532 ego
1574 3460 1825 3517 laudans
1873 3462 2080 3532 Deum,

423 3543 580 3614 jussi
609 3545 1000 3616 utinjicerent
1032 3548 1356 3604 daemonem
1389 3548 1449 3603 in
1483 3548 1764 3620 phialam,
1809 3554 1866 3605 et
1911 3551 2082 3605 unda:

437 3633 616 3689 maris
650 3651 956 3691 mensuras
987 3638 1186 3692 decem
1221 3642 1595 3694 mensuratas
1643 3639 1756 3707 bis,
1785 3643 1841 3694 et
1897 3638 2083 3710 sepivi

429 3738 670 3778 sursum
705 3725 1322 3792 marmore,bitumine
1344 3732 1399 3782 et
1419 3727 1578 3798 pisce
1606 3727 1663 3781 in
1699 3744 1762 3782 os
1794 3727 2082 3800 angeli,et

434 3827 566 3866 cum
599 3813 927 3884 signassem
960 3815 1378 3885 annulo,jussi
1415 3820 1475 3870 ut
1508 3820 1823 3887 poneretur
1853 3816 1910 3871 in
1936 3821 2081 3872 tem-

435 3900 529 3972 plo
555 3901 688 3972 Dei;
721 3907 776 3958 et
803 3905 1076 3960 mandavi
1109 3907 1174 3959 ut
1204 3905 1438 3960 adesset
1462 3905 1604 3960 mihi
1631 3905 1782 3962 alius
1813 3906 2083 3978 spiritus.

433 3999 504 4053 Et
531 4000 690 4056 venit
721 4001 778 4056 in
811 4006 1128 4074 conSpectu
1169 4019 1294 4058 meo
1327 4003 1384 4058 in
1418 4003 1760 4058 servitutem
1812 4004 2083 4060 redactus

434 4088 585 4144 alius
611 4091 856 4160 spritus,
889 4091 1151 4147 hominis
1185 4091 1413 4147 habens
1444 4092 1650 4148 faciem
1683 4093 2079 4164 tenebrosam,

439 4178 640 4233 oculos
673 4177 956 4246 lucentes,
981 4185 1039 4236 et
1067 4180 1127 4235 in
1164 4197 1345 4236 manu
1379 4181 1569 4236 ferens
1593 4181 1889 4253 gladium;
1915 4186 1971 4237 et
1994 4182 2082 4237 in-

437 4268 726 4338 terrogavi
759 4285 894 4323 eum
931 4287 943 4324 :
975 4269 1060 4324 Tu
1107 4269 1242 4341 quis
1291 4271 1427 4325 est?
1457 4269 1566 4335 Qui
1618 4271 1698 4324 ait
1733 4287 1746 4324 :
1781 4271 1896 4341 Ego
1951 4287 2082 4326 sum

439 4357 684 4426 spiritus
716 4361 922 4427 potens
953 4357 1210 4414 hominis
1236 4359 1494 4430 gigantis
1524 4359 1582 4414 in
1615 4359 1769 4414 caede
1801 4359 2082 4428 defuncti,

439 4450 700 4514 tempore
731 4445 1220 4516 gigantium.Dixi
1238 4447 1288 4501 ei
1313 4463 1325 4500 :
1350 4448 1552 4502 Indica
1585 4447 1730 4502 mihi
1763 4449 1904 4518 quid
1947 4465 2088 4520 agas

440 4533 699 4602 interra,
729 4537 784 4588 et
811 4551 926 4605 quo
961 4535 1159 4590 sedem
1191 4535 1428 4591 habeas.
1462 4535 1568 4599 Qui
1602 4539 1683 4591 ait
1712 4552 1724 4592 :
1758 4537 1934 4592 Sedes
1957 4553 2088 4593 mea

2183 587 2385 657 ταύτην
2419 588 2554 662 πρὸς
2605 585 2733 650 τοὺς
2790 585 2940 647 υἱοὺς
2979 583 3225 660 Ἰσραήλ,
3279 585 3369 639 καὶ
3403 582 3580 639 ἔδωκα
3635 585 3847 654 αὐτοῖς,

2187 677 2325 731 ὥστε
2381 674 2578 732 εἰδέναι
2639 676 2732 736 τας
2797 672 3054 747 δυνάμεις
3113 679 3219 728 τῶν
3273 671 3550 746 δαιμόνων
3603 675 3694 728 καὶ
3755 675 3848 736 τὰς

2191 767 2405 842 μορφάς
2461 764 2658 834 αὐτῶν,
2709 763 2800 818 καὶ
2847 763 2915 818 τὰ
2961 763 3202 836 ὀνόματα
3233 762 3408 817 αὐτῶν
3439 767 3548 816 τῶν
3593 761 3848 838 ἀγγέλων

2188 854 2238 909 ἰν
2293 857 2374 915 οἷς
2423 858 2814 928 καταργοῦνται
2861 853 2912 906 οἱ
2961 848 3242 923 δαίμονες·
3302 851 3392 906 καὶ
3451 849 3678 922 δοξάσας
3737 849 3848 906 K5-

2190 963 2307 1020 ριον
2379 943 2470 996 τὸν
2551 942 2678 997 Θεὸν
2756 939 3000 1016 Ἰσραὴλ,
3065 937 3323 994 ἐκέλευσα
3377 937 3736 1013 περιδεθῆναι
3787 940 3848 992 τὸ

2186 1037 2399 1104 πνεῦμα
2457 1028 2680 1103 δεσμοῖς
2741 1029 2986 1092 ἆΛύτοις.
3049 1030 3146 1082 Καὶ
3205 1029 3512 1104 εὐλόγησας
3551 1030 3644 1082 τὸν
3685 1029 3846 1096 Θεὸν,

2188 1129 2443 1185 ἐκέλευσα
2519 1134 2766 1204 παρεῖναι
2824 1125 3008 1202 ἕτερον
3081 1131 3332 1199 πνεῦμα·
3400 1127 3484 1180 καὶ
3539 1125 3682 1194 ἦλθε
3741 1127 3848 1200 πρὸ

2189 1217 2486 1294 προσώπου
2547 1240 2654 1292 μου
2711 1215 2892 1292 ἕτερον
2956 1211 3236 1289 δαιμόνιον
3281 1213 3411 1292 ἔχον
3466 1216 3564 1284 τήν
3627 1216 3850 1290 μορφὴν

2189 1305 2487 1381 ἔμπροσθεν
2543 1305 2740 1375 Ἵππου,
2803 1305 3020 1370 ὄπισθεν
3077 1303 3133 1360 δὲ
3179 1304 3394 1380 ἰχθύος,
3444 1303 3534 1358 καὶ
3567 1305 3728 1380 τρωνή
3779 1305 3846 1370 ἦν

2189 1395 2334 1468 αὐτῷ
2384 1396 2618 1471 μεγάλη,
2667 1395 2756 1450 καὶ
2789 1393 2944 1470 ἔλεγε
2973 1395 3108 1470 πρὸς
3143 1415 3228 1467 με·
3264 1393 3500 1450 Βασιλεῦ
3543 1392 3846 1465 Σολομῶν,

2190 1485 2298 1560 ἐγὼ
2329 1491 2540 1558 πνεῦμα
2597 1483 2885 1550 θαλάσσιον
2934 1483 3048 1557 ιῗμὶ
3110 1481 3377 1558 χαλεπὸν,
3419 1483 3508 1536 καὶ
3561 1479 3849 1556 ἀποδέχο-

2192 1597 2286 1648 μαι
2318 1573 2370 1629 ἐν
2407 1579 2594 1651 χρυσῷ
2625 1575 2710 1629 καὶ
2746 1573 2989 1650 ἀργύρῳ·
3050 1573 3159 1648 ἐγὼ
3223 1577 3468 1627 τοιοῦτον
3533 1572 3650 1644 εἰμὶ
3691 1576 3856 1625 πνεῦ-

2191 1685 2264 1736 μα
2297 1661 2694 1740 διεγειρόμενον
2756 1664 2844 1718 καὶ
2902 1662 3200 1738 ἐρχόμενον
3260 1661 3346 1716 ἰπὶ
3407 1663 3472 1715 τά
3533 1659 3852 1732 ἆπλώματα

2185 1759 2281 1808 τοῦ
2339 1752 2532 1816 ὕδατος
2578 1761 2679 1822 τῆς
2739 1752 3012 1822 θαλάσσης
3047 1795 3060 1820 ,
3127 1753 3220 1806 καὶ
3277 1748 3550 1820 ἐκποδίζω
3606 1748 3740 1810 τοὺς
3799 1747 3852 1802 ἐν

2187 1844 2324 1916 αὐτῇ
2383 1841 2654 1907 πλέοντας
2735 1841 3097 1916 ἀνθρώπους·
3159 1839 3391 1916 διεγῦρω
3445 1840 3546 1916 γάρ
3605 1838 3848 1912 ἐμαυτὸν

2185 1933 2262 1994 εἷς
2305 1937 2453 2004 κῦμα
2511 1932 2600 1987 καὶ
2655 1935 3133 2005 μεταμορφοῦμαι,
3195 1931 3464 2005 ἑπιρῖπτω
3521 1930 3610 1984 καὶ
3665 1930 3846 1982 ἐπεισ-

2186 2022 2424 2096 έρχομαι
2472 2026 2589 2082 τοῖς
2621 2019 2856 2082 πλοίοις.
2893 2021 2994 2076 Καὶ
3026 2016 3159 2088 αὕτη
3215 2040 3320 2092 μου
3351 2018 3490 2072 ἐστὶν
3553 2021 3588 2086 ἡ
3621 2017 3846 2092 Errat?“

2183 2115 2280 2164 τοῦ
2336 2106 2693 2184 ὑποδέχεσθαι
2743 2109 2809 2163 τεὶ
2868 2111 3130 2183 χρήματα
3173 2109 3264 2162 καὶ
3315 2107 3444 2169 τοὺς
3495 2107 3844 2180 ἀνθρώπους·

2187 2194 2452 2272 λαμϐάνω
2495 2200 2595 2273 γὰρ
2644 2199 2733 2252 καὶ
2789 2195 3144 2271 διεγείρομαι,
3205 2197 3292 2252 καὶ
3357 2195 3662 2272 διαρῥίπτω
3713 2195 3846 2256 τοὺς

2185 2289 2506 2364 ἀνθρώπους
2555 2287 2658 2341 ἀπὸ
2714 2293 2815 2356 τῆς
2864 2285 3144 2356 θαλάσσης
3178 2305 3192 2318 ·
3257 2283 3432 2347 οὕτως
3485 2285 3602 2357 εἰμὶ
3654 2283 3848 2339 ἐπιθυ-

2191 2381 2306 2451 μῶν
2337 2376 2624 2448 σωμάτων·
2687 2375 2814 2430 ἀλλ’
2847 2374 3083 2446 ἐκρίπτω
3135 2374 3268 2429 αὖτᾶ
3325 2372 3424 2444 ἔξω
3475 2377 3576 2438 τῆς
3633 2371 3842 2426 θαλασ-

2187 2487 2288 2535 σης
2341 2461 2444 2527 ἕως
2502 2469 2599 2520 τοῦ
2659 2461 2840 2538 δεῦρο.
2912 2462 3133 2532 Ἐπειδή
3177 2461 3234 2518 δὲ
3281 2458 3624 2532 Βεελζεῦοὺλ
3659 2464 3850 2536 ἅρχων

2187 2562 2292 2611 τῶν
2336 2555 2533 2631 ἀερίων
2584 2561 2909 2629 πνευμάτων
2967 2557 3058 2611 καὶ
3105 2555 3504 2630 καταχθονίων,
3565 2553 3656 2608 καὶ
3731 2553 3850 2607 ἐπι-

2188 2643 2347 2722 γείων
2406 2645 2659 2714 δεσπότα,
2692 2645 2782 2700 καὶ
2831 2641 3219 2718 συμϐασιλεύει
3271 2643 3348 2705 εἷς
3401 2645 3496 2704 τὰς
3545 2643 3662 2704 ἑνὸς
3723 2641 3846 2696 ἐκά-

2191 2757 2318 2790 στου
2377 2738 2537 2808 ἡμῶν
2596 2734 2838 2810 πράξεις·
2900 2732 2989 2788 διὰ
3045 2737 3208 2788 τοῦτο
3265 2733 3418 2808 κάγὼ
3475 2727 3674 2802 ἀνέϐην
3739 2731 3846 2784 ἀπὸ

2187 2841 2286 2902 τῆς
2347 2831 2644 2904 θαλάσσης·
2707 2833 2892 2906 σκέψιν
2941 2832 3066 2886 τινὰ
3122 2827 3306 2886 λαϐεῖν
3357 2833 3486 2906 παρ’
3513 2829 3690 2901 αὐτῷ·
3733 2825 3848 2904 ἔχω

2191 2920 2248 2977 δὲ
2303 2921 2393 2976 καὶ
2451 2922 2632 2997 ἑτέραν
2693 2919 2847 2992 δόξαν
2903 2921 2993 2976 καὶ
3069 2921 3302 2996 πρᾶξιν·
3382 2923 3850 2996 μεταμορφοῦμαι

2191 3011 2266 3074 εἷς
2325 3012 2594 3085 καύματα,
2653 3010 2741 3065 ααὶ
2800 3009 3107 3085 ἀνέρχομαι
3139 3011 3243 3064 ἀπὸ
3274 3016 3372 3078 τῆς
3398 3009 3700 3077 θαλάσσης,
3753 3009 3844 3062 καὶ

2191 3099 2419 3157 δεικνύω
2495 3101 2726 3175 ἐμαυτὸν
2804 3107 2922 3162 τοῖς
2991 3102 3319 3178 ἀνθρώποις,
3370 3101 3444 3160 ὡς
3503 3101 3554 3154 οἱ
3609 3099 3842 3173 ἐπίγειοι

2193 3190 2420 3246 καλοῦσί
2483 3212 2567 3264 με,
2618 3191 2948 3246 κυνόπαστον
3001 3193 3190 3262 (810?),
3249 3189 3330 3244 ὅτι
3388 3192 3846 3266 μεταμορφοῦμαι

2195 3279 2272 3342 εἷς
2329 3276 2633 3355 ἄνθρωπον·
2697 3279 2807 3334 ἐστι
2869 3301 2962 3352 μοι
3019 3280 3080 3333 τὸ
3128 3274 3304 3351 ὄνομα
3361 3277 3590 3348 ἀληθές·
3627 3277 3850 3330 ναυτίαν

2191 3366 2247 3423 δὲ
2304 3368 2628 3444 ἀποστέλλω
2683 3369 2806 3424 τινὰ
2877 3367 2966 3423 διὰ
3019 3374 3119 3437 τῆς
3179 3364 3375 3422 ἀνόδου
3425 3387 3531 3439 μου
3591 3366 3670 3427 εἷς
3721 3365 3852 3428 τοὺς

2191 3458 2531 3534 ἀνθρώπους·
2575 3457 2750 3526 ἦλθον
2781 3455 2873 3512 οὗν
2925 3457 3003 3518 εἷς
3031 3459 3130 3526 τήν
3165 3451 3484 3530 συμϐουλὴν
3515 3459 3614 3510 τοῦ
3645 3453 3854 3529 ἄρχον-

2188 3567 2282 3604 τος
2328 3542 2668 3615 Βεελζέϐοὖλ
2702 3566 2715 3580 ·
2773 3547 2864 3601 καὶ
2915 3544 3192 3620 ἒδέσμωσέ
3261 3566 3328 3618 με
3401 3545 3492 3599 καὶ
3563 3541 3852 3617 παρέδωκέ

2195 3656 2258 3708 με
2318 3635 2395 3697 εἷς
2453 3636 2546 3697 τὰς
2605 3637 2796 3712 ’χεῖράς
2855 3655 2972 3689 σου·
3031 3634 3184 3710 κάγὼ
3235 3635 3487 3708 παρέστιν
3549 3635 3676 3707 (sic)
3720 3631 3846 3687 ἰνώ-

2191 3723 2316 3778 πιὸν
2371 3745 2466 3778 σου
2524 3721 2612 3778 διὰ
2640 3732 2742 3794 τῆς
2773 3721 3066 3802 σφραγῖδος
3121 3722 3345 3792 ταύτης·
3385 3723 3472 3776 καὶ
3513 3723 3576 3776 σὺ
3621 3726 3714 3776 νῦν
3755 3722 3850 3796 βα-

2193 3813 2424 3882 σανίζεις
2475 3833 2558 3885 με·
2613 3810 2731 3868 ἰδοὺ
2761 3817 2852 3867 νῦν
2886 3810 2982 3868 δύο
3024 3811 3113 3866 καὶ
3165 3817 3332 3888 τριῶν
3387 3814 3618 3884 ἡμερῶν
3665 3808 3850 3864 ἐκλει-

2189 3923 2278 3956 πει
2326 3902 2389 3956 τὸ
2441 3906 2654 3974 πνεῦμα
2699 3903 2761 3957 τὸ
2795 3899 2999 3956 λαλοῦν
3033 3898 3207 3955 διὰτὸ
3241 3901 3316 3972 μή
3347 3897 3491 3974 ἔχειν
3548 3919 3616 3972 με
3675 3896 3846 3974 ὕδωρ.

2192 3999 2358 4074 Κάγὼ
2405 3999 2551 4052 εἶπον
2605 3997 2773 4070 αὐτῷ·
2819 3997 2953 4074 Λέγε
3006 4019 3097 4070 μοι
3139 3997 3284 4070 ποίῳ
3331 3994 3546 4073 ἀγγέλῳ
3595 3999 3848 4070 καταργῇ

2193 4087 2276 4141 σύ·
2338 4089 2365 4142 ὁ
2419 4084 2476 4141 δὲ
2526 4084 2647 4164 ἔφη·
2706 4087 2804 4142 Διὰ
2849 4092 2946 4142 τοῦ
2998 4089 3216 4160 Ἰάμεθ,
3267 4087 3426 4161 Κάγὼ
3475 4081 3706 4155 δοξάαας
3757 4083 3848 4138 τὸν

2192 4177 2344 4249 Θεὸν,
2397 4174 2651 4231 ἐκέλευσα
2685 4177 2758 4238 εἰς
2789 4175 2992 4250 φιάλην
3045 4173 3316 4250 βληθῆναι
3366 4175 3428 4228 τὸ
3475 4177 3712 4246 πνεῦμα,
3763 4173 3850 4228 καὶ

2193 4263 2384 4328 ὕδατος
2441 4264 2738 4320 θαλασσίου
2795 4263 2963 4340 δοχὰς
3009 4261 3135 4318 δέκα
3193 4263 3580 4336 ἀναμετρητῶν
3635 4263 3704 4335 β’,
3763 4261 3850 4316 καὶ

2191 4354 2517 4431 περιέφραξα
2585 4353 2767 4408 ἐπάνω
2849 4352 3149 4428 μαρμάρων
3217 4353 3307 4406 καὶ
3385 4349 3680 4428 iacti).th
3767 4353 3856 4406 καὶ

2191 4443 2390 4513 πίσσης
2443 4443 2518 4504 εἷς
2575 4444 2638 4498 τὸ
2691 4444 2867 4515 στόμα
2920 4447 3016 4497 τοῦ
3075 4439 3340 4517 ἀγγέλου,
3397 4441 3484 4495 καὶ
3545 4440 3852 4518 σφραγίσας

2189 4537 2270 4603 τῷ
2326 4529 2659 4604 δακτυλιδίῳ
2735 4529 2992 4587 ἐκέλευσα
3049 4532 3380 4600 ἀποτεθῆναι
3440 4528 3518 4592 εἷς
3573 4530 3668 4584 τὸν
3725 4531 3852 4584 ναὸν

439 4623 500 4676 in
533 4622 814 4678 uberibus
845 4622 1029 4692 locis;
1063 4624 1322 4694 operatio
1371 4629 1570 4680 autem
1621 4641 1752 4680 mea
1781 4625 1904 4680 haec
1937 4644 1953 4680 :
1985 4642 2079 4682 se-

2190 4625 2286 4676 τοῦ
2315 4625 2471 4677 Θεοῦ·
2511 4622 2597 4676 καὶ
2651 4619 2908 4676 ἐκέλευσα
2965 4620 3210 4694 παρεῖναί
3249 4640 3342 4691 μοι
3381 4615 3566 4694 ἓτερον
3613 4623 3846 4690 πνεῦμα.

443 4713 550 4768 deo
603 4713 774 4782 juxta
823 4713 1218 4783 ingredientes
1251 4713 1522 4770 homines
1570 4714 1630 4769 in
1679 4719 2082 4783 monumenta,

440 4805 498 4856 et
531 4801 588 4855 in
623 4800 878 4857 tenebris
925 4803 1314 4858 trausformor
1355 4802 1414 4857 in
1463 4803 1582 4858 vita
1624 4804 1878 4870 functos,
1930 4807 1986 4859 et
2035 4803 2085 4858 si

437 4889 877 4961 apprehendero
909 4889 1189 4962 aliquem,
1225 4908 1361 4947 mox
1389 4909 1528 4947 ense
1559 4893 1871 4964 transﬁgo;
1901 4894 1950 4948 si
1982 4911 2086 4948 au-

435 4983 554 5035 tem
591 4997 705 5034 non
735 4985 978 5051 potuero
1007 4980 1472 5052 apprehendere,
1523 4980 1668 5051 facio
1709 4986 1776 5036 ut
1805 4981 2084 5050 insaniat,

437 5073 495 5123 et
523 5085 731 5124 carnes
762 5085 901 5124 suas
931 5069 1218 5135 comedat,
1239 5073 1298 5123 et
1316 5073 1505 5124 vestes
1533 5068 1738 5124 lacerae
1768 5087 1801 5124 a
1833 5069 2085 5138 maxillis

438 5157 566 5229 ejus
598 5158 880 5214 deﬂuant.
917 5158 1040 5213 Dixi
1071 5158 1122 5212 ei
1157 5175 1169 5214 :
1201 5157 1362 5212 Time
1395 5163 1574 5212 Deum
1608 5158 1736 5212 cceli
1788 5163 1845 5213 et
1893 5163 2083 5228 terrae,

439 5250 496 5301 et
552 5247 747 5302 indica
801 5247 946 5302 mihi
988 5247 1121 5318 quis
1171 5251 1230 5302 te
1279 5245 1526 5318 angelus
1555 5245 1854 5300 imbellem
1889 5245 2081 5300 faciat.

436 5343 544 5407 Qui
579 5343 693 5398 ait:
725 5343 818 5399 Me
845 5345 1042 5416 dejicit
1090 5343 1351 5399 Salvator
1377 5343 1476 5414 qui
1510 5343 1744 5398 futurus
1770 5347 1860 5398 est
1889 5342 2081 5407 homo,

441 5433 612 5503 cujus
643 5433 876 5504 signum
923 5435 982 5488 in
1033 5433 1224 5489 fronte
1251 5432 1301 5488 si
1354 5431 1490 5504 quis
1539 5431 1859 5504 scripserit,
1895 5431 2085 5486 vincet

437 5536 550 5588 me,
583 5525 640 5576 et
667 5521 909 5578 territus
939 5522 1000 5577 in
1029 5523 1228 5595 fugam
1276 5525 1470 5576 vertar
1499 5519 1706 5588 citius;
1751 5525 1809 5576 et
1858 5519 1968 5576 hoc
1999 5521 2080 5576 si-

439 5622 621 5678 gnum
653 5609 702 5664 si
726 5610 860 5680 quis
889 5610 1212 5683 scripserit,
1251 5609 1536 5666 terrebor.
1569 5610 1640 5666 Et
1670 5609 1791 5665 hac
1835 5607 2083 5664 audiens

437 5711 545 5767 ego
573 5697 870 5769 Salomon,
903 5704 962 5756 et
990 5699 1241 5758 laudans
1259 5699 1444 5757 Deum
1465 5697 1726 5758 conclusi
1754 5697 2080 5756 daemonem

2194 4710 2292 4765 Καὶ
2341 4707 2478 4780 ἦλθε
2533 4709 2639 4784 πρὸ
2688 4709 2985 4786 προσώπου
3049 4729 3154 4782 μου
3201 4705 3606 4780 καταλισμένον
3662 4705 3846 4780 ἕτερον

2193 4803 2405 4872 πνεῦμα
2451 4798 2740 4874 ἀνθρώπου
2792 4800 3007 4876 μορφὴν
3059 4792 3187 4872 ἕχον
3239 4796 3536 4866 σκοτεινὸν,
3589 4795 3724 4856 τοὺς
3757 4796 3850 4873 ἀνηρ-

2197 4887 2441 4962 θαλμοὺς
2486 4882 2615 4963 ἕχον
2645 4887 2990 4960 λάμποντας,
3021 4887 3110 4942 καὶ
3143 4885 3196 4942 ἐν
3224 4889 3292 4958 τῇ
3345 4885 3492 4960 χειρὶ
3525 4884 3686 4962 φέρον
3719 4887 3852 4940 σπά-

2197 4978 2412 5046 θην,καὶ
2448 4976 2767 5053 ἔπερώτησα
2791 4973 3028 5044 αὖτὸ,Σὺ
3053 4976 3134 5036 τίς
3159 4975 3238 5042 εἷς
3267 4975 3327 5030 Ὀ
3353 4971 3409 5028 ’ὀὶ
3433 4971 3710 5049 ἕφη·Ἐγώ
3735 4972 3848 5044 εἶμι

2195 5066 2386 5141 ὀχικὸν
2417 5071 2653 5140 πνεῦμα,
2687 5067 2978 5142 ἀνθρώπου
3007 5064 3255 5140 γίγαντος
3295 5063 3349 5118 ἐν
3391 5062 3570 5142 σφαγῇ
3599 5061 3850 5118 τετελευ-

2192 5153 2424 5224 τηκότος
2457 5154 2507 5208 ἐν
2565 5159 2646 5226 τῷ
2705 5159 2879 5230 καιρῷ
2935 5157 3040 5207 τῶν
3097 5154 3384 5227 γιγάντων.
3445 5153 3618 5208 Εἶπον
3679 5152 3849 5224 αὐτῷ,

2194 5243 2328 5317 Λέγε
2363 5264 2454 5315 μοι
2509 5243 2562 5297 τί
2619 5241 2963 5316 διαπράττιις
2990 5241 3076 5296 ἐπὶ
3107 5248 3208 5310 τῆς
3237 5247 3365 5316 γῆς·
3419 5241 3505 5294 καὶ
3541 5245 3652 5294 ποῦ
3701 5235 3848 5315 ἔχεις

2193 5331 2536 5404 οἰκητήριον.
2597 5332 2672 5388 Τὸ
2742 5329 2800 5386 δὲ
2859 5329 2984 5406 ἔφη·
3055 5331 3120 5387 Ἡ
3175 5330 3269 5404 μὶν
3327 5329 3578 5384 κατοικία
3627 5351 3734 5402 μου
3797 5329 3846 5384 ἐν

2190 5425 2308 5484 τοῖς
2348 5419 2718 5496 κατακάρποις
2765 5419 2992 5482 τόποις·
3049 5422 3083 5488 ἡ
3131 5415 3188 5473 δὲ
3252 5417 3476 5494 ἐργασία
3521 5439 3628 5490 μου
3689 5419 3846 5488 αὕτη,

2191 5517 2540 5594 παρακαθίζω
2598 5516 2827 5590 ἐμαυτὸν
2885 5522 3002 5579 τοῖς
3055 5511 3489 5592 παρερχομένοις
3537 5516 3848 5590 ἀνθρώποις

2192 5606 2244 5662 ἰν
2288 5611 2404 5669 τοῖς
2455 5605 2743 5681 μνημείοις
2784 5605 2876 5662 καὶ
2933 5605 2986 5662 ἐν
3041 5604 3220 5681 ἀωρία
3265 5609 3615 5680 παραμορφῶ
3675 5604 3844 5678 ἐμαυ-

2188 5695 2280 5754 τὸν
2337 5701 2459 5760 τοῖς
2513 5693 2855 5770 τελευτῶσι,
2909 5695 2997 5752 καὶ
3059 5694 3106 5751 εἰ
3165 5691 3418 5770 λήψομαι
3469 5695 3594 5750 τινὰ
3643 5693 3844 5758 εὐθέως
