4046 6338
175 398 328 460 i341

1250 364 1255 367 ’
1321 400 1925 465 TESTAMENTUM
1969 399 2447 463 SALOMONIS.

3432 397 3594 457 1342

172 529 350 604 ἆνερῶ
408 529 565 586 αὐτὸν
616 531 777 609 ξίφεισ
811 533 847 602 ἡ
907 530 964 586 δὲ
1022 531 1087 602 (εἰ
1141 528 1219 606 δὲ)
1262 533 1326 587 οὐ
1360 529 1573 602 δυνηθῶ
1604 531 1816 609 ἀναιρῆ-

1948 534 2101 591 sicut
2130 537 2187 590 et
2215 502 2453 590 caeteros
2482 532 2746 605 spiritus.
2778 530 3014 601 Etjussi
3044 534 3236 587 astare
3265 529 3408 586 mihi
3441 529 3597 584 aliud

172 639 284 688 σαι,
321 624 468 674 ποιῶ
516 620 675 676 αὐτὸν
728 619 1167 693 δαιμονίζεσθαι·
1200 622 1288 677 καὶ
1338 622 1433 685 τὰς
1490 620 1688 698 σάρκας
1733 623 1827 677 αύ-

167 711 268 761 τοῦ
328 708 534 783 (αὐτοῦ)
592 710 888 765 κατεσθίειν
942 711 1030 765 καί
1079 709 1208 775 τοῦς
1265 710 1491 775 στὲλους
1550 714 1672 783 (sic)
1723 711 1829 766 ἀπὸ

168 799 278 849 τῶν
328 797 544 873 γενείων
605 799 913 875 καταρρεῖν.
948 801 1122 875 Ἐφην
1186 798 1244 855 δὲ
1299 800 1481 871 αὐτῷ·
1540 795 1831 871 Φοϐήθητι

171 882 264 938 οῦν
319 885 411 939 τὸν
472 887 600 942 Θεὸν
654 892 754 942 τοῦ
812 888 1046 963 ούρανοῦ
1100 888 1191 943 καὶ
1248 895 1348 958 τῆς
1406 895 1533 964 γῆς,
1565 887 1655 943 καὶ
1714 888 1833 943 εἰπὲ

1941 623 2299 679 daemonium
2335 641 2348 679 :
2382 628 2436 679 ct
2466 627 2755 678 venerunt
2786 622 2844 677 in
2880 625 3197 693 conspectu
3230 636 3358 675 meo
3390 618 3597 690 trigin-

1938 718 1998 767 ta
2025 728 2123 768 sex
2148 713 2415 783 spiritus,
2449 728 2698 784 quorum
2719 712 2911 783 capita
2929 716 2990 766 ut
3022 709 3517 771 canesinformes,
3545 712 3602 762 et

1942 803 2003 856 in
2036 802 2182 873 ipsis
2230 807 2399 856 erant
2447 800 2919 866 hominiformes,
2970 800 3270 855 asinorum
3317 796 3601 852 habentes

1944 889 2173 957 faciem,
2208 889 2383 944 boum
2419 894 2476 945 et
2506 889 2854 944 volatilium.

180 994 274 1046 μοι
306 972 453 1047 ποίῳ
483 973 700 1051 ἀγγέλῳ
729 981 977 1052 καταργῇ
1004 978 1087 1032 σύ·
1119 978 1181 1032 τὸ
1222 975 1280 1033 δὶ
1310 972 1433 1052 ἔφη.
1469 977 1604 1051 Ἐμὶ
1630 982 1887 1052 καταργεῖ
1915 978 1942 1033 ὁ
1978 975 2200 1050 μέλλων
2231 979 2428 1053 Σωτήρ
2470 977 2720 1053 γενέσθαι
2753 977 3059 1050 ἄνθρωπος,
3093 975 3155 1030 ού
3206 974 3270 1030 τὸ
3319 978 3592 1049 στοιχεῖον

167 1060 220 1117 ἓν
253 1068 333 1136 τῷ
366 1065 605 1139 μετώπῳ
637 1062 792 1129 εἷ’τις
823 1065 1135 1142 ἐπιγράψει,
1162 1069 1387 1137 ἡττήσει
1421 1088 1509 1141 με,
1543 1066 1632 1121 καὶ
1674 1061 1935 1144 φοϐηθεὶς
1986 1066 2478 1144 ἀποστραφήσομαι
2525 1066 2760 1140 ταχέως·
2792 1065 2883 1120 καὶ
2932 1061 3095 1119 τοῦτο
3155 1060 3212 1119 δὶ
3256 1063 3317 1119 τὸ
3360 1068 3592 1136 σημεῖον

170 1151 261 1206 ἐάν
295 1172 376 1215 τις
404 1153 701 1229 ἐπιγράψῃ,
738 1150 1151 1230 φοϐηθήσομαι.
1184 1157 1282 1211 Καὶ
1314 1161 1476 1211 τοῦτο
1509 1155 1741 1221 ἀκούσας
1770 1154 1879 1230 ἐγὼ
1913 1155 2205 1228 Σολομῶν,
2241 1157 2328 1210 καὶ
2374 1153 2598 1226 δοξνέσας
2633 1154 2835 1230 Κύριον
2863 1154 2952 1209 τὸν
3007 1154 3160 1219 Θεὸν,
3193 1150 3486 1208 ἀπέκλεισα
3534 1151 3596 1206 τὸ

165 1236 458 1313 δαιμόνιον
491 1241 672 1319 ὥσπερ
701 1244 790 1299 καὶ
822 1242 1001 1300 τᾶλλα
1022 1245 1321 1319 πνεύματα.
1358 1247 1451 1301 Καὶ
1486 1244 1741 1301 ἐκέλευσα
1770 1244 2022 1320 παρεῖναί
2058 1267 2150 1319 μοι
2180 1242 2361 1320 ἕτερον
2393 1242 2625 1318 δαίμονα
2651 1263 2664 1277 ·
2695 1245 2784 1299 καὶ
2814 1243 2988 1313 ἦλθον
3020 1242 3126 1318 πρὸ
3157 1242 3454 1319 προσώπου
3489 1263 3593 1314 μου

165 1332 461 1404 τριάκοντα
496 1331 551 1403 ’ἐξ
583 1333 885 1406 πνεύματα,
920 1336 975 1388 αἱ
1006 1336 1239 1412 κορυφαὶ
1272 1336 1447 1390 αὐτῶν
1481 1335 1554 1397 ὡς
1582 1334 1734 1398 κύνες
1778 1333 2039 1413 ἄμορφοι,
2074 1334 2124 1389 ἐν
2156 1334 2339 1397 αὐτοῖς
2373 1334 2431 1389 δὲ
2461 1334 2596 1404 ἦσαν
2643 1334 3140 1410 ἀνθρωπόμορφον
3187 1331 3591 1408 ὸνοπρόσωποι,

162 1420 610 1495 βουοπρὸσωποι,
644 1423 734 1477 καὶ
766 1420 1259 1498 πτηνοπρόσωποι.

229 1542 397 1619 Κάγὼ
434 1544 701 1619 Σολομῶν
736 1546 969 1609 ἀκούσας
1016 1547 1105 1603 καὶ
1158 1547 1292 1604 ἰδὼν
1340 1549 1474 1605 αύτὰ
1529 1549 1826 1624 ἐθαύμασα,

154 1632 248 1685 καὶ
306 1632 628 1709 ἐπερώτησα
676 1634 812 1690 αὐτὰ
862 1635 1057 1713 λέγων’
1093 1637 1249 1710 ὑμεῖς
1303 1638 1444 1701 τίνες
1499 1638 1655 1708 ἐστὲς
1690 1640 1743 1693 οἱ
1774 1637 1831 1694 Si

162 1720 520 1795 ὁμοθυμαδὸν
580 1729 679 1797 μιᾷ
738 1728 892 1802 φωνῇ
958 1722 1154 1802 ἔφασαν
1190 1749 1204 1762 ·
1264 1729 1455 1801 Ἦμεῖς
1529 1728 1688 1802 ὲσμὶν
1763 1729 1831 1784 τὰ

161 1812 458 1884 τριάκοντα
505 1811 560 1883 ’ἐξ
622 1820 893 1889 στοιχεῖα,
941 1816 993 1869 οἱ
1050 1819 1490 1892 κοσμοκράτορες
1546 1822 1645 1872 τοῦ
1704 1818 1828 1873 σκό-

164 1920 296 1962 τους
320 1900 539 1972 τούτου,
575 1901 701 1958 ἀλλ’
728 1903 789 1957 ού
822 1900 1051 1979 δυνήσῃ,
1090 1905 1315 1981 βασιλεῦ
1356 1905 1652 1980 Σολομῶν,
1682 1909 1829 1980 ἡμᾶς

2010 1553 2079 1607 Et
2109 1569 2214 1624 ego
2237 1553 2535 1620 Salomon,
2565 1551 2813 1607 audiens
2832 1554 2889 1606 et
2912 1549 3116 1605 videns
3148 1565 3268 1616 eos,
3293 1546 3594 1619 obstupui,

1938 1644 1996 1695 et
2024 1640 2377 1712 interrogavi
2408 1657 2507 1697 eos
2540 1640 2741 1696 dicens
2777 1656 2789 1695 :
2822 1639 3072 1705 Quinam
3105 1636 3289 1692 estis?
3318 1635 3426 1700 Qui
3460 1651 3598 1690 una-

1937 1729 2174 1784 nimiter
2204 1747 2320 1784 una
2348 1746 2485 1785 voce
2505 1730 2820 1784 dixerunt:
2854 1728 2970 1782 Nos
2990 1743 3200 1782 sumus
3232 1724 3473 1796 triginta
3499 1739 3598 1779 sex

1938 1817 2224 1873 elementa
2254 1817 2495 1874 rectoris
2527 1818 2900 1873 tenebrarum
2935 1816 3184 1883 harum;
3219 1816 3315 1869 sed
3350 1830 3464 1869 non
3498 1830 3595 1884 po-

1937 1906 2103 1972 teris,
2136 1924 2233 1962 rex
2264 1906 2563 1974 Salomon,
2599 1907 2767 1962 nobis
2819 1920 3046 1974 nocere,
3081 1920 3185 1958 nec
3221 1902 3590 1971 concludere,

167 1986 449 2061 ἆδικῆσαι,
510 1988 638 2046 οὐδὲ
711 1991 1086 2064 κατακλεῖσαι,
1149 1992 1274 2050 οὐδὲ
1344 1994 1596 2051 κελεῦσαι
1667 1999 1816 2069 ἡμῖν,

1938 2013 2044 2052 nec
2076 1997 2365 2068 imperare
2414 1997 2582 2052 nobis
2614 2013 2627 2050 :
2658 1996 2760 2052 sed
2809 1994 3086 2066 quoniam
3120 1992 3406 2048 Dominus
3437 1991 3593 2046 Deus

165 2075 294 2132 ἀλλ’
341 2076 531 2149 ἐπειδή
587 2082 781 2152 Κύριος
814 2083 842 2136 ὁ
892 2084 1022 2148 Θεὸς
1068 2081 1237 2139 ἔδωκέ
1294 2106 1380 2139 σοι
1434 2087 1534 2155 τὴν
1582 2084 1819 2156 ἐξουσίαν

165 2166 255 2222 ἐπὶ
313 2169 511 2231 παντὸς
565 2169 900 2244 πνεύματος,
957 2172 1139 2246 ἀερίου
1190 2194 1249 2228 τε
1296 2174 1385 2228 καὶ
1436 2173 1684 2249 ἐπιγείου
1732 2174 1822 2229 καὶ

160 2256 565 2332 καταχθονίου,
622 2255 710 2313 διὰ
786 2260 947 2314 τοῦτο
1032 2262 1122 2315 καὶ
1203 2264 1367 2335 ἡμεῖς
1449 2264 1823 2337 παριστάμεθα

160 2342 395 2401 ἐνώπιόν
430 2368 528 2401 σου
578 2348 653 2410 ὡς
696 2348 763 2403 τὰ
817 2346 986 2404 λοιπᾶ
1030 2351 1331 2424 πνεύματα·
1366 2351 1473 2406 ἀπὸ
1522 2357 1686 2429 Κριοῦ
1732 2352 1822 2407 καὶ

156 2434 390 2512 Ταύρου,
437 2433 680 2510 Διδύμου
712 2459 795 2501 ,τε
850 2439 939 2494 καὶ
991 2442 1276 2516 καρήγγου
1334 2442 1652 2515 (καρήννου)
1701 2444 1822 2515 (sic)

159 2522 415 2591 Λέοντος,
444 2526 533 2580 καὶ
586 2527 884 2600 Παρθένου,
914 2532 1084 2604 Ζυγοῦ
1128 2549 1187 2584 τε
1234 2529 1329 2584 καὶ
1384 2530 1680 2604 Σκορπίου,
1720 2538 1818 2585 Το-

158 2612 339 2681 ξότου,
372 2613 794 2690 Ἀἶγοκὲρωτος,
854 2614 1178 2693 Ὑδροχόου,
1233 2618 1323 2673 καὶ
1381 2619 1619 2694 Ἰχθύος.
1682 2620 1821 2676 Τότε

156 2701 267 2775 ἐγὼ
352 2702 625 2777 Σολομῶν
695 2704 1154 2774 ἐπικαλεσάμενος
1230 2708 1292 2762 τὸ
1364 2705 1540 2781 ὄνομα
1618 2709 1818 2784 Κυρίου

163 2784 419 2859 Σαϐαὼθ,
468 2790 801 2865 ἐπηρώτησα
847 2794 985 2849 αὐτὰ
1042 2796 1159 2848 καθ’
1214 2791 1307 2850 ἓνα
1366 2796 1559 2857 ὁποῖος
1613 2797 1819 2871 τρόπος

159 2880 337 2933 αύτῶν
394 2880 702 2956 τυγχάνει·
761 2884 851 2937 καὶ
908 2881 1165 2939 ἐκέλευσα
1221 2884 1383 2947 αὐτὸς
1448 2882 1543 2939 ἕνα
1597 2881 1820 2942 ’ἑκαστον

157 2967 236 3028 εἷς
288 2969 350 3023 τὸ
406 2970 575 3043 μέσον
626 2969 855 3036 ἐλθόντα
905 2972 1074 3028 εἰπεῖν
1150 2974 1249 3044 τήν
1333 2975 1523 3029 ἑαυτοῦ
1605 2978 1815 3050 πρᾶξιν.

161 3051 301 3113 Τότε
348 3058 669 3132 προσελθὼν
698 3063 725 3114 ὁ
774 3064 993 3135 πρῶτος
1050 3062 1216 3117 εἶπεν·
1248 3064 1396 3136 Ἐγώ
1434 3063 1549 3135 εἰμί
1590 3065 1619 3119 ὁ
1666 3069 1817 3140 πρῶ-

158 3165 255 3207 τος
312 3143 651 3220 (διακονοςῖ)
710 3146 929 3213 δεκανὸς
985 3155 1080 3204 τοῦ
1139 3148 1411 3220 ζωδιακοῦ
1466 3152 1695 3225 κύκλου,
1756 3154 1817 3215 ’ὸς

152 3231 436 3307 καλοῦμαι
485 3238 680 3312 Κριὸς,
711 3239 798 3293 καὶ
863 3240 979 3310 μετ’
1008 3239 1145 3312 ἐμοῦ
1193 3241 1245 3295 οἱ
1301 3238 1397 3295 δύο
1455 3241 1600 3296 οὗτοι
1634 3261 1646 3274 ’
1680 3239 1816 3309 ἐπη-

1933 2087 2095 2142 dedit
2126 2086 2228 2140 tibi
2278 2090 2626 2156 potestatem
2680 2085 2874 2140 omnis
2921 2082 3169 2154 spiritus
3217 2080 3380 2150 acrii,
3412 2084 3588 2135 terre-

1934 2176 2075 2231 stris
2121 2181 2178 2231 et
2224 2174 2615 2240 subterranei,
2669 2177 2907 2246 propter
2953 2172 3065 2228 hoc
3112 2176 3169 2226 et
3217 2187 3323 2225 nos
3354 2175 3583 2225 stamus

1933 2270 2067 2320 ante
2096 2269 2176 2332 te,
2207 2269 2271 2319 ut
2292 2263 2498 2335 reliqui
2521 2264 2787 2336 spiritus,
2815 2260 3015 2334 procul
3038 2261 3108 2316 ab
3128 2261 3342 2329 Ariete,
3365 2260 3580 2328 Tauro,

1933 2354 2227 2424 Gemellis,
2284 2354 2494 2409 crinito
2547 2353 2754 2419 Leone,
2804 2350 3062 2422 Virgine,
3108 2350 3375 2416 Trutina,
3414 2348 3581 2404 Scor-

1931 2444 2121 2514 pione.
2171 2443 2507 2515 Sagittario,
2557 2441 2934 2512 Capricorno,
2984 2438 3240 2511 Aquario
3288 2442 3345 2492 et
3399 2436 3584 2491 Pisce.

1928 2532 2076 2587 Tum
2108 2548 2213 2604 ego
2263 2530 2558 2597 Salomon,
2613 2529 2874 2585 invocato
2926 2528 3165 2583 nomine
3217 2526 3443 2582 Domini
3482 2526 3583 2580 Sa-

1929 2621 2128 2691 baoth,
2157 2619 2510 2692 interrogavi
2551 2635 2653 2675 cos
2702 2617 3026 2690 sigillatim,
3057 2632 3329 2688 quamam
3378 2630 3581 2670 eorum

1929 2708 2155 2766 indoles
2187 2714 2382 2778 esset;
2418 2714 2474 2764 et
2497 2707 2649 2779 jussi
2680 2725 2786 2779 ego
2821 2711 2885 2762 ut
2929 2706 3342 2776 unusquisque
3366 2703 3425 2758 in
3460 2719 3581 2758 me-

1928 2800 2024 2855 dio
2054 2800 2322 2865 veniens,
2351 2815 2519 2853 suam
2571 2797 2790 2852 diceret
2830 2796 3255 2868 operationem.
3289 2795 3453 2849 Tunc
3483 2809 3581 2847 ve-

1929 2889 2098 2945 niens
2130 2888 2357 2960 primus
2388 2887 2469 2943 ait
2501 2905 2514 2943 ε
2548 2887 2666 2959 Ego
2714 2902 2846 2942 sum
2879 2885 3106 2957 primus
3138 2882 3406 2938 minister
3434 2881 3580 2952 cycli

1926 2977 2149 3033 zodiaci
2181 2978 2282 3049 qui
2311 2993 2485 3032 vocor
2525 2974 2710 3044 Aries,
2744 2979 2801 3029 et
2830 2991 3058 3029 mecum
3092 2974 3207 3028 duo
3241 2971 3360 3026 isti.
3395 2972 3579 3026 Inter-

1930 3066 2125 3138 rogavi
2152 3068 2332 3138 igitur
2380 3082 2475 3121 eos
2511 3080 2524 3119 :
2573 3065 2821 3128 Quinam
2875 3061 3214 3118 vocamini?
3245 3060 3408 3117 Unus
3451 3060 3578 3114 ait:

1927 3158 2064 3226 Ego,
2099 3154 2356 3223 domine,
2393 3155 2553 3209 [tuax
2602 3169 2819 3219 vocor;
2871 3153 3061 3222 capita
3092 3150 3397 3205 hominum
3432 3147 3580 3203 facio

1926 3250 1991 3298 ut
2021 3244 2092 3298 ab
2123 3260 2296 3316 opere
2327 3248 2575 3309 cessent,
2610 3246 2666 3297 et
2704 3245 2969 3313 tempora
2997 3240 3229 3295 denudo
3257 3256 3271 3306 ;
3306 3238 3355 3293 si
3386 3236 3578 3292 solum

160 3322 384 3415 ρώτησα
445 3323 537 3379 οῦν
587 3325 782 3388 αὐτοὺς
806 3345 820 3358 '
852 3329 1005 3391 Τίνες
1050 3328 1301 3384 καλεῖσθε
1327 3347 1340 3397 ;
1373 3330 1434 3387 Ὀ
1487 3330 1581 3403 μὲν
1610 3336 1655 3384 α’
1684 3327 1808 3407 ἔφη,

1928 3332 2160 3388 audiam
2198 3350 2210 3388 :
2244 3330 2506 3401 Michael,
2553 3330 2698 3401 ejice
2748 3330 2935 3399 Ruax,
2966 3328 3140 3384 citius
3192 3326 3450 3382 discedo.
3483 3325 3577 3379 Al-

157 3411 325 3487 Ἐγὼ,
379 3413 560 3490 Κύριε,
616 3415 769 3487 Ῥύαξ
843 3415 1148 3491 καλοῦμαι,
1211 3416 1451 3496 κεφαλὰς
1511 3419 1813 3494 ἀνθρώπων

153 3509 302 3560 ποιῶ
360 3506 563 3582 ἀργεῖν,
623 3507 712 3562 καὶ
784 3508 1090 3586 κροτάφους
1169 3508 1440 3578 σκυλεύω,
1498 3510 1573 3572 ὡς
1650 3510 1808 3583 μόνον

152 3594 404 3659 ἀκοῦσαι,
438 3595 691 3670 Μιχαὴλ·
727 3594 954 3651 ἕκλυσον
1006 3596 1160 3671 Ῥύαξ
1212 3597 1368 3662 εὐθὺς
1427 3599 1722 3675 ἀναχωρῶ.
1752 3602 1812 3656 Ὁ

153 3680 213 3737 δὲ
346 3681 469 3762 ἔφη·
504 3687 644 3761 Ἐγὼ
703 3686 1037 3765 Βαρσαφαήλ
1092 3686 1392 3761 καλοῦμαι,
1423 3691 1458 3758 ἡ
1518 3692 1811 3763 μικράνοες

150 3777 298 3827 ποιῶ
348 3772 532 3849 ἀλγεῖν
580 3774 710 3837 τοὺς
766 3774 820 3830 ἐν
878 3780 948 3850 τῇ
1007 3776 1123 3851 ὥρᾳ
1180 3798 1285 3850 μου
1336 3778 1661 3850 κειμένους·
1721 3778 1811 3833 ἐὰν

157 3861 325 3933 μόνον
358 3862 597 3934 ἀκούσω,
632 3859 899 3941 Γαϐριὴλ,
946 3859 1211 3939 ἕγκλησον
1265 3864 1621 3945 Βαρσαφαήλ,
1653 3866 1810 3930 εὐθὺς

154 3951 451 4026 ἀναχωρῶ.
484 3952 545 4009 Ὀ
602 3957 786 4028 τρῖτος
843 3951 973 4031 ἔφη’
1027 3954 1167 4028 Ἐγὼ
1225 3953 1568 4031 Ἀρατοσαήλ
1614 3953 1813 4011 καλοῦ-

156 4059 277 4112 μαι,
311 4038 629 4113 ὀφθαλμοῦς
660 4038 832 4097 ἀδικῶ
854 4064 866 4077 ·
897 4042 990 4097 καὶ
1028 4039 1245 4121 ’σφόδρα
1297 4043 1549 4119 βλάπτω,
1581 4045 1653 4101 ὡς
1710 4044 1810 4116 μό-

151 4149 241 4183 νον
303 4130 550 4197 ἀκοῦσαι,
610 4130 847 4207 Ούριὴλ,
902 4129 1170 4208 ἔγκλησον
1230 4132 1592 4208 Ἀρατοσαήλ,
1653 4133 1812 4198 εὐθὺς

152 4219 428 4294 ἀναχωρῶ
483 4223 618 4292 (1ί(.
668 4222 730 4278 Ὁ
788 4228 824 4276 ε’
880 4219 1005 4299 ἔφη’
1040 4222 1180 4297 Ἐγὼ
1236 4219 1451 4278 Ἰουδᾶλ
1510 4220 1809 4296 καλοῦμαι,

150 4302 403 4385 ἔκφραξιν
465 4308 668 4376 ὠτίων,
698 4310 788 4365 καὶ
850 4312 1126 4388 σφήνωσιν
1187 4309 1363 4365 ἀκοῶν
1422 4310 1690 4367 ἐπιτελῶ·
1725 4311 1811 4367 ἐὰν

149 4396 390 4466 ἀκούσω,
425 4397 681 4473 Ούρουὴλ
713 4395 1032 4473 [ἔγκλησον]
1061 4396 1275 4455 Ἰουδάλ
1306 4398 1463 4463 εὐθὺς
1518 4401 1809 4476 ἀναχωρῶ.

145 4486 208 4541 Ὀ
239 4487 282 4548 ς’
309 4482 434 4563 ἔφη’
463 4488 604 4562 Ἐγὼ
637 4485 990 4562 Σφενδοναὴλ
1019 4486 1647 4563 καλοῦμαι,παρωτίδας
1666 4494 1810 4544 ποιῶ

148 4574 239 4628 καὶ
274 4575 599 4648 παρίσομια,
639 4577 729 4630 καὶ
763 4576 1108 4649 ὀπισθότονα,
1130 4575 1218 4631 ἐὰν
1248 4576 1485 4647 ἀκούσω,
1521 4573 1807 4653 Σαϐραὴλ,

149 4658 420 4737 ἔγκλησω
483 4661 856 4740 Σφενδοναήλ,
907 4665 1061 4728 εὐθὺς
1119 4665 1415 4741 ἀναχωρῶ.
1458 4668 1517 4724 Ὀ
1569 4672 1610 4735 ζ’
1653 4662 1756 4741 ἔφη
1792 4686 1806 4700 ⁹

151 4750 299 4824 Ἐγὼ
351 4749 614 4829 Σφανδὼρ
664 4752 939 4828 καλοῦμαι
990 4750 1158 4827 ὤμων
1208 4751 1437 4827 δύναμιν
1479 4752 1692 4810 ἐλαττῶ
1721 4755 1811 4811 καὶ

148 4837 387 4909 σαλεύω,
415 4840 507 4895 καὶ
556 4846 760 4917 χειρῶν
811 4847 970 4919 νεῦρα
1017 4842 1322 4920 παραλύω·
1354 4843 1443 4897 καὶ
1495 4843 1626 4897 ὀστᾶ
1682 4863 1809 4898 ποι-

148 4931 352 5002 χαμῶν
418 4930 489 5001 (‘?)
555 4924 847 5003 συντρίϐω,
901 4929 992 4984 καὶ
1060 4929 1294 5001 μυελοὺς
1358 4928 1661 4999 ὶκπιπύζω,
1722 4928 1810 4985 ζαν

145 5014 387 5089 ἀκούσω,
439 5018 676 5091 Ἄραψι,
744 5014 1016 5094 ἕγκλησον
1090 5015 1379 5096 Σφανδὼρ,
1451 5016 1609 5082 εὐθὺς
1677 5019 1810 5074 ἄνα-

144 5111 341 5181 χωρῶ.
396 5110 455 5163 Ὀ
495 5108 545 5177 η’
597 5105 722 5186 ἔφη’
775 5109 911 5182 Ἐγὼ
960 5102 1171 5165 Βελϐὲλ
1221 5107 1523 5181 καλοῦμαι,
1581 5105 1808 5183 καρδίας

143 5195 450 5267 ἀνθρώπων
545 5196 634 5251 καὶ
714 5197 906 5273 φρένας
981 5193 1332 5272 διαστρέφωο
1409 5196 1497 5251 ἐὰν
1591 5196 1807 5252 ἀκούσω

135 5282 359 5363 ξΑρα-ὴλ
392 5278 663 5359 ἔγκλησον
688 5280 922 5356 Βελϐὶλ,
965 5284 1123 5349 εὐθυς
1174 5285 1466 5360 ἀναχωρῶ.
1499 5286 1561 5341 Ὀ
1593 5286 1637 5339 θ’
1666 5282 1767 5363 ἔφη
1790 5306 1803 5320 ·

140 5359 292 5448 Ἐγὼ
367 5372 659 5448 Κουρταήλ
733 5374 1009 5448 καλοῦμαι
1044 5394 1057 5408 ’
1135 5359 1404 5451 στρόφους
1488 5372 1541 5429 ἐν
1616 5359 1809 5447 κοιλίᾳ

218 5738 332 5814 (11)
363 5737 468 5798 Hic
497 5740 673 5799 omisi
700 5757 827 5815 qua
856 5758 913 5800 ν.
943 5740 1006 5801 in
1035 5741 1319 5802 additam.
1359 5739 1471 5798 sub
1514 5736 1733 5812 signo‘)

1923 3427 2013 3477 ter
2044 3421 2285 3493 aitzEgo
2318 3419 2671 3491 Barsaphael
2697 3436 2912 3489 vocor;
2944 3418 3043 3489 qui
3069 3414 3578 3487 utaliquantulum

1922 3510 2156 3567 doleant
2186 3510 2296 3566 sub
2326 3513 2589 3580 tempore
2606 3509 3015 3579 meojacentes
3046 3505 3277 3573 efﬁcio;
3310 3504 3360 3559 si
3384 3504 3577 3559 solum

1922 3600 2160 3655 audiam
2194 3616 2207 3654 :
2243 3598 2498 3664 Gabriel,
2532 3598 2773 3669 increpa
2820 3594 3200 3666 Barsaphael,
3254 3593 3453 3648 statim
3487 3608 3575 3646 re-

1920 3692 2133 3742 vertor.
2164 3687 2401 3742 Tertius
2432 3687 2511 3741 ait
2539 3701 2554 3740 :
2590 3687 2706 3756 Ego
2735 3683 3036 3741 Aratosaal
3086 3682 3359 3737 nominor
3386 3698 3400 3749 ;
3433 3696 3577 3734 ocu-
3614 3718 3619 3723 -

1919 3774 2008 3832 los
2038 3774 2204 3844 laedo,
2237 3780 2295 3830 et
2343 3791 2557 3847 magno
2605 3773 2798 3829 afﬁcio
2847 3772 3236 3840 detrimento;
3288 3769 3338 3825 si
3382 3768 3573 3823 solum

1921 3865 2154 3921 audiam
2190 3881 2202 3919 :
2236 3863 2411 3929 Uriel,
2460 3862 2702 3935 increpa
2749 3860 3065 3928 Aratosael,
3109 3859 3305 3915 statim
3345 3857 3573 3913 recedo.

1922 3954 2174 4019 Quintus
2205 3954 2332 4009 ait:
2367 3954 2482 4023 Ego
2524 3951 2738 4008 Joudal
2790 3966 2999 4018 vocor;
3053 3949 3287 4005 aurium
3337 3948 3572 4003 obstru-

1921 4045 2173 4100 ctionem
2233 4042 2397 4107 tollo,
2445 4046 2503 4097 et
2549 4057 2788 4096 rursum
2837 4038 3134 4106 immitto;
3185 4038 3236 4092 si
3284 4037 3570 4092 audiero:

1920 4131 2118 4199 Uruel,
2149 4130 2361 4187 Joudal
2393 4129 2696 4201 (increpa),
2746 4128 3057 4184 confestim
3103 4126 3330 4183 recedo.
3364 4126 3573 4180 Sextus

1919 4220 2045 4276 ait:
2082 4225 2196 4293 Ego
2239 4219 2651 4291 Sphendonacl
2702 4217 2994 4287 nominor,
3026 4215 3128 4287 qui
3179 4214 3475 4287 parotidas
3517 4217 3575 4268 et

1922 4310 2179 4365 faucium
2230 4307 2556 4381 glandulas,
2586 4311 2643 4363 et
2686 4322 2995 4362 nervorum
3044 4319 3311 4360 aversam
3356 4300 3573 4357 tensio-

1921 4415 2053 4454 nem
2075 4398 2261 4466 facio;
2296 4397 2345 4452 si
2386 4396 2628 4452 audiero
2656 4414 2669 4452 :
2703 4396 2967 4459 Sabrael,
2999 4394 3239 4463 increpa
3276 4390 3576 4462 Sphendo.

1922 4485 2073 4553 nael,
2105 4484 2306 4540 statim
2352 4484 2577 4540 recedo.
2624 4483 2925 4554 Septimus
2955 4481 3037 4537 ait
3068 4497 3080 4537 ε
3117 4481 3233 4551 Ego
3263 4478 3576 4551 Sphandor

1921 4591 2130 4642 vocor;
2161 4574 2542 4629 humerorum
2572 4575 2753 4628 robur
2800 4572 3092 4627 imminuo
3124 4576 3181 4626 et
3211 4582 3572 4636 commoveo,

1921 4668 1978 4718 et
2009 4679 2294 4718 manuum
2325 4678 2532 4717 nervos
2567 4660 2816 4730 resolvo,
2836 4664 2894 4715 et
2924 4675 3059 4715 ossa
3088 4659 3301 4729 pedum
3326 4656 3571 4725 resolvo,

1919 4755 1977 4807 et
2033 4751 2353 4807 medullam
2412 4751 2469 4806 in
2521 4748 2747 4804 saniem
2798 4753 3107 4815 converto;
3158 4745 3208 4800 si
3256 4745 3496 4800 audiero
3554 4758 3570 4797 :

1917 4838 2110 4906 Arae],
2144 4839 2382 4909 increpa
2430 4837 2762 4909 Sphandor,
2807 4835 3008 4891 statim
3060 4834 3286 4889 recedo.
3320 4831 3573 4888 Octavus

1920 4930 2002 4984 ait
2052 4944 2065 4983 :
2124 4928 2244 4999 Ego
2302 4925 2497 4981 Belbel
2554 4923 2861 4993 nominor;
2921 4922 3229 4977 hominum
3286 4921 3462 4976 corda
3516 4924 3575 4974 et

1920 5020 2150 5072 mentes
2208 5019 2478 5070 converto
2527 5013 2588 5067 in
2641 5010 2903 5078 malum;
2954 5010 3004 5066 si
3056 5010 3298 5066 audiero
3333 5026 3346 5063 :
3380 5005 3567 5075 Arael,

1919 5106 2154 5178 increpa
2182 5102 2400 5171 Belbel,
2435 5101 2633 5157 statim
2666 5100 2845 5173 fugio.
2884 5099 3088 5155 Nonus
3117 5099 3199 5154 ait
3230 5113 3243 5153 :
3281 5099 3395 5168 Ego
3427 5096 3569 5152 Cur-

1916 5195 2034 5251 tael
2080 5210 2290 5262 vocor;
2340 5195 2637 5248 tormenta
2684 5188 2982 5245 intestinis
3030 5188 3305 5253 immitto,
3338 5185 3571 5241 labores

1916 5284 2172 5349 induco;
2222 5283 2272 5340 si
2305 5281 2541 5337 audiero
2575 5296 2588 5335 :
2621 5279 2819 5346 Jaoth,
2863 5278 3101 5348 increpa
3137 5274 3392 5345 Curtael,
3425 5289 3566 5330 con-

1916 5374 2113 5431 festim
2163 5372 2391 5429 recedo.
2440 5370 2711 5427 Decimus
2740 5369 2823 5424 ait
2857 5384 2872 5423 :
2904 5366 3048 5422 Mihi
3097 5364 3416 5421 Metathiax
3463 5380 3566 5420 no-
