4046 6338
474 380 628 440 1343

478 605 629 672 nael,
660 604 897 676 increpa
924 604 1260 670 Metathiax,
1295 604 1412 660 cito
1443 605 1602 676 fugo.

480 691 625 765 Ἐγὼ
679 692 970 764 Μεταθιὰξ,
1029 690 1306 765 καλοῦμαι
1343 711 1356 725 ’

482 780 774 854 ἀναχωρῶ.

542 889 901 946 Undecimus
934 890 1013 946 ait
1044 907 1057 948 :
1092 893 1209 965 Ego
1232 892 1628 949 Catanicotael
1652 908 1862 959 vocor;
1897 907 2125 962 pugnas

471 982 526 1032 et
576 977 898 1047 injustitias
944 980 1102 1036 domi
1152 982 1363 1049 efﬁcio,
1408 982 1685 1037 duritiam
1735 979 2027 1045 immitto;
2074 978 2125 1033 si

469 1065 602 1136 quis
634 1066 770 1121 velit
800 1084 1001 1139 pacem
1053 1086 1403 1141 componere
1435 1071 1492 1125 in
1538 1072 1711 1125 domo
1744 1086 1871 1135 sua,
1906 1068 2127 1123 scribat

467 1154 527 1208 in
559 1160 784 1226 septem
822 1157 957 1212 folia
988 1158 1262 1230 Daphnes
1314 1177 1528 1215 nomen
1559 1158 1859 1213 domantis
1891 1172 1984 1211 me
2015 1172 2121 1209 an-

468 1242 604 1314 geli,
658 1250 713 1299 et
745 1245 863 1299 hazc
896 1247 1137 1302 nomina
1169 1263 1182 1301 :
1215 1251 1337 1313 Jae,
1378 1249 1505 1313 Jeo,
1556 1247 1655 1301 filii
1708 1245 1985 1309 Sabaoth,
2022 1260 2127 1315 per

468 1348 680 1387 nomen
718 1335 914 1405 magni
949 1336 1071 1403 Dei,
1106 1336 1429 1407 increpatio
1458 1338 1557 1391 fiat
1588 1340 1787 1389 contra
1816 1332 2119 1390 Catanico-

466 1422 581 1475 tael
613 1441 626 1489 ;
660 1422 870 1478 deinde
900 1423 1104 1481 lavans
1136 1426 1410 1497 Daphnes
1457 1426 1593 1481 folia
1626 1426 1682 1480 in
1716 1441 1890 1495 aqua,
1924 1439 2123 1494 asper-

465 1515 565 1581 gat
596 1527 749 1580 aqua
789 1512 1029 1568 domum
1080 1532 1248 1569 suam
1298 1515 1369 1569 ab
1402 1513 1779 1568 interioribus
1833 1527 2019 1582 usque
2052 1510 2123 1565 ad

464 1599 768 1664 exteriora,
802 1605 858 1655 et
905 1603 1105 1657 statim
1152 1604 1379 1658 recedo.
1414 1602 1810 1657 Duodecimus
1842 1601 1921 1655 ait
1954 1618 1966 1655 :
2009 1600 2123 1671 Ego

464 1687 841 1757 Saphatorael
878 1692 1185 1757 nominor;
1238 1692 1638 1747 dissensiones
1687 1690 1942 1745 immitto
1975 1688 2127 1743 inter

464 1775 754 1846 homines,
787 1783 845 1833 et
896 1782 1121 1851 gaudeo
1170 1781 1579 1837 scandalizans
1623 1796 1759 1846 eos;
1796 1779 1843 1834 si
1891 1779 2021 1849 quis
2062 1776 2122 1831 in

474 1864 676 1919 charta
723 1868 1026 1939 scripserit
1078 1872 1317 1924 nomina
1368 1870 1488 1925 haec
1540 1868 1926 1940 angelorum:
1960 1867 2125 1931 Jaeo,

1433 381 1833 442 APPENDIX
1878 381 1981 441 AD
2026 377 2497 440 MICHAELEM
2540 379 2930 441 PSELLUM.

476 530 648 583 men;
684 531 992 571 nervorum
1026 514 1255 571 dolores
1304 515 1533 584 efficio;
1585 517 1634 573 si
1668 515 1904 573 audiere
1938 531 1950 570 :
1983 515 2123 571 Ado-

2244 514 2555 587 ἀποπέμπω
2588 532 2601 546 ·
2661 513 2858 574 πόνους
2937 510 3118 586 ἐπάγω
3152 552 3165 579 ,
3216 506 3305 563 liv
3390 504 3609 560 ἀκούσω

1412 692 1638 769 νεφροὺς
1699 697 1842 747 ποιῶ
1914 697 2142 750 πονεῖν·

3746 369 3895 427 13H

3698 501 3862 563 ’Ῐαὼθ
3884 546 3896 569 ,

2237 601 2504 678 ἕγκλησον
2559 600 2893 674 Κουρταὴλ,
2954 599 3108 661 εὐθὺς
3166 598 3473 673 ἆναχωρῶι
3550 599 3590 647 Ο
3654 600 3683 646 ι’
3747 587 3848 667 gi":
3883 609 3895 621 ’

2208 692 2293 747 ἐάν
2378 691 2594 747 ἀκούσω
2653 687 2967 759 Ἀδωναὴλ,
3041 685 3303 763 ἔγκλησον
3385 682 3680 753 Μεταθιαξ,
3744 679 3898 739 εὐθὺς

2305 894 2362 946 '0
2421 890 2484 943 ια’
2538 884 2636 967 ἔφη
2675 906 2690 921 ⁶
2732 888 2873 963 Ἐγὼ
2935 882 3348 953 Κατανικοταήλ
3407 878 3730 953 καλοῦμαι·
3795 878 3896 948 μά-

2236 998 2337 1053 χας
2368 979 2456 1033 καὶ
2498 976 2710 1041 ἀδικίας
2756 978 2872 1033 κατ’
2905 975 3087 1038 οἴκους
3133 977 3299 1040 ποιῶ,
3334 971 3425 1026 καὶ
3475 967 3744 1042 σκληρίαν
3780 967 3898 1035 (ηρ)

2233 1066 2567 1141 έπιπέμπω·
2631 1067 2717 1122 ἐάν
2771 1089 2857 1129 τις
2916 1065 3046 1139 Θέλῃ
3104 1062 3398 1138 εἰρηνεύειν
3458 1059 3536 1121 εἷς
3592 1058 3687 1111 τὸν
3750 1055 3894 1109 οἷκον

2236 1156 2420 1225 αὑτοῦ,
2468 1159 2730 1231 γραψάτω
2782 1157 2857 1220 εἰς
2910 1155 3045 1210 ἑπτὰ
3097 1151 3280 1231 φῦλλα
3337 1148 3537 1227 δάφνης
3594 1147 3659 1201 τὸ
3720 1140 3897 1214 ὄνομα

2231 1250 2328 1299 τοῦ
2360 1246 2765 1321 καταργοῦντός
2802 1266 2868 1318 με
2897 1241 3159 1319 ἀγγέλου,
3192 1242 3281 1296 καὶ
3312 1244 3478 1294 ταῦτα
3523 1236 3589 1291 τὰ
3628 1234 3895 1305 ὀνόματα,

2237 1336 2358 1403 Ἰαὶ,
2391 1335 2528 1404 Ἰεὼ,
2562 1336 2671 1389 υἱοὶ
2723 1329 2975 1401 Σαϐαὼθ,
3011 1331 3100 1387 διὰ
3149 1331 3210 1386 τὸ
3258 1327 3431 1401 ὄνομα
3483 1331 3580 1381 τοῦ
3644 1321 3895 1397 μεγάλου

2234 1428 2368 1478 Θεοῦ
2427 1422 2745 1497 ἐγκλησάτω
2804 1428 2882 1495 τῷ
2942 1416 3357 1489 Κατανικοταήλ
3395 1437 3407 1449 ⁸
3468 1416 3581 1471 εἶτα
3664 1412 3891 1467 πλύνων

2231 1512 2298 1565 τὰ
2343 1509 2700 1590 δαφνόφυλλα
2758 1512 2845 1566 ἐπὶ
2897 1516 2994 1566 τοῦ
3039 1509 3231 1571 ὕδατος
3293 1506 3530 1583 ῥεύνατω
3592 1504 3755 1575 (sic?)
3804 1502 3893 1555 τὸν

2236 1602 2379 1655 οἶκον
2443 1601 2606 1656 αὐτοῦ
2688 1600 2768 1674 τῷ
2837 1599 2990 1656 ὕδατι
3064 1600 3171 1655 ἀπὸ
3257 1596 3361 1652 ἔσω
3439 1592 3543 1655 ἕως
3612 1591 3737 1662 ἔξω,
3803 1590 3897 1644 καὶ

2236 1690 2392 1754 εύθὺς
2452 1692 2747 1765 ἀναχωρῶ.
2782 1691 2841 1747 '0
2895 1691 2963 1765 ιβ’
2995 1685 3295 1764 ἔφη.Ἑγὼ
3358 1678 3743 1762 Σαφαοωραὴλ
3802 1702 3899 1733 κα-

2237 1777 2441 1852 λοῦμαι
2485 1776 2838 1855 διχοστασίαν
2871 1774 3099 1851 ἐμϐάλω
3130 1782 3247 1839 τοῖς
3296 1774 3605 1849 ἀνθρώποις
3657 1769 3749 1825 καὶ
3812 1768 3901 1822 εύ-

2236 1870 2529 1945 φραίνομαι
2579 1868 2776 1931 αὐτοὺς
2825 1866 3217 1937 σκανδαλίζων,
3268 1866 3356 1920 ἐάν
3404 1885 3486 1925 τις
3548 1861 3622 1923 εἷς
3675 1862 3898 1935 χάρτην

464 1953 649 2021 Jealo,
683 1955 888 2024 Joelet,
921 1958 1200 2025 Sabaoth,
1230 1960 1402 2028 Ithat,
1433 1960 1554 2025 Jae,
1588 1964 1644 2013 et
1674 1957 1899 2029 plicans
1931 1955 2123 2011 tulerit

2236 1958 2507 2033 ἐπιγράψῃ
2565 1963 2729 2012 ταῦτα
2784 1960 2852 2014 τά
2911 1958 3151 2031 ὀνόματα
3224 1960 3331 2010 τῶν
3409 1951 3657 2028 ἀγγέλων
3713 1952 3897 2012 ἰαεῶ,

466 2043 613 2099 collo
648 2062 776 2112 suo,
808 2047 895 2101 vel
926 2064 993 2102 ea
1022 2047 1081 2102 in
1114 2065 1313 2103 aurem
1350 2048 1629 2119 posuerit,
1654 2047 1855 2101 statim
1888 2046 2114 2113 recedo,

469 2138 525 2189 et
556 2133 893 2191 ebrietatem
927 2136 1107 2191 solvo.
1133 2138 1406 2192 Decimus
1426 2137 1634 2191 tertius
1665 2136 1747 2191 ait
1774 2152 1786 2191 :
1810 2139 1925 2207 Ego
1952 2133 2121 2190 Bobel

468 2240 659 2293 vocor,
695 2242 1003 2281 nervorum
1055 2228 1483 2282 contractiones
1533 2226 1760 2294 efficio;
1794 2227 1843 2282 si
1866 2227 1989 2297 jam
2021 2241 2123 2279 ex-

468 2315 803 2379 ardescens,
839 2316 1036 2387 magni
1071 2316 1320 2371 Adonael
1369 2334 1582 2371 nomen
1616 2315 1855 2371 audiero
1889 2316 2001 2386 (cui
2034 2313 2120 2369 di-

467 2403 654 2473 cetur)
690 2420 701 2456 :
737 2404 976 2475 increpa
1017 2404 1305 2472 Bothotel,
1338 2406 1537 2461 statim
1585 2406 1813 2461 recedo.
1846 2404 2122 2460 Decimus

465 2496 710 2561 quartus
742 2492 868 2547 ait:
905 2494 1021 2563 Ego
1070 2495 1411 2551 Cumentael
1464 2511 1671 2561 vocor;
1722 2495 2022 2550 horrorem
2067 2495 2124 2547 et

463 2584 757 2650 torporem
790 2581 1086 2649 immitto;
1134 2584 1183 2638 si
1235 2584 1424 2639 solum
1458 2585 1696 2640 audiero
1734 2600 1746 2640 :
1776 2582 1995 2651 Jaroel,
2029 2582 2120 2637 in—

466 2686 641 2741 crepa
671 2670 1031 2739 Cumentael,
1067 2674 1375 2729 confestim
1404 2674 1627 2730 recedo.
1664 2672 1937 2727 Decimus
1959 2669 2123 2742 quin-

467 2764 564 2815 tus
613 2759 693 2815 ait
737 2776 751 2816 :
804 2761 919 2831 Ego
971 2761 1178 2818 Roelec
1228 2780 1436 2831 vocor;
1491 2763 1636 2818 facio
1688 2768 1751 2817 ut
1793 2766 2015 2833 guttur,
2067 2766 2123 2816 et

466 2849 838 2905 stomachum
865 2850 1076 2923 frigore
1099 2852 1368 2921 doleant;
1398 2852 1478 2907 ita
1496 2852 1623 2907 utsi
1657 2851 1847 2907 solum
1883 2851 2119 2906 audiero

468 2937 783 2994 clamorem
818 2956 831 2994 :
865 2940 945 2995 Ne
969 2940 1316 3007 immaneas,
1344 2958 1413 2997 ne
1441 2959 1600 3006 uras,
1633 2941 1771 3012 quia
1797 2940 2000 2995 melior
2032 2942 2121 2994 est

466 3029 734 3086 Salomon
771 3032 1042 3086 undecim
1095 3033 1395 3100 fratribus,
1430 3032 1629 3088 statim
1682 3032 1908 3087 recedo.
1954 3029 2118 3085 Deci-

468 3134 601 3172 mus
637 3124 838 3173 sextus
886 3120 1018 3175 ait:
1061 3122 1177 3192 Ego
1226 3122 1401 3175 Atrax
1452 3137 1663 3187 vocor;
1713 3136 1818 3191 ego
1869 3119 2117 3174 immitto

468 3204 811 3262 hominibus
842 3208 1065 3263 calores
1114 3209 1475 3265 insanabiles
1507 3214 1563 3264 et
1593 3208 1866 3275 nocivos;
1899 3209 1949 3263 si
1972 3208 2118 3263 velis

468 3310 560 3349 me
583 3296 1203 3365 ejicere,coriandrum
1238 3316 1389 3367 seca,
1407 3299 1651 3353 admove
1674 3298 2115 3365 1abiis,carrnen
2150 3328 2191 3394 Ο

467 3381 577 3437 hoc
609 3384 807 3439 dicens
842 3403 854 3440 :
891 3386 1233 3458 pyrethrum
1284 3405 1317 3442 a
1365 3388 1661 3456 sordibus,
1695 3388 1900 3457 adjuro
1931 3392 1985 3441 te
2018 3402 2121 3458 per

466 3471 759 3527 excelsum
791 3473 893 3528 Dei
916 3474 1261 3542 solium,exi
1296 3493 1329 3531 a
1358 3477 1655 3543 sordibus,
1681 3477 1880 3531 recede
1905 3493 1938 3530 a
1961 3492 2119 3531 crea-

464 3564 602 3615 tura
632 3561 755 3630 Dei,
789 3567 845 3617 et
875 3564 1076 3618 statim
1107 3565 1333 3620 recedo.
1372 3565 1638 3621 Decimus
1670 3565 1958 3635 septimus
1990 3565 2069 3618 ait
2102 3580 2115 3618 :

468 3649 584 3719 Ego
612 3650 878 3722 Jeropael
928 3669 1135 3717 vocor;
1186 3670 1363 3724 super
1394 3654 1760 3709 stomachum
1810 3653 2117 3707 hominum

466 3739 660 3807 sedeo,
691 3744 748 3794 et
776 3742 1185 3796 convulsiones
1218 3743 1379 3814 pario
1414 3742 1489 3801 in
1542 3742 1749 3797 balneo
1782 3745 1836 3796 et
1870 3741 2077 3796 itinere
2106 3759 2118 3809 ;

463 3833 519 3882 et
553 3828 887 3900 ubicunque
919 3831 1204 3901 invenior,
1239 3836 1295 3885 et
1327 3831 1556 3887 invenio
1589 3830 1909 3896 hominem,
1944 3831 2119 3885 cade-

465 3933 522 3972 re
556 3917 730 3985 facio;
766 3920 815 3973 si
848 3919 983 3990 quis
1016 3924 1210 3975 autem
1248 3921 1607 3991 patientibus
1639 3920 1850 3975 dixerit
1880 3919 1938 3973 in
1983 3936 2121 3974 aure

468 4008 707 4061 nomina
738 4007 857 4063 hmo
888 4014 993 4075 ter,
1029 4009 1088 4063 in
1132 4010 1367 4064 dextera
1401 4027 1413 4065 :
1445 4008 1792 4075 Jourdarizi,
1828 4010 2117 4075 Saboune,

475 4094 685 4160 Denoe,
727 4097 924 4152 statim
978 4099 1201 4153 recedo.
1254 4098 1527 4153 Decimus
1574 4103 1812 4152 octavus
1844 4098 1968 4153 ait:
2002 4098 2120 4169 Ego

471 4183 906 4241 Bouldoumech
939 4202 1148 4254 vocor;
1204 4187 1453 4242 feminas
1485 4204 1517 4240 a
1546 4186 1671 4241 viro
1703 4203 1893 4252 arceo,
1925 4192 1982 4241 et
2032 4186 2121 4240 in-

468 4272 686 4327 vidiam
738 4290 989 4343 genero;
1042 4276 1090 4329 si
1143 4276 1276 4346 quis
1326 4282 1561 4347 patrum
1601 4280 1835 4330 tuorum
1883 4274 2123 4331 nomina

466 4361 770 4427 scripserit
799 4363 854 4415 in
887 4362 1110 4429 charta,
1146 4363 1443 4433 Salomon,
1478 4369 1533 4419 et
1564 4364 1824 4434 posuerit
1850 4364 1907 4417 in
1942 4364 2121 4418 vesti-

466 4448 603 4505 bulo
652 4450 864 4505 domus
914 4468 1057 4519 sua),
1091 4452 1225 4507 inde
1271 4453 1509 4521 recedo;
1566 4452 1984 4524 superscriptio
2018 4469 2121 4507 au-

464 4542 585 4593 tem
616 4538 739 4593 haec
772 4544 859 4595 est
895 4557 907 4595 :
943 4545 1199 4612 Imperat
1229 4541 1333 4595 tibi
1366 4542 1520 4597 Deus
1548 4541 1864 4607 Abraham,
1887 4546 1943 4596 et
1972 4541 2122 4596 Deus

466 4628 651 4695 Isaac,
685 4633 740 4684 et
764 4628 918 4685 Deus
946 4629 1148 4696 Jacob,
1184 4629 1387 4685 recede
1417 4647 1449 4685 a
1498 4631 1670 4685 domo
1700 4628 1815 4684 ista
1846 4630 1902 4683 in
1938 4646 2115 4700 pace;

2231 2046 2440 2116 Ἰεαλῶ,
2502 2048 2737 2119 Ἰωελέτ,
2797 2042 3050 2113 Σαϐαὼθ,
3111 2048 3270 2116 Ἰθοθ,
3341 2044 3464 2112 Βαὶ,
3526 2038 3614 2095 καῖ
3691 2037 3892 2107 πλίξπξ

2231 2139 2443 2215 φορέσει
2487 2142 2566 2209 τῷ
2596 2137 2893 2212 τραχήλῳ,
2924 2138 2957 2207 ἢ
2991 2137 3076 2191 καὶ
3123 2142 3222 2204 τῆς
3269 2135 3407 2208 πρὸς
3463 2152 3524 2187 το
3587 2128 3681 2190 οῦς
3732 2126 3768 2195 ἦ
3828 2129 3901 2197 (Ῠ)

2232 2230 2322 2296 οη,
2356 2229 2424 2299 (Ῡ)
2456 2225 2610 2290 εὐθυς
2672 2226 2970 2301 ἀναχωρῶ,
3003 2225 3092 2279 καὶ
3150 2226 3251 2293 τήν
3310 2224 3478 2295 μέθην
3540 2218 3682 2274 λύω.
3735 2218 3798 2269 '0
3860 2239 3905 2299 ιγ

2229 2310 2332 2391 ἔφη
2370 2334 2383 2347 ⁸
2441 2316 2584 2389 Ἐγὼ
2658 2310 2849 2383 Βοϐἠλ
2904 2312 3203 2387 καλοῦμαι,
3260 2309 3713 2386 νευροχρίλασεις
3776 2302 3901 2375 {sici

2233 2408 2401 2473 ποιῶ,
2434 2402 2520 2457 ἐὰν
2573 2402 2946 2481 ἐφαπτόμενος
2998 2401 3217 2457 ἀκούσω
3274 2404 3370 2454 τοῦ
3434 2397 3674 2473 μεγάλου
3727 2391 3899 2449 Ἀδο-

2232 2492 2375 2562 ναὴλ
2406 2494 2467 2547 τὸ
2500 2493 2678 2567 ύνομα
2708 2492 3016 2569 Ἔγκλησον
3068 2487 3345 2559 Βοθοθήλ,
3378 2487 3532 2551 εὐθὺς
3587 2487 3895 2581 ἀναχωρῷξ

2230 2584 2291 2639 '0
2347 2580 2409 2636 ιδ’
2468 2580 2591 2660 ἔφη·
2626 2585 2771 2658 Ἐγὼ
2828 2580 3165 2654 Κουμεατὴλ
3216 2578 3513 2650 καλοῦμαι,
3546 2575 3747 2652 φρέκην
3803 2575 3899 2627 καὶ

2229 2672 2431 2747 νάρκην
2492 2672 2803 2745 ἐπιπέμπω·
2835 2672 2908 2733 ὡς
2970 2670 3134 2744 μόνον
3182 2667 3396 2723 ἀκούσω
3454 2663 3726 2740 Ζωρωὴλ,
3758 2666 3892 2736 "Ej-

2229 2762 2435 2832 κλησον
2494 2759 2848 2833 Κουμενταὴλ
2909 2762 3042 2832 (12),
3106 2756 3259 2821 εὐθὺς
3328 2756 3648 2830 ἀναχωρῶ·
3715 2754 3773 2805 '0
3842 2756 3897 2805 ιε’

2230 2849 2356 2925 ἔφη,
2392 2850 2531 2927 Ἐγὼ
2581 2848 2825 2920 Ῥοηλὴδ
2872 2848 3191 2921 καλοῦμαι·
3223 2846 3402 2921 ψύχος
3447 2844 3535 2898 καὶ
3586 2843 3746 2918 ῥίγος
3803 2841 3895 2895 καὶ

2229 2940 2513 3015 στομάχου
2568 2939 2732 2995 πόνον
2797 2938 3034 3013 ὲμποιῶ,
3068 2938 3141 2999 ὡς
3206 2937 3367 3009 μόνον
3410 2932 3622 2989 ἀκούσω
3674 2930 3759 3001 ῗαξ
3814 2933 3890 3002 μή

2228 3029 2488 3104 έμμείνῃς
2526 3030 2600 3103 μή
2654 3029 2987 3105 θερμαίνῃς³
3024 3027 3105 3082 ὅτι
3164 3023 3395 3081 κάλλιον
3452 3022 3560 3078 ἐστὶ
3613 3019 3891 3092 Σολομῶν

2229 3117 2414 3174 ἔνδέκα
2469 3120 2740 3193 πατέρων,
2792 3117 2947 3179 εὐθὺς
3007 3116 3302 3191 ἀναχωρῶ.
3343 3116 3404 3171 Ὁ
3460 3114 3523 3175 ις’
3562 3106 3691 3188 ἔφη,
3750 3111 3894 3184 Ἐγὼ

2228 3209 2418 3284 Ἀτράξ
2470 3207 2767 3280 καλοῦμαιο
2816 3207 2956 3282 Ἐγὼ
3002 3203 3354 3281 καταστρέφω
3404 3206 3520 3264 τοῖς
3574 3200 3892 3273 ἀνθρώποις

2230 3296 2494 3372 πυρετοὺς
2551 3296 2801 3357 ἀνιάτους
2858 3295 2948 3349 καὶ
3009 3288 3315 3369 βλαϐερούς
3352 3310 3366 3322 ⁸
3427 3289 3512 3344 ἐὰν
3583 3288 3757 3363 θέλῃς
3831 3309 3895 3359 με

2600 3383 2925 3456 κολίανδρον
2984 3383 3155 3457 κόψας
3213 3381 3430 3455 ἐπίχριε
3482 3380 3590 3434 τῶν
3648 3377 3891 3453 χειλέων

3224 3470 3287 3525 τὸ
3342 3468 3605 3545 πύρεθρον
3661 3467 3733 3521 τὸ
3792 3467 3895 3520 ἀπὸ

2229 3386 2537 3461 ἐγκλῆσαι·

2228 3475 2406 3549 λέγων
2461 3476 2559 3543 τὴν
2616 3471 2836 3546 ἒπῳδὴν
2915 3482 3118 3542 ταύτην
3155 3490 3167 3502 ⁸

2230 3562 2532 3640 ῥυπαρίας,
2595 3564 2799 3637 ὁρκίζω
2883 3583 2939 3616 σε
3011 3561 3148 3615 κατά
3218 3563 3315 3614 τοῦ
3389 3562 3521 3613 Θεοῦ
3589 3560 3687 3610 τοῦ
3774 3555 3893 3628 {adpi-

2230 3674 2358 3708 στου
2400 3657 2493 3706 τοῦ
2545 3653 2761 3725 θρόνου,
2793 3650 3067 3725 ἀναχώρει
3126 3649 3231 3703 ἀπὸ
3291 3647 3576 3724 ῥυπα,ίας,
3620 3645 3719 3698 καὶ
3773 3646 3897 3698 ἀνα-

2233 3741 2402 3816 χὼρει
2437 3740 2542 3795 ἀπὸ
2571 3744 2667 3794 τοῦ
2697 3739 3019 3812 πλάσματος
3071 3742 3166 3793 τοῦ
3217 3741 3372 3803 Θεοῦ,
3406 3736 3494 3790 καὶ
3545 3732 3704 3797 εὐθὺς
3768 3735 3895 3788 ἀγα-

2231 3834 2423 3905 χωρῶ.
2471 3831 2526 3882 Ὁ
2590 3830 2650 3897 ιζ’
2707 3826 2833 3906 ἔφη,
2896 3829 3037 3904 Ἐγὼ
3094 3824 3385 3900 Ἱεροπαὴλ
3434 3821 3715 3895 καλοῦμαι
3759 3845 3771 3857 ·
3809 3822 3893 3877 ἐπὶ

2229 3923 2324 3973 τοῦ
2383 3919 2666 3993 στομάχου
2724 3922 2832 3972 τῶν
2898 3918 3200 3991 ἀνθρώπων
3249 3916 3565 3985 καθέζομαι,
3596 3912 3684 3965 καὶ
3748 3916 3893 3966 ποιῶ

2230 4006 2550 4082 ἀσπαρμοὺς
2581 4010 2704 4079 (sic)
2758 4005 2810 4060 ἐν
2876 4004 3168 4081 βαλανείῳ,
3200 4004 3290 4059 καὶ
3322 4003 3372 4056 ἂν
3434 4000 3561 4073 ὁδῷ·
3597 4000 3685 4055 καὶ
3756 4003 3894 4054 ὅπου

2233 4093 2279 4150 δ’
2338 4094 2396 4150 ἂν
2455 4097 2656 4170 εὑρεθῶ
2707 4096 2797 4150 καὶ
2857 4095 2996 4167 εὕρω
3053 4096 3145 4149 τὸν
3219 4095 3500 4168 ἄνθρωπον
3560 4092 3895 4158 πτιοικατίζω

2231 4186 2371 4258 (δίσ)’
2407 4186 2465 4247 ’ὀς
2516 4182 2561 4238 δ’
2594 4182 2654 4238 ἂν
2709 4182 2851 4239 εἷ’ποι
2902 4189 3017 4241 τοῖς
3066 4186 3372 4258 πάσχουσιν
3402 4180 3478 4242 εἷς
3528 4180 3587 4233 τὸ
3637 4180 3738 4239 οὖς
3805 4180 3895 4233 αυτ

2230 4279 2359 4341 τῶν,
2420 4275 2487 4327 τὰ
2537 4274 2777 4346 ὀνόματα
2833 4278 3003 4327 ταῦτα
3060 4272 3120 4327 ἐκ
3174 4273 3383 4347 τρίτου,
3437 4270 3513 4331 εἷς
3568 4270 3631 4323 τὸ
3688 4266 3894 4338 δεξιὶιν,

2234 4360 2562 4435 Ἰουδαριζὴ,
2614 4357 2874 4431 σαϐουνή,
2928 4359 3102 4430 δενώη
3177 4364 3321 4431 (sic),
3373 4357 3530 4419 εὐθὺς
3593 4358 3893 4432 ἀναχωρῶ.

2231 4452 2292 4508 '0
2350 4453 2418 4522 ιη’
2478 4448 2578 4528 ἔφη
2640 4450 2744 4526 ἐγὼ
2819 4448 3094 4523 καλοῦμαι
3153 4445 3571 4520 Βουλδουμὴχ,
3629 4453 3895 4521 γυναῖκας

2234 4540 2338 4594 ἀπὸ
2396 4537 2586 4615 ἀνδρὸς
2649 4538 2899 4614 χωρίζω,
2930 4538 3020 4592 καὶ
3075 4536 3269 4611 φθόνον
3327 4532 3593 4590 ἐπιτελῶ’
3655 4533 3748 4587 ἐάν
3811 4556 3891 4595 τις

2230 4631 2409 4703 γράψῃ
2465 4633 2571 4681 τῶν
2630 4633 2734 4682 σῶν
2794 4628 3040 4704 πατέρων
3093 4627 3161 4680 τά
3218 4625 3457 4697 ὀνόματα
3504 4622 3782 4695 Σολομῶν
3842 4622 3892 4675 ἐν

468 4692 670 4773 statim
702 4718 865 4773 abeo.
900 4692 1173 4774 Decimus
1204 4736 1393 4774 nonus
1424 4719 1504 4773 ait
1538 4734 1551 4773 :
1583 4716 1727 4773 Mihi
1760 4692 1973 4773 nomen
2008 4692 2123 4771 Na-

2233 4719 2438 4793 χάρτῃ,
2469 4718 2556 4771 καὶ
2589 4718 2741 4787 Οήσει
2775 4716 2910 4771 αὐτὰ
2940 4715 2991 4770 ἐν
3023 4713 3317 4789 προθύροις
3346 4718 3442 4768 τοῦ
3490 4711 3646 4766 οἷ’κου
3696 4712 3887 4777 αὐτοῦ,

469 4805 731 4874 thoth,et
761 4806 817 4861 in
843 4823 1035 4879 genua
1057 4807 1313 4862 virorum
1346 4807 1549 4873 sedeo;
1587 4808 1634 4862 si
1668 4806 1801 4878 quis
1835 4807 1892 4862 in
1919 4806 2124 4862 charta

469 4896 777 4967 scripserit
809 4912 821 4950 :
856 4895 1334 4964 Phnounoboeol,
1368 4897 1479 4963 exi,
1510 4894 1786 4962 Nathoth,
1820 4900 1877 4951 et
1908 4895 2123 4951 collum

468 5000 541 5039 ne
598 4988 828 5057 tangas,
893 4985 1092 5040 statim
1170 4985 1331 5041 abeo.
1410 4985 1743 5040 Vicesimus
1800 4984 1882 5039 ait
1940 5002 1952 5040 :
2012 4990 2123 5057 Ego

468 5074 740 5129 nominor
770 5074 1073 5142 Mardero;
1112 5074 1317 5129 febrim
1367 5074 1619 5130 immitto
1661 5073 2003 5129 hominibus
2035 5075 2126 5129 in-

468 5162 790 5217 sanabilem
836 5180 849 5229 ;
900 5163 949 5217 si
994 5162 1125 5234 quis
1169 5162 1228 5217 in
1275 5163 1478 5218 charta
1524 5161 1706 5217 libelli
1756 5163 2059 5233 scripserit
2107 5181 2120 5218 :

469 5251 757 5322 Sphener,
788 5252 1067 5324 Raphael,
1100 5268 1402 5319 exeamus,
1452 5250 1611 5326 σύρον
1646 5247 1860 5323 δούρον,
1894 5258 1950 5307 et
1979 5251 2124 5309 collo

472 5341 781 5410 aptaverit,
813 5342 1121 5397 confestim
1155 5342 1381 5397 recedo.

470 5432 667 5503 χωρῶ.
717 5429 778 5486 Ὁ
836 5430 880 5484 κ’
932 5423 1074 5504 ἔφη’
1135 5429 1275 5504 Ἐγὼ

539 5698 651 5771 (12)
681 5698 924 5755 Diversa
959 5714 1174 5771 genera
1215 5699 1519 5772 scriptura:
1551 5699 1611 5757 in
1642 5717 1761 5758 una
1788 5700 2212 5759 enuntiatione.

2233 4806 2431 4861 ἐκεῖθεν
2494 4807 2787 4881 ἀναχωρῶ.
2843 4807 2903 4861 'H
2964 4802 3021 4859 δὲ
3072 4802 3342 4881 ἐπιγραφή
3397 4802 3537 4856 ἐστιν
3596 4800 3775 4871 αὕτη·
3810 4822 3889 4855 κει

2234 4894 2379 4951 λεύει
2430 4895 2515 4950 σοὶ
2567 4896 2594 4949 ὁ
2654 4895 2782 4957 Θεὸς
2840 4889 3113 4969 Ἀϐραὰμ,
3143 4893 3232 4947 καὶ
3289 4894 3316 4947 ὁ
3372 4891 3501 4952 Θεὸς
3561 4890 3886 4960 Ἰσαὰκ,καῖ

2236 4985 2263 5039 ὁ
2316 4986 2446 5046 Θεὸς
2499 4978 2718 5053 Ἰακὼϐ,
2752 4984 3111 5058 ἀναχώρησον
3162 4982 3267 5036 ἀπὸ
3322 4985 3418 5035 τοῦ
3477 4978 3633 5034 οἷ’κου
3689 4979 3889 5034 τούτου

2238 5075 2352 5147 μετ’
2384 5073 2627 5149 εἰρήνης,
2672 5072 2825 5136 εὐθὺς
2874 5072 3164 5147 ἀναχωρῶ.
3216 5072 3275 5127 Ὀ
3325 5072 3389 5133 ιθ¹
3438 5068 3540 5147 ἔφη
3592 5070 3736 5144 Ἐγὼ
3798 5090 3887 5122 ια-

2236 5160 2439 5235 λοῦμαι
2473 5162 2689 5228 Ναθὼθ,
2720 5161 2809 5215 καὶ
2858 5160 2934 5222 εἷς
2964 5162 3030 5215 τὰ
3060 5160 3263 5234 γόνατα
3301 5159 3597 5231 καθέζομαι
3641 5163 3750 5212 τῶν
3802 5159 3888 5211 ἀνι

2236 5252 2493 5326 θρώπων,
2528 5252 2615 5305 ἐάν
2674 5272 2757 5313 τις
2818 5249 3087 5325 ἐπιγράψῃ
3138 5248 3187 5303 ἐν
3231 5249 3409 5323 χάρτῃ
3466 5241 3887 5315 Φνουνοϐοηόλ,

2234 5336 2413 5409 ἔξελθε
2442 5339 2785 5408 Ναθὼθ,καὶ
2843 5335 3118 5414 τράχηλιν
3182 5339 3256 5409 μή
3317 5338 3481 5411 ἅψῃς,
3540 5334 3699 5398 εὐθὺς
3759 5334 3885 5388 ἄνα-

1367 5428 1641 5503 καλοῦμαι
1728 5426 2019 5505 Μαρδέρω,
2081 5429 2307 5504 πυρετὸν
2396 5426 2688 5501 ὲπιπέμπω
2767 5426 2977 5482 ἀνίατον
3056 5430 3170 5487 τοῖς
3246 5426 3580 5501 ἀνθρώποις,
3641 5422 3725 5478 ὶάν
3810 5444 3887 5484 τίς
