3986 6340
467 405 624 466 1347

1428 405 1830 468 APPENDIX
1871 405 1972 466 AD
2017 405 2480 466 MICHAELEM
2525 405 2916 468 PSELLUM.

3787 411 3918 472 i313

460 539 645 606 Ardu,
675 539 922 606 Anaoth,
956 538 1113 594 hunc
1161 537 1354 594 locum
1387 538 1563 610 fugio.
1597 539 1665 594 Et
1707 539 1829 594 haec
1860 538 2097 594 audiens

2219 535 2448 594 ἐκείνου.
2519 535 2615 592 Καὶ
2664 540 2830 592 ταῦτα
2873 535 3106 596 ἀκούσας
3165 535 3278 612 ἐγὼ
3311 537 3634 611 Σολομῶν,
3689 537 3914 611 ἓδόξππ

463 645 568 700 ego
601 628 896 698 Salomon,
931 627 1162 683 laudavi
1215 629 1390 684 Deum
1442 628 1568 684 coeli
1617 633 1674 684 et
1724 630 2112 698 ωτι-σξηοεςὶ

463 723 656 772 autem
686 733 782 772 eos
825 722 1052 788 portare
1084 735 1297 788 aquam
1331 719 1390 773 in
1425 718 1640 790 templo
1664 717 1862 782 Dei,et
1897 717 2112 772 iterum

461 809 804 881 deprecatus
861 825 993 863 sum
1057 809 1363 864 Dominum
1427 810 1632 878 Deum,
1679 813 1742 864 ut
1798 809 2112 864 exteriores

463 899 779 966 daemones,
813 915 878 952 ac
902 897 1376 968 supplantatores
1408 898 1738 965 hominum,
1774 897 1950 952 simul
1985 897 2114 951 vin-

461 989 743 1052 cirentur,
792 991 849 1042 et
895 987 1161 1041 venirent
1189 987 1247 1040 in
1281 987 1570 1058 templum
1615 987 1729 1042 Dei.
1765 987 1884 1058 Ego
1916 991 2107 1040 autem

459 1077 605 1131 alios
639 1075 848 1131 acriter
877 1075 1170 1131 daemones
1219 1075 1602 1131 condemnavi
1635 1083 1698 1131 ut
1729 1079 2112 1146 operarentur

457 1166 734 1238 gravibus
767 1165 1067 1220 laboribus
1116 1165 1528 1220 exstructionis
1553 1164 1758 1236 templi
1792 1165 1914 1220 Dei.
1951 1165 2109 1219 Alios

456 1254 789 1312 carceribus
823 1253 1055 1320 inclusi,
1102 1254 1230 1309 aliis
1283 1255 1549 1310 mandavi
1601 1259 1666 1308 ut
1713 1253 1848 1326 igne
1905 1254 2108 1309 doma-

457 1349 586 1399 rent
635 1359 848 1398 aurum
900 1347 956 1398 et
1009 1348 1341 1415 argentum,
1397 1347 1454 1397 et
1507 1343 1746 1414 plumbo
1795 1347 1852 1396 et
1899 1341 2107 1414 phialae

455 1433 805 1488 conﬂatoriae
839 1433 1188 1502 assiderent,
1223 1437 1278 1487 et
1329 1431 1555 1486 caeteris
1607 1432 1970 1486 daemonibus
2005 1449 2105 1486 no-

454 1524 558 1578 dos
591 1527 938 1594 prmparcnt,
989 1521 1206 1592 quibus
1255 1521 1468 1576 debent
1517 1521 1760 1576 includi.
1809 1521 1877 1575 Et
1927 1521 2102 1576 habui

455 1627 725 1682 magnam
791 1609 1279 1682 tranquillitatem
1343 1627 1444 1680 ego
1497 1611 1772 1664 Salomon
1826 1611 1881 1663 in
1944 1610 2100 1664 omni

450 1705 626 1766 terra,
659 1707 714 1755 et
745 1700 802 1754 in
855 1716 994 1770 pace
1045 1699 1232 1754 multa
1279 1699 1460 1754 vitam
1511 1699 1665 1770 degi,
1719 1699 2040 1754 honoratus
2072 1717 2104 1754 a

450 1791 678 1844 cunctis
726 1789 1067 1843 hominibus
1123 1789 1221 1860 qui
1275 1790 1384 1843 sub
1427 1788 1568 1844 coelo
1619 1793 1774 1854 sunt,
1808 1793 1864 1843 et
1915 1788 2102 1844 aedili-

3875 629 3906 644 ν

2223 627 2311 679 τὸν
2371 625 2498 680 Θεὸν
2553 629 2649 680 τοῦ
2705 625 2936 700 οὐρανοῦ
2983 627 3074 680 καὶ
3120 633 3220 694 τῆς
3295 634 3437 700 γῆς,
3509 626 3816 682 ἐκέλευσα

2225 713 2417 777 αὐτοὺς
2477 713 2622 790 ὕδωρ
2674 715 2920 786 κομίζειν
2953 713 3004 769 ἐν
3033 719 3112 786 τῷ
3145 720 3256 786 ναῷ
3305 721 3400 769 τοῦ
3457 721 3638 771 Θεοῦ*
3701 721 3802 772 καῖ
3851 719 3904 772 ξτ-

2221 805 2612 880 προσηυξάμην
2673 805 2808 880 πρὸς
2843 803 3035 878 Κύριον
3066 805 3158 860 τὸν
3204 805 3356 860 Θεόν·
3423 801 3570 860 ὥστε
3605 807 3762 868 τοὺς

2223 892 2484 966 δαίμονας
2531 895 2620 949 καὶ
2671 891 3054 962 ἐκποδίζοντας
3083 896 3182 963 τὴν
3211 895 3620 970 ἀνθρωπότητα
3693 919 3908 969 συμπει-

2223 983 2457 1052 δίζεσθαι
2487 985 2574 1038 καὶ
2607 983 3004 1059 προσέρχεσθαι
3037 985 3111 1047 εἷς
3143 986 3235 1040 τὸν
3269 987 3392 1040 ναὸν
3423 993 3524 1041 τοῦ
3573 993 3758 1042 Θεοῗν

2221 1071 2277 1128 δὲ
2306 1074 2432 1135 τοὺς
2471 1074 2563 1146 μὶν
2593 1075 2700 1128 τῶν
2752 1071 3051 1145 δαιμόνων,
3097 1073 3382 1147 κατέκρινα
3435 1076 3786 1152 ἐργάζεσθαι
3845 1081 3900 1131 ti

2223 1165 2388 1238 βαρέα
2419 1161 2547 1240 ἔργα
2577 1169 2678 1232 τῆς
2719 1161 3020 1236 οἰκοδομῆς
3051 1169 3148 1218 τοῦ
3177 1165 3306 1218 ναοῦ
3335 1165 3434 1220 τοῦ
3465 1171 3630 1222 Θεοῦ.
3670 1167 3828 1228 Τοῦς
3853 1165 3900 1220 Ξὲ

2217 1259 2482 1328 φρουραῖς
2533 1253 2875 1308 κατέκλεισα*
2945 1253 3158 1327 ἑτέρους
3215 1263 3572 1330 πυρομαχεῖν
3627 1254 3892 1310 ἐκέλευσα

2217 1341 2433 1418 χρυσίῳ
2483 1343 2574 1398 καί
2619 1343 2882 1418 ἀργυρίῳ,
2929 1343 3020 1397 καὶ
3057 1338 3330 1416 μολίϐδῳ,
3361 1345 3452 1398 καὶ
3485 1343 3690 1421 epistle?
3723 1365 3894 1418 παρει-

2214 1431 2547 1500 καθὲζεσθαι·
2581 1433 2668 1486 καὶ
2697 1437 2813 1492 τοῖς
2841 1429 3058 1494 λοιποῖς
3093 1429 3335 1504 δαίμοσι,
3365 1433 3614 1508 τρόπους
3647 1437 3890 1506 ἧτοεμὲ-

2215 1520 2355 1590 σθαί,
2417 1521 2498 1596 ἐφ’
2555 1523 2642 1583 οἷς
2695 1519 2976 1597 ὀφείλουσι
3037 1521 3548 1591 κατακλεισθῆναι.
3639 1523 3748 1577 Καὶ
3825 1525 3892 1578 ετ-

2217 1629 2316 1686 χον
2371 1609 2591 1680 πολλὴν
2625 1609 2860 1685 ἡσυχίαν
2921 1609 3031 1684 ἐγὼ
3091 1607 3366 1683 Σολομῶν
3411 1611 3464 1665 ἐν
3497 1611 3654 1686 πάσῃ
3693 1617 3766 1684 τῇ

2214 1699 2301 1754 καὶ
2359 1697 2410 1753 ἐν
2444 1699 2632 1773 εἰρήνῃ
2693 1697 2880 1774 διῆγον
2913 1696 3125 1772 πολλῇ,
3157 1701 3475 1771 τιμώμενος
3503 1701 3618 1754 ὑπὸ
3667 1701 3884 1754 πεὲ-ιτεςν

2212 1787 2537 1861 ἀνθρώπιον,
2573 1787 2662 1841 καὶ
2691 1791 2799 1842 τῶν
2835 1787 2937 1842 ὑπὸ
2967 1791 3074 1842 τῶν
3105 1787 3368 1864 οὐρανῶν,
3414 1787 3516 1842 Καὶ
3553 1787 3884 1860 ᾠκοδόμουν,

451 1882 570 1936 cavi
605 1897 777 1934 omne
811 1881 1094 1950 templum
1129 1879 1358 1934 Domini
1395 1880 1590 1950 Dei,et
1623 1896 1867 1952 regnum
1903 1896 2096 1934 meum

2210 1876 2300 1931 τὸν
2331 1877 2455 1930 ναὸν
2488 1875 2619 1931 ’ὀλον
2647 1875 2847 1948 Κυρίου
2875 1880 2970 1930 τοῦ
3020 1880 3176 1932 Θεοῦ’
3237 1875 3326 1930 καὶ
3367 1879 3400 1946 ἠ
3461 1877 3728 1950 βασιλεία
3783 1899 3882 1948 μου

449 1975 604 2025 recte
635 1971 1110 2040 gubernabatur;
1145 1975 1201 2024 et
1251 1969 1540 2024 exercitus
1591 1985 1756 2024 meus
1805 1973 1928 2024 erat
1979 1985 2096 2024 me-

449 2075 620 2128 cum;
655 2065 925 2114 caeterum
961 2059 1244 2130 requievit
1297 2059 1436 2113 urbs
1472 2058 1798 2114 Jerusalem
1832 2059 2095 2130 gaudens

446 2153 502 2204 et
528 2147 878 2210 laetabunda,
911 2151 966 2202 et
1009 2163 1212 2202 omnes
1257 2162 1423 2214 reges
1469 2150 1631 2200 terrae
1683 2147 1992 2202 veniebant
2023 2147 2093 2200 ad

449 2253 604 2292 mea
657 2236 872 2290 ﬁnibus
931 2241 1118 2304 terra},
1153 2240 1214 2289 ut
1272 2235 1535 2290 viderent
1591 2235 1878 2308 templum
1939 2237 2094 2307 quod

449 2325 806 2379 zedilicabam
841 2324 1082 2378 Domino
1115 2324 1252 2390 Deo,
1287 2329 1344 2378 et
1383 2322 1686 2379 audientes
1718 2325 1914 2379 datam
1951 2324 2094 2378 mihi

448 2412 820 2484 sapientiam,
875 2413 1302 2466 venerabantur
1359 2429 1451 2468 me
1500 2412 1682 2484 gratia
1733 2413 1953 2484 templi,
1998 2430 2096 2468 au-

446 2519 576 2556 rum
629 2505 684 2555 et
734 2507 1062 2572 argentum,
1112 2507 1170 2556 et
1219 2501 1441 2572 lapides
1519 2504 1804 2573 preliosos
1853 2503 2092 2569 multos,

443 2589 637 2644 varios
668 2595 724 2644 et
756 2607 852 2659 aes,
887 2595 944 2644 et
978 2591 1217 2660 ferrum,
1251 2595 1308 2644 et.
1339 2590 1668 2662 plumbum,
1723 2597 1778 2646 et
1808 2591 1969 2664 ligna
1999 2608 2084 2646 ce—

443 2679 634 2742 drina,
667 2683 724 2732 et
757 2679 912 2750 ligna
961 2679 1446 2750 imputrcsc'ibilia
1482 2681 1801 2736 all‘erebant
1832 2681 1999 2747 mihi,
2035 2681 2092 2735 in

442 2767 884 2822 aediﬁcationem
918 2767 1120 2838 templi
1153 2767 1293 2835 Dei;
1329 2768 1387 2822 in
1435 2769 1528 2823 his
1575 2773 1632 2823 et
1681 2770 1880 2840 regina
1927 2775 2095 2824 terrae

439 2857 638 2912 Austri
673 2873 885 2927 magna
917 2855 1141 2927 pollens
1176 2857 1506 2926 prudentia,
1539 2857 1696 2912 venit
1741 2863 1797 2913 et
1846 2858 2095 2929 procidit

442 2963 638 3001 coram
689 2962 781 3000 me
831 2961 1005 3016 super
1055 2953 1292 3012 terram,
1343 2950 1401 3002 et
1449 2946 1694 3001 audiens
1743 2947 2092 3018 sapientiam

443 3051 656 3104 meam,
688 3035 948 3090 laudavit
981 3035 1162 3090 Deum
1197 3034 1397 3104 Israel,
1432 3039 1488 3090 et
1521 3035 1861 3107 probatione
1889 3037 2094 3108 proba-

437 3127 520 3180 vit
551 3126 904 3198 sapientiam
951 3143 1140 3183 meam
1193 3127 1252 3180 in
1303 3126 1504 3182 multis
1555 3143 1680 3198 quas
1728 3128 1898 3182 docui
1942 3144 2089 3198 eain,

431 3215 604 3285 juxta
636 3215 834 3270 datam
869 3215 1012 3269 mihi
1042 3216 1417 3286 sapientiam,
1445 3221 1500 3272 et
1540 3233 1744 3273 omnes
1777 3217 1878 3272 lilii
1910 3217 2086 3273 Israel

438 3303 828 3360 laudaverunt
857 3303 1194 3360 Dominum.

508 3521 737 3577 Etecce
768 3520 822 3574 in
857 3520 950 3576 his
1002 3521 1209 3577 diebus
1257 3538 1410 3576 unus
1459 3523 1860 3593 cperariorum
1915 3539 2092 3580 senex

437 3615 602 3666 aetate
636 3610 884 3681 procidit
929 3613 1063 3664 ante
1097 3627 1186 3664 me
1241 3611 1477 3666 dicens:
1509 3611 1784 3667 Miserere
1825 3613 1958 3680 mei,
1993 3629 2090 3666 rex

433 3699 731 3762 Salomon,
755 3699 896 3769 quia
928 3715 1102 3754 senex
1134 3699 1373 3755 exsisto.
1405 3699 1633 3755 Jubens
1664 3699 1844 3772 igitur
1877 3707 1941 3756 ut
1971 3713 2088 3756 sta-

435 3789 695 3856 ret,dixit
724 3789 884 3859 (sic):
921 3789 1203 3859 Loquere,
1241 3805 1440 3859 senex,
1475 3789 1616 3861 quid
1657 3789 1787 3844 vis?
1816 3791 1920 3854 Qui
1966 3792 2085 3845 ait:

433 3877 684 3936 Obsecro
705 3881 782 3942 te,
818 3894 934 3946 rex,
961 3877 1147 3932 lilium
1189 3878 1370 3934 habeo
1396 3879 1766 3950 unigenitum
1800 3885 1856 3934 et
1887 3886 2090 3934 contu-

435 3966 628 4022 meliis
649 3965 825 4020 allicit
851 3983 943 4022 me
967 3967 1266 4036 gravibus,
1288 3972 1344 4022 et
1366 3970 1630 4022 verberat
1663 3985 1752 4023 me
1775 3969 1830 4022 in
1860 3970 2090 4036 faciem,

434 4060 492 4111 et
515 4061 693 4128 caput
717 4055 858 4110 mihi
905 4055 1157 4120 vellicat,
1191 4067 1246 4112 el
1269 4062 1518 4112 mortem
1545 4057 1758 4112 malam
1786 4059 2096 4114 denuntiat

435 4144 580 4198 mihi
603 4161 616 4209 ;
641 4145 768 4198 ideo
803 4150 929 4198 asto
961 4161 1154 4199 coram
1188 4150 1267 4214 te,
1299 4146 1532 4201 vindica
1566 4147 1816 4201 me.I-I(ec
1847 4148 2094 4202 audiens

435 4249 540 4303 ego
571 4232 870 4302 Salomon,
904 4233 1100 4288 dolore
1133 4235 1435 4306 pungebar
1477 4235 1769 4307 aspiciens
1801 4237 1856 4291 in
1894 4252 2094 4290 senec-

433 4325 619 4376 tutem
678 4325 828 4390 ejus,
871 4326 928 4376 et
973 4323 1130 4392 jussi
1181 4329 1242 4376 ut
1294 4325 1680 4380 adduceretur
1741 4325 1898 4381 lilius
1941 4329 2092 4398 ejus_

435 4410 616 4474 Quem
669 4410 1012 4464 accersitum
1063 4410 1435 4484 interrogavi,
1484 4413 1532 4468 si
1584 4413 1704 4468 haec
1755 4417 1837 4470 ita
1887 4432 1948 4470 se
1997 4415 2098 4472 ha-

433 4499 593 4552 bent.
637 4497 732 4552 Ait
785 4503 982 4554 autem
1034 4499 1268 4569 juvenis
1329 4516 1343 4556 :
1403 4501 1528 4556 Non
1587 4503 1668 4558 ita
1725 4519 1830 4574 ego
1891 4505 2094 4560 furore

435 4587 741 4659 plenus,ut
775 4592 997 4658 patrem
1033 4588 1132 4658 qui
1165 4588 1369 4660 genuit
1403 4605 1494 4646 me
1527 4607 1700 4646 manu
1737 4592 2088 4650 ceciderim!

437 4676 722 4748 PrOpitius
755 4677 832 4732 sit
877 4675 1018 4731 mihi
1063 4695 1182 4749 rex,
1217 4695 1328 4733 non
1363 4679 1516 4734 enim
1549 4679 1778 4750 iniusta
1807 4681 1950 4737 talia
1983 4699 2088 4737 au-

433 4783 538 4820 sus
585 4783 714 4822 sum
769 4765 972 4820 infelix
1022 4783 1148 4838 ego.
1207 4771 1336 4822 llaec
1369 4771 1636 4838 ajuvene
1685 4771 1932 4827 audiens
1981 4789 2086 4842 ego

429 4855 726 4916 Salomon,
759 4855 1038 4910 hortabar
1088 4857 1378 4911 seniorem
1423 4863 1486 4912 ut
1537 4859 1606 4913 ad
1643 4876 1884 4914 sensum
1935 4860 2088 4915 veni-

431 4953 537 5010 ret,
584 4949 640 5000 et
687 4944 788 5000 lilii
840 4951 1168 5016 acceptaret
1224 4947 1686 5002 excusationem.
1737 4949 1839 5004 llle
1890 4954 2086 5004 autem

431 5033 682 5100 nolebat,
717 5035 816 5089 sed
851 5035 1042 5106 potius
1093 5041 1158 5089 ut
1207 5041 1396 5090 morte
1446 5037 1680 5108 periret.
1717 5039 1856 5092 Cum
1893 5043 2086 5093 autem

429 5138 544 5176 non
590 5121 988 5193 acquiesceret
1036 5139 1231 5190 senex,
1267 5125 1563 5194 piaculum
1617 5125 1808 5194 juveni
1844 5126 2084 5196 iamiam

425 5211 812 5282 impositurus
846 5227 1028 5276 eram,
1060 5217 1118 5266 et
1147 5213 1350 5267 videns
1383 5212 1620 5268 Orniam
1656 5217 1978 5270 daemonem
2007 5217 2085 5270 ri-

426 5301 684 5364 dentem,
719 5301 904 5355 iratus
937 5317 1068 5355 sum
1103 5300 1268 5356 valde
1303 5317 1367 5357 eo
1403 5303 1554 5373 quod
1609 5303 1826 5360 rideret
1857 5305 2084 5361 daemon

429 5387 490 5442 in
523 5395 840 5462 conspectu
875 5407 1022 5445 meo.
1057 5391 1125 5445 Et
1160 5389 1278 5445 illis
1319 5391 1478 5462 jussi
1530 5397 1592 5446 ut
1640 5393 1996 5460 recederent,
2029 5399 2086 5450 et

429 5478 820 5534 adduceretur
849 5479 1056 5536 Ornias
1109 5479 1168 5534 in
1219 5479 1412 5536 medio
1453 5481 1792 5548 tribunalis,
1823 5498 1938 5553 quo
1988 5485 2084 5538 ad-

427 5567 626 5638 ducto,
653 5567 768 5624 dixi
789 5568 838 5624 ei
864 5586 876 5624 :
905 5568 1232 5636 Maledicte,
1261 5570 1404 5641 quid
1430 5571 1574 5626 mihi
1599 5571 2083 5644 appropinquans

429 5657 788 5714 risistiPAit
835 5663 1032 5714 autem
1085 5659 1358 5714 daemon:
1403 5661 1607 5725 Quaeso
1659 5665 1734 5732 te,
1787 5677 1906 5728 rex,
1965 5679 2082 5717 non

431 5749 672 5820 propter
721 5751 774 5803 te
819 5747 942 5816 risi,
991 5749 1089 5804 sed
1136 5753 1390 5820 propter
1437 5749 1738 5806 infelicem
1788 5751 2079 5810 seniorem

2206 1967 2272 2034 ἧν
2299 1965 2612 2019 εὐθυνοῦσςιιι
2663 1963 2752 2018 καὶ
2785 1965 2813 2019 ὁ
2845 1965 3072 2037 στρατός
3133 1987 3238 2038 μου
3271 1964 3336 2032 ἦν
3403 1971 3520 2038 μετ’

3577 1966 3744 2039 ἐμοῦ,
3793 1967 3878 2020 κιξ

2205 2051 2422 2126 λοιπὸν,
2473 2052 2806 2108 ἀνεπαύσατο
2865 2055 2900 2122 ἡ
2958 2051 3123 2114 πόλις
3181 2053 3552 2129 Ἱερουσαλήμ
3603 2057 3876 2130 χαίρουσι

2201 2144 2292 2198 καὶ
2337 2141 2752 2220 ἀγαλλιωμένη·
2805 2143 2896 2196 καὶ
2949 2143 3173 2204 ἅπαντες
3205 2145 3258 2196 οἱ
3302 2143 3556 2218 βασιλεῖς
3617 2152 3722 2214 τῆς
3771 2153 3874 2218 γῆς

2203 2231 2446 2308 ἤρχοντο
2477 2233 2611 2306 πρός
2645 2253 2710 2305 με
2743 2231 2848 2286 ἀπὸ
2877 2236 2983 2286 τῶν
3041 2233 3288 2308 περάτων
3319 2239 3420 2302 τῆς
3453 2241 3562 2307 γῆς
3591 2236 3868 2308 θεωρῆςιιι

2201 2323 2292 2377 τὸν
2321 2323 2446 2376 ναὸν
2498 2323 2554 2376 ’ὸν
2611 2319 2931 2396 ᾠκοδόμουν
2985 2321 3172 2396 Κυρίῳ
3227 2327 3310 2393 τῷ
3367 2327 3504 2394 Θεῷ.
3571 2322 3866 2380 Καέἐκυῦ-

2203 2433 2386 2474 σαντες
2439 2413 2537 2481 τήν
2599 2410 2788 2490 σοφίαν
2865 2412 2962 2478 τὴν
3023 2407 3270 2474 δοθεῖσάν
3341 2431 3434 2483 μοι
3488 2413 3864 2488 «posui-oon

2209 2523 2298 2574 μοι
2333 2500 2408 2562 εἷς
2439 2501 2529 2555 τὸν
2587 2501 2734 2572 ναὸν,
2793 2500 3021 2574 χρυσίον
3071 2500 3161 2554 καὶ
3221 2499 3474 2574 ἀργύριον
3525 2503 3622 2556 καὶ
3683 2501 3870 2566 λίθους

2200 2589 2418 2662 τιμίους
2475 2587 2722 2651 πολλοὺς
2755 2586 3064 2668 διαφόρους,
3097 2589 3186 2644 καὶ
3236 2588 3446 2664 χαλκὸν
3481 2592 3578 2645 καὶ
3613 2589 3864 2666 σίδηρον,

2201 2677 2289 2732 καί
2351 2673 2641 2750 μόλιϐδον,
2698 2679 2786 2732 καὶ
2847 2677 2978 2747 ξύλα
3033 2674 3272 2750 κὲδρινα,
3321 2679 3406 2732 καὶ
3455 2678 3594 2748 ξῦλα

2202 2767 2531 2844 προσέφερόν
2589 2789 2681 2840 μοι
2741 2767 2816 2829 εἰς
2875 2768 2973 2836 τήν
3023 2769 3360 2836 κατασκευὴν
3415 2772 3514 2822 τοῦ
3577 2773 3722 2822 ναοῦ
3773 2775 3864 2824 to}

2203 2861 2355 2911 Θεοῦ·
2417 2855 2468 2910 ἰν
2520 2859 2601 2917 οἷς
2643 2857 2730 2910 καὶ
2789 2853 3076 2930 βασίλισσα
3139 2857 3314 2910 Νότου
3369 2855 3538 2929 γὸνης
3569 2859 3696 2928 (sic)
3769 2859 3866 2911 in:-

2204 2943 2448 3022 ἄρχουσα
2477 2945 2528 2999 ἐν
2558 2943 2746 3020 πολλῇ
2801 2945 3055 3022 φρόνησει
3103 2943 3270 3014 ἦλθεν
3303 2945 3391 3000 καὶ
3449 2947 3854 3020 προσεκόνητεοι

2201 3035 2428 3091 ἐνώπιόν
2465 3057 2567 3108 μου
2600 3035 2685 3090 ἐπὶ
2717 3036 2814 3103 τὴν
2871 3041 2997 3110 γῆν·
3047 3034 3135 3089 καὶ
3199 3035 3468 3089 rixo-56:61
3509 3039 3612 3106 τὴν
3669 3039 3858 3110 σοφία-ι

2207 3145 2310 3200 μου
2367 3122 2584 3195 ἐδόξασε
2637 3123 2726 3178 τὸν
2779 3123 2906 3178 Θεὸν
2949 3127 3044 3177 τοῦ
3073 3122 3320 3198 Ἰσραὴλ,
3353 3122 3403 3178 ἐν
3439 3125 3518 3186 οἷς
3549 3127 3642 3180 καὶ
3677 3123 3854 3182 i301:-

2205 3235 2340 3286 μασε
2392 3210 2711 3285 δοκιμασίαν
2771 3211 2836 3266 τὰ
2891 3218 2990 3279 τῆς
3048 3212 3238 3288 σοφίας
3307 3234 3412 3284 μου
3469 3216 3690 3279 πάντα,
3757 3215 3846 3268 ὅσα

2117 3277 2159 3344 C
2198 3301 2534 3381 ἐσοφισςὶμην
2564 3301 2730 3372 αὐτὴν
2763 3301 2896 3355 κατᾶ
2923 3301 3021 3370 τὴν
3057 3298 3300 3355 δοθεῖσάν
3339 3324 3431 3375 μοι
3477 3305 3700 3380 σοφίαν
3765 3305 3846 3358 κιέ

2195 3391 2388 3454 πάντες
2421 3391 2528 3446 υἱοῖ
2563 3391 2784 3466 Ἰσραὴλ
2817 3385 3068 3460 ἐδόξασαν
3097 3393 3188 3446 τὸν
3217 3391 3368 3446 Θεόν.

2271 3518 2366 3572 Καὶ
2417 3513 2536 3570 ἰδοῦ
2569 3514 2620 3570 ἐν
2679 3521 2797 3577 ταῖς
2847 3517 3083 3591 ἡμέραις
3138 3515 3362 3578 ἐκείναις
3395 3519 3470 3578 εἷς
3498 3521 3610 3570 τῶν
3669 3539 3854 3592 τεχνι-

2198 3611 2304 3661 τῶν
2336 3606 2564 3682 γηραιὸς
2595 3607 2693 3674 τὴν
2726 3604 2968 3674 ἡλικίαν,
3027 3603 3244 3682 ἔρριψεν
3277 3606 3435 3660 αὐτὸν
3465 3608 3588 3678 (εἰσ)
3621 3605 3848 3661 ἐνώπιόν

2204 3718 2308 3770 μου
2361 3695 2556 3772 λὲγων·
2617 3692 2851 3750 Βασιλεῦ
2912 3693 3182 3768 Σολομῶν
3223 3737 3236 3764 ,
3313 3692 3536 3766 ἐλεησόν
3599 3717 3664 3768 με
3701 3741 3716 3764 ,
3773 3698 3846 3750 δτι

2199 3785 2432 3860 γηραιὸς
2489 3782 2744 3858 ὑπάρχω.
2795 3783 3058 3845 Κελεόσας
3085 3781 3177 3838 οῦν
3225 3783 3388 3838 αὐτὸν
3441 3785 3848 3852 ἀναστῆναικῇ

2201 3874 2362 3946 φησὶν
2413 3877 2533 3946 (sic,
2566 3875 2624 3928 39
2651 3873 2826 3945 pers.)
2861 3871 2976 3926 εἰπὲ
3035 3873 3208 3948 γέρων
3241 3872 3268 3926 ὃ
3319 3870 3516 3936 θέλεις
3547 3873 3577 3926 ὁ
3631 3871 3688 3928 εὶ
3731 3871 3848 3950 ἔφη.

2203 3961 2402 4036 Δέομαί
2457 3983 2571 4030 σου,
2611 3960 2854 4036 βασιλεῦ,
2897 3961 3009 4014 υἱὸν
3063 3959 3180 4036 ἔχω
3215 3968 3510 4037 μονογενῆ,
3559 3963 3654 4015 καὶ
3685 3963 3850 4026 οὕτως

2203 4048 2382 4126 ὕϐρεις
2413 4050 2585 4126 ἐπάγη
2621 4053 2712 4122 (ει)
2768 4071 2858 4122 μοι
2909 4047 3181 4124 χαλεπὰς,
3227 4049 3318 4104 καὶ
3367 4050 3538 4124 τύψας
3599 4072 3666 4124 με
3721 4053 3848 4106 κειτᾶ

2202 4143 2494 4216 πρόσωπον
2545 4139 2635 4194 καὶ
2683 4139 2780 4207 τήν
2830 4137 3070 4217 κεφαλήν
3127 4159 3232 4212 μου
3269 4137 3558 4210 ὃιέτιλλεν,
3617 4141 3704 4194 καὶ
3764 4143 3844 4194 θέ-

2203 4251 2360 4286 νατον
2393 4228 2630 4304 πονηρὸν
2677 4226 3070 4302 ἐπαγγέλλεταί
3107 4249 3200 4300 μοι
3255 4227 3450 4282 τούτου
3496 4229 3661 4303 χάριν
3719 4251 3846 4302 πρι-

2207 4319 2394 4392 είημοι
2451 4319 2595 4392 (sic),
2652 4315 3029 4392 προσίημαιῖ)
3089 4317 3214 4390 ὑμῖν
3273 4313 3555 4388 ἐκδίκησόν
3595 4339 3682 4390 με.
3715 4319 3842 4394 Ἐγὼ

2207 4407 2264 4464 δὲ
2323 4406 2590 4478 Σολομῶν
2636 4410 2802 4460 ταῦτα
2861 4405 3092 4466 ἀκούσας
3138 4405 3474 4481 κατενύγην,
3535 4403 3842 4480 ἀποδλὲῷις

2207 4498 2282 4560 εἷς
2335 4499 2397 4551 τὸ
2458 4495 2661 4551 ἐκείνου
2712 4502 2920 4572 γῆρας,
2975 4495 3064 4548 καὶ
3133 4482 3388 4549 ἐκέλευσα
3460 4495 3698 4569 ἀχθῆναι
3767 4499 3840 4550 tia

2206 4589 2321 4642 υἱὸν
2373 4585 2556 4642 αυτοῦ.
2619 4587 2731 4641 Τοῦ
2790 4581 2846 4638 δὲ
2905 4584 3166 4659 ἀχθέντος
3219 4583 3536 4658 ἐπηρώτουν
3571 4585 3754 4652 αὐτον,
3805 4587 3840 4639 εἰ

2200 4677 2372 4740 οὕτως
2427 4673 2564 4752 ἔχει’
2629 4676 2656 4728 ὁ
2715 4671 2770 4727 δὲ
2799 4675 2916 4736 νὲος
2950 4671 3073 4750 ἔφη·
3128 4673 3252 4748 Οὐχ
3284 4674 3456 4735 οὕτως
3491 4674 3720 4746 ἀπονοίᾳ
3751 4675 3838 4750 ἐγὼ

2198 4764 2656 4840 ἐμπεπλησμένος
2739 4762 2875 4818 ὥστε
2933 4764 3024 4818 τὸν
3103 4763 3398 4838 γεννήτορά
3473 4785 3580 4836 μου
3655 4785 3834 4834 πατεεκ

2199 4857 2426 4926 παλάμῃ
2453 4854 2638 4926 τύψαι.
2669 4851 2860 4913 Ἳλεως
2893 4856 3054 4926 γενοῦ
3090 4873 3204 4918 ιιιοι,
3235 4849 3480 4926 βασιλεῦ·
3515 4853 3578 4906 οὗ
3613 4855 3712 4926 γὰρ
3739 4853 3836 4906 aes.

2203 4965 2331 5016 μιτα
2357 4947 2586 4998 τοιαῦτα
2615 4939 2933 5012 τετόλμηκα
2959 4941 2985 4994 ὁ
3017 4939 3366 5011 ταλαίπωρος
3401 4941 3536 5016 ἐγώ.
3571 4943 3714 5016 Ἐγὼ
3745 4939 3832 4996 ait

2201 5032 2469 5106 Σολομῶν
2501 5035 2667 5084 ταῦτα
2711 5029 2944 5090 ἀκούσας
2997 5031 3144 5103 παρὰ
3187 5033 3284 5084 τοῦ
3323 5029 3467 5098 νὲου,
3513 5029 3828 5104 παρεκάλουν

2194 5123 2285 5178 τὸν
2346 5115 2707 5196 πρεσϐὗτερον
2774 5117 2848 5180 εἷς
2928 5115 3137 5174 ἔννοιαν
3197 5117 3396 5188 ἐλθεῖν,
3449 5119 3542 5173 καὶ
3603 5117 3828 5194 δὲχεςεηι

2195 5215 2291 5266 τοῦ
2351 5209 2469 5263 υἱοῦ
2525 5209 2624 5276 τὴν
2685 5207 2986 5282 ἀπολογίαν
3020 5249 3032 5262 .
3101 5209 3164 5262 Ὀ
3215 5204 3273 5261 δὲ
3319 5205 3417 5261 οὐκ
3462 5205 3660 5277 ἤθελεν
3705 5207 3832 5264 ἆλΞὰ

2201 5295 2413 5372 μᾶλλον
2473 5297 2840 5366 θανατωθήτω
2891 5297 3034 5368 (δίσ)·
3095 5294 3144 5348 ἐν
3195 5291 3252 5350 Si
3295 5299 3373 5366 τῷ
3435 5295 3512 5367 μὴ
3575 5297 3832 5358 πείθεσθπῖ

2193 5389 2285 5443 τὸν
2338 5379 2721 5462 πρεσϐύτερον,
2779 5379 3019 5457 ἔμελλον
3055 5389 3132 5457 τῷ
3162 5382 3265 5456 νέῳ
3314 5385 3590 5460 τιμωρίαν
3633 5385 3832 5462 ἀπορῆ-

2194 5477 2403 5532 νασθαι·
2455 5473 2545 5528 καὶ
2603 5475 2884 5550 θεωρήσας
2917 5473 3124 5548 Ὀρνίαν
3151 5473 3246 5528 τὸν
3301 5471 3532 5546 δαίμονα
3583 5473 3828 5550 γελῶντι.

2193 5566 2484 5640 ἐθυμώθην
2521 5562 2770 5638 μεγάλως
2801 5561 2890 5618 διὰ
2933 5564 2996 5618 τὸ
3025 5563 3250 5638 γελάσαι
3297 5563 3388 5618 τὸν
3439 5560 3672 5636 δαίμονα
3721 5563 3830 5618 Eoi-3-

2193 5657 2317 5712 πιόν
2354 5675 2477 5728 μου·
2529 5653 2618 5708 καὶ
2665 5653 2892 5716 τούτους
2952 5659 3282 5726 μεταστῆσαι
3327 5651 3584 5708 ἐκέλευσα
3643 5655 3826 5728 Ὀρνία-θ

2194 5746 2268 5808 είς
2328 5743 2490 5818 μέσον
2551 5743 2789 5818 ἀχθῆναι
2833 5747 2926 5798 τοῦ
2989 5743 3256 5818 βήματος.
3315 5745 3418 5796 Τοῦ
3479 5739 3536 5796 εὶ
3591 5742 3826 5817 ἀχθέντες
