3986 6340
87 395 119 454 1
134 393 263 456 349

1246 386 1844 451 TESTAMENTUM
1889 385 2365 449 SALOMONIS.

3358 387 3515 450 1350

80 522 233 599 ἔφην
293 521 957 596 αὖτῷἘπικατάρατε,τί
1017 542 1085 596 με
1137 522 1400 597 προσχῶν
1447 515 1751 593 ὶγέλασας;

1882 523 1925 576 at
1955 518 2529 591 miserumjuvenem
2562 517 2742 590 hujus
2764 517 2976 590 ﬁlium,
3010 519 3151 592 quia
3169 523 3288 577 tres
3318 520 3513 578 adhuc

78 615 148 671 '0
183 611 245 669 δὲ
278 610 491 686 δαίμων
521 608 621 691 ἔφη
650 631 664 644 ο
695 612 928 685 Δαίομαι
962 613 1091 685 (sic)
1118 614 1235 677 σοῦ,
1273 605 1519 685 βασιλεῦ’
1554 607 1615 662 οὐ
1667 603 1756 661 διὰ

88 703 152 757 σὶ
203 701 458 776 ἐγὲλασα,
489 699 635 756 ἀλλὰ
686 698 778 755 διὰ
825 704 1024 767 ,τοῦτον
1076 700 1170 753 τὸν
1204 695 1473 771 δύστυχον
1505 696 1754 772 γέροντα,

86 790 188 844 καὶ
219 791 312 844 τὸν
342 788 533 853 ἄθλιον
564 790 705 861 νὲον,
731 790 824 844 τὸν
882 787 1079 843 τούτου
1124 787 1262 856 υἱὸν,
1296 786 1379 840 ὅτι
1425 790 1570 858 τρεῖς
1615 784 1756 857 ἠμί-

92 899 199 952 ρας
245 879 335 933 καὶ
394 878 445 932 ἐν
505 878 682 953 ἆωρίᾳ
736 899 797 933 τε
852 876 1165 947 τελευτήσει
1198 877 1226 931 6
1267 875 1382 937 υἱὸς
1426 871 1591 928 αὐτοῦ
1618 893 1630 905 ·
1664 873 1752 927 καὶ

95 966 224 1022 ἰδοῦ
253 969 281 1021 ὁ
322 967 495 1043 γέρων
559 965 815 1042 βούλεται
872 969 1054 1028 κακῶς
1114 965 1349 1041 ἀναιρεῖν
1390 964 1575 1019 αὐτόν.
1611 962 1756 1036 Ἐγὼ

94 1055 155 1113 δὲ
216 1056 485 1129 Σολομῶν
546 1055 779 1117 ἀκούσας
827 1059 1017 1121 ταῦτα,
1044 1049 1177 1130 ἔφην
1238 1053 1376 1126 πρὸς
1427 1049 1752 1124 δαιμόνιον·

92 1145 313 1217 ’Δληθῆ
372 1145 503 1201 εἰσὶν
547 1144 580 1199 ἃ
634 1144 921 1222 Λέγεις.⁹0
980 1141 1038 1199 δὲ
1091 1142 1259 1218 λέγει,
1294 1140 1513 1213 ’Λληθῆ
1567 1144 1756 1212 ταῦτα,

96 1234 352 1312 βασιλεῦ.
412 1234 510 1289 Καὶ
581 1234 812 1297 ἀκούσας
897 1232 1003 1310 ἐγὼ
1086 1231 1346 1287 ἰκέλευσα
1430 1236 1759 1303 μεταστῆναι

88 1326 189 1380 τὸν
227 1322 479 1397 δαίμονα,
509 1323 598 1378 καὶ
631 1321 807 1387 ἐλθεῖν
856 1321 1021 1377 πάλιν
1074 1322 1167 1376 τὸν
1209 1320 1439 1397 γηραιὸν
1489 1318 1623 1392 μετᾶ
1668 1317 1757 1373 καὶ

87 1418 195 1468 τοῦ
252 1414 373 1468 υἱοῦ
426 1410 618 1467 αὐτοῦ’
670 1409 929 1467 ἰκέλευσα
986 1409 1181 1472 αὐτοῦς
1239 1407 1398 1487 φιλίᾳ
1450 1414 1750 1485 τραπῆναι⁸

89 1504 191 1558 καὶ
222 1504 290 1557 τὰ
320 1501 396 1565 εἰς
426 1503 633 1580 τροφὴν
664 1499 849 1563 αὐτοῖς
879 1500 1329 1575 παρασχόμενος,
1364 1498 1512 1553 εἶπον
1547 1496 1637 1551 οῦν
1680 1500 1761 1568 τῷ

96 1586 405 1667 πρεσϐύτῃ,
435 1592 566 1655 Μεθ’
595 1589 806 1666 ἡμέρας
837 1595 984 1664 τρεῖς
1009 1587 1178 1665 ἄγαγε
1208 1609 1300 1663 μοι
1352 1585 1459 1642 ὧδε
1504 1587 1594 1641 τὸν
1645 1584 1759 1639 υἱόν

98 1703 226 1753 σου,
278 1681 369 1736 καὶ
422 1681 748 1752 ὶπινοοῦμαι
799 1679 988 1736 αὐτοῦ.
1037 1678 1104 1735 Οἳ
1181 1674 1239 1733 δὲ
1293 1677 1761 1753 προσκυνήσαντες

98 1771 484 1846 ἀνεχώρησαν.
537 1768 751 1824 Τούτων
823 1765 881 1823 δὲ
948 1767 1298 1832 ἀπελθόντων
1374 1764 1631 1820 ἐκέλευσα
1686 1763 1763 1828 εἷς

1866 609 2012 677 dies,
2045 614 2101 665 et
2132 609 2192 664 in
2226 612 2394 665 nocte
2425 608 2709 665 morietur
2748 606 2908 664 filius
2939 609 3091 678 ejus,
3132 614 3190 664 et
3229 626 3361 666 ecce
3391 609 3519 668 vult

1866 713 2043 754 senex
2074 698 2224 753 male
2257 698 2499 770 perdere
2548 713 2704 752 eum.
2752 697 2882 752 Haec
2930 698 3179 753 audiens
3209 715 3314 770 ego
3347 699 3516 756 Salo-

1866 803 2026 856 mon,
2060 786 2178 841 dixi
2210 788 2281 841 ad
2315 786 2671 842 daemonium
2708 803 2721 841 :
2755 802 2890 841 vera
2947 791 3088 842 sunt
3142 804 3270 859 quas
3318 789 3518 845 dicis?

1866 875 1973 941 Qui
2006 876 2087 931 ait
2118 892 2132 930 :
2170 876 2311 931 Vera
2342 875 2486 941 haec,
2520 892 2637 931 rex.
2671 876 2738 930 Et
2764 875 3033 942 audiens,
3060 876 3216 946 jussi
3250 879 3519 935 recedere

1868 967 2216 1032 daemonem,
2248 968 2305 1019 et
2344 981 2580 1019 rursum
2614 965 2809 1019 venire
2831 981 3030 1019 senem
3056 981 3190 1020 cum
3213 965 3334 1021 tilio
3366 968 3516 1038 ejus,

1860 1054 2018 1125 jussi
2076 1070 2177 1109 eos
2205 1052 2389 1108 amice
2420 1053 2744 1122 discedere,
2776 1057 2835 1109 et
2863 1055 2934 1110 ad
2967 1054 3188 1110 vietum
3239 1072 3515 1113 necessa-

1867 1143 1956 1209 ria
1986 1143 2252 1214 praabens
2279 1142 2384 1211 eis,
2418 1142 2535 1197 dixi
2568 1142 2641 1198 ad
2672 1142 2961 1201 seniorem
2993 1159 3007 1199 :
3040 1143 3177 1199 Post
3218 1150 3338 1201 tres
3367 1146 3517 1213 dies,

1867 1231 2060 1288 adduc
2114 1230 2260 1286 mihi
2293 1230 2479 1286 filium
2512 1235 2733 1300 tecum,
2763 1236 2821 1287 et
2845 1232 2917 1288 de
2945 1248 3012 1288 eo
3045 1237 3240 1289 mente
3284 1236 3514 1307 cogito;

1868 1321 1969 1393 qui
2000 1320 2257 1376 venerati
2292 1326 2432 1375 sunt
2476 1336 2591 1391 me,
2625 1326 2682 1376 et
2719 1322 3013 1378 abierunt.
3048 1321 3171 1379 Illis
3200 1328 3397 1380 autem
3429 1341 3520 1381 re-

1869 1410 2240 1475 cedentibus,
2281 1409 2438 1479 jussi
2488 1409 2549 1464 in
2599 1411 2858 1465 medium
2905 1411 3117 1467 adduci
3172 1411 3433 1480 Orniam,
3462 1418 3521 1470 et

1868 1499 1989 1553 dixi
2022 1499 2111 1554 ei:
2146 1497 2343 1554 Indica
2374 1498 2517 1553 mihi
2551 1500 2705 1555 unde
2758 1500 2880 1554 haae
2910 1499 3083 1556 scias.
3127 1501 3195 1555 Et
3241 1502 3367 1559 ait:
3405 1504 3522 1561 Nos

1870 1589 2161 1643 deemones
2219 1586 2516 1659 pergimus
2571 1587 2631 1643 in
2692 1588 3131 1645 ﬁrmamentum
3165 1590 3315 1660 coeli,
3348 1597 3405 1647 et
3461 1593 3521 1649 in

1870 1676 2064 1732 medio
2097 1676 2357 1731 siderum
2390 1676 2727 1746 volitamus,
2760 1681 2816 1733 et
2847 1678 3125 1735 audimus
3156 1680 3400 1737 consilia
3429 1698 3522 1738 ve-

1871 1765 2096 1820 nientia
2140 1780 2320 1836 super
2374 1764 2605 1820 animas
2648 1765 2983 1832 hominum,
3020 1771 3078 1822 et
3110 1769 3346 1825 tandem
3396 1770 3524 1827 abi-

102 1863 268 1934 μέσον
327 1860 566 1934 ἀχθῆναι
624 1858 716 1913 τὸν
768 1857 1009 1932 Ὀρνίαν,
1065 1856 1155 1912 καὶ
1207 1856 1354 1911 εἶπον
1406 1854 1592 1926 αὐτῷ’
1628 1855 1763 1928 Λέγε

311 1947 352 1965 1-
511 1949 523 1964 \
668 1952 693 1962 ην
859 1944 911 1965 ‘1‘
1058 1946 1078 1962 η
1151 1942 1193 1963 «κ
1285 1946 1312 1965 1'
1418 1964 1421 1965 ν
1459 1945 1521 1965 (ιτ
1601 1949 1647 1965 ὀγ
1716 1944 1761 1965 ν(

1882 1873 2027 1924 mus,
2058 1860 2114 1911 e't
2148 1855 2266 1911 sive
2300 1855 2357 1910 in
2392 1860 2698 1928 potestate,
2731 1857 2850 1913 sive
2881 1857 2941 1913 in
2974 1857 3127 1931 igne,
3160 1860 3281 1917 sive
3310 1861 3369 1917 in
3400 1862 3525 1932 gla-

1884 1945 1965 1965 ,μ
2179 1944 2231 1965 ,Α
2270 1960 2402 1965 ---η
2445 1945 2671 1965 οψιηει,
3010 1964 3015 1965 γ
3082 1952 3093 1965 .
3145 1954 3154 1965 .
3252 1950 3263 1960 -
3317 1955 3325 1965 .
3406 1951 3435 1965 η
3481 1952 3493 1964 η

103 1972 223 2024 μοι,
255 1947 418 2012 πόθεν
476 1949 539 2002 σὺ
599 1952 769 2002 ταῦτα
827 1944 1003 2014 οἶδας,
1058 1946 1087 2001 ὃ
1147 1942 1205 2000 δὲ
1262 1946 1425 2000 εἶπενο
1459 1945 1651 2017 Ἡμεῖς
1709 1944 1765 1997 οἱ

102 2037 357 2112 δαίμονες
388 2036 645 2113 ἀνερχόμ
681 2048 746 2101 θα
774 2035 912 2091 κατὰ
955 2035 1019 2090 τὸ
1067 2033 1350 2111 στερέωμα
1397 2037 1493 2087 τοῦ
1533 2032 1766 2108 οὐρανοῦ

104 2130 197 2184 καὶ
247 2128 409 2198 μέσον
463 2130 574 2181 τῶν
633 2126 870 2201 ἀστέρων
931 2124 1206 2197 ἱπτάμεθα
1249 2125 1400 2198 (43)'
1431 2122 1521 2177 καὶ
1578 2120 1768 2176 ἁκούο-

115 2239 211 2291 μεν
240 2216 333 2279 τὰς
374 2213 705 2293 ἀποφράσεις
748 2214 845 2277 τὰς
885 2210 1244 2288 ἰξερχομένας
1304 2210 1393 2266 ἰπὶ
1442 2210 1537 2273 τὰς
1586 2209 1768 2285 ψυχὰς

107 2312 216 2361 τῶν
270 2306 588 2383 ἀνθρώπων,
632 2301 722 2359 καί
777 2302 973 2359 λοιπὸν
1044 2300 1341 2378 ἐρχόμεθα,
1401 2300 1492 2355 καὶ
1552 2297 1658 2354 εἷ’τε
1716 2299 1769 2354 ἐν

1876 1945 1996 2014 dio,
2028 1947 2149 2001 sive
2179 1944 2238 1999 in
2264 1960 2407 2001 casu
2440 1945 2707 2013 fortuito,
2748 1947 2942 2017 specie
2974 1952 3201 2004 mutata
3249 1950 3525 2007 interﬁci-

1883 2051 2035 2105 mus,
2065 2039 2121 2091 et
2151 2035 2201 2089 si
2236 2052 2348 2090 non
2384 2035 2442 2089 in
2477 2038 2644 2090 nocte
2675 2034 2831 2106 quis,
2862 2035 2950 2091 vel
2980 2053 3083 2107 per
3112 2037 3230 2094 vim
3263 2039 3521 2111 aliquam

1878 2131 2096 2196 pereat,
2123 2123 2637 2188 :transl'ormamur
2694 2140 2800 2179 nos
2860 2124 3172 2194 daemones,
3205 2127 3281 2182 ita
3328 2135 3395 2183 ut
3424 2146 3526 2201 ap-

1880 2228 2197 2285 pareamus
2228 2212 2593 2280 hominibus,
2627 2216 2684 2268 et
2713 2218 3067 2269 venerentur
3089 2231 3192 2271 nos
3224 2233 3399 2289 super
3422 2217 3524 2275 hu-

1881 2318 2119 2357 manam
2153 2306 2449 2357 naturam.

105 2393 403 2465 δυναστείᾳ,
437 2391 543 2448 εἴτε
577 2391 631 2447 ἐν
661 2392 812 2467 πυρὶ,
847 2389 954 2446 εἴτε
996 2388 1049 2444 ἐν
1100 2388 1365 2467 ῥομφαίᾳ,
1397 2385 1505 2443 εἷ’τε
1534 2386 1587 2443 ἐν
1617 2388 1981 2462 συμπτώματι
2018 2388 2627 2463 μετασχηματιζόμενοι
2680 2389 3025 2466 ἀναιροῦμεν,
3057 2391 3147 2445 καὶ
3196 2390 3282 2446 ἰὰν
3338 2395 3414 2466 μή
3471 2394 3522 2449 ἰν

110 2483 286 2560 ἀωρίᾳ
335 2504 440 2551 τις,
471 2483 507 2554 ἢ
568 2480 661 2558 βίᾳ
713 2480 821 2536 τινὶ
879 2480 1142 2554 ἀποθάνῃ,
1179 2475 1677 2556 μεταμορφούμεθα
1733 2479 1898 2551 ἡμεῖς
1942 2478 1993 2532 oi.
2043 2474 2320 2550 δαίμονες,
2366 2476 2505 2532 ὥστε
2552 2476 2865 2554 φραίνεσθαι
2914 2484 3031 2542 τοῖς
3078 2482 3405 2557 ἀνθρωποις,
3436 2482 3527 2538 καὶ

114 2568 362 2637 σέϐεσθαι
387 2575 535 2645 ἡμᾶς
568 2569 656 2625 ἒπὶ
690 2572 785 2640 τῆς
816 2568 1158 2645 ἀνθρωπίνης
1185 2566 1414 2646 φύσεως.

184 2681 332 2756 Ἐγὼ
385 2683 515 2755 γοῦν
576 2682 744 2734 ταῦτα
797 2676 1048 2744 ακούσας,
1108 2672 1333 2746 ἐδόξασα
1418 2672 1620 2748 Κύριον
1672 2673 1763 2729 τὸν

116 2770 270 2837 Θεὸν,
299 2769 390 2823 καὶ
448 2766 764 2842 ἐπερώτησα
818 2763 983 2820 πάλιν
1034 2765 1126 2819 τὸν
1168 2761 1422 2837 δαίμονα’
1456 2762 1589 2838 Λὲγε
1650 2782 1767 2835 μοι,

111 2864 232 2921 πῶς
274 2854 499 2920 δύνασθε
530 2855 608 2919 εἷς
637 2856 727 2910 τὸν
776 2854 1009 2928 οὐρανὸν
1052 2847 1318 2922 ἀναϐῆναι
1367 2848 1623 2925 δαίμονες
1675 2846 1768 2905 ὅν-

111 2968 224 3017 τες,
257 2946 347 3001 καὶ
404 2944 564 3018 μισον
623 2949 731 2999 τῶν
791 2944 1025 3019 ἆστὲρων
1075 2942 1297 2997 καὶτῶν
1325 2940 1494 3016 ἁγίων
1526 2938 1766 3014 ἆγγίλων

118 3042 367 3110 μιγῆναι*
400 3035 429 3089 6
458 3030 514 3088 δὲ
544 3031 669 3110 ἔφη·
702 3034 801 3088 ὅσα
852 3030 905 3086 ἐν
959 3036 1038 3104 τῷ
1100 3032 1317 3108 οὐρανῷ
1372 3027 1768 3097 ἐπιτελοῦνται,

116 3123 290 3185 οὕτως
342 3124 433 3177 καὶ
492 3121 583 3177 ἐπὶ
638 3128 740 3191 τῆς
796 3127 902 3196 γῆς
956 3121 1010 3174 οἱ
1048 3118 1210 3174 τύποι
1242 3117 1440 3173 αὐτῶν
1477 3116 1609 3171 εἷ’σὶν
1667 3117 1769 3191 γὰρ

114 3210 589 3288 ἀρχαὶ,ὲξουσίαι,
645 3209 1107 3285 κοσμοκράτορες,
1139 3207 1229 3262 καὶ
1288 3207 1558 3279 ῖπτάμεθα
1608 3207 1772 3279 ¹ἡμεῖς

114 3303 169 3356 οἱ
201 3298 454 3374 δαίμονες
501 3297 553 3354 ἰν
598 3303 678 3371 τῷ
724 3297 862 3373 ἆὲρι·
908 3296 999 3352 καὶ
1038 3295 1308 3368 ἀκούομεν
1363 3299 1472 3349 τῶν
1532 3292 1770 3370 ἐπουρα-

111 3388 246 3444 νίων
301 3388 394 3450 τὰς
450 3385 631 3465 φωνάς
661 3406 673 3419 °
707 3385 799 3440 καὶ
854 3388 1027 3447 πάσας
1084 3384 1179 3445 τὰς
1227 3381 1486 3457 δυνάμεις
1543 3381 1770 3437 ἐπιθεω-

380 3444 392 3450 -
463 3444 473 3465 ,
617 3444 629 3449 -
1015 3444 1024 3447 -
1170 3444 1174 3445 ,
1365 3444 1376 3457 ,
1474 3444 1481 3445 ,

118 3482 344 3554 ροῦμεν·
376 3476 466 3532 καὶ
498 3476 574 3538 ὡς
625 3476 701 3549 μὴ
753 3471 971 3551 ἔχοντες
1030 3471 1184 3549 βάσιν
1243 3472 1616 3543 ἀναπαύσεως,
1647 3470 1776 3525 ἁτο-
1808 3444 1851 3512 C

113 3571 315 3640 νοῦμεν
368 3565 457 3620 καὶ
543 3563 875 3637 ὲκπίπτομεν
964 3562 1144 3636 ὥσπερ
1222 3559 1406 3639 φύλλα
1490 3560 1595 3615 ἀπὸ
1668 3563 1777 3615 τῶν

116 3653 374 3729 δένὸρων·
406 3654 495 3709 καὶ
526 3655 853 3727 θεωροῦντες
882 3654 1032 3724 ἡμᾶς
1090 3652 1142 3704 οἳ
1192 3651 1471 3724 ἄνθρωποι
1521 3646 1774 3704 δοκοῦσιν

107 3745 197 3800 ὅτι
254 3745 305 3799 οἱ
354 3743 568 3818 ἆττὲρες
608 3740 898 3796 πίπτουσιν
944 3740 1050 3795 ἀπὸ
1078 3743 1177 3795 τοῦ
1214 3739 1470 3813 οὐρανοῦ·
1505 3736 1633 3793 ἀλλ’
1665 3737 1774 3814 οὐχ

113 3833 294 3895 οὕτως
350 3832 515 3902 ἐστὶν,
566 3832 611 3885 ὦ
674 3829 923 3907 βασιλεῦ,
979 3826 1125 3885 ἀλλὰ
1192 3828 1463 3900 πίπτομεν
1527 3824 1616 3883 διὰ
1674 3829 1775 3897 τὴν

113 3922 391 3980 ἀσθένειαν
423 3925 584 3996 ἡμῶν
615 3921 707 3976 καὶ
756 3920 809 3976 ιν
862 3924 942 3993 τῷ
997 3917 1309 3992 μηδαμόθεν
1362 3916 1508 3993 ἔχειν
1554 3917 1775 3989 ἀντίλη-

114 4018 240 4089 ψιν,
300 4011 723 4084 καταπίπτωμεν
778 4012 901 4083 (εἰσ)
971 4009 1045 4071 ὡς
1121 4007 1387 4083 ἀστραπαὶ
1464 4005 1516 4063 ἰν
1605 4006 1779 4083 ἀωρίᾳ

115 4101 336 4175 πολλῇ,
368 4100 457 4156 καὶ
517 4099 755 4173 ἐξάπινα·
789 4100 876 4154 καὶ
937 4097 1129 4160 πόλεις
1178 4093 1586 4173 καταφλέγομεν
1620 4114 1635 4128 ·
1686 4096 1776 4151 καὶ

114 4190 321 4267 ἂγροὺς
361 4190 758 4266 ἑμπυρίζομεν.
812 4189 881 4245 Οἱ
939 4188 1043 4263 γὰρ
1098 4186 1319 4262 ἀστέρες
1372 4184 1778 4259 τεθεμελιωμε-

110 4302 210 4336 νοι
266 4280 424 4345 εἰσὶν,
452 4278 506 4333 ἂν
561 4283 642 4351 τῷ
700 4275 940 4354 οὐρανῷ,
974 4275 1156 4351 ὥσπερ
1214 4275 1304 4330 καὶ
1361 4276 1388 4330 6
1426 4272 1591 4345 ¹ἥλιος
1620 4274 1709 4329 καὶ
1741 4277 1775 4345 ἡ

112 4368 353 4439 σελήνη.
387 4368 491 4424 Καὶ
518 4364 688 4422 ταῦτα
736 4364 968 4428 ἀκούσας
1029 4364 1139 4441 ἐγὼ
1193 4361 1465 4437 Σολομῶν
1525 4362 1781 4419 ἐκέλευσα

111 4457 474 4536 φρουρεῖσθαι
528 4456 620 4511 τὸν
677 4451 1105 4530 δαίμοναοόίχρι
1154 4456 1379 4527 ἡμερῶν
1437 4460 1491 4508 ε’·
1532 4453 1667 4526 μετᾶ
1723 4450 1780 4508 δὲ

109 4548 223 4608 τὰς
264 4547 299 4600 ε’
329 4545 538 4619 ἡμερας
567 4544 1075 4618 μετακαλεσάμενος
1112 4543 1203 4597 τὸν
1252 4542 1479 4618 γηραιὸν
1529 4540 1776 4616 ἤμελλον

110 4637 353 4714 ἆρωτᾷν.
387 4633 597 4699 Ἐλθὼν
658 4630 716 4688 δὲ
773 4634 801 4688 6
849 4634 1020 4709 γέρων
1080 4631 1218 4707 πρός
1280 4652 1348 4703 με
1404 4630 1540 4686 κατὰ
1585 4630 1779 4694 πένθος

109 4724 214 4780 καί
277 4720 495 4796 μελάνῳ
548 4726 628 4794 τῷ
683 4722 962 4796 προσώπῳ
1015 4722 1142 4794 (sic)
1191 4720 1339 4774 εἶπον
1388 4720 1539 4792 αὐτῷ
1573 4739 1585 4753 ’
1621 4720 1779 4789 Εἰπὲ,

1946 2676 2065 2747 Ego
2088 2675 2271 2747 igitur
2290 2674 2945 2744 hmcaudiensﬂaudavi
2976 2678 3289 2734 Dominum
3320 2680 3527 2750 Deum,

1877 2767 1936 2820 et
1978 2762 2332 2836 interrogavi
2396 2780 2603 2819 rursus
2654 2765 2978 2821 daemonem
3015 2784 3028 2822 :
3061 2767 3164 2823 Dic
3187 2767 3332 2824 mihi
3380 2787 3533 2840 quo-

1879 2852 2051 2908 modo
2102 2851 2344 2924 potestis
2372 2852 2433 2907 in
2466 2851 2679 2908 caelum
2732 2854 3044 2911 ascendere
3080 2856 3372 2913 daemones
3396 2874 3530 2914 cum

1879 2939 2030 3011 sitis,
2064 2946 2120 2995 et
2150 2939 2207 2995 in
2241 2940 2435 2996 medio
2464 2941 2724 2997 siderum
2758 2946 2934 3012 stare,
2968 2947 3023 2998 et
3053 2944 3276 3000 sanctis
3306 2945 3532 3018 angelis

1880 3031 2298 3087 commisceri?
2327 3031 2433 3098 Qui
2464 3032 2588 3087 ait:
2646 3034 2781 3099 Quae
2832 3032 2891 3088 in
2936 3034 3079 3090 ccelo
3123 3035 3530 3107 perficiuntur,

1880 3124 1938 3176 et
1968 3120 2025 3175 in
2059 3126 2214 3176 terra
2244 3122 2492 3175 formam
2525 3120 2922 3189 habent;sunt
2951 3123 3109 3178 enim
3142 3125 3533 3199 principatus,

1881 3214 2228 3282 potestates,
2258 3210 2466 3266 mundi
2515 3216 2787 3279 rectores,
2827 3215 2885 3268 et
2930 3211 3246 3270 volitamus
3278 3232 3385 3272 nos
3415 3218 3532 3272 dm-

1882 3315 2086 3354 mones
2116 3299 2177 3354 in
2208 3315 2362 3367 aere,
2395 3303 2453 3355 et
2508 3300 2789 3356 audimus
2847 3301 3175 3359 cmlestium
3235 3321 3430 3376 voces,
3478 3310 3537 3362 et

1880 3388 2179 3461 potentias
2209 3404 2406 3444 omnes
2437 3388 2951 3460 contemplamus;
2983 3396 3044 3446 et
3074 3394 3244 3464 quasi
3279 3411 3397 3450 non
3430 3395 3535 3451 ba-

1883 3477 2088 3532 bentes
2118 3476 2315 3532 sedem
2349 3477 2586 3548 quietis,
2620 3477 2950 3547 deﬁcimus,
2982 3484 3039 3535 et
3068 3481 3337 3537 cadimus
3366 3482 3537 3553 quasi

1885 3564 2024 3620 folia
2054 3582 2123 3620 ex
2149 3566 2479 3630 arboribus,
2526 3572 2584 3621 et
2622 3566 2885 3623 videntes
2933 3584 3040 3624 nos
3092 3569 3380 3639 homines,
3411 3573 3538 3627 exi-

1885 3654 2133 3709 stimant
2174 3654 2311 3727 quia
2342 3654 2522 3709 stellae
2553 3655 2769 3710 cadant
2798 3672 2827 3711 e
2859 3656 3026 3723 ccelo;
3058 3659 3158 3713 sed
3194 3675 3310 3714 non
3345 3660 3426 3715 ita
3474 3675 3538 3716 se

1884 3743 2082 3812 habet,
2116 3760 2148 3798 ο
2196 3761 2315 3811 rex,
2348 3748 2407 3798 at
2463 3743 2788 3799 decidimus
2842 3750 3080 3818 propter
3128 3746 3535 3805 infirmitatem

1886 3838 2171 3902 nostram,
2205 3839 2263 3888 et
2293 3832 2431 3904 quia
2457 3831 2680 3888 nullam
2713 3835 2953 3890 omnino
3002 3835 3293 3892 habemus
3342 3854 3536 3911 opem,

1885 3922 2152 3978 cadimus
2174 3926 2232 3977 et
2260 3922 2497 3994 fulgura
2528 3923 2585 3976 in
2620 3922 2875 3978 tenebris
2908 3924 3111 3979 multis
3140 3930 3197 3981 et
3227 3927 3447 3997 subito,
3484 3931 3544 3983 et

1884 4011 2151 4068 civitates
2210 4011 2605 4079 incendimus,
2667 4018 2724 4067 et
2788 4027 2963 4084 agros
3019 4013 3154 4085 igne
3208 4021 3538 4088 vastamus,

1887 4099 2066 4156 stellas
2097 4099 2251 4155 enim
2287 4100 2544 4156 fundatae
2573 4105 2714 4155 sunt
2746 4101 2799 4155 in
2834 4101 2997 4169 coelo,
3049 4104 3203 4160 sicut
3250 4110 3303 4160 et
3358 4105 3445 4160 sol
3479 4111 3535 4162 et

1885 4188 2123 4244 luna.Et
2143 4189 2263 4244 haec
2286 4190 2534 4245 audiens
2555 4206 2660 4261 ego
2687 4189 2986 4260 Salomon,
3003 4193 3155 4262 jussi
3179 4198 3243 4248 ut
3264 4193 3540 4251 custodiae

1887 4278 2259 4350 mancipatur
2303 4279 2531 4333 daemon
2586 4295 2775 4351 usque
2802 4280 2873 4334 ad
2907 4280 3030 4336 dies
3082 4282 3382 4354 quinque;
3411 4288 3545 4355 post

1885 4368 2012 4423 dies
2043 4367 2323 4439 quinque,
2364 4369 2713 4424 advocatum
2765 4369 3056 4426 seniorem
3087 4388 3247 4427 eram
3282 4373 3537 4430 interro-

1888 4461 2171 4529 gaturus;
2205 4456 2446 4512 veniens
2477 4463 2671 4512 autem
2722 4459 2921 4514 senior
2964 4477 2997 4515 a
3030 4476 3121 4516 me
3152 4462 3209 4516 in
3265 4462 3453 4533 luctu,
3488 4467 3546 4519 et

1890 4546 2057 4619 nigra
2089 4546 2254 4610 facie,
2288 4546 2688 4616 dixidei:Dic,
2713 4564 2909 4613 senex,
2943 4548 3042 4603 ubi
3075 4555 3166 4605 est
3198 4550 3354 4606 (ilius
3376 4551 3545 4607 tuus?

1891 4636 1960 4690 Et
1997 4634 2132 4706 quis
2164 4635 2401 4691 habitus
2431 4634 2553 4689 hic?
2593 4636 2700 4698 Qui
2734 4636 2851 4690 ait:
2880 4636 3018 4692 Ecce
3061 4638 3287 4709 absque
3338 4640 3539 4693 liberis

1892 4723 2079 4778 factus
2102 4740 2257 4790 sum,
2290 4728 2348 4777 et
2397 4723 2523 4776 sine
2566 4739 2669 4793 spe
2692 4724 2963 4794 sepulcro
2996 4724 3534 4797 ﬁliissmdensJam

111 4807 424 4889 πρεσϐῦτα,
474 4815 581 4867 ποῦ
623 4809 765 4866 ἐστιν
800 4811 827 4864 6
858 4810 975 4873 υἱός
1025 4830 1151 4871 σους
1207 4808 1299 4863 καὶ
1350 4808 1405 4863 τί
1470 4809 1533 4863 τὸ
1589 4816 1767 4884 σχῆμς

1891 4831 1924 4867 ιι
1954 4812 2160 4866 diebus
2185 4812 2417 4865 duobus
2448 4811 2731 4865 defuncti.
2767 4812 2898 4866 Ilaec
2931 4813 3181 4869 audiens
3230 4830 3336 4885 ego
3386 4814 3547 4871 Salo-

106 4907 324 4971 τοῦτο;
356 4901 415 4958 Ὀ
465 4897 524 4954 δὲ
569 4894 695 4975 ἔφη*
748 4894 890 4953 Ἰδοὺ
940 4896 1101 4958 ἄπαις
1158 4897 1449 4972 ἓγενόμην,
1480 4895 1570 4950 καὶ
1629 4893 1781 4951 ἀνέλ-

111 5012 291 5050 πιστα
345 4991 502 5066 τάφῳ
562 4991 683 5045 υἱοῦ
740 4984 1441 5065 παρακαθεζόμενος.Ἤδη
1491 4986 1591 5062 γὰρ
1649 4986 1788 5059 ἡμί-

115 5104 218 5159 ραι
254 5078 348 5134 ὁῦο
379 5082 569 5155 νεκροῦ
601 5078 908 5154 γεγονότος.
938 5076 1089 5151 Ἐγὼ
1139 5073 1196 5131 δὲ
1230 5075 1507 5147 Σολομῶν
1557 5074 1788 5136 ἀκούσας

110 5176 320 5241 ταῦτα,
348 5169 438 5223 καὶ
497 5166 659 5243 γνοὺς
705 5166 787 5222 ὅτι
847 5165 1030 5236 ἀληθῆ
1092 5186 1186 5239 μοι
1245 5163 1439 5243 ἔφησεν
1492 5166 1519 5219 6
1578 5162 1788 5237 δαίμων

117 5258 365 5337 Ὀρνίας,
398 5254 623 5328 ἐδόξασα
677 5256 770 5310 τὸν
827 5255 957 5310 Θεὸν
986 5257 1083 5309 τοῦ
1108 5253 1348 5327 Ἰσραήλ·
1391 5254 1478 5308 καὶ
1538 5250 1726 5308 ἷδοῦσα
1755 5255 1790 5323 ἡ

119 5346 425 5429 βασίλισσα
454 5346 631 5402 Νότου
687 5350 856 5400 ταῦτα
914 5343 1110 5415 πάντα,
1144 5342 1438 5416 ἐθαύμασεν
1499 5340 1794 5412 δοξάζουσα

112 5442 219 5497 τὸν
280 5436 405 5493 Θεὸν
435 5433 682 5512 Ἰσραὴλ,
711 5433 802 5489 καὶ
860 5430 942 5489 ἴδε
988 5434 1080 5489 τὸν
1139 5433 1264 5489 ναὸν
1323 5431 1523 5509 Κυρίου
1582 5429 1796 5487 οἲκοδο-

1892 4916 2050 4968 mon,
2082 4904 2139 4954 et
2195 4899 2389 4953 sciens
2440 4898 2577 4969 quia
2635 4915 2769 4954 vera
2828 4900 2980 4955 dixit
3038 4901 3265 4957 daemon
3296 4902 3546 4971 Ornias,

1899 4988 2132 5043 laudavi
2164 4987 2479 5043 Dominum
2521 4987 2707 5043 Deum
2741 4988 2940 5045 Israel.
2976 4991 3046 5046 Et
3088 4991 3292 5047 videns
3344 4993 3548 5064 regina

1901 5078 2089 5133 Austri
2123 5077 2244 5131 haec
2273 5076 2470 5132 omnia
2516 5076 2808 5134 admirata
2861 5084 2919 5134 et
2968 5079 3305 5149 gloriﬁcans
3360 5083 3546 5138 Deum

1900 5164 2101 5235 Israel,
2134 5170 2187 5221 et
2220 5165 2366 5220 vidit
2395 5165 2679 5238 templum
2729 5168 2829 5223 Dei
2862 5168 3243 5239 aedificatum,
3274 5175 3332 5225 et
3387 5171 3550 5226 dedit

1903 5254 2113 5311 siclum
2147 5254 2296 5319 auri,
2330 5259 2387 5308 et
2418 5258 2643 5327 argenti
2703 5256 2996 5329 myriades
3042 5266 3303 5326 centum,
3334 5264 3390 5314 et
3419 5262 3549 5317 aeris

1901 5343 2101 5411 electi;
2135 5352 2189 5399 et
2218 5343 2457 5398 intravit
2490 5344 2546 5397 in
2580 5344 2910 5416 templum;
2960 5351 3017 5401 et
3057 5348 3262 5418 altare,
3289 5354 3346 5404 et
3378 5349 3548 5405 fulci-

1903 5439 2103 5489 menta
2127 5447 2275 5487 terea
2305 5430 2533 5499 altaris,
2559 5437 2617 5489 et
2639 5432 2863 5505 lapides
2884 5434 3294 5507 lampadarum
3325 5437 3550 5512 fulgen-

196 5709 316 5785 (13)
347 5708 560 5768 Eadem
592 5706 883 5767 sententia
918 5706 1091 5765 Pauli
1124 5704 1184 5763 in
1217 5721 1309 5778 ep.
1344 5704 1414 5762 ad
1448 5703 1663 5777 Ephes.
1697 5721 1761 5776 ιι,
1791 5705 1848 5771 2,
1878 5702 1950 5761 de
1984 5702 2316 5760 damonum
2350 5701 2648 5761 domicilio
2680 5702 2740 5759 in
2773 5719 2919 5762 aere.
