  <div class='ocr_page' id='page_1' title='image "/cluster/home/n/w/nwhite01/storage/ocr_20150623/122/hvd.32044073502452/685.png"; bbox 0 0 4046 6338; ppageno 0'>
   <div class='ocr_carea' id='block_1_1' title="bbox 479 423 628 482">
    <p class='ocr_par' dir='ltr' id='par_1_1' title="bbox 479 423 628 482">
     <span class='ocr_line' id='line_1_1' title="bbox 479 423 628 482; baseline -0.007 0"><span class='ocrx_word' id='word_1_1' title='bbox 479 423 628 482; x_wconf 76' lang='grc'><strong>1351</strong></span> 
     </span>
    </p>
   </div>
   <div class='ocr_carea' id='block_1_2' title="bbox 1426 419 2918 484">
    <p class='ocr_par' dir='ltr' id='par_1_2' title="bbox 1426 419 2918 484">
     <span class='ocr_line' id='line_1_2' title="bbox 1426 419 2918 484; baseline 0.001 -5"><span class='ocrx_word' id='word_1_2' title='bbox 1426 419 1826 480; x_wconf 83' lang='lat' dir='ltr'><strong>APPENDIX</strong></span> <span class='ocrx_word' id='word_1_3' title='bbox 1868 419 1971 479; x_wconf 81' lang='lat' dir='ltr'><strong>AD</strong></span> <span class='ocrx_word' id='word_1_4' title='bbox 2017 419 2479 481; x_wconf 83' lang='lat' dir='ltr'><strong>MICHAELEM</strong></span> <span class='ocrx_word' id='word_1_5' title='bbox 2523 419 2918 484; x_wconf 81' lang='lat' dir='ltr'><strong>PSELLUM.</strong></span> 
     </span>
    </p>
   </div>
   <div class='ocr_carea' id='block_1_3' title="bbox 3737 424 3884 484">
    <p class='ocr_par' dir='ltr' id='par_1_3' title="bbox 3737 424 3884 484">
     <span class='ocr_line' id='line_1_3' title="bbox 3737 424 3884 484; baseline 0.014 -2"><span class='ocrx_word' id='word_1_6' title='bbox 3737 424 3763 482; x_wconf 75' lang='lat' dir='ltr'>l</span> <span class='ocrx_word' id='word_1_7' title='bbox 3776 424 3884 484; x_wconf 71' lang='lat'><strong>352</strong></span> 
     </span>
    </p>
   </div>
   <div class='ocr_carea' id='block_1_4' title="bbox 473 550 2115 632">
    <p class='ocr_par' dir='ltr' id='par_1_4' title="bbox 473 554 2115 626">
     <span class='ocr_line' id='line_1_4' title="bbox 473 554 2115 626; baseline -0.003 -13"><span class='ocrx_word' id='word_1_8' title='bbox 473 563 562 616; x_wconf 88' lang='lat' dir='ltr'><strong>tes</strong></span> <span class='ocrx_word' id='word_1_9' title='bbox 592 575 659 614; x_wconf 87' lang='lat' dir='ltr'><strong>ex</strong></span> <span class='ocrx_word' id='word_1_10' title='bbox 683 556 929 613; x_wconf 76' lang='lat' dir='ltr'><strong>diversis</strong></span> <span class='ocrx_word' id='word_1_11' title='bbox 955 555 1267 626; x_wconf 88' lang='lat' dir='ltr'><strong>coloribus,</strong></span> <span class='ocrx_word' id='word_1_12' title='bbox 1300 559 1356 611; x_wconf 89' lang='lat' dir='ltr'><strong>et</strong></span> <span class='ocrx_word' id='word_1_13' title='bbox 1385 554 1741 610; x_wconf 81' lang='lat' dir='ltr'><strong>carbunculo</strong></span> <span class='ocrx_word' id='word_1_14' title='bbox 1791 554 2006 626; x_wconf 90' lang='lat' dir='ltr'><strong>lapide,</strong></span> <span class='ocrx_word' id='word_1_15' title='bbox 2059 558 2115 610; x_wconf 90' lang='lat' dir='ltr'><strong>et</strong></span> 
     </span>
    </p>
   </div>
   <div class='ocr_carea' id='block_1_5' title="bbox 2226 550 3883 632">
    <p class='ocr_par' dir='ltr' id='par_1_5' title="bbox 2234 550 3883 632">
     <span class='ocr_line' id='line_1_5' title="bbox 2234 550 3883 632; baseline 0.001 -24"><span class='ocrx_word' id='word_1_16' title='bbox 2234 553 2524 626; x_wconf 76' lang='grc' dir='ltr'>μούμενον*</span> <span class='ocrx_word' id='word_1_17' title='bbox 2557 553 2646 608; x_wconf 82' lang='grc' dir='ltr'><strong>καὶ</strong></span> <span class='ocrx_word' id='word_1_18' title='bbox 2694 550 2890 610; x_wconf 75' lang='grc' dir='ltr'>ἔδωκεν</span> <span class='ocrx_word' id='word_1_19' title='bbox 2946 554 3135 611; x_wconf 80' lang='grc' dir='ltr'><strong>σίκλον</strong></span> <span class='ocrx_word' id='word_1_20' title='bbox 3190 557 3422 632; x_wconf 88' lang='grc' dir='ltr'>χρυσίου</span> <span class='ocrx_word' id='word_1_21' title='bbox 3477 556 3567 611; x_wconf 87' lang='grc' dir='ltr'><strong>καί</strong></span> <span class='ocrx_word' id='word_1_22' title='bbox 3623 557 3883 631; x_wconf 75' lang='grc' dir='ltr'>ἀργυρίου</span> 
     </span>
    </p>
   </div>
   <div class='ocr_carea' id='block_1_6' title="bbox 478 645 2125 720">
    <p class='ocr_par' dir='ltr' id='par_1_6' title="bbox 478 645 2125 720">
     <span class='ocr_line' id='line_1_6' title="bbox 478 645 2125 720; baseline -0.002 -18"><span class='ocrx_word' id='word_1_23' title='bbox 478 647 812 720; x_wconf 74' lang='lat' dir='ltr'><strong>hyacintho,</strong></span> <span class='ocrx_word' id='word_1_24' title='bbox 845 651 901 701; x_wconf 91' lang='lat' dir='ltr'><strong>et</strong></span> <span class='ocrx_word' id='word_1_25' title='bbox 935 647 1267 718; x_wconf 80' lang='lat' dir='ltr'><strong>smaragdo,</strong></span> <span class='ocrx_word' id='word_1_26' title='bbox 1304 650 1357 700; x_wconf 91' lang='lat' dir='ltr'><strong>et</strong></span> <span class='ocrx_word' id='word_1_27' title='bbox 1390 645 1659 716; x_wconf 88' lang='lat' dir='ltr'><strong>saphiro;</strong></span> <span class='ocrx_word' id='word_1_28' title='bbox 1692 650 1749 699; x_wconf 91' lang='lat' dir='ltr'><strong>et</strong></span> <span class='ocrx_word' id='word_1_29' title='bbox 1790 645 1930 699; x_wconf 82' lang='lat' dir='ltr'><strong>vidit</strong></span> <span class='ocrx_word' id='word_1_30' title='bbox 1987 661 2125 699; x_wconf 77' lang='lat' dir='ltr'><strong>vasa</strong></span> 
     </span>
    </p>
   </div>
   <div class='ocr_carea' id='block_1_7' title="bbox 477 732 2123 806">
    <p class='ocr_par' dir='ltr' id='par_1_7' title="bbox 477 732 2123 806">
     <span class='ocr_line' id='line_1_7' title="bbox 477 732 2123 806; baseline -0.003 -13"><span class='ocrx_word' id='word_1_31' title='bbox 477 754 674 800; x_wconf 88' lang='lat' dir='ltr'><strong>aurea,</strong></span> <span class='ocrx_word' id='word_1_32' title='bbox 706 741 762 791; x_wconf 91' lang='lat' dir='ltr'><strong>et</strong></span> <span class='ocrx_word' id='word_1_33' title='bbox 790 741 1085 806; x_wconf 88' lang='lat' dir='ltr'><strong>argentea,</strong></span> <span class='ocrx_word' id='word_1_34' title='bbox 1121 741 1177 790; x_wconf 88' lang='lat' dir='ltr'><strong>et</strong></span> <span class='ocrx_word' id='word_1_35' title='bbox 1207 752 1376 802; x_wconf 77' lang='lat' dir='ltr'><strong>aerea,</strong></span> <span class='ocrx_word' id='word_1_36' title='bbox 1410 739 1467 788; x_wconf 87' lang='lat' dir='ltr'><strong>et.</strong></span> <span class='ocrx_word' id='word_1_37' title='bbox 1511 733 1724 801; x_wconf 74' lang='lat' dir='ltr'><strong>lignea,</strong></span> <span class='ocrx_word' id='word_1_38' title='bbox 1779 738 1833 788; x_wconf 90' lang='lat' dir='ltr'><strong>et</strong></span> <span class='ocrx_word' id='word_1_39' title='bbox 1882 732 2123 804; x_wconf 88' lang='lat' dir='ltr'><strong>pellicea</strong></span> 
     </span>
    </p>
   </div>
   <div class='ocr_carea' id='block_1_8' title="bbox 475 822 2119 895">
    <p class='ocr_par' dir='ltr' id='par_1_8' title="bbox 475 822 2119 895">
     <span class='ocr_line' id='line_1_8' title="bbox 475 822 2119 895; baseline -0.003 -14"><span class='ocrx_word' id='word_1_40' title='bbox 475 830 798 881; x_wconf 87' lang='lat' dir='ltr'><strong>stramenta</strong></span> <span class='ocrx_word' id='word_1_41' title='bbox 830 841 1090 895; x_wconf 90' lang='lat' dir='ltr'><strong>purpura</strong></span> <span class='ocrx_word' id='word_1_42' title='bbox 1120 824 1342 891; x_wconf 89' lang='lat' dir='ltr'><strong>tincta;</strong></span> <span class='ocrx_word' id='word_1_43' title='bbox 1392 828 1448 878; x_wconf 88' lang='lat' dir='ltr'><strong>et</strong></span> <span class='ocrx_word' id='word_1_44' title='bbox 1499 823 1644 877; x_wconf 84' lang='lat' dir='ltr'><strong>vidit</strong></span> <span class='ocrx_word' id='word_1_45' title='bbox 1674 823 1841 878; x_wconf 81' lang='lat' dir='ltr'><strong>bases</strong></span> <span class='ocrx_word' id='word_1_46' title='bbox 1895 822 2119 876; x_wconf 91' lang='lat' dir='ltr'><strong>colum-</strong></span> 
     </span>
    </p>
   </div>
   <div class='ocr_carea' id='block_1_9' title="bbox 475 913 2123 985">
    <p class='ocr_par' dir='ltr' id='par_1_9' title="bbox 475 913 2123 985">
     <span class='ocr_line' id='line_1_9' title="bbox 475 913 2123 985; baseline -0.003 -15"><span class='ocrx_word' id='word_1_47' title='bbox 475 931 684 970; x_wconf 87' lang='lat' dir='ltr'><strong>narum</strong></span> <span class='ocrx_word' id='word_1_48' title='bbox 735 913 932 985; x_wconf 87' lang='lat' dir='ltr'><strong>templi</strong></span> <span class='ocrx_word' id='word_1_49' title='bbox 968 913 1090 984; x_wconf 88' lang='lat' dir='ltr'><strong>Dei,</strong></span> <span class='ocrx_word' id='word_1_50' title='bbox 1148 930 1352 968; x_wconf 90' lang='lat' dir='ltr'><strong>omnes</strong></span> <span class='ocrx_word' id='word_1_51' title='bbox 1398 929 1466 968; x_wconf 85' lang='lat' dir='ltr'><strong>ex</strong></span> <span class='ocrx_word' id='word_1_52' title='bbox 1511 929 1651 966; x_wconf 89' lang='lat' dir='ltr'><strong>auro</strong></span> <span class='ocrx_word' id='word_1_53' title='bbox 1713 929 1866 980; x_wconf 90' lang='lat' dir='ltr'><strong>uno;</strong></span> <span class='ocrx_word' id='word_1_54' title='bbox 1917 916 2123 983; x_wconf 64' lang='lat' dir='ltr'><strong>praeter</strong></span> 
     </span>
    </p>
   </div>
   <div class='ocr_carea' id='block_1_10' title="bbox 473 1001 2122 1074">
    <p class='ocr_par' dir='ltr' id='par_1_10' title="bbox 473 1001 2122 1074">
     <span class='ocr_line' id='line_1_10' title="bbox 473 1001 2122 1074; baseline -0.002 -16"><span class='ocrx_word' id='word_1_55' title='bbox 473 1005 766 1060; x_wconf 70' lang='lat' dir='ltr'><strong>daemones</strong></span> <span class='ocrx_word' id='word_1_56' title='bbox 797 1021 944 1074; x_wconf 90' lang='lat' dir='ltr'><strong>quos</strong></span> <span class='ocrx_word' id='word_1_57' title='bbox 977 1004 1048 1057; x_wconf 88' lang='lat' dir='ltr'><strong>ad</strong></span> <span class='ocrx_word' id='word_1_58' title='bbox 1101 1002 1489 1058; x_wconf 88' lang='lat' dir='ltr'><strong>laborandum</strong></span> <span class='ocrx_word' id='word_1_59' title='bbox 1532 1001 1843 1068; x_wconf 87' lang='lat' dir='ltr'><strong>damnavi;</strong></span> <span class='ocrx_word' id='word_1_60' title='bbox 1895 1005 1951 1054; x_wconf 91' lang='lat' dir='ltr'><strong>et</strong></span> <span class='ocrx_word' id='word_1_61' title='bbox 1997 1005 2122 1055; x_wconf 85' lang='lat' dir='ltr'><strong>erat</strong></span> 
     </span>
    </p>
   </div>
   <div class='ocr_carea' id='block_1_11' title="bbox 472 1089 2118 1166">
    <p class='ocr_par' dir='ltr' id='par_1_11' title="bbox 472 1089 2118 1166">
     <span class='ocr_line' id='line_1_11' title="bbox 472 1089 2118 1166; baseline -0.002 -19"><span class='ocrx_word' id='word_1_62' title='bbox 472 1110 585 1166; x_wconf 84' lang='lat' dir='ltr'><strong>pax</strong></span> <span class='ocrx_word' id='word_1_63' title='bbox 615 1093 672 1147; x_wconf 89' lang='lat' dir='ltr'><strong>in</strong></span> <span class='ocrx_word' id='word_1_64' title='bbox 706 1091 953 1147; x_wconf 85' lang='lat' dir='ltr'><strong>circuitu</strong></span> <span class='ocrx_word' id='word_1_65' title='bbox 991 1092 1152 1162; x_wconf 82' lang='lat' dir='ltr'><strong>regni</strong></span> <span class='ocrx_word' id='word_1_66' title='bbox 1187 1093 1298 1146; x_wconf 91' lang='lat' dir='ltr'><strong>mei</strong></span> <span class='ocrx_word' id='word_1_67' title='bbox 1331 1097 1387 1146; x_wconf 92' lang='lat' dir='ltr'><strong>et</strong></span> <span class='ocrx_word' id='word_1_68' title='bbox 1418 1107 1596 1162; x_wconf 80' lang='lat' dir='ltr'><strong>super</strong></span> <span class='ocrx_word' id='word_1_69' title='bbox 1626 1089 1960 1145; x_wconf 85' lang='lat' dir='ltr'><strong>universam</strong></span> <span class='ocrx_word' id='word_1_70' title='bbox 2004 1094 2118 1144; x_wconf 89' lang='lat' dir='ltr'><strong>ter-</strong></span> 
     </span>
    </p>
   </div>
   <div class='ocr_carea' id='block_1_12' title="bbox 475 1177 2120 1250">
    <p class='ocr_par' dir='ltr' id='par_1_12' title="bbox 475 1177 2120 1250">
     <span class='ocr_line' id='line_1_12' title="bbox 475 1177 2120 1250; baseline -0.004 -13"><span class='ocrx_word' id='word_1_71' title='bbox 475 1199 621 1237; x_wconf 85' lang='lat' dir='ltr'><strong>ram.</strong></span> <span class='ocrx_word' id='word_1_72' title='bbox 656 1185 723 1236; x_wconf 82' lang='lat' dir='ltr'><strong>Et</strong></span> <span class='ocrx_word' id='word_1_73' title='bbox 754 1181 971 1236; x_wconf 80' lang='lat' dir='ltr'><strong>factum</strong></span> <span class='ocrx_word' id='word_1_74' title='bbox 1001 1186 1090 1235; x_wconf 91' lang='lat' dir='ltr'><strong>est</strong></span> <span class='ocrx_word' id='word_1_75' title='bbox 1123 1186 1316 1235; x_wconf 80' lang='lat' dir='ltr'><strong>stante</strong></span> <span class='ocrx_word' id='word_1_76' title='bbox 1349 1196 1440 1234; x_wconf 90' lang='lat' dir='ltr'><strong>me</strong></span> <span class='ocrx_word' id='word_1_77' title='bbox 1474 1181 1531 1233; x_wconf 90' lang='lat' dir='ltr'><strong>in</strong></span> <span class='ocrx_word' id='word_1_78' title='bbox 1569 1195 1746 1250; x_wconf 86' lang='lat' dir='ltr'><strong>regno</strong></span> <span class='ocrx_word' id='word_1_79' title='bbox 1777 1194 1924 1241; x_wconf 90' lang='lat' dir='ltr'><strong>meo,</strong></span> <span class='ocrx_word' id='word_1_80' title='bbox 1959 1177 2120 1232; x_wconf 87' lang='lat' dir='ltr'><strong>misit</strong></span> 
     </span>
    </p>
   </div>
   <div class='ocr_carea' id='block_1_13' title="bbox 477 1266 2118 1341">
    <p class='ocr_par' dir='ltr' id='par_1_13' title="bbox 477 1266 2118 1341">
     <span class='ocr_line' id='line_1_13' title="bbox 477 1266 2118 1341; baseline -0.004 -15"><span class='ocrx_word' id='word_1_81' title='bbox 477 1271 547 1326; x_wconf 82' lang='lat' dir='ltr'><strong>ad</strong></span> <span class='ocrx_word' id='word_1_82' title='bbox 583 1286 674 1325; x_wconf 88' lang='lat' dir='ltr'><strong>me</strong></span> <span class='ocrx_word' id='word_1_83' title='bbox 716 1269 1026 1341; x_wconf 74' lang='lat' dir='ltr'><strong>epistolam</strong></span> <span class='ocrx_word' id='word_1_84' title='bbox 1079 1285 1177 1324; x_wconf 84' lang='lat' dir='ltr'><strong>rex</strong></span> <span class='ocrx_word' id='word_1_85' title='bbox 1226 1269 1484 1324; x_wconf 87' lang='lat' dir='ltr'><strong>Arabum</strong></span> <span class='ocrx_word' id='word_1_86' title='bbox 1535 1269 1710 1336; x_wconf 87' lang='lat' dir='ltr'><strong>Adar,</strong></span> <span class='ocrx_word' id='word_1_87' title='bbox 1756 1272 1812 1322; x_wconf 87' lang='lat' dir='ltr'><strong>et</strong></span> <span class='ocrx_word' id='word_1_88' title='bbox 1860 1266 2118 1338; x_wconf 61' lang='lat' dir='ltr'><strong>epistolae</strong></span> 
     </span>
    </p>
   </div>
   <div class='ocr_carea' id='block_1_14' title="bbox 473 1355 2119 1430">
    <p class='ocr_par' dir='ltr' id='par_1_14' title="bbox 473 1355 2119 1430">
     <span class='ocr_line' id='line_1_14' title="bbox 473 1355 2119 1430; baseline -0.002 -16"><span class='ocrx_word' id='word_1_89' title='bbox 473 1360 766 1426; x_wconf 87' lang='lat' dir='ltr'><strong>scriptura</strong></span> <span class='ocrx_word' id='word_1_90' title='bbox 795 1359 927 1414; x_wconf 88' lang='lat' dir='ltr'><strong>talis</strong></span> <span class='ocrx_word' id='word_1_91' title='bbox 958 1364 1082 1414; x_wconf 90' lang='lat' dir='ltr'><strong>erat</strong></span> <span class='ocrx_word' id='word_1_92' title='bbox 1116 1377 1128 1414; x_wconf 89' lang='lat'><strong>:</strong></span> <span class='ocrx_word' id='word_1_93' title='bbox 1159 1357 1297 1430; x_wconf 79' lang='lat' dir='ltr'><strong>Regi</strong></span> <span class='ocrx_word' id='word_1_94' title='bbox 1324 1355 1891 1413; x_wconf 91' lang='lat' dir='ltr'><strong>Salomonisalutem</strong></span> <span class='ocrx_word' id='word_1_95' title='bbox 1927 1373 1939 1411; x_wconf 90' lang='lat'><strong>:</strong></span> <span class='ocrx_word' id='word_1_96' title='bbox 1976 1356 2119 1411; x_wconf 73' lang='lat' dir='ltr'><strong>Ecce</strong></span> 
     </span>
    </p>
   </div>
   <div class='ocr_carea' id='block_1_15' title="bbox 475 1444 2117 1516">
    <p class='ocr_par' dir='ltr' id='par_1_15' title="bbox 475 1444 2117 1516">
     <span class='ocr_line' id='line_1_15' title="bbox 475 1444 2117 1516; baseline -0.004 -13"><span class='ocrx_word' id='word_1_97' title='bbox 475 1449 831 1516; x_wconf 87' lang='lat' dir='ltr'><strong>audivimus,</strong></span> <span class='ocrx_word' id='word_1_98' title='bbox 865 1453 922 1503; x_wconf 93' lang='lat' dir='ltr'><strong>et</strong></span> <span class='ocrx_word' id='word_1_99' title='bbox 951 1448 1218 1501; x_wconf 91' lang='lat' dir='ltr'><strong>auditum</strong></span> <span class='ocrx_word' id='word_1_100' title='bbox 1253 1448 1467 1502; x_wconf 78' lang='lat' dir='ltr'><strong>factum</strong></span> <span class='ocrx_word' id='word_1_101' title='bbox 1511 1450 1599 1500; x_wconf 85' lang='lat' dir='ltr'><strong>est</strong></span> <span class='ocrx_word' id='word_1_102' title='bbox 1631 1447 1687 1500; x_wconf 88' lang='lat' dir='ltr'><strong>in</strong></span> <span class='ocrx_word' id='word_1_103' title='bbox 1720 1461 1924 1500; x_wconf 89' lang='lat' dir='ltr'><strong>omnes</strong></span> <span class='ocrx_word' id='word_1_104' title='bbox 1974 1444 2117 1498; x_wconf 85' lang='lat' dir='ltr'><strong>lines</strong></span> 
     </span>
    </p>
   </div>
   <div class='ocr_carea' id='block_1_16' title="bbox 472 1533 2117 1607">
    <p class='ocr_par' dir='ltr' id='par_1_16' title="bbox 472 1533 2117 1607">
     <span class='ocr_line' id='line_1_16' title="bbox 472 1533 2117 1607; baseline -0.004 -14"><span class='ocrx_word' id='word_1_105' title='bbox 472 1543 660 1602; x_wconf 71' lang='lat' dir='ltr'><strong>terras,</strong></span> <span class='ocrx_word' id='word_1_106' title='bbox 695 1539 890 1591; x_wconf 88' lang='lat' dir='ltr'><strong>datam</strong></span> <span class='ocrx_word' id='word_1_107' title='bbox 926 1537 1031 1591; x_wconf 88' lang='lat' dir='ltr'><strong>tibi</strong></span> <span class='ocrx_word' id='word_1_108' title='bbox 1064 1535 1435 1607; x_wconf 89' lang='lat' dir='ltr'><strong>sapientiam,</strong></span> <span class='ocrx_word' id='word_1_109' title='bbox 1468 1540 1524 1590; x_wconf 93' lang='lat' dir='ltr'><strong>et</strong></span> <span class='ocrx_word' id='word_1_110' title='bbox 1570 1535 1708 1606; x_wconf 85' lang='lat' dir='ltr'><strong>quia</strong></span> <span class='ocrx_word' id='word_1_111' title='bbox 1763 1535 1851 1587; x_wconf 91' lang='lat' dir='ltr'><strong>vir</strong></span> <span class='ocrx_word' id='word_1_112' title='bbox 1897 1533 2117 1588; x_wconf 89' lang='lat' dir='ltr'><strong>miseri-</strong></span> 
     </span>
    </p>
   </div>
   <div class='ocr_carea' id='block_1_17' title="bbox 473 1623 2123 1696">
    <p class='ocr_par' dir='ltr' id='par_1_17' title="bbox 473 1623 2123 1696">
     <span class='ocr_line' id='line_1_17' title="bbox 473 1623 2123 1696; baseline -0.003 -15"><span class='ocrx_word' id='word_1_113' title='bbox 473 1643 602 1682; x_wconf 90' lang='lat' dir='ltr'><strong>cors</strong></span> <span class='ocrx_word' id='word_1_114' title='bbox 660 1644 692 1680; x_wconf 90' lang='lat' dir='ltr'><strong>a</strong></span> <span class='ocrx_word' id='word_1_115' title='bbox 723 1626 838 1681; x_wconf 93' lang='lat' dir='ltr'><strong>Deo</strong></span> <span class='ocrx_word' id='word_1_116' title='bbox 873 1630 933 1680; x_wconf 89' lang='lat' dir='ltr'><strong>tu</strong></span> <span class='ocrx_word' id='word_1_117' title='bbox 964 1641 1025 1680; x_wconf 88' lang='lat' dir='ltr'><strong>es</strong></span> <span class='ocrx_word' id='word_1_118' title='bbox 1062 1643 1074 1680; x_wconf 92' lang='lat'>:</span> <span class='ocrx_word' id='word_1_119' title='bbox 1107 1631 1163 1680; x_wconf 90' lang='lat' dir='ltr'><strong>et</strong></span> <span class='ocrx_word' id='word_1_120' title='bbox 1196 1630 1453 1696; x_wconf 88' lang='lat' dir='ltr'><strong>potestas</strong></span> <span class='ocrx_word' id='word_1_121' title='bbox 1481 1624 1616 1678; x_wconf 88' lang='lat' dir='ltr'><strong>data</strong></span> <span class='ocrx_word' id='word_1_122' title='bbox 1659 1627 1747 1678; x_wconf 86' lang='lat' dir='ltr'><strong>est</strong></span> <span class='ocrx_word' id='word_1_123' title='bbox 1793 1623 1898 1676; x_wconf 89' lang='lat' dir='ltr'><strong>tibi</strong></span> <span class='ocrx_word' id='word_1_124' title='bbox 1949 1639 2123 1690; x_wconf 84' lang='lat' dir='ltr'><strong>super</strong></span> 
     </span>
    </p>
   </div>
   <div class='ocr_carea' id='block_1_18' title="bbox 471 1713 2113 1788">
    <p class='ocr_par' dir='ltr' id='par_1_18' title="bbox 471 1713 2113 1788">
     <span class='ocr_line' id='line_1_18' title="bbox 471 1713 2113 1788; baseline -0.004 -17"><span class='ocrx_word' id='word_1_125' title='bbox 471 1733 677 1772; x_wconf 87' lang='lat' dir='ltr'><strong>omnes</strong></span> <span class='ocrx_word' id='word_1_126' title='bbox 709 1715 958 1788; x_wconf 88' lang='lat' dir='ltr'><strong>spiritus</strong></span> <span class='ocrx_word' id='word_1_127' title='bbox 989 1715 1178 1770; x_wconf 77' lang='lat' dir='ltr'><strong>aerios</strong></span> <span class='ocrx_word' id='word_1_128' title='bbox 1201 1721 1574 1769; x_wconf 82' lang='lat' dir='ltr'><strong>etterreslres</strong></span> <span class='ocrx_word' id='word_1_129' title='bbox 1595 1717 1652 1767; x_wconf 85' lang='lat' dir='ltr'><strong>et</strong></span> <span class='ocrx_word' id='word_1_130' title='bbox 1678 1713 2113 1766; x_wconf 80' lang='lat' dir='ltr'><strong>subterraneos.</strong></span> 
     </span>
    </p>
   </div>
   <div class='ocr_carea' id='block_1_19' title="bbox 471 1799 2112 1876">
    <p class='ocr_par' dir='ltr' id='par_1_19' title="bbox 471 1799 2112 1876">
     <span class='ocr_line' id='line_1_19' title="bbox 471 1799 2112 1876; baseline -0.003 -17"><span class='ocrx_word' id='word_1_131' title='bbox 471 1805 755 1869; x_wconf 85' lang='lat' dir='ltr'><strong>Quoniam</strong></span> <span class='ocrx_word' id='word_1_132' title='bbox 789 1804 1033 1876; x_wconf 80' lang='lat' dir='ltr'><strong>spiritus</strong></span> <span class='ocrx_word' id='word_1_133' title='bbox 1064 1804 1294 1859; x_wconf 83' lang='lat' dir='ltr'><strong>exsistit</strong></span> <span class='ocrx_word' id='word_1_134' title='bbox 1325 1803 1382 1856; x_wconf 89' lang='lat' dir='ltr'><strong>in</strong></span> <span class='ocrx_word' id='word_1_135' title='bbox 1417 1804 1651 1874; x_wconf 86' lang='lat' dir='ltr'><strong>regione</strong></span> <span class='ocrx_word' id='word_1_136' title='bbox 1673 1801 1898 1855; x_wconf 58' lang='lat' dir='ltr'><strong>Arabiae</strong></span> <span class='ocrx_word' id='word_1_137' title='bbox 1929 1799 2063 1854; x_wconf 91' lang='lat' dir='ltr'><strong>talis</strong></span> <span class='ocrx_word' id='word_1_138' title='bbox 2099 1816 2112 1854; x_wconf 89' lang='lat'>:</span> 
     </span>
    </p>
   </div>
   <div class='ocr_carea' id='block_1_20' title="bbox 472 1889 2190 1989">
    <p class='ocr_par' dir='ltr' id='par_1_20' title="bbox 472 1889 2190 1989">
     <span class='ocr_line' id='line_1_20' title="bbox 472 1889 2190 1989; baseline -0.003 -41"><span class='ocrx_word' id='word_1_139' title='bbox 472 1894 529 1948; x_wconf 90' lang='lat' dir='ltr'><strong>in</strong></span> <span class='ocrx_word' id='word_1_140' title='bbox 566 1895 853 1948; x_wconf 87' lang='lat' dir='ltr'><strong>matutino</strong></span> <span class='ocrx_word' id='word_1_141' title='bbox 885 1893 1071 1965; x_wconf 85' lang='lat' dir='ltr'><strong>surgit</strong></span> <span class='ocrx_word' id='word_1_142' title='bbox 1093 1893 1266 1947; x_wconf 82' lang='lat' dir='ltr'><strong>ﬂatus</strong></span> <span class='ocrx_word' id='word_1_143' title='bbox 1290 1891 1442 1946; x_wconf 88' lang='lat' dir='ltr'><strong>venti</strong></span> <span class='ocrx_word' id='word_1_144' title='bbox 1468 1906 1653 1960; x_wconf 90' lang='lat' dir='ltr'><strong>usque</strong></span> <span class='ocrx_word' id='word_1_145' title='bbox 1686 1891 1754 1944; x_wconf 87' lang='lat' dir='ltr'><strong>ad</strong></span> <span class='ocrx_word' id='word_1_146' title='bbox 1777 1889 1949 1944; x_wconf 90' lang='lat' dir='ltr'><strong>horas</strong></span> <span class='ocrx_word' id='word_1_147' title='bbox 1973 1894 2111 1958; x_wconf 89' lang='lat' dir='ltr'><strong>tres,</strong></span> <span class='ocrx_word' id='word_1_148' title='bbox 2147 1925 2190 1989; x_wconf 75' lang='grc' dir='ltr'>Β</span> 
     </span>
    </p>
   </div>
   <div class='ocr_carea' id='block_1_21' title="bbox 469 1977 2116 2053">
    <p class='ocr_par' dir='ltr' id='par_1_21' title="bbox 469 1977 2116 2053">
     <span class='ocr_line' id='line_1_21' title="bbox 469 1977 2116 2053; baseline -0.005 -14"><span class='ocrx_word' id='word_1_149' title='bbox 469 1988 528 2039; x_wconf 90' lang='lat' dir='ltr'><strong>et</strong></span> <span class='ocrx_word' id='word_1_150' title='bbox 559 1982 734 2038; x_wconf 84' lang='lat' dir='ltr'><strong>flatus</strong></span> <span class='ocrx_word' id='word_1_151' title='bbox 759 1983 888 2053; x_wconf 90' lang='lat' dir='ltr'><strong>ejus</strong></span> <span class='ocrx_word' id='word_1_152' title='bbox 924 1981 1202 2038; x_wconf 88' lang='lat' dir='ltr'><strong>terribilis</strong></span> <span class='ocrx_word' id='word_1_153' title='bbox 1231 1986 1290 2036; x_wconf 92' lang='lat' dir='ltr'><strong>et</strong></span> <span class='ocrx_word' id='word_1_154' title='bbox 1326 1979 1635 2048; x_wconf 83' lang='lat' dir='ltr'><strong>exitiosus,</strong></span> <span class='ocrx_word' id='word_1_155' title='bbox 1665 1984 1722 2032; x_wconf 88' lang='lat' dir='ltr'><strong>et</strong></span> <span class='ocrx_word' id='word_1_156' title='bbox 1753 1977 2018 2033; x_wconf 86' lang='lat' dir='ltr'><strong>homines</strong></span> <span class='ocrx_word' id='word_1_157' title='bbox 2058 1983 2116 2032; x_wconf 87' lang='lat' dir='ltr'><strong>et</strong></span> 
     </span>
    </p>
   </div>
   <div class='ocr_carea' id='block_1_22' title="bbox 457 2067 2114 2143">
    <p class='ocr_par' dir='ltr' id='par_1_22' title="bbox 457 2067 2114 2143">
     <span class='ocr_line' id='line_1_22' title="bbox 457 2067 2114 2143; baseline -0.004 -16"><span class='ocrx_word' id='word_1_158' title='bbox 457 2073 734 2143; x_wconf 88' lang='lat' dir='ltr'><strong>jumenta</strong></span> <span class='ocrx_word' id='word_1_159' title='bbox 764 2072 1059 2136; x_wconf 78' lang='lat' dir='ltr'><strong>interficit,</strong></span> <span class='ocrx_word' id='word_1_160' title='bbox 1085 2087 1190 2126; x_wconf 91' lang='lat' dir='ltr'><strong>nec</strong></span> <span class='ocrx_word' id='word_1_161' title='bbox 1222 2070 1343 2125; x_wconf 89' lang='lat' dir='ltr'><strong>ulla</strong></span> <span class='ocrx_word' id='word_1_162' title='bbox 1366 2069 1493 2140; x_wconf 88' lang='lat' dir='ltr'><strong>quit</strong></span> <span class='ocrx_word' id='word_1_163' title='bbox 1514 2068 1693 2122; x_wconf 87' lang='lat' dir='ltr'><strong>herba</strong></span> <span class='ocrx_word' id='word_1_164' title='bbox 1715 2067 1994 2122; x_wconf 80' lang='lat' dir='ltr'><strong>exsistere</strong></span> <span class='ocrx_word' id='word_1_165' title='bbox 2020 2083 2114 2122; x_wconf 90' lang='lat' dir='ltr'><strong>su-</strong></span> 
     </span>
    </p>
   </div>
   <div class='ocr_carea' id='block_1_23' title="bbox 462 2154 2111 2232">
    <p class='ocr_par' dir='ltr' id='par_1_23' title="bbox 462 2154 2111 2232">
     <span class='ocr_line' id='line_1_23' title="bbox 462 2154 2111 2232; baseline -0.004 -18"><span class='ocrx_word' id='word_1_166' title='bbox 462 2176 567 2232; x_wconf 89' lang='lat' dir='ltr'><strong>per</strong></span> <span class='ocrx_word' id='word_1_167' title='bbox 597 2165 814 2214; x_wconf 89' lang='lat' dir='ltr'><strong>terram</strong></span> <span class='ocrx_word' id='word_1_168' title='bbox 872 2176 904 2213; x_wconf 92' lang='lat' dir='ltr'><strong>a</strong></span> <span class='ocrx_word' id='word_1_169' title='bbox 964 2159 1111 2212; x_wconf 80' lang='lat' dir='ltr'><strong>facie</strong></span> <span class='ocrx_word' id='word_1_170' title='bbox 1172 2155 1457 2211; x_wconf 67' lang='lat' dir='ltr'><strong>daemonis</strong></span> <span class='ocrx_word' id='word_1_171' title='bbox 1515 2154 1700 2211; x_wconf 89' lang='lat' dir='ltr'><strong>illius.</strong></span> <span class='ocrx_word' id='word_1_172' title='bbox 1757 2158 1870 2210; x_wconf 91' lang='lat' dir='ltr'><strong>Oro</strong></span> <span class='ocrx_word' id='word_1_173' title='bbox 1911 2154 2111 2226; x_wconf 81' lang='lat' dir='ltr'><strong>igitur,</strong></span> 
     </span>
    </p>
   </div>
   <div class='ocr_carea' id='block_1_24' title="bbox 462 2244 2111 2320">
    <p class='ocr_par' dir='ltr' id='par_1_24' title="bbox 462 2244 2111 2320">
     <span class='ocr_line' id='line_1_24' title="bbox 462 2244 2111 2320; baseline -0.002 -18"><span class='ocrx_word' id='word_1_174' title='bbox 462 2249 742 2320; x_wconf 90' lang='lat' dir='ltr'><strong>quoniam</strong></span> <span class='ocrx_word' id='word_1_175' title='bbox 771 2247 925 2303; x_wconf 83' lang='lat' dir='ltr'><strong>sicut</strong></span> <span class='ocrx_word' id='word_1_176' title='bbox 956 2251 1165 2302; x_wconf 90' lang='lat' dir='ltr'><strong>ventus</strong></span> <span class='ocrx_word' id='word_1_177' title='bbox 1198 2250 1286 2301; x_wconf 90' lang='lat' dir='ltr'><strong>est</strong></span> <span class='ocrx_word' id='word_1_178' title='bbox 1313 2245 1579 2316; x_wconf 88' lang='lat' dir='ltr'><strong>spiritus,</strong></span> <span class='ocrx_word' id='word_1_179' title='bbox 1604 2244 1868 2315; x_wconf 84' lang='lat' dir='ltr'><strong>excogita</strong></span> <span class='ocrx_word' id='word_1_180' title='bbox 1888 2244 2111 2315; x_wconf 90' lang='lat' dir='ltr'><strong>aliquid</strong></span> 
     </span>
    </p>
   </div>
   <div class='ocr_carea' id='block_1_25' title="bbox 463 2333 2113 2406">
    <p class='ocr_par' dir='ltr' id='par_1_25' title="bbox 463 2333 2113 2406">
     <span class='ocr_line' id='line_1_25' title="bbox 463 2333 2113 2406; baseline -0.002 -14"><span class='ocrx_word' id='word_1_181' title='bbox 463 2337 792 2393; x_wconf 87' lang='lat' dir='ltr'><strong>secundum</strong></span> <span class='ocrx_word' id='word_1_182' title='bbox 843 2337 1038 2391; x_wconf 86' lang='lat' dir='ltr'><strong>datam</strong></span> <span class='ocrx_word' id='word_1_183' title='bbox 1093 2335 1199 2390; x_wconf 91' lang='lat' dir='ltr'><strong>tibi</strong></span> <span class='ocrx_word' id='word_1_184' title='bbox 1256 2334 1608 2406; x_wconf 85' lang='lat' dir='ltr'><strong>sapientiam</strong></span> <span class='ocrx_word' id='word_1_185' title='bbox 1642 2351 1675 2389; x_wconf 88' lang='lat' dir='ltr'><strong>a</strong></span> <span class='ocrx_word' id='word_1_186' title='bbox 1706 2333 1951 2388; x_wconf 87' lang='lat' dir='ltr'><strong>Domino</strong></span> <span class='ocrx_word' id='word_1_187' title='bbox 2001 2337 2113 2388; x_wconf 89' lang='lat' dir='ltr'><strong>Deo</strong></span> 
     </span>
    </p>
   </div>
   <div class='ocr_carea' id='block_1_26' title="bbox 461 2423 2114 2496">
    <p class='ocr_par' dir='ltr' id='par_1_26' title="bbox 461 2423 2114 2496">
     <span class='ocr_line' id='line_1_26' title="bbox 461 2423 2114 2496; baseline -0.002 -15"><span class='ocrx_word' id='word_1_188' title='bbox 461 2431 602 2492; x_wconf 89' lang='lat' dir='ltr'><strong>tuo;</strong></span> <span class='ocrx_word' id='word_1_189' title='bbox 639 2430 696 2480; x_wconf 91' lang='lat' dir='ltr'><strong>et</strong></span> <span class='ocrx_word' id='word_1_190' title='bbox 729 2425 989 2496; x_wconf 87' lang='lat' dir='ltr'><strong>digneris</strong></span> <span class='ocrx_word' id='word_1_191' title='bbox 1023 2424 1254 2480; x_wconf 83' lang='lat' dir='ltr'><strong>mittere</strong></span> <span class='ocrx_word' id='word_1_192' title='bbox 1286 2429 1581 2496; x_wconf 89' lang='lat' dir='ltr'><strong>potentem</strong></span> <span class='ocrx_word' id='word_1_193' title='bbox 1615 2423 1804 2479; x_wconf 90' lang='lat' dir='ltr'><strong>virum</strong></span> <span class='ocrx_word' id='word_1_194' title='bbox 1830 2424 1927 2493; x_wconf 92' lang='lat' dir='ltr'><strong>qui</strong></span> <span class='ocrx_word' id='word_1_195' title='bbox 1962 2439 2114 2478; x_wconf 83' lang='lat' dir='ltr'><strong>com-</strong></span> 
     </span>
    </p>
   </div>
   <div class='ocr_carea' id='block_1_27' title="bbox 463 2513 2112 2588">
    <p class='ocr_par' dir='ltr' id='par_1_27' title="bbox 463 2513 2112 2588">
     <span class='ocr_line' id='line_1_27' title="bbox 463 2513 2112 2588; baseline -0.002 -18"><span class='ocrx_word' id='word_1_196' title='bbox 463 2519 665 2588; x_wconf 86' lang='lat' dir='ltr'><strong>pescat</strong></span> <span class='ocrx_word' id='word_1_197' title='bbox 693 2531 850 2570; x_wconf 86' lang='lat' dir='ltr'><strong>eum.</strong></span> <span class='ocrx_word' id='word_1_198' title='bbox 884 2515 951 2570; x_wconf 86' lang='lat' dir='ltr'><strong>Et</strong></span> <span class='ocrx_word' id='word_1_199' title='bbox 983 2531 1114 2570; x_wconf 84' lang='lat' dir='ltr'><strong>ecce</strong></span> <span class='ocrx_word' id='word_1_200' title='bbox 1142 2531 1261 2584; x_wconf 92' lang='lat' dir='ltr'><strong>ero,</strong></span> <span class='ocrx_word' id='word_1_201' title='bbox 1312 2531 1410 2569; x_wconf 81' lang='lat' dir='ltr'><strong>rex</strong></span> <span class='ocrx_word' id='word_1_202' title='bbox 1438 2513 1737 2578; x_wconf 78' lang='lat' dir='ltr'><strong>Salomon,</strong></span> <span class='ocrx_word' id='word_1_203' title='bbox 1780 2529 1886 2586; x_wconf 85' lang='lat' dir='ltr'><strong>ego</strong></span> <span class='ocrx_word' id='word_1_204' title='bbox 1920 2517 1976 2568; x_wconf 90' lang='lat' dir='ltr'><strong>et</strong></span> <span class='ocrx_word' id='word_1_205' title='bbox 2008 2530 2112 2583; x_wconf 85' lang='lat' dir='ltr'><strong>po-</strong></span> 
     </span>
    </p>
   </div>
   <div class='ocr_carea' id='block_1_28' title="bbox 461 2602 2110 2676">
    <p class='ocr_par' dir='ltr' id='par_1_28' title="bbox 461 2602 2110 2676">
     <span class='ocr_line' id='line_1_28' title="bbox 461 2602 2110 2676; baseline -0.001 -19"><span class='ocrx_word' id='word_1_206' title='bbox 461 2605 639 2676; x_wconf 87' lang='lat' dir='ltr'><strong>pulus</strong></span> <span class='ocrx_word' id='word_1_207' title='bbox 680 2619 868 2671; x_wconf 90' lang='lat' dir='ltr'><strong>meus,</strong></span> <span class='ocrx_word' id='word_1_208' title='bbox 903 2608 960 2658; x_wconf 87' lang='lat' dir='ltr'><strong>et</strong></span> <span class='ocrx_word' id='word_1_209' title='bbox 992 2607 1146 2658; x_wconf 86' lang='lat' dir='ltr'><strong>terra</strong></span> <span class='ocrx_word' id='word_1_210' title='bbox 1179 2619 1309 2658; x_wconf 90' lang='lat' dir='ltr'><strong>mea</strong></span> <span class='ocrx_word' id='word_1_211' title='bbox 1339 2603 1558 2670; x_wconf 90' lang='lat' dir='ltr'><strong>omnis,</strong></span> <span class='ocrx_word' id='word_1_212' title='bbox 1590 2603 1850 2658; x_wconf 87' lang='lat' dir='ltr'><strong>serviens</strong></span> <span class='ocrx_word' id='word_1_213' title='bbox 1879 2602 1981 2656; x_wconf 85' lang='lat' dir='ltr'><strong>tibi</strong></span> <span class='ocrx_word' id='word_1_214' title='bbox 2014 2619 2110 2657; x_wconf 91' lang='lat' dir='ltr'><strong>us-</strong></span> 
     </span>
    </p>
   </div>
   <div class='ocr_carea' id='block_1_29' title="bbox 463 2691 2112 2766">
    <p class='ocr_par' dir='ltr' id='par_1_29' title="bbox 463 2691 2112 2766">
     <span class='ocr_line' id='line_1_29' title="bbox 463 2691 2112 2766; baseline -0.002 -18"><span class='ocrx_word' id='word_1_215' title='bbox 463 2710 577 2766; x_wconf 90' lang='lat' dir='ltr'><strong>que</strong></span> <span class='ocrx_word' id='word_1_216' title='bbox 607 2693 679 2748; x_wconf 89' lang='lat' dir='ltr'><strong>ad</strong></span> <span class='ocrx_word' id='word_1_217' title='bbox 711 2698 984 2758; x_wconf 89' lang='lat' dir='ltr'><strong>mortem,</strong></span> <span class='ocrx_word' id='word_1_218' title='bbox 1030 2698 1086 2748; x_wconf 90' lang='lat' dir='ltr'><strong>et</strong></span> <span class='ocrx_word' id='word_1_219' title='bbox 1117 2692 1319 2748; x_wconf 89' lang='lat' dir='ltr'><strong>subdit</strong></span> <span class='ocrx_word' id='word_1_220' title='bbox 1359 2709 1420 2747; x_wconf 89' lang='lat' dir='ltr'><strong>se</strong></span> <span class='ocrx_word' id='word_1_221' title='bbox 1477 2693 1580 2746; x_wconf 89' lang='lat' dir='ltr'><strong>tibi</strong></span> <span class='ocrx_word' id='word_1_222' title='bbox 1631 2693 1824 2746; x_wconf 92' lang='lat' dir='ltr'><strong>omnis</strong></span> <span class='ocrx_word' id='word_1_223' title='bbox 1879 2691 2112 2756; x_wconf 86' lang='lat' dir='ltr'><strong>Arabia,</strong></span> 
     </span>
    </p>
   </div>
   <div class='ocr_carea' id='block_1_30' title="bbox 464 2780 2112 2852">
    <p class='ocr_par' dir='ltr' id='par_1_30' title="bbox 464 2780 2112 2852">
     <span class='ocr_line' id='line_1_30' title="bbox 464 2780 2112 2852; baseline -0.001 -14"><span class='ocrx_word' id='word_1_224' title='bbox 464 2783 636 2838; x_wconf 90' lang='lat' dir='ltr'><strong>modo</strong></span> <span class='ocrx_word' id='word_1_225' title='bbox 662 2782 962 2852; x_wconf 85' lang='lat' dir='ltr'><strong>justitiam</strong></span> <span class='ocrx_word' id='word_1_226' title='bbox 997 2780 1149 2836; x_wconf 87' lang='lat' dir='ltr'><strong>hanc</strong></span> <span class='ocrx_word' id='word_1_227' title='bbox 1185 2781 1366 2836; x_wconf 77' lang='lat' dir='ltr'><strong>facias</strong></span> <span class='ocrx_word' id='word_1_228' title='bbox 1398 2781 1588 2836; x_wconf 90' lang='lat' dir='ltr'><strong>nobis.</strong></span> <span class='ocrx_word' id='word_1_229' title='bbox 1615 2782 1803 2846; x_wconf 88' lang='lat' dir='ltr'><strong>Quare</strong></span> <span class='ocrx_word' id='word_1_230' title='bbox 1836 2797 2112 2852; x_wconf 86' lang='lat' dir='ltr'><strong>rogamus</strong></span> 
     </span>
    </p>
   </div>
   <div class='ocr_carea' id='block_1_31' title="bbox 463 2869 2112 2943">
    <p class='ocr_par' dir='ltr' id='par_1_31' title="bbox 463 2869 2112 2943">
     <span class='ocr_line' id='line_1_31' title="bbox 463 2869 2112 2943; baseline -0.002 -16"><span class='ocrx_word' id='word_1_231' title='bbox 463 2876 541 2938; x_wconf 85' lang='lat' dir='ltr'><strong>te,</strong></span> <span class='ocrx_word' id='word_1_232' title='bbox 577 2888 646 2926; x_wconf 91' lang='lat' dir='ltr'><strong>ne</strong></span> <span class='ocrx_word' id='word_1_233' title='bbox 703 2869 996 2943; x_wconf 90' lang='lat' dir='ltr'><strong>despicias</strong></span> <span class='ocrx_word' id='word_1_234' title='bbox 1047 2869 1542 2942; x_wconf 80' lang='lat' dir='ltr'><strong>supplicationem</strong></span> <span class='ocrx_word' id='word_1_235' title='bbox 1594 2874 1878 2938; x_wconf 87' lang='lat' dir='ltr'><strong>nostram,</strong></span> <span class='ocrx_word' id='word_1_236' title='bbox 1923 2887 2112 2941; x_wconf 88' lang='lat' dir='ltr'><strong>neque</strong></span> 
     </span>
    </p>
   </div>
   <div class='ocr_carea' id='block_1_32' title="bbox 466 2958 2112 3033">
    <p class='ocr_par' dir='ltr' id='par_1_32' title="bbox 466 2958 2112 3033">
     <span class='ocr_line' id='line_1_32' title="bbox 466 2958 2112 3033; baseline -0.002 -16"><span class='ocrx_word' id='word_1_237' title='bbox 466 2960 732 3033; x_wconf 89' lang='lat' dir='ltr'><strong>negligas</strong></span> <span class='ocrx_word' id='word_1_238' title='bbox 761 2965 1020 3033; x_wconf 89' lang='lat' dir='ltr'><strong>spretam</strong></span> <span class='ocrx_word' id='word_1_239' title='bbox 1046 2964 1209 3015; x_wconf 91' lang='lat' dir='ltr'><strong>tuam</strong></span> <span class='ocrx_word' id='word_1_240' title='bbox 1237 2959 1618 3030; x_wconf 87' lang='lat' dir='ltr'><strong>provinciam,</strong></span> <span class='ocrx_word' id='word_1_241' title='bbox 1643 2966 1700 3014; x_wconf 87' lang='lat' dir='ltr'><strong>et</strong></span> <span class='ocrx_word' id='word_1_242' title='bbox 1751 2958 1959 3014; x_wconf 89' lang='lat' dir='ltr'><strong>ditioni</strong></span> <span class='ocrx_word' id='word_1_243' title='bbox 1999 2965 2112 3014; x_wconf 65' lang='lat' dir='ltr'><strong>tua:</strong></span> 
     </span>
    </p>
   </div>
   <div class='ocr_carea' id='block_1_33' title="bbox 469 3046 2109 3120">
    <p class='ocr_par' dir='ltr' id='par_1_33' title="bbox 469 3046 2109 3120">
     <span class='ocr_line' id='line_1_33' title="bbox 469 3046 2109 3120; baseline -0.001 -16"><span class='ocrx_word' id='word_1_244' title='bbox 469 3050 795 3120; x_wconf 90' lang='lat' dir='ltr'><strong>subjectam</strong></span> <span class='ocrx_word' id='word_1_245' title='bbox 831 3047 1097 3120; x_wconf 82' lang='lat' dir='ltr'><strong>perﬁcies</strong></span> <span class='ocrx_word' id='word_1_246' title='bbox 1131 3065 1144 3104; x_wconf 89' lang='lat'>:</span> <span class='ocrx_word' id='word_1_247' title='bbox 1179 3047 1263 3103; x_wconf 88' lang='lat' dir='ltr'><strong>tui</strong></span> <span class='ocrx_word' id='word_1_248' title='bbox 1314 3046 1471 3104; x_wconf 91' lang='lat' dir='ltr'><strong>enim</strong></span> <span class='ocrx_word' id='word_1_249' title='bbox 1519 3046 1818 3118; x_wconf 89' lang='lat' dir='ltr'><strong>supplices</strong></span> <span class='ocrx_word' id='word_1_250' title='bbox 1879 3063 2109 3113; x_wconf 90' lang='lat' dir='ltr'><strong>sumus,</strong></span> 
     </span>
    </p>
   </div>
   <div class='ocr_carea' id='block_1_34' title="bbox 468 3135 2110 3209">
    <p class='ocr_par' dir='ltr' id='par_1_34' title="bbox 468 3135 2110 3209">
     <span class='ocr_line' id='line_1_34' title="bbox 468 3135 2110 3209; baseline -0.002 -16"><span class='ocrx_word' id='word_1_251' title='bbox 468 3154 572 3208; x_wconf 83' lang='lat' dir='ltr'><strong>ego</strong></span> <span class='ocrx_word' id='word_1_252' title='bbox 605 3141 660 3192; x_wconf 86' lang='lat' dir='ltr'><strong>et</strong></span> <span class='ocrx_word' id='word_1_253' title='bbox 690 3137 942 3209; x_wconf 90' lang='lat' dir='ltr'><strong>populus</strong></span> <span class='ocrx_word' id='word_1_254' title='bbox 972 3153 1139 3192; x_wconf 90' lang='lat' dir='ltr'><strong>meus</strong></span> <span class='ocrx_word' id='word_1_255' title='bbox 1169 3142 1224 3192; x_wconf 89' lang='lat' dir='ltr'><strong>et</strong></span> <span class='ocrx_word' id='word_1_256' title='bbox 1257 3136 1450 3192; x_wconf 90' lang='lat' dir='ltr'><strong>omnis</strong></span> <span class='ocrx_word' id='word_1_257' title='bbox 1483 3141 1638 3191; x_wconf 87' lang='lat' dir='ltr'><strong>terra</strong></span> <span class='ocrx_word' id='word_1_258' title='bbox 1668 3153 1817 3192; x_wconf 89' lang='lat' dir='ltr'><strong>mea.</strong></span> <span class='ocrx_word' id='word_1_259' title='bbox 1841 3135 1992 3192; x_wconf 90' lang='lat' dir='ltr'><strong>Bene</strong></span> <span class='ocrx_word' id='word_1_260' title='bbox 2015 3153 2110 3191; x_wconf 82' lang='lat' dir='ltr'><strong>va-</strong></span> 
     </span>
    </p>
   </div>
   <div class='ocr_carea' id='block_1_35' title="bbox 466 3224 1583 3282">
    <p class='ocr_par' dir='ltr' id='par_1_35' title="bbox 466 3224 1583 3282">
     <span class='ocr_line' id='line_1_35' title="bbox 466 3224 1583 3282; baseline 0.001 -2"><span class='ocrx_word' id='word_1_261' title='bbox 466 3224 585 3281; x_wconf 88' lang='lat' dir='ltr'><strong>lere</strong></span> <span class='ocrx_word' id='word_1_262' title='bbox 619 3226 936 3282; x_wconf 90' lang='lat' dir='ltr'><strong>Dominum</strong></span> <span class='ocrx_word' id='word_1_263' title='bbox 963 3242 1161 3281; x_wconf 90' lang='lat' dir='ltr'><strong>meum</strong></span> <span class='ocrx_word' id='word_1_264' title='bbox 1197 3226 1255 3280; x_wconf 92' lang='lat' dir='ltr'><strong>in</strong></span> <span class='ocrx_word' id='word_1_265' title='bbox 1287 3226 1583 3281; x_wconf 90' lang='lat' dir='ltr'><strong>omnibus.</strong></span> 
     </span>
    </p>
   </div>
   <div class='ocr_carea' id='block_1_36' title="bbox 2239 639 3885 720">
    <p class='ocr_par' dir='ltr' id='par_1_36' title="bbox 2239 639 3885 720">
     <span class='ocr_line' id='line_1_36' title="bbox 2239 639 3885 720; baseline 0.002 -24"><span class='ocrx_word' id='word_1_266' title='bbox 2239 639 2505 714; x_wconf 81' lang='grc' dir='ltr'>μυριάδας</span> <span class='ocrx_word' id='word_1_267' title='bbox 2559 643 2887 715; x_wconf 69' lang='grc' dir='ltr'>ἱκατὸν,καὶ</span> <span class='ocrx_word' id='word_1_268' title='bbox 2946 643 3162 720; x_wconf 85' lang='grc' dir='ltr'>χαλκοῦ</span> <span class='ocrx_word' id='word_1_269' title='bbox 3228 643 3509 713; x_wconf 79' lang='grc' dir='ltr'>ἐκλεκτοῦ,</span> <span class='ocrx_word' id='word_1_270' title='bbox 3548 646 3640 701; x_wconf 83' lang='grc' dir='ltr'>καὶ</span> <span class='ocrx_word' id='word_1_271' title='bbox 3703 646 3885 714; x_wconf 75' lang='grc' dir='ltr'>εἰσῆλ-</span> 
     </span>
    </p>
   </div>
   <div class='ocr_carea' id='block_1_37' title="bbox 2235 732 3886 810">
    <p class='ocr_par' dir='ltr' id='par_1_37' title="bbox 2235 732 3886 810">
     <span class='ocr_line' id='line_1_37' title="bbox 2235 732 3886 810; baseline 0.002 -25"><span class='ocrx_word' id='word_1_272' title='bbox 2235 733 2318 787; x_wconf 88' lang='grc' dir='ltr'><strong>θεν</strong></span> <span class='ocrx_word' id='word_1_273' title='bbox 2377 732 2454 796; x_wconf 83' lang='grc' dir='ltr'><strong>είς</strong></span> <span class='ocrx_word' id='word_1_274' title='bbox 2502 733 2592 787; x_wconf 86' lang='grc' dir='ltr'>τὸν</span> <span class='ocrx_word' id='word_1_275' title='bbox 2659 733 2824 788; x_wconf 90' lang='grc' dir='ltr'>ναόν·</span> <span class='ocrx_word' id='word_1_276' title='bbox 2884 736 2971 789; x_wconf 87' lang='grc' dir='ltr'>καὶ</span> <span class='ocrx_word' id='word_1_277' title='bbox 3023 736 3086 790; x_wconf 87' lang='grc' dir='ltr'>τὸ</span> <span class='ocrx_word' id='word_1_278' title='bbox 3136 738 3559 810; x_wconf 69' lang='grc' dir='ltr'>θυσιαστήριον,</span> <span class='ocrx_word' id='word_1_279' title='bbox 3617 736 3710 790; x_wconf 76' lang='lat' dir='ltr'><strong>xui</strong></span> <span class='ocrx_word' id='word_1_280' title='bbox 3768 737 3886 796; x_wconf 65' lang='grc' dir='ltr'>τοὺς</span> 
     </span>
    </p>
   </div>
   <div class='ocr_carea' id='block_1_38' title="bbox 2232 820 3886 899">
    <p class='ocr_par' dir='ltr' id='par_1_38' title="bbox 2232 820 3886 899">
     <span class='ocr_line' id='line_1_38' title="bbox 2232 820 3886 899; baseline 0.002 -25"><span class='ocrx_word' id='word_1_281' title='bbox 2232 821 2534 895; x_wconf 78' lang='grc' dir='ltr'>ἀναφόρους</span> <span class='ocrx_word' id='word_1_282' title='bbox 2565 822 2694 884; x_wconf 82' lang='grc' dir='ltr'>τοὺς</span> <span class='ocrx_word' id='word_1_283' title='bbox 2735 820 2978 897; x_wconf 83' lang='grc' dir='ltr'>χαλκοῦς</span> <span class='ocrx_word' id='word_1_284' title='bbox 3025 828 3122 878; x_wconf 92' lang='grc' dir='ltr'><strong>τοῦ</strong></span> <span class='ocrx_word' id='word_1_285' title='bbox 3169 825 3555 899; x_wconf 75' lang='grc' dir='ltr'><strong>θυσιαστηρίου</strong></span> <span class='ocrx_word' id='word_1_286' title='bbox 3612 826 3706 879; x_wconf 79' lang='lat' dir='ltr'><strong>xui</strong></span> <span class='ocrx_word' id='word_1_287' title='bbox 3767 824 3886 886; x_wconf 66' lang='grc' dir='ltr'>τοὺς</span> 
     </span>
    </p>
   </div>
   <div class='ocr_carea' id='block_1_39' title="bbox 2232 907 3882 990">
    <p class='ocr_par' dir='ltr' id='par_1_39' title="bbox 2232 907 3882 990">
     <span class='ocr_line' id='line_1_39' title="bbox 2232 907 3882 990; baseline 0.001 -27"><span class='ocrx_word' id='word_1_288' title='bbox 2232 907 2418 971; x_wconf 79' lang='grc' dir='ltr'><strong>λίθους</strong></span> <span class='ocrx_word' id='word_1_289' title='bbox 2496 915 2604 965; x_wconf 82' lang='grc' dir='ltr'>τῶν</span> <span class='ocrx_word' id='word_1_290' title='bbox 2698 909 2919 986; x_wconf 82' lang='grc' dir='ltr'>λύχνων</span> <span class='ocrx_word' id='word_1_291' title='bbox 2995 912 3446 989; x_wconf 78' lang='grc' dir='ltr'>ἐξαστράπτοντας</span> <span class='ocrx_word' id='word_1_292' title='bbox 3498 913 3557 967; x_wconf 73' lang='grc' dir='ltr'><strong>ἐκ</strong></span> <span class='ocrx_word' id='word_1_293' title='bbox 3611 912 3882 990; x_wconf 66' lang='grc' dir='ltr'>διαφόρων</span> 
     </span>
    </p>
   </div>
   <div class='ocr_carea' id='block_1_40' title="bbox 2230 999 3885 1076">
    <p class='ocr_par' dir='ltr' id='par_1_40' title="bbox 2230 999 3885 1076">
     <span class='ocr_line' id='line_1_40' title="bbox 2230 999 3885 1076; baseline 0.002 -24"><span class='ocrx_word' id='word_1_294' title='bbox 2230 1000 2567 1074; x_wconf 75' lang='grc' dir='ltr'>χρωμάτων,</span> <span class='ocrx_word' id='word_1_295' title='bbox 2597 999 2688 1054; x_wconf 80' lang='grc' dir='ltr'>καὶ</span> <span class='ocrx_word' id='word_1_296' title='bbox 2749 1001 2978 1076; x_wconf 81' lang='grc' dir='ltr'>Λυχνίου</span> <span class='ocrx_word' id='word_1_297' title='bbox 3033 1006 3130 1056; x_wconf 90' lang='grc' dir='ltr'><strong>τοῦ</strong></span> <span class='ocrx_word' id='word_1_298' title='bbox 3191 1002 3364 1073; x_wconf 81' lang='grc' dir='ltr'>λίθου,</span> <span class='ocrx_word' id='word_1_299' title='bbox 3395 1003 3481 1056; x_wconf 80' lang='grc' dir='ltr'>καὶ</span> <span class='ocrx_word' id='word_1_300' title='bbox 3545 999 3885 1076; x_wconf 68' lang='grc' dir='ltr'>σμαράγδου,</span> 
     </span>
    </p>
   </div>
   <div class='ocr_carea' id='block_1_41' title="bbox 2227 1087 3883 1168">
    <p class='ocr_par' dir='ltr' id='par_1_41' title="bbox 2227 1087 3883 1168">
     <span class='ocr_line' id='line_1_41' title="bbox 2227 1087 3883 1168; baseline 0.001 -27"><span class='ocrx_word' id='word_1_301' title='bbox 2227 1087 2316 1142; x_wconf 80' lang='grc' dir='ltr'>καὶ</span> <span class='ocrx_word' id='word_1_302' title='bbox 2401 1087 2678 1157; x_wconf 77' lang='grc' dir='ltr'>ὑακίνθου,</span> <span class='ocrx_word' id='word_1_303' title='bbox 2737 1091 2827 1144; x_wconf 80' lang='grc' dir='ltr'>καὶ</span> <span class='ocrx_word' id='word_1_304' title='bbox 2883 1090 3204 1168; x_wconf 76' lang='grc' dir='ltr'>σαπφείρου,</span> <span class='ocrx_word' id='word_1_305' title='bbox 3262 1092 3352 1145; x_wconf 84' lang='lat' dir='ltr'><strong>xui</strong></span> <span class='ocrx_word' id='word_1_306' title='bbox 3411 1089 3542 1145; x_wconf 68' lang='grc' dir='ltr'>εἶδεν</span> <span class='ocrx_word' id='word_1_307' title='bbox 3596 1091 3665 1146; x_wconf 74' lang='grc' dir='ltr'>τὰ</span> <span class='ocrx_word' id='word_1_308' title='bbox 3722 1092 3883 1160; x_wconf 63' lang='grc' dir='ltr'>σκεύη</span> 
     </span>
    </p>
   </div>
   <div class='ocr_carea' id='block_1_42' title="bbox 2225 1178 3888 1255">
    <p class='ocr_par' dir='ltr' id='par_1_42' title="bbox 2225 1178 3888 1255">
     <span class='ocr_line' id='line_1_42' title="bbox 2225 1178 3888 1255; baseline 0.001 -23"><span class='ocrx_word' id='word_1_309' title='bbox 2225 1178 2293 1232; x_wconf 71' lang='grc' dir='ltr'>τὰ</span> <span class='ocrx_word' id='word_1_310' title='bbox 2322 1181 2499 1252; x_wconf 82' lang='grc' dir='ltr'>χρυσᾶ</span> <span class='ocrx_word' id='word_1_311' title='bbox 2537 1178 2626 1232; x_wconf 87' lang='grc' dir='ltr'><strong>καὶ</strong></span> <span class='ocrx_word' id='word_1_312' title='bbox 2659 1178 2882 1254; x_wconf 79' lang='grc' dir='ltr'><strong>ἀργυρᾶ,</strong></span> <span class='ocrx_word' id='word_1_313' title='bbox 2915 1179 3003 1234; x_wconf 84' lang='grc' dir='ltr'>καὶ</span> <span class='ocrx_word' id='word_1_314' title='bbox 3051 1178 3256 1255; x_wconf 82' lang='grc' dir='ltr'>χαλκᾶ,</span> <span class='ocrx_word' id='word_1_315' title='bbox 3285 1181 3374 1234; x_wconf 78' lang='grc' dir='ltr'><strong>καὶ</strong></span> <span class='ocrx_word' id='word_1_316' title='bbox 3425 1178 3634 1251; x_wconf 79' lang='grc' dir='ltr'>ξύλινα,</span> <span class='ocrx_word' id='word_1_317' title='bbox 3684 1181 3780 1234; x_wconf 81' lang='lat' dir='ltr'><strong>xui</strong></span> <span class='ocrx_word' id='word_1_318' title='bbox 3833 1178 3888 1234; x_wconf 70' lang='grc' dir='ltr'><strong>ἐκ</strong></span> 
     </span>
    </p>
   </div>
   <div class='ocr_carea' id='block_1_43' title="bbox 2230 1264 3889 1344">
    <p class='ocr_par' dir='ltr' id='par_1_43' title="bbox 2230 1264 3889 1344">
     <span class='ocr_line' id='line_1_43' title="bbox 2230 1264 3889 1344; baseline 0.001 -24"><span class='ocrx_word' id='word_1_319' title='bbox 2230 1264 2510 1341; x_wconf 76' lang='grc' dir='ltr'><strong>δερμάτων</strong></span> <span class='ocrx_word' id='word_1_320' title='bbox 2569 1267 2879 1340; x_wconf 83' lang='grc' dir='ltr'>ἀπλώματα</span> <span class='ocrx_word' id='word_1_321' title='bbox 2935 1266 3452 1344; x_wconf 71' lang='grc' dir='ltr'>ἠρυθροδανόμεναο</span> <span class='ocrx_word' id='word_1_322' title='bbox 3514 1269 3604 1323; x_wconf 86' lang='lat' dir='ltr'><strong>xui</strong></span> <span class='ocrx_word' id='word_1_323' title='bbox 3657 1266 3741 1323; x_wconf 70' lang='grc' dir='ltr'><strong>ἴδε</strong></span> <span class='ocrx_word' id='word_1_324' title='bbox 3798 1268 3889 1330; x_wconf 70' lang='grc' dir='ltr'>τὰς</span> 
     </span>
    </p>
   </div>
   <div class='ocr_carea' id='block_1_44' title="bbox 2233 1356 3883 1433">
    <p class='ocr_par' dir='ltr' id='par_1_44' title="bbox 2233 1356 3883 1433">
     <span class='ocr_line' id='line_1_44' title="bbox 2233 1356 3883 1433; baseline 0.002 -24"><span class='ocrx_word' id='word_1_325' title='bbox 2233 1357 2413 1429; x_wconf 75' lang='grc' dir='ltr'>βάσεις</span> <span class='ocrx_word' id='word_1_326' title='bbox 2443 1360 2551 1410; x_wconf 80' lang='grc' dir='ltr'><strong>τῶν</strong></span> <span class='ocrx_word' id='word_1_327' title='bbox 2581 1357 2780 1410; x_wconf 82' lang='grc' dir='ltr'>κιόνων</span> <span class='ocrx_word' id='word_1_328' title='bbox 2810 1361 2908 1412; x_wconf 91' lang='grc' dir='ltr'>τοῦ</span> <span class='ocrx_word' id='word_1_329' title='bbox 2938 1362 3069 1412; x_wconf 77' lang='grc' dir='ltr'>ναοῦ</span> <span class='ocrx_word' id='word_1_330' title='bbox 3126 1358 3349 1433; x_wconf 82' lang='grc' dir='ltr'>Κυρίου’</span> <span class='ocrx_word' id='word_1_331' title='bbox 3386 1359 3440 1413; x_wconf 75' lang='grc' dir='ltr'><strong>οἱ</strong></span> <span class='ocrx_word' id='word_1_332' title='bbox 3490 1356 3683 1416; x_wconf 79' lang='grc' dir='ltr'>πᾶντες</span> <span class='ocrx_word' id='word_1_333' title='bbox 3746 1378 3883 1433; x_wconf 77' lang='grc' dir='ltr'>χρυ-</span> 
     </span>
    </p>
   </div>
   <div class='ocr_carea' id='block_1_45' title="bbox 2227 1443 3886 1522">
    <p class='ocr_par' dir='ltr' id='par_1_45' title="bbox 2227 1443 3886 1522">
     <span class='ocr_line' id='line_1_45' title="bbox 2227 1443 3886 1522; baseline 0.001 -23"><span class='ocrx_word' id='word_1_334' title='bbox 2227 1444 2344 1499; x_wconf 91' lang='grc' dir='ltr'>σίου</span> <span class='ocrx_word' id='word_1_335' title='bbox 2375 1444 2489 1508; x_wconf 74' lang='grc' dir='ltr'>ἑνός</span> <span class='ocrx_word' id='word_1_336' title='bbox 2544 1444 2721 1520; x_wconf 82' lang='grc' dir='ltr'>χωρὶς</span> <span class='ocrx_word' id='word_1_337' title='bbox 2751 1451 2860 1500; x_wconf 81' lang='grc' dir='ltr'>τῶν</span> <span class='ocrx_word' id='word_1_338' title='bbox 2913 1443 3186 1519; x_wconf 77' lang='grc' dir='ltr'>δαιμόνων</span> <span class='ocrx_word' id='word_1_339' title='bbox 3249 1449 3324 1501; x_wconf 84' lang='grc' dir='ltr'>ὧν</span> <span class='ocrx_word' id='word_1_340' title='bbox 3377 1446 3667 1519; x_wconf 67' lang='grc' dir='ltr'>κατέκρινα</span> <span class='ocrx_word' id='word_1_341' title='bbox 3724 1446 3886 1522; x_wconf 69' lang='grc' dir='ltr'>ἔργα·</span> 
     </span>
    </p>
   </div>
   <div class='ocr_carea' id='block_1_46' title="bbox 2232 1533 3883 1609">
    <p class='ocr_par' dir='ltr' id='par_1_46' title="bbox 2232 1533 3883 1609">
     <span class='ocr_line' id='line_1_46' title="bbox 2232 1533 3883 1609; baseline 0.001 -21"><span class='ocrx_word' id='word_1_342' title='bbox 2232 1538 2428 1602; x_wconf 81' lang='grc' dir='ltr'>ζεσθαι’</span> <span class='ocrx_word' id='word_1_343' title='bbox 2479 1533 2570 1588; x_wconf 81' lang='grc' dir='ltr'><strong>καὶ</strong></span> <span class='ocrx_word' id='word_1_344' title='bbox 2628 1534 2693 1603; x_wconf 84' lang='grc' dir='ltr'>ἦν</span> <span class='ocrx_word' id='word_1_345' title='bbox 2753 1534 2944 1606; x_wconf 69' lang='grc' dir='ltr'>εἰρήνη</span> <span class='ocrx_word' id='word_1_346' title='bbox 3006 1534 3195 1608; x_wconf 83' lang='grc' dir='ltr'>κύκλῳ</span> <span class='ocrx_word' id='word_1_347' title='bbox 3253 1542 3354 1604; x_wconf 76' lang='grc' dir='ltr'>τῆς</span> <span class='ocrx_word' id='word_1_348' title='bbox 3414 1533 3694 1609; x_wconf 78' lang='grc' dir='ltr'>βαοιλείας</span> <span class='ocrx_word' id='word_1_349' title='bbox 3758 1557 3883 1607; x_wconf 85' lang='grc' dir='ltr'>μου,</span> 
     </span>
    </p>
   </div>
   <div class='ocr_carea' id='block_1_47' title="bbox 2225 1622 3886 1700">
    <p class='ocr_par' dir='ltr' id='par_1_47' title="bbox 2225 1622 3886 1700">
     <span class='ocr_line' id='line_1_47' title="bbox 2225 1622 3886 1700; baseline 0.002 -24"><span class='ocrx_word' id='word_1_350' title='bbox 2225 1623 2314 1677; x_wconf 83' lang='grc' dir='ltr'>καὶ</span> <span class='ocrx_word' id='word_1_351' title='bbox 2378 1622 2462 1678; x_wconf 78' lang='grc' dir='ltr'><strong>ἐπὶ</strong></span> <span class='ocrx_word' id='word_1_352' title='bbox 2520 1623 2698 1694; x_wconf 75' lang='grc' dir='ltr'>πάσης</span> <span class='ocrx_word' id='word_1_353' title='bbox 2746 1631 2848 1694; x_wconf 84' lang='grc' dir='ltr'><strong>τῆς</strong></span> <span class='ocrx_word' id='word_1_354' title='bbox 2901 1632 3022 1700; x_wconf 84' lang='grc' dir='ltr'>γῆς.</span> <span class='ocrx_word' id='word_1_355' title='bbox 3059 1625 3155 1680; x_wconf 81' lang='grc' dir='ltr'><strong>Καὶ</strong></span> <span class='ocrx_word' id='word_1_356' title='bbox 3187 1623 3399 1700; x_wconf 74' lang='grc' dir='ltr'>ἐγένετο</span> <span class='ocrx_word' id='word_1_357' title='bbox 3430 1624 3480 1679; x_wconf 64' lang='grc' dir='ltr'>ἐν</span> <span class='ocrx_word' id='word_1_358' title='bbox 3511 1630 3590 1696; x_wconf 77' lang='grc' dir='ltr'>τῷ</span> <span class='ocrx_word' id='word_1_359' title='bbox 3625 1625 3765 1680; x_wconf 77' lang='grc' dir='ltr'>εἶναί</span> <span class='ocrx_word' id='word_1_360' title='bbox 3822 1647 3886 1697; x_wconf 88' lang='grc' dir='ltr'><strong>με</strong></span> 
     </span>
    </p>
   </div>
   <div class='ocr_carea' id='block_1_48' title="bbox 2227 1711 3885 1786">
    <p class='ocr_par' dir='ltr' id='par_1_48' title="bbox 2227 1711 3885 1786">
     <span class='ocr_line' id='line_1_48' title="bbox 2227 1711 3885 1786; baseline 0.001 -19"><span class='ocrx_word' id='word_1_361' title='bbox 2227 1711 2279 1767; x_wconf 71' lang='grc' dir='ltr'>ἐν</span> <span class='ocrx_word' id='word_1_362' title='bbox 2311 1717 2378 1785; x_wconf 81' lang='grc' dir='ltr'>τῇ</span> <span class='ocrx_word' id='word_1_363' title='bbox 2409 1711 2656 1786; x_wconf 73' lang='grc' dir='ltr'>βασιλείᾳ</span> <span class='ocrx_word' id='word_1_364' title='bbox 2689 1734 2815 1786; x_wconf 80' lang='grc' dir='ltr'>μου,</span> <span class='ocrx_word' id='word_1_365' title='bbox 2847 1712 3129 1768; x_wconf 70' lang='grc' dir='ltr'>ἀπέστειλὲ</span> <span class='ocrx_word' id='word_1_366' title='bbox 3163 1735 3255 1786; x_wconf 88' lang='grc' dir='ltr'><strong>μοι</strong></span> <span class='ocrx_word' id='word_1_367' title='bbox 3306 1712 3596 1781; x_wconf 71' lang='grc' dir='ltr'>ἐπιστολὴν</span> <span class='ocrx_word' id='word_1_368' title='bbox 3647 1715 3675 1767; x_wconf 88' lang='grc' dir='ltr'>ὁ</span> <span class='ocrx_word' id='word_1_369' title='bbox 3728 1715 3885 1786; x_wconf 62' lang='grc' dir='ltr'>βασις</span> 
     </span>
    </p>
   </div>
   <div class='ocr_carea' id='block_1_49' title="bbox 2227 1797 3883 1880">
    <p class='ocr_par' dir='ltr' id='par_1_49' title="bbox 2227 1797 3883 1880">
     <span class='ocr_line' id='line_1_49' title="bbox 2227 1797 3883 1880; baseline 0.002 -26"><span class='ocrx_word' id='word_1_370' title='bbox 2227 1801 2352 1865; x_wconf 83' lang='grc' dir='ltr'>λεὺς</span> <span class='ocrx_word' id='word_1_371' title='bbox 2405 1797 2648 1875; x_wconf 75' lang='grc' dir='ltr'>Ἀράϐων</span> <span class='ocrx_word' id='word_1_372' title='bbox 2706 1799 3022 1875; x_wconf 77' lang='grc' dir='ltr'>Ἀδάρης,ἠ</span> <span class='ocrx_word' id='word_1_373' title='bbox 3082 1801 3139 1856; x_wconf 78' lang='grc' dir='ltr'>δὶ</span> <span class='ocrx_word' id='word_1_374' title='bbox 3191 1803 3370 1880; x_wconf 71' lang='grc' dir='ltr'>γραφὴ</span> <span class='ocrx_word' id='word_1_375' title='bbox 3422 1809 3522 1871; x_wconf 74' lang='grc' dir='ltr'>τῆς</span> <span class='ocrx_word' id='word_1_376' title='bbox 3580 1802 3883 1871; x_wconf 72' lang='grc' dir='ltr'>ἑπιστολῆς</span> 
     </span>
    </p>
   </div>
   <div class='ocr_carea' id='block_1_50' title="bbox 2223 1886 3882 1966">
    <p class='ocr_par' dir='ltr' id='par_1_50' title="bbox 2223 1886 3882 1966">
     <span class='ocr_line' id='line_1_50' title="bbox 2223 1886 3882 1966; baseline 0.001 -22"><span class='ocrx_word' id='word_1_377' title='bbox 2223 1886 2449 1965; x_wconf 77' lang='grc' dir='ltr'>ἔγραφεν</span> <span class='ocrx_word' id='word_1_378' title='bbox 2512 1889 2714 1952; x_wconf 73' lang='grc' dir='ltr'>οὕτως·</span> <span class='ocrx_word' id='word_1_379' title='bbox 2775 1890 2999 1946; x_wconf 79' lang='grc' dir='ltr'>Βασιλεῖ</span> <span class='ocrx_word' id='word_1_380' title='bbox 3059 1890 3386 1964; x_wconf 79' lang='grc' dir='ltr'>Σολομῶντι</span> <span class='ocrx_word' id='word_1_381' title='bbox 3448 1891 3700 1966; x_wconf 83' lang='grc' dir='ltr'>χαίρειν·</span> <span class='ocrx_word' id='word_1_382' title='bbox 3765 1890 3882 1946; x_wconf 76' lang='grc' dir='ltr'>ἰδοῦ</span> 
     </span>
    </p>
   </div>
   <div class='ocr_carea' id='block_1_51' title="bbox 2223 1977 3886 2054">
    <p class='ocr_par' dir='ltr' id='par_1_51' title="bbox 2223 1977 3886 2054">
     <span class='ocr_line' id='line_1_51' title="bbox 2223 1977 3886 2054; baseline 0.001 -22"><span class='ocrx_word' id='word_1_383' title='bbox 2223 1977 2535 2052; x_wconf 78' lang='grc' dir='ltr'>ἠκούσαμεν</span> <span class='ocrx_word' id='word_1_384' title='bbox 2589 1978 2680 2032; x_wconf 83' lang='lat' dir='ltr'><strong>xui</strong></span> <span class='ocrx_word' id='word_1_385' title='bbox 2738 1978 2998 2033; x_wconf 83' lang='grc' dir='ltr'><strong>ἀκουστὸν</strong></span> <span class='ocrx_word' id='word_1_386' title='bbox 3055 1978 3268 2054; x_wconf 72' lang='grc' dir='ltr'>γέγονεν</span> <span class='ocrx_word' id='word_1_387' title='bbox 3331 1979 3407 2040; x_wconf 81' lang='grc' dir='ltr'>εἷς</span> <span class='ocrx_word' id='word_1_388' title='bbox 3456 1980 3624 2032; x_wconf 76' lang='grc' dir='ltr'>πάντα</span> <span class='ocrx_word' id='word_1_389' title='bbox 3669 1981 3736 2032; x_wconf 66' lang='grc' dir='ltr'><strong>τὶ</strong></span> <span class='ocrx_word' id='word_1_390' title='bbox 3794 1980 3886 2033; x_wconf 80' lang='grc' dir='ltr'><strong>πὲ-</strong></span> 
     </span>
    </p>
   </div>
   <div class='ocr_carea' id='block_1_52' title="bbox 2223 2065 3880 2142">
    <p class='ocr_par' dir='ltr' id='par_1_52' title="bbox 2223 2065 3880 2142">
     <span class='ocr_line' id='line_1_52' title="bbox 2223 2065 3880 2142; baseline 0.002 -20"><span class='ocrx_word' id='word_1_391' title='bbox 2223 2089 2356 2142; x_wconf 82' lang='grc' dir='ltr'>ρατα</span> <span class='ocrx_word' id='word_1_392' title='bbox 2411 2075 2510 2137; x_wconf 79' lang='grc' dir='ltr'><strong>τῆς</strong></span> <span class='ocrx_word' id='word_1_393' title='bbox 2568 2075 2696 2142; x_wconf 80' lang='grc' dir='ltr'>γῆς,</span> <span class='ocrx_word' id='word_1_394' title='bbox 2752 2069 2850 2137; x_wconf 72' lang='grc' dir='ltr'>τὴν</span> <span class='ocrx_word' id='word_1_395' title='bbox 2902 2067 2953 2122; x_wconf 65' lang='grc' dir='ltr'>ἐν</span> <span class='ocrx_word' id='word_1_396' title='bbox 3004 2068 3090 2123; x_wconf 87' lang='grc' dir='ltr'><strong>σοὶ</strong></span> <span class='ocrx_word' id='word_1_397' title='bbox 3145 2065 3442 2137; x_wconf 68' lang='grc' dir='ltr'>δεδομένην</span> <span class='ocrx_word' id='word_1_398' title='bbox 3474 2068 3667 2142; x_wconf 75' lang='grc' dir='ltr'>σοφίαν</span> <span class='ocrx_word' id='word_1_399' title='bbox 3702 2072 3832 2138; x_wconf 74' lang='lat' dir='ltr'><strong>(sic)</strong></span> <span class='ocrx_word' id='word_1_400' title='bbox 3867 2089 3880 2100; x_wconf 83' lang='grc'><em>’</em></span> 
     </span>
    </p>
   </div>
   <div class='ocr_carea' id='block_1_53' title="bbox 2222 2154 3879 2232">
    <p class='ocr_par' dir='ltr' id='par_1_53' title="bbox 2222 2154 3879 2232">
     <span class='ocr_line' id='line_1_53' title="bbox 2222 2154 3879 2232; baseline 0.001 -22"><span class='ocrx_word' id='word_1_401' title='bbox 2222 2156 2312 2211; x_wconf 83' lang='grc' dir='ltr'><strong>καὶ</strong></span> <span class='ocrx_word' id='word_1_402' title='bbox 2371 2155 2453 2212; x_wconf 71' lang='grc' dir='ltr'>ὅτι</span> <span class='ocrx_word' id='word_1_403' title='bbox 2508 2154 2790 2232; x_wconf 72' lang='grc' dir='ltr'>ἄνθρωπος</span> <span class='ocrx_word' id='word_1_404' title='bbox 2871 2155 3125 2230; x_wconf 67' lang='grc' dir='ltr'>ἐλεήμων</span> <span class='ocrx_word' id='word_1_405' title='bbox 3199 2157 3345 2230; x_wconf 84' lang='grc' dir='ltr'>παρᾶ</span> <span class='ocrx_word' id='word_1_406' title='bbox 3400 2157 3598 2230; x_wconf 81' lang='grc' dir='ltr'>Κυρίου</span> <span class='ocrx_word' id='word_1_407' title='bbox 3659 2156 3707 2210; x_wconf 82' lang='grc' dir='ltr'><strong>εί</strong></span> <span class='ocrx_word' id='word_1_408' title='bbox 3765 2157 3830 2211; x_wconf 66' lang='grc' dir='ltr'><strong>σύ</strong></span> <span class='ocrx_word' id='word_1_409' title='bbox 3865 2177 3879 2189; x_wconf 93' lang='grc'><strong>·</strong></span> 
     </span>
    </p>
   </div>
   <div class='ocr_carea' id='block_1_54' title="bbox 2224 2243 3877 2320">
    <p class='ocr_par' dir='ltr' id='par_1_54' title="bbox 2224 2243 3877 2320">
     <span class='ocr_line' id='line_1_54' title="bbox 2224 2243 3877 2320; baseline 0 -20"><span class='ocrx_word' id='word_1_410' title='bbox 2224 2245 2312 2301; x_wconf 82' lang='grc' dir='ltr'><strong>καὶ</strong></span> <span class='ocrx_word' id='word_1_411' title='bbox 2371 2244 2574 2308; x_wconf 88' lang='grc' dir='ltr'>σύνεσις</span> <span class='ocrx_word' id='word_1_412' title='bbox 2626 2243 2787 2316; x_wconf 78' lang='grc' dir='ltr'>ἐδόθη</span> <span class='ocrx_word' id='word_1_413' title='bbox 2822 2267 2906 2300; x_wconf 94' lang='grc' dir='ltr'><strong>σοι</strong></span> <span class='ocrx_word' id='word_1_414' title='bbox 2938 2245 3026 2301; x_wconf 76' lang='grc' dir='ltr'>ἰπὶ</span> <span class='ocrx_word' id='word_1_415' title='bbox 3071 2248 3287 2301; x_wconf 76' lang='grc' dir='ltr'>πάντων</span> <span class='ocrx_word' id='word_1_416' title='bbox 3316 2244 3633 2318; x_wconf 76' lang='grc' dir='ltr'>πνευμάτων</span> <span class='ocrx_word' id='word_1_417' title='bbox 3681 2247 3877 2320; x_wconf 79' lang='grc' dir='ltr'>ἀερίων</span> 
     </span>
    </p>
   </div>
   <div class='ocr_carea' id='block_1_55' title="bbox 2221 2331 3882 2410">
    <p class='ocr_par' dir='ltr' id='par_1_55' title="bbox 2221 2331 3882 2410">
     <span class='ocr_line' id='line_1_55' title="bbox 2221 2331 3882 2410; baseline 0 -22"><span class='ocrx_word' id='word_1_418' title='bbox 2221 2356 2279 2389; x_wconf 89' lang='grc' dir='ltr'><strong>τε</strong></span> <span class='ocrx_word' id='word_1_419' title='bbox 2327 2334 2417 2389; x_wconf 85' lang='grc' dir='ltr'><strong>καὶ</strong></span> <span class='ocrx_word' id='word_1_420' title='bbox 2476 2334 2726 2410; x_wconf 70' lang='grc' dir='ltr'>ἐπιγείων</span> <span class='ocrx_word' id='word_1_421' title='bbox 2781 2334 2873 2389; x_wconf 81' lang='grc' dir='ltr'>καὶ</span> <span class='ocrx_word' id='word_1_422' title='bbox 2929 2334 3303 2410; x_wconf 69' lang='grc' dir='ltr'>καταχθονίων</span> <span class='ocrx_word' id='word_1_423' title='bbox 3345 2353 3358 2366; x_wconf 84' lang='grc'><strong>·</strong></span> <span class='ocrx_word' id='word_1_424' title='bbox 3419 2331 3608 2402; x_wconf 67' lang='grc' dir='ltr'>ἐπειδὴ</span> <span class='ocrx_word' id='word_1_425' title='bbox 3667 2340 3882 2407; x_wconf 77' lang='grc' dir='ltr'>πνεῦμα</span> 
     </span>
    </p>
   </div>
   <div class='ocr_carea' id='block_1_56' title="bbox 2223 2419 3884 2499">
    <p class='ocr_par' dir='ltr' id='par_1_56' title="bbox 2223 2419 3884 2499">
     <span class='ocr_line' id='line_1_56' title="bbox 2223 2419 3884 2499; baseline 0.001 -22"><span class='ocrx_word' id='word_1_426' title='bbox 2223 2423 2475 2498; x_wconf 78' lang='grc' dir='ltr'>πάρεστιν</span> <span class='ocrx_word' id='word_1_427' title='bbox 2537 2423 2588 2478; x_wconf 81' lang='grc' dir='ltr'>ἐν</span> <span class='ocrx_word' id='word_1_428' title='bbox 2643 2423 2712 2498; x_wconf 71' lang='grc' dir='ltr'>τῇ</span> <span class='ocrx_word' id='word_1_429' title='bbox 2771 2425 2931 2499; x_wconf 84' lang='grc' dir='ltr'>χώρᾳ</span> <span class='ocrx_word' id='word_1_430' title='bbox 2986 2427 3084 2488; x_wconf 81' lang='grc' dir='ltr'><strong>τῆς</strong></span> <span class='ocrx_word' id='word_1_431' title='bbox 3115 2419 3376 2499; x_wconf 75' lang='grc' dir='ltr'>Ἀραϐίας</span> <span class='ocrx_word' id='word_1_432' title='bbox 3419 2421 3655 2478; x_wconf 85' lang='grc' dir='ltr'>τοιόνδε·</span> <span class='ocrx_word' id='word_1_433' title='bbox 3693 2424 3745 2479; x_wconf 69' lang='grc' dir='ltr'>ἐν</span> <span class='ocrx_word' id='word_1_434' title='bbox 3803 2429 3884 2494; x_wconf 72' lang='grc' dir='ltr'>τῷ</span> 
     </span>
    </p>
   </div>
   <div class='ocr_carea' id='block_1_57' title="bbox 2226 2509 3882 2589">
    <p class='ocr_par' dir='ltr' id='par_1_57' title="bbox 2226 2509 3882 2589">
     <span class='ocr_line' id='line_1_57' title="bbox 2226 2509 3882 2589; baseline -0.001 -21"><span class='ocrx_word' id='word_1_435' title='bbox 2226 2514 2435 2584; x_wconf 74' lang='grc' dir='ltr'>ἑωθινῷ</span> <span class='ocrx_word' id='word_1_436' title='bbox 2485 2509 2710 2588; x_wconf 76' lang='grc' dir='ltr'>ἄρχεται</span> <span class='ocrx_word' id='word_1_437' title='bbox 2766 2534 2849 2574; x_wconf 89' lang='grc' dir='ltr'><strong>τις</strong></span> <span class='ocrx_word' id='word_1_438' title='bbox 2881 2511 3018 2588; x_wconf 75' lang='grc' dir='ltr'>αῧρα</span> <span class='ocrx_word' id='word_1_439' title='bbox 3046 2513 3248 2586; x_wconf 81' lang='grc' dir='ltr'>ἆνὲμου</span> <span class='ocrx_word' id='word_1_440' title='bbox 3305 2509 3410 2576; x_wconf 72' lang='grc' dir='ltr'>ἕως</span> <span class='ocrx_word' id='word_1_441' title='bbox 3448 2513 3604 2588; x_wconf 74' lang='grc' dir='ltr'>ὡρῶν</span> <span class='ocrx_word' id='word_1_442' title='bbox 3663 2518 3832 2589; x_wconf 77' lang='grc' dir='ltr'>τριῶν</span> <span class='ocrx_word' id='word_1_443' title='bbox 3870 2534 3882 2545; x_wconf 64' lang='grc'><strong><em>⁵</em></strong></span> 
     </span>
    </p>
   </div>
   <div class='ocr_carea' id='block_1_58' title="bbox 2225 2599 3884 2676">
    <p class='ocr_par' dir='ltr' id='par_1_58' title="bbox 2225 2599 3884 2676">
     <span class='ocr_line' id='line_1_58' title="bbox 2225 2599 3884 2676; baseline -0.001 -19"><span class='ocrx_word' id='word_1_444' title='bbox 2225 2602 2313 2657; x_wconf 87' lang='grc' dir='ltr'>καὶ</span> <span class='ocrx_word' id='word_1_445' title='bbox 2349 2604 2380 2671; x_wconf 77' lang='grc' dir='ltr'>ἡ</span> <span class='ocrx_word' id='word_1_446' title='bbox 2414 2604 2556 2672; x_wconf 86' lang='grc' dir='ltr'>πτοή</span> <span class='ocrx_word' id='word_1_447' title='bbox 2597 2602 2762 2657; x_wconf 78' lang='grc' dir='ltr'>αὑτοῦ</span> <span class='ocrx_word' id='word_1_448' title='bbox 2811 2599 2959 2671; x_wconf 85' lang='grc' dir='ltr'>δεινή</span> <span class='ocrx_word' id='word_1_449' title='bbox 3017 2602 3107 2656; x_wconf 80' lang='grc' dir='ltr'>καὶ</span> <span class='ocrx_word' id='word_1_450' title='bbox 3162 2601 3405 2676; x_wconf 77' lang='grc' dir='ltr'>χαλεπή·</span> <span class='ocrx_word' id='word_1_451' title='bbox 3437 2601 3524 2656; x_wconf 83' lang='lat' dir='ltr'><strong>xui</strong></span> <span class='ocrx_word' id='word_1_452' title='bbox 3577 2601 3884 2666; x_wconf 63' lang='grc' dir='ltr'>ἀποκτείνει</span> 
     </span>
    </p>
   </div>
   <div class='ocr_carea' id='block_1_59' title="bbox 2225 2687 3886 2764">
    <p class='ocr_par' dir='ltr' id='par_1_59' title="bbox 2225 2687 3886 2764">
     <span class='ocr_line' id='line_1_59' title="bbox 2225 2687 3886 2764; baseline 0 -20"><span class='ocrx_word' id='word_1_453' title='bbox 2225 2691 2542 2764; x_wconf 83' lang='grc' dir='ltr'><strong>ἀνθρώπους</strong></span> <span class='ocrx_word' id='word_1_454' title='bbox 2595 2691 2685 2745; x_wconf 84' lang='grc' dir='ltr'>καὶ</span> <span class='ocrx_word' id='word_1_455' title='bbox 2741 2693 2937 2760; x_wconf 78' lang='grc' dir='ltr'><strong>κτήνη·</strong></span> <span class='ocrx_word' id='word_1_456' title='bbox 2971 2691 3060 2744; x_wconf 80' lang='grc' dir='ltr'>καὶ</span> <span class='ocrx_word' id='word_1_457' title='bbox 3120 2689 3180 2745; x_wconf 80' lang='grc' dir='ltr'>οὐ</span> <span class='ocrx_word' id='word_1_458' title='bbox 3228 2687 3444 2745; x_wconf 87' lang='grc' dir='ltr'>δύναται</span> <span class='ocrx_word' id='word_1_459' title='bbox 3472 2693 3612 2758; x_wconf 82' lang='grc' dir='ltr'><strong>πνοή</strong></span> <span class='ocrx_word' id='word_1_460' title='bbox 3649 2690 3886 2762; x_wconf 78' lang='grc' dir='ltr'>οὐδεμία</span> 
     </span>
    </p>
   </div>
   <div class='ocr_carea' id='block_1_60' title="bbox 2226 2777 3880 2854">
    <p class='ocr_par' dir='ltr' id='par_1_60' title="bbox 2226 2777 3880 2854">
     <span class='ocr_line' id='line_1_60' title="bbox 2226 2777 3880 2854; baseline 0 -21"><span class='ocrx_word' id='word_1_461' title='bbox 2226 2782 2382 2849; x_wconf 72' lang='grc' dir='ltr'>ζῆσαι</span> <span class='ocrx_word' id='word_1_462' title='bbox 2437 2780 2524 2834; x_wconf 71' lang='grc' dir='ltr'>ἐπὶ</span> <span class='ocrx_word' id='word_1_463' title='bbox 2579 2786 2680 2848; x_wconf 82' lang='grc' dir='ltr'><strong>τῆς</strong></span> <span class='ocrx_word' id='word_1_464' title='bbox 2732 2787 2856 2854; x_wconf 80' lang='grc' dir='ltr'>γῆς,</span> <span class='ocrx_word' id='word_1_465' title='bbox 2889 2778 3126 2834; x_wconf 78' lang='grc' dir='ltr'>ἐναντίον</span> <span class='ocrx_word' id='word_1_466' title='bbox 3184 2783 3285 2833; x_wconf 88' lang='grc' dir='ltr'>τοῦ</span> <span class='ocrx_word' id='word_1_467' title='bbox 3334 2777 3589 2851; x_wconf 82' lang='grc' dir='ltr'>δαίμονος</span> <span class='ocrx_word' id='word_1_468' title='bbox 3647 2778 3880 2834; x_wconf 77' lang='grc' dir='ltr'>ἐκείνου.</span> 
     </span>
    </p>
   </div>
   <div class='ocr_carea' id='block_1_61' title="bbox 2223 2865 3882 2942">
    <p class='ocr_par' dir='ltr' id='par_1_61' title="bbox 2223 2865 3882 2942">
     <span class='ocr_line' id='line_1_61' title="bbox 2223 2865 3882 2942; baseline -0.001 -20"><span class='ocrx_word' id='word_1_469' title='bbox 2223 2869 2423 2941; x_wconf 81' lang='grc' dir='ltr'>Δὲομαι</span> <span class='ocrx_word' id='word_1_470' title='bbox 2457 2869 2546 2922; x_wconf 80' lang='grc' dir='ltr'><strong>οῦν</strong></span> <span class='ocrx_word' id='word_1_471' title='bbox 2581 2865 2767 2936; x_wconf 72' lang='grc' dir='ltr'>ἐπειδὴ</span> <span class='ocrx_word' id='word_1_472' title='bbox 2801 2868 2875 2930; x_wconf 84' lang='grc' dir='ltr'><strong>ὡς</strong></span> <span class='ocrx_word' id='word_1_473' title='bbox 2908 2865 3108 2940; x_wconf 77' lang='grc' dir='ltr'>ἄνεμός</span> <span class='ocrx_word' id='word_1_474' title='bbox 3135 2866 3245 2922; x_wconf 64' lang='grc' dir='ltr'>ἔστι</span> <span class='ocrx_word' id='word_1_475' title='bbox 3298 2868 3360 2922; x_wconf 80' lang='grc' dir='ltr'><strong>τὸ</strong></span> <span class='ocrx_word' id='word_1_476' title='bbox 3416 2871 3628 2940; x_wconf 77' lang='grc' dir='ltr'>πνεῦμα</span> <span class='ocrx_word' id='word_1_477' title='bbox 3693 2867 3882 2942; x_wconf 67' lang='grc' dir='ltr'>σόιρισέ</span> 
     </span>
    </p>
   </div>
   <div class='ocr_carea' id='block_1_62' title="bbox 2219 2954 3882 3034">
    <p class='ocr_par' dir='ltr' id='par_1_62' title="bbox 2219 2954 3882 3034">
     <span class='ocr_line' id='line_1_62' title="bbox 2219 2954 3882 3034; baseline -0.001 -22"><span class='ocrx_word' id='word_1_478' title='bbox 2219 2979 2272 3012; x_wconf 91' lang='grc' dir='ltr'><strong>τι</strong></span> <span class='ocrx_word' id='word_1_479' title='bbox 2303 2957 2438 3011; x_wconf 82' lang='grc' dir='ltr'><strong>κατὰ</strong></span> <span class='ocrx_word' id='word_1_480' title='bbox 2463 2958 2562 3025; x_wconf 78' lang='grc' dir='ltr'><strong>τήν</strong></span> <span class='ocrx_word' id='word_1_481' title='bbox 2617 2954 2913 3030; x_wconf 73' lang='grc' dir='ltr'>δεδομένην</span> <span class='ocrx_word' id='word_1_482' title='bbox 2966 2977 3052 3012; x_wconf 66' lang='grc' dir='ltr'><strong>σει</strong></span> <span class='ocrx_word' id='word_1_483' title='bbox 3113 2958 3302 3034; x_wconf 75' lang='grc' dir='ltr'>σοφίαν</span> <span class='ocrx_word' id='word_1_484' title='bbox 3367 2955 3469 3011; x_wconf 82' lang='grc' dir='ltr'><strong>ὑπό</strong></span> <span class='ocrx_word' id='word_1_485' title='bbox 3519 2956 3729 3031; x_wconf 83' lang='grc' dir='ltr'>Κυρίου</span> <span class='ocrx_word' id='word_1_486' title='bbox 3783 2961 3882 3010; x_wconf 82' lang='grc' dir='ltr'>τοῦ</span> 
     </span>
    </p>
   </div>
   <div class='ocr_carea' id='block_1_63' title="bbox 2223 3042 3876 3117">
    <p class='ocr_par' dir='ltr' id='par_1_63' title="bbox 2223 3042 3876 3117">
     <span class='ocr_line' id='line_1_63' title="bbox 2223 3042 3876 3117; baseline -0.002 -16"><span class='ocrx_word' id='word_1_487' title='bbox 2223 3050 2359 3101; x_wconf 87' lang='grc' dir='ltr'>Θεοῦ</span> <span class='ocrx_word' id='word_1_488' title='bbox 2417 3067 2512 3100; x_wconf 90' lang='grc' dir='ltr'><strong>σου</strong></span> <span class='ocrx_word' id='word_1_489' title='bbox 2546 3065 2560 3079; x_wconf 80' lang='grc'><strong><em>⁸</em></strong></span> <span class='ocrx_word' id='word_1_490' title='bbox 2619 3045 2708 3100; x_wconf 82' lang='grc' dir='ltr'><strong>καὶ</strong></span> <span class='ocrx_word' id='word_1_491' title='bbox 2767 3045 3104 3117; x_wconf 80' lang='grc' dir='ltr'>καταξίωσον</span> <span class='ocrx_word' id='word_1_492' title='bbox 3187 3044 3505 3100; x_wconf 79' lang='grc' dir='ltr'>ἀποστεῖλαι</span> <span class='ocrx_word' id='word_1_493' title='bbox 3574 3042 3876 3117; x_wconf 70' lang='grc' dir='ltr'>δυνάμενον</span> 
     </span>
    </p>
   </div>
   <div class='ocr_carea' id='block_1_64' title="bbox 2219 3127 3880 3210">
    <p class='ocr_par' dir='ltr' id='par_1_64' title="bbox 2219 3127 3880 3210">
     <span class='ocr_line' id='line_1_64' title="bbox 2219 3127 3880 3210; baseline -0.002 -20"><span class='ocrx_word' id='word_1_494' title='bbox 2219 3135 2504 3210; x_wconf 78' lang='grc' dir='ltr'>ἄνθρωπον</span> <span class='ocrx_word' id='word_1_495' title='bbox 2559 3129 2926 3197; x_wconf 75' lang='grc' dir='ltr'>συλλαϐέσθαι</span> <span class='ocrx_word' id='word_1_496' title='bbox 2976 3133 3122 3188; x_wconf 81' lang='grc' dir='ltr'><strong>αὐτῶ</strong></span> <span class='ocrx_word' id='word_1_497' title='bbox 3157 3135 3299 3207; x_wconf 67' lang='lat' dir='ltr'><strong>(sic).</strong></span> <span class='ocrx_word' id='word_1_498' title='bbox 3337 3133 3436 3188; x_wconf 78' lang='grc' dir='ltr'>Καὶ</span> <span class='ocrx_word' id='word_1_499' title='bbox 3479 3131 3598 3188; x_wconf 73' lang='grc' dir='ltr'>ἰδοῦ</span> <span class='ocrx_word' id='word_1_500' title='bbox 3659 3127 3880 3206; x_wconf 81' lang='grc' dir='ltr'>ἔσομαι,</span> 
     </span>
    </p>
   </div>
   <div class='ocr_carea' id='block_1_65' title="bbox 2225 3221 3881 3300">
    <p class='ocr_par' dir='ltr' id='par_1_65' title="bbox 2225 3221 3881 3300">
     <span class='ocr_line' id='line_1_65' title="bbox 2225 3221 3881 3300; baseline -0.002 -22"><span class='ocrx_word' id='word_1_501' title='bbox 2225 3223 2448 3300; x_wconf 87' lang='grc' dir='ltr'>βασιλεῦ</span> <span class='ocrx_word' id='word_1_502' title='bbox 2483 3221 2775 3297; x_wconf 78' lang='grc' dir='ltr'><strong>Σολομῶν,</strong></span> <span class='ocrx_word' id='word_1_503' title='bbox 2810 3222 2914 3300; x_wconf 79' lang='grc' dir='ltr'>ἐγώ</span> <span class='ocrx_word' id='word_1_504' title='bbox 2943 3243 3002 3278; x_wconf 90' lang='grc' dir='ltr'><strong>τε</strong></span> <span class='ocrx_word' id='word_1_505' title='bbox 3031 3221 3120 3277; x_wconf 84' lang='grc' dir='ltr'>καὶ</span> <span class='ocrx_word' id='word_1_506' title='bbox 3152 3223 3180 3276; x_wconf 95' lang='lat'><strong>6</strong></span> <span class='ocrx_word' id='word_1_507' title='bbox 3226 3221 3358 3284; x_wconf 91' lang='grc' dir='ltr'>λαός</span> <span class='ocrx_word' id='word_1_508' title='bbox 3415 3244 3539 3295; x_wconf 84' lang='grc' dir='ltr'>μου,</span> <span class='ocrx_word' id='word_1_509' title='bbox 3573 3222 3666 3276; x_wconf 78' lang='grc' dir='ltr'><strong>καὶ</strong></span> <span class='ocrx_word' id='word_1_510' title='bbox 3723 3224 3757 3291; x_wconf 77' lang='grc' dir='ltr'>ἡ</span> <span class='ocrx_word' id='word_1_511' title='bbox 3810 3227 3881 3296; x_wconf 76' lang='grc' dir='ltr'>γῆ</span> 
     </span>
    </p>
   </div>
   <div class='ocr_carea' id='block_1_66' title="bbox 471 3308 3882 3389">
    <p class='ocr_par' dir='ltr' id='par_1_66' title="bbox 471 3308 3882 3389">
     <span class='ocr_line' id='line_1_66' title="bbox 471 3308 3882 3389; baseline -0.001 -22"><span class='ocrx_word' id='word_1_512' title='bbox 471 3334 576 3386; x_wconf 87' lang='grc' dir='ltr'><strong>μου</strong></span> <span class='ocrx_word' id='word_1_513' title='bbox 608 3319 751 3368; x_wconf 78' lang='grc' dir='ltr'>πᾶσα</span> <span class='ocrx_word' id='word_1_514' title='bbox 785 3309 954 3382; x_wconf 78' lang='grc' dir='ltr'>δουλή</span> <span class='ocrx_word' id='word_1_515' title='bbox 991 3333 1086 3366; x_wconf 92' lang='grc' dir='ltr'><strong>σου</strong></span> <span class='ocrx_word' id='word_1_516' title='bbox 1115 3309 1219 3374; x_wconf 74' lang='grc' dir='ltr'>ἕως</span> <span class='ocrx_word' id='word_1_517' title='bbox 1252 3314 1500 3376; x_wconf 82' lang='grc' dir='ltr'>θανάτου·</span> <span class='ocrx_word' id='word_1_518' title='bbox 1533 3313 1620 3368; x_wconf 86' lang='lat' dir='ltr'><strong>xui</strong></span> <span class='ocrx_word' id='word_1_519' title='bbox 1655 3313 1861 3385; x_wconf 77' lang='grc' dir='ltr'>εἰρηνεῖ</span> <span class='ocrx_word' id='word_1_520' title='bbox 1885 3334 1940 3368; x_wconf 90' lang='grc' dir='ltr'>σε</span> <span class='ocrx_word' id='word_1_521' title='bbox 1974 3318 2114 3367; x_wconf 79' lang='grc' dir='ltr'>πᾶσα</span> <span class='ocrx_word' id='word_1_522' title='bbox 2145 3308 2424 3389; x_wconf 69' lang='grc' dir='ltr'>Ἀῤῥαϐίαο</span> <span class='ocrx_word' id='word_1_523' title='bbox 2459 3311 2653 3388; x_wconf 71' lang='grc' dir='ltr'>ἰάνπερ</span> <span class='ocrx_word' id='word_1_524' title='bbox 2683 3311 2882 3382; x_wconf 83' lang='grc' dir='ltr'>ταύτην</span> <span class='ocrx_word' id='word_1_525' title='bbox 2915 3312 3015 3380; x_wconf 73' lang='grc' dir='ltr'>τὴν</span> <span class='ocrx_word' id='word_1_526' title='bbox 3049 3309 3394 3380; x_wconf 82' lang='grc' dir='ltr'>δικαιοσύνην</span> <span class='ocrx_word' id='word_1_527' title='bbox 3434 3313 3690 3382; x_wconf 77' lang='grc' dir='ltr'>ποιήσεις</span> <span class='ocrx_word' id='word_1_528' title='bbox 3725 3315 3882 3383; x_wconf 69' lang='grc' dir='ltr'>ἡμῖν·</span> 
     </span>
    </p>
   </div>
   <div class='ocr_carea' id='block_1_67' title="bbox 464 3397 3883 3475">
    <p class='ocr_par' dir='ltr' id='par_1_67' title="bbox 464 3397 3883 3475">
     <span class='ocr_line' id='line_1_67' title="bbox 464 3397 3883 3475; baseline -0.001 -19"><span class='ocrx_word' id='word_1_529' title='bbox 464 3398 550 3456; x_wconf 84' lang='grc' dir='ltr'><strong>διὸ</strong></span> <span class='ocrx_word' id='word_1_530' title='bbox 591 3399 826 3474; x_wconf 84' lang='grc' dir='ltr'>δεόμεθά</span> <span class='ocrx_word' id='word_1_531' title='bbox 856 3421 950 3455; x_wconf 78' lang='grc' dir='ltr'><strong>σου</strong></span> <span class='ocrx_word' id='word_1_532' title='bbox 977 3403 1052 3474; x_wconf 82' lang='grc' dir='ltr'>μὴ</span> <span class='ocrx_word' id='word_1_533' title='bbox 1087 3397 1442 3475; x_wconf 73' lang='grc' dir='ltr'>παραὸλὲψῃς</span> <span class='ocrx_word' id='word_1_534' title='bbox 1471 3403 1570 3471; x_wconf 69' lang='grc' dir='ltr'>τὴν</span> <span class='ocrx_word' id='word_1_535' title='bbox 1600 3400 1802 3456; x_wconf 78' lang='grc' dir='ltr'>ἱκεσίαν</span> <span class='ocrx_word' id='word_1_536' title='bbox 1835 3405 2016 3475; x_wconf 76' lang='grc' dir='ltr'>ἡμῶν,</span> <span class='ocrx_word' id='word_1_537' title='bbox 2049 3401 2137 3457; x_wconf 85' lang='lat' dir='ltr'><strong>xui</strong></span> <span class='ocrx_word' id='word_1_538' title='bbox 2175 3403 2250 3475; x_wconf 78' lang='grc' dir='ltr'>μή</span> <span class='ocrx_word' id='word_1_539' title='bbox 2284 3401 2706 3475; x_wconf 72' lang='grc' dir='ltr'>ἐξουθενημὲνην</span> <span class='ocrx_word' id='word_1_540' title='bbox 2735 3403 2835 3470; x_wconf 72' lang='grc' dir='ltr'><strong>τήν</strong></span> <span class='ocrx_word' id='word_1_541' title='bbox 2869 3403 2966 3471; x_wconf 73' lang='grc' dir='ltr'><strong>σὴν</strong></span> <span class='ocrx_word' id='word_1_542' title='bbox 3003 3401 3256 3456; x_wconf 74' lang='grc' dir='ltr'>ὑποτελεῖ</span> <span class='ocrx_word' id='word_1_543' title='bbox 3292 3401 3381 3455; x_wconf 81' lang='grc' dir='ltr'>καὶ</span> <span class='ocrx_word' id='word_1_544' title='bbox 3434 3401 3883 3474; x_wconf 69' lang='grc' dir='ltr'>ὑποτεταγμὲνήν</span> 
     </span>
    </p>
   </div>
   <div class='ocr_carea' id='block_1_68' title="bbox 462 3487 3880 3568">
    <p class='ocr_par' dir='ltr' id='par_1_68' title="bbox 462 3487 3880 3568">
     <span class='ocr_line' id='line_1_68' title="bbox 462 3487 3880 3568; baseline -0.001 -24"><span class='ocrx_word' id='word_1_545' title='bbox 462 3488 728 3565; x_wconf 67' lang='grc' dir='ltr'>ἕπαρχίαν</span> <span class='ocrx_word' id='word_1_546' title='bbox 767 3487 1105 3544; x_wconf 69' lang='grc' dir='ltr'>ἀποτελὶσει·</span> <span class='ocrx_word' id='word_1_547' title='bbox 1133 3488 1214 3544; x_wconf 74' lang='grc' dir='ltr'>ὅτι</span> <span class='ocrx_word' id='word_1_548' title='bbox 1244 3511 1340 3544; x_wconf 92' lang='grc' dir='ltr'>του</span> <span class='ocrx_word' id='word_1_549' title='bbox 1375 3489 1547 3544; x_wconf 62' lang='grc' dir='ltr'>ἱκέται</span> <span class='ocrx_word' id='word_1_550' title='bbox 1578 3488 1759 3564; x_wconf 75' lang='grc' dir='ltr'>ἐσμεν,</span> <span class='ocrx_word' id='word_1_551' title='bbox 1793 3489 1897 3568; x_wconf 78' lang='grc' dir='ltr'><strong>ἐγώ</strong></span> <span class='ocrx_word' id='word_1_552' title='bbox 1939 3513 1998 3546; x_wconf 85' lang='grc' dir='ltr'><strong>τε</strong></span> <span class='ocrx_word' id='word_1_553' title='bbox 2044 3490 2132 3546; x_wconf 86' lang='lat' dir='ltr'><strong>xui</strong></span> <span class='ocrx_word' id='word_1_554' title='bbox 2183 3492 2212 3546; x_wconf 97' lang='lat'><strong>6</strong></span> <span class='ocrx_word' id='word_1_555' title='bbox 2266 3489 2399 3554; x_wconf 92' lang='grc' dir='ltr'>λαός</span> <span class='ocrx_word' id='word_1_556' title='bbox 2451 3511 2556 3565; x_wconf 91' lang='grc' dir='ltr'>μου</span> <span class='ocrx_word' id='word_1_557' title='bbox 2611 3490 2700 3546; x_wconf 84' lang='lat' dir='ltr'><strong>xui</strong></span> <span class='ocrx_word' id='word_1_558' title='bbox 2757 3496 2902 3545; x_wconf 77' lang='grc' dir='ltr'>πᾶσα</span> <span class='ocrx_word' id='word_1_559' title='bbox 2940 3491 2974 3560; x_wconf 78' lang='grc' dir='ltr'>ἡ</span> <span class='ocrx_word' id='word_1_560' title='bbox 3005 3491 3074 3568; x_wconf 82' lang='grc' dir='ltr'>γῆ</span> <span class='ocrx_word' id='word_1_561' title='bbox 3129 3510 3256 3564; x_wconf 66' lang='grc' dir='ltr'>μου*</span> <span class='ocrx_word' id='word_1_562' title='bbox 3291 3487 3557 3566; x_wconf 68' lang='grc' dir='ltr'>ἕρῥῶσθαι</span> <span class='ocrx_word' id='word_1_563' title='bbox 3601 3489 3698 3545; x_wconf 86' lang='grc' dir='ltr'><strong>τὸν</strong></span> <span class='ocrx_word' id='word_1_564' title='bbox 3753 3490 3880 3564; x_wconf 72' lang='grc' dir='ltr'>ἐμὸν</span> 
     </span>
    </p>
   </div>
   <div class='ocr_carea' id='block_1_69' title="bbox 462 3575 1033 3655">
    <p class='ocr_par' dir='ltr' id='par_1_69' title="bbox 462 3575 1033 3655">
     <span class='ocr_line' id='line_1_69' title="bbox 462 3575 1033 3655; baseline 0.005 -23"><span class='ocrx_word' id='word_1_565' title='bbox 462 3577 659 3655; x_wconf 79' lang='grc' dir='ltr'>Κύριον</span> <span class='ocrx_word' id='word_1_566' title='bbox 693 3575 782 3634; x_wconf 76' lang='grc' dir='ltr'><strong>διὰ</strong></span> <span class='ocrx_word' id='word_1_567' title='bbox 812 3579 1033 3640; x_wconf 86' lang='grc' dir='ltr'>παντός.</span> 
     </span>
    </p>
   </div>
   <div class='ocr_carea' id='block_1_70' title="bbox 533 3706 2185 3780">
    <p class='ocr_par' dir='ltr' id='par_1_70' title="bbox 533 3706 2185 3780">
     <span class='ocr_line' id='line_1_70' title="bbox 533 3706 2185 3780; baseline 0 -18"><span class='ocrx_word' id='word_1_568' title='bbox 533 3707 648 3779; x_wconf 87' lang='lat' dir='ltr'><strong>Ego</strong></span> <span class='ocrx_word' id='word_1_569' title='bbox 681 3706 977 3774; x_wconf 89' lang='lat' dir='ltr'><strong>Salomon,</strong></span> <span class='ocrx_word' id='word_1_570' title='bbox 1031 3724 1164 3762; x_wconf 90' lang='lat' dir='ltr'><strong>cum</strong></span> <span class='ocrx_word' id='word_1_571' title='bbox 1216 3707 1495 3780; x_wconf 88' lang='lat' dir='ltr'><strong>legissem</strong></span> <span class='ocrx_word' id='word_1_572' title='bbox 1543 3706 1790 3777; x_wconf 88' lang='lat' dir='ltr'><strong>litteras,</strong></span> <span class='ocrx_word' id='word_1_573' title='bbox 1823 3713 1880 3764; x_wconf 89' lang='lat' dir='ltr'><strong>et</strong></span> <span class='ocrx_word' id='word_1_574' title='bbox 1928 3708 2110 3780; x_wconf 84' lang='lat' dir='ltr'><strong>expli-</strong></span> <span class='ocrx_word' id='word_1_575' title='bbox 2143 3708 2185 3776; x_wconf 83' lang='lat' dir='ltr'><strong><em>C</em></strong></span> 
     </span>
    </p>
   </div>
   <div class='ocr_carea' id='block_1_71' title="bbox 461 3795 2103 3868">
    <p class='ocr_par' dir='ltr' id='par_1_71' title="bbox 461 3795 2103 3868">
     <span class='ocr_line' id='line_1_71' title="bbox 461 3795 2103 3868; baseline 0.001 -17"><span class='ocrx_word' id='word_1_576' title='bbox 461 3813 688 3852; x_wconf 88' lang='lat' dir='ltr'><strong>cassem</strong></span> <span class='ocrx_word' id='word_1_577' title='bbox 721 3813 820 3852; x_wconf 90' lang='lat' dir='ltr'><strong>eas</strong></span> <span class='ocrx_word' id='word_1_578' title='bbox 849 3797 981 3852; x_wconf 90' lang='lat' dir='ltr'><strong>dedi</strong></span> <span class='ocrx_word' id='word_1_579' title='bbox 1015 3795 1228 3868; x_wconf 91' lang='lat' dir='ltr'><strong>populo</strong></span> <span class='ocrx_word' id='word_1_580' title='bbox 1261 3813 1411 3865; x_wconf 91' lang='lat' dir='ltr'><strong>meo,</strong></span> <span class='ocrx_word' id='word_1_581' title='bbox 1454 3797 1654 3852; x_wconf 91' lang='lat' dir='ltr'><strong>dicens</strong></span> <span class='ocrx_word' id='word_1_582' title='bbox 1684 3797 1734 3852; x_wconf 92' lang='lat' dir='ltr'><strong>ei</strong></span> <span class='ocrx_word' id='word_1_583' title='bbox 1763 3815 1774 3853; x_wconf 95' lang='lat'>:</span> <span class='ocrx_word' id='word_1_584' title='bbox 1802 3798 1939 3853; x_wconf 90' lang='lat' dir='ltr'><strong>Post</strong></span> <span class='ocrx_word' id='word_1_585' title='bbox 1973 3798 2103 3853; x_wconf 87' lang='lat' dir='ltr'><strong>dies</strong></span> 
     </span>
    </p>
   </div>
   <div class='ocr_carea' id='block_1_72' title="bbox 461 3886 2106 3958">
    <p class='ocr_par' dir='ltr' id='par_1_72' title="bbox 461 3886 2106 3958">
     <span class='ocr_line' id='line_1_72' title="bbox 461 3886 2106 3958; baseline -0.001 -16"><span class='ocrx_word' id='word_1_586' title='bbox 461 3892 707 3957; x_wconf 88' lang='lat' dir='ltr'><strong>septem,</strong></span> <span class='ocrx_word' id='word_1_587' title='bbox 743 3886 800 3940; x_wconf 93' lang='lat' dir='ltr'><strong>in</strong></span> <span class='ocrx_word' id='word_1_588' title='bbox 859 3887 1198 3941; x_wconf 88' lang='lat' dir='ltr'><strong>memoriam</strong></span> <span class='ocrx_word' id='word_1_589' title='bbox 1260 3887 1558 3941; x_wconf 89' lang='lat' dir='ltr'><strong>revocabis</strong></span> <span class='ocrx_word' id='word_1_590' title='bbox 1605 3886 1750 3940; x_wconf 88' lang='lat' dir='ltr'><strong>mihi</strong></span> <span class='ocrx_word' id='word_1_591' title='bbox 1798 3886 2106 3958; x_wconf 89' lang='lat' dir='ltr'><strong>epistolam</strong></span> 
     </span>
    </p>
   </div>
   <div class='ocr_carea' id='block_1_73' title="bbox 463 3974 2111 4046">
    <p class='ocr_par' dir='ltr' id='par_1_73' title="bbox 463 3974 2111 4046">
     <span class='ocr_line' id='line_1_73' title="bbox 463 3974 2111 4046; baseline 0.001 -17"><span class='ocrx_word' id='word_1_592' title='bbox 463 3975 632 4031; x_wconf 88' lang='lat' dir='ltr'><strong>hanc.</strong></span> <span class='ocrx_word' id='word_1_593' title='bbox 667 3975 738 4030; x_wconf 88' lang='lat' dir='ltr'><strong>Et</strong></span> <span class='ocrx_word' id='word_1_594' title='bbox 767 3974 1234 4031; x_wconf 86' lang='lat' dir='ltr'><strong>eratJerusalem</strong></span> <span class='ocrx_word' id='word_1_595' title='bbox 1255 3975 1541 4030; x_wconf 75' lang='lat' dir='ltr'><strong>aedificata</strong></span> <span class='ocrx_word' id='word_1_596' title='bbox 1561 3981 1616 4030; x_wconf 90' lang='lat' dir='ltr'><strong>et</strong></span> <span class='ocrx_word' id='word_1_597' title='bbox 1648 3975 1934 4046; x_wconf 92' lang='lat' dir='ltr'><strong>templum</strong></span> <span class='ocrx_word' id='word_1_598' title='bbox 1959 3992 2111 4030; x_wconf 91' lang='lat' dir='ltr'><strong>com-</strong></span> 
     </span>
    </p>
   </div>
   <div class='ocr_carea' id='block_1_74' title="bbox 459 4064 2107 4136">
    <p class='ocr_par' dir='ltr' id='par_1_74' title="bbox 459 4064 2107 4136">
     <span class='ocr_line' id='line_1_74' title="bbox 459 4064 2107 4136; baseline 0 -18"><span class='ocrx_word' id='word_1_599' title='bbox 459 4064 752 4136; x_wconf 83' lang='lat' dir='ltr'><strong>plebatur.</strong></span> <span class='ocrx_word' id='word_1_600' title='bbox 787 4065 854 4118; x_wconf 89' lang='lat' dir='ltr'><strong>Et</strong></span> <span class='ocrx_word' id='word_1_601' title='bbox 885 4070 1010 4119; x_wconf 91' lang='lat' dir='ltr'><strong>erat</strong></span> <span class='ocrx_word' id='word_1_602' title='bbox 1042 4065 1194 4136; x_wconf 90' lang='lat' dir='ltr'><strong>lapis</strong></span> <span class='ocrx_word' id='word_1_603' title='bbox 1225 4064 1546 4136; x_wconf 90' lang='lat' dir='ltr'><strong>singularis</strong></span> <span class='ocrx_word' id='word_1_604' title='bbox 1579 4081 1833 4136; x_wconf 86' lang='lat' dir='ltr'><strong>magnus</strong></span> <span class='ocrx_word' id='word_1_605' title='bbox 1864 4065 2107 4132; x_wconf 86' lang='lat' dir='ltr'><strong>electus,</strong></span> 
     </span>
    </p>
   </div>
   <div class='ocr_carea' id='block_1_75' title="bbox 461 4153 2108 4226">
    <p class='ocr_par' dir='ltr' id='par_1_75' title="bbox 461 4153 2108 4226">
     <span class='ocr_line' id='line_1_75' title="bbox 461 4153 2108 4226; baseline 0.001 -18"><span class='ocrx_word' id='word_1_606' title='bbox 461 4170 635 4224; x_wconf 90' lang='lat' dir='ltr'><strong>quem</strong></span> <span class='ocrx_word' id='word_1_607' title='bbox 665 4153 929 4208; x_wconf 88' lang='lat' dir='ltr'><strong>volebam</strong></span> <span class='ocrx_word' id='word_1_608' title='bbox 961 4169 1176 4226; x_wconf 91' lang='lat' dir='ltr'><strong>ponere</strong></span> <span class='ocrx_word' id='word_1_609' title='bbox 1205 4169 1383 4224; x_wconf 91' lang='lat' dir='ltr'><strong>super</strong></span> <span class='ocrx_word' id='word_1_610' title='bbox 1413 4161 1590 4225; x_wconf 90' lang='lat' dir='ltr'><strong>caput</strong></span> <span class='ocrx_word' id='word_1_611' title='bbox 1619 4154 1820 4226; x_wconf 90' lang='lat' dir='ltr'><strong>anguli</strong></span> <span class='ocrx_word' id='word_1_612' title='bbox 1852 4153 2108 4226; x_wconf 86' lang='lat' dir='ltr'><strong>comple-</strong></span> 
     </span>
    </p>
   </div>
   <div class='ocr_carea' id='block_1_76' title="bbox 462 4240 2110 4312">
    <p class='ocr_par' dir='ltr' id='par_1_76' title="bbox 462 4240 2110 4312">
     <span class='ocr_line' id='line_1_76' title="bbox 462 4240 2110 4312; baseline 0.002 -19"><span class='ocrx_word' id='word_1_613' title='bbox 462 4240 644 4294; x_wconf 86' lang='lat' dir='ltr'><strong>menti</strong></span> <span class='ocrx_word' id='word_1_614' title='bbox 677 4242 828 4312; x_wconf 85' lang='lat' dir='ltr'><strong>ejus;</strong></span> <span class='ocrx_word' id='word_1_615' title='bbox 863 4246 919 4294; x_wconf 91' lang='lat' dir='ltr'><strong>et</strong></span> <span class='ocrx_word' id='word_1_616' title='bbox 950 4257 1154 4295; x_wconf 91' lang='lat' dir='ltr'><strong>omnes</strong></span> <span class='ocrx_word' id='word_1_617' title='bbox 1186 4241 1436 4311; x_wconf 89' lang='lat' dir='ltr'><strong>operarii</strong></span> <span class='ocrx_word' id='word_1_618' title='bbox 1491 4248 1547 4296; x_wconf 94' lang='lat' dir='ltr'><strong>et</strong></span> <span class='ocrx_word' id='word_1_619' title='bbox 1595 4243 1786 4296; x_wconf 88' lang='lat' dir='ltr'><strong>cuncti</strong></span> <span class='ocrx_word' id='word_1_620' title='bbox 1820 4242 2110 4296; x_wconf 63' lang='lat' dir='ltr'><strong>daemones</strong></span> 
     </span>
    </p>
   </div>
   <div class='ocr_carea' id='block_1_77' title="bbox 462 4327 2110 4399">
    <p class='ocr_par' dir='ltr' id='par_1_77' title="bbox 462 4327 2110 4399">
     <span class='ocr_line' id='line_1_77' title="bbox 462 4327 2110 4399; baseline 0.001 -16"><span class='ocrx_word' id='word_1_621' title='bbox 462 4327 889 4384; x_wconf 88' lang='lat' dir='ltr'><strong>collaborantes</strong></span> <span class='ocrx_word' id='word_1_622' title='bbox 940 4333 1226 4384; x_wconf 86' lang='lat' dir='ltr'><strong>venerunt</strong></span> <span class='ocrx_word' id='word_1_623' title='bbox 1275 4330 1346 4384; x_wconf 91' lang='lat' dir='ltr'><strong>ad</strong></span> <span class='ocrx_word' id='word_1_624' title='bbox 1398 4329 1528 4399; x_wconf 89' lang='lat' dir='ltr'><strong>hoc,</strong></span> <span class='ocrx_word' id='word_1_625' title='bbox 1572 4334 1636 4384; x_wconf 91' lang='lat' dir='ltr'><strong>ut</strong></span> <span class='ocrx_word' id='word_1_626' title='bbox 1684 4347 1922 4386; x_wconf 89' lang='lat' dir='ltr'><strong>sursum</strong></span> <span class='ocrx_word' id='word_1_627' title='bbox 1957 4329 2110 4386; x_wconf 86' lang='lat' dir='ltr'><strong>leva-</strong></span> 
     </span>
    </p>
   </div>
   <div class='ocr_carea' id='block_1_78' title="bbox 465 4415 2111 4488">
    <p class='ocr_par' dir='ltr' id='par_1_78' title="bbox 465 4415 2111 4488">
     <span class='ocr_line' id='line_1_78' title="bbox 465 4415 2111 4488; baseline 0.003 -18"><span class='ocrx_word' id='word_1_628' title='bbox 465 4419 596 4470; x_wconf 89' lang='lat' dir='ltr'><strong>rent</strong></span> <span class='ocrx_word' id='word_1_629' title='bbox 625 4415 902 4486; x_wconf 89' lang='lat' dir='ltr'><strong>lapidem,</strong></span> <span class='ocrx_word' id='word_1_630' title='bbox 935 4421 1291 4487; x_wconf 84' lang='lat' dir='ltr'><strong>exponerent</strong></span> <span class='ocrx_word' id='word_1_631' title='bbox 1333 4434 1510 4488; x_wconf 91' lang='lat' dir='ltr'><strong>super</strong></span> <span class='ocrx_word' id='word_1_632' title='bbox 1552 4417 1930 4487; x_wconf 84' lang='lat' dir='ltr'><strong>pinnaculum</strong></span> <span class='ocrx_word' id='word_1_633' title='bbox 1964 4424 2111 4475; x_wconf 85' lang='lat' dir='ltr'><strong>tem-</strong></span> 
     </span>
    </p>
   </div>
   <div class='ocr_carea' id='block_1_79' title="bbox 460 4503 2114 4577">
    <p class='ocr_par' dir='ltr' id='par_1_79' title="bbox 460 4503 2114 4577">
     <span class='ocr_line' id='line_1_79' title="bbox 460 4503 2114 4577; baseline 0.002 -19"><span class='ocrx_word' id='word_1_634' title='bbox 460 4503 543 4577; x_wconf 87' lang='lat' dir='ltr'><strong>pli</strong></span> <span class='ocrx_word' id='word_1_635' title='bbox 577 4504 786 4569; x_wconf 89' lang='lat' dir='ltr'><strong>sancti,</strong></span> <span class='ocrx_word' id='word_1_636' title='bbox 821 4509 878 4560; x_wconf 92' lang='lat' dir='ltr'><strong>et</strong></span> <span class='ocrx_word' id='word_1_637' title='bbox 929 4521 1042 4559; x_wconf 92' lang='lat' dir='ltr'><strong>non</strong></span> <span class='ocrx_word' id='word_1_638' title='bbox 1098 4510 1408 4576; x_wconf 91' lang='lat' dir='ltr'><strong>potuerent</strong></span> <span class='ocrx_word' id='word_1_639' title='bbox 1453 4522 1820 4562; x_wconf 87' lang='lat' dir='ltr'><strong>commovere</strong></span> <span class='ocrx_word' id='word_1_640' title='bbox 1866 4525 2024 4575; x_wconf 89' lang='lat' dir='ltr'><strong>eum,</strong></span> <span class='ocrx_word' id='word_1_641' title='bbox 2057 4512 2114 4563; x_wconf 87' lang='lat' dir='ltr'><strong>et</strong></span> 
     </span>
    </p>
   </div>
   <div class='ocr_carea' id='block_1_80' title="bbox 460 4594 2113 4668">
    <p class='ocr_par' dir='ltr' id='par_1_80' title="bbox 460 4594 2113 4668">
     <span class='ocr_line' id='line_1_80' title="bbox 460 4594 2113 4668; baseline 0.002 -20"><span class='ocrx_word' id='word_1_642' title='bbox 460 4609 675 4666; x_wconf 91' lang='lat' dir='ltr'><strong>ponere</strong></span> <span class='ocrx_word' id='word_1_643' title='bbox 709 4610 886 4664; x_wconf 91' lang='lat' dir='ltr'><strong>super</strong></span> <span class='ocrx_word' id='word_1_644' title='bbox 915 4594 1198 4666; x_wconf 89' lang='lat' dir='ltr'><strong>angulum</strong></span> <span class='ocrx_word' id='word_1_645' title='bbox 1254 4601 1682 4666; x_wconf 70' lang='lat' dir='ltr'><strong>prazparatum;</strong></span> <span class='ocrx_word' id='word_1_646' title='bbox 1730 4601 1853 4651; x_wconf 89' lang='lat' dir='ltr'><strong>erat</strong></span> <span class='ocrx_word' id='word_1_647' title='bbox 1896 4597 2113 4668; x_wconf 87' lang='lat' dir='ltr'><strong>quippe</strong></span> 
     </span>
    </p>
   </div>
   <div class='ocr_carea' id='block_1_81' title="bbox 459 4681 2110 4758">
    <p class='ocr_par' dir='ltr' id='par_1_81' title="bbox 459 4681 2110 4758">
     <span class='ocr_line' id='line_1_81' title="bbox 459 4681 2110 4758; baseline 0.002 -21"><span class='ocrx_word' id='word_1_648' title='bbox 459 4681 610 4754; x_wconf 81' lang='lat' dir='ltr'><strong>lupis</strong></span> <span class='ocrx_word' id='word_1_649' title='bbox 631 4683 742 4738; x_wconf 92' lang='lat' dir='ltr'><strong>iste</strong></span> <span class='ocrx_word' id='word_1_650' title='bbox 767 4698 1016 4754; x_wconf 87' lang='lat' dir='ltr'><strong>magnus</strong></span> <span class='ocrx_word' id='word_1_651' title='bbox 1038 4682 1288 4751; x_wconf 89' lang='lat' dir='ltr'><strong>valde,et</strong></span> <span class='ocrx_word' id='word_1_652' title='bbox 1311 4685 1728 4740; x_wconf 90' lang='lat' dir='ltr'><strong>accommodus</strong></span> <span class='ocrx_word' id='word_1_653' title='bbox 1752 4686 1808 4740; x_wconf 91' lang='lat' dir='ltr'><strong>in</strong></span> <span class='ocrx_word' id='word_1_654' title='bbox 1830 4685 2110 4758; x_wconf 90' lang='lat' dir='ltr'><strong>angulum</strong></span> 
     </span>
    </p>
   </div>
   <div class='ocr_carea' id='block_1_82' title="bbox 462 4770 2113 4846">
    <p class='ocr_par' dir='ltr' id='par_1_82' title="bbox 462 4770 2113 4846">
     <span class='ocr_line' id='line_1_82' title="bbox 462 4770 2113 4846; baseline 0.003 -20"><span class='ocrx_word' id='word_1_655' title='bbox 462 4770 690 4843; x_wconf 88' lang='lat' dir='ltr'><strong>templi.</strong></span> <span class='ocrx_word' id='word_1_656' title='bbox 726 4772 796 4826; x_wconf 89' lang='lat' dir='ltr'><strong>Et</strong></span> <span class='ocrx_word' id='word_1_657' title='bbox 827 4776 958 4842; x_wconf 88' lang='lat' dir='ltr'><strong>post</strong></span> <span class='ocrx_word' id='word_1_658' title='bbox 988 4771 1113 4827; x_wconf 91' lang='lat' dir='ltr'><strong>dies</strong></span> <span class='ocrx_word' id='word_1_659' title='bbox 1155 4779 1404 4844; x_wconf 83' lang='lat' dir='ltr'><strong>septem,</strong></span> <span class='ocrx_word' id='word_1_660' title='bbox 1456 4775 1796 4829; x_wconf 89' lang='lat' dir='ltr'><strong>recordatus</strong></span> <span class='ocrx_word' id='word_1_661' title='bbox 1847 4775 2113 4846; x_wconf 80' lang='lat' dir='ltr'><strong>epistolae</strong></span> 
     </span>
    </p>
   </div>
   <div class='ocr_carea' id='block_1_83' title="bbox 459 4859 2114 4932">
    <p class='ocr_par' dir='ltr' id='par_1_83' title="bbox 459 4859 2114 4932">
     <span class='ocr_line' id='line_1_83' title="bbox 459 4859 2114 4932; baseline 0.003 -19"><span class='ocrx_word' id='word_1_662' title='bbox 459 4859 668 4915; x_wconf 84' lang='lat' dir='ltr'><strong>Adaris</strong></span> <span class='ocrx_word' id='word_1_663' title='bbox 725 4859 878 4932; x_wconf 88' lang='lat' dir='ltr'><strong>regis</strong></span> <span class='ocrx_word' id='word_1_664' title='bbox 940 4861 1446 4926; x_wconf 78' lang='lat' dir='ltr'><strong>Arabum,vocavi</strong></span> <span class='ocrx_word' id='word_1_665' title='bbox 1506 4878 1754 4932; x_wconf 90' lang='lat' dir='ltr'><strong>puerum</strong></span> <span class='ocrx_word' id='word_1_666' title='bbox 1809 4879 2005 4918; x_wconf 91' lang='lat' dir='ltr'><strong>meum</strong></span> <span class='ocrx_word' id='word_1_667' title='bbox 2057 4869 2114 4920; x_wconf 91' lang='lat' dir='ltr'><strong>et</strong></span> 
     </span>
    </p>
   </div>
   <div class='ocr_carea' id='block_1_84' title="bbox 462 4947 2113 5020">
    <p class='ocr_par' dir='ltr' id='par_1_84' title="bbox 462 4947 2113 5020">
     <span class='ocr_line' id='line_1_84' title="bbox 462 4947 2113 5020; baseline 0.004 -18"><span class='ocrx_word' id='word_1_668' title='bbox 462 4947 890 5020; x_wconf 79' lang='lat' dir='ltr'><strong>dixizDispone</strong></span> <span class='ocrx_word' id='word_1_669' title='bbox 927 4949 1219 5004; x_wconf 89' lang='lat' dir='ltr'><strong>camelum</strong></span> <span class='ocrx_word' id='word_1_670' title='bbox 1247 4955 1442 5020; x_wconf 68' lang='lat' dir='ltr'><strong>tuum,</strong></span> <span class='ocrx_word' id='word_1_671' title='bbox 1490 4955 1546 5006; x_wconf 87' lang='lat' dir='ltr'><strong>et</strong></span> <span class='ocrx_word' id='word_1_672' title='bbox 1591 4968 1760 5006; x_wconf 86' lang='lat' dir='ltr'><strong>sume</strong></span> <span class='ocrx_word' id='word_1_673' title='bbox 1793 4957 1987 5008; x_wconf 86' lang='lat' dir='ltr'><strong>tecum</strong></span> <span class='ocrx_word' id='word_1_674' title='bbox 2029 4959 2113 5008; x_wconf 90' lang='lat' dir='ltr'><strong>ut-</strong></span> 
     </span>
    </p>
   </div>
   <div class='ocr_carea' id='block_1_85' title="bbox 2292 3703 3885 3782">
    <p class='ocr_par' dir='ltr' id='par_1_85' title="bbox 2292 3703 3885 3782">
     <span class='ocr_line' id='line_1_85' title="bbox 2292 3703 3885 3782; baseline -0.005 -19"><span class='ocrx_word' id='word_1_675' title='bbox 2292 3707 2432 3782; x_wconf 84' lang='grc' dir='ltr'><strong>Ἐγὼ</strong></span> <span class='ocrx_word' id='word_1_676' title='bbox 2487 3704 2545 3761; x_wconf 75' lang='grc' dir='ltr'>δὶ</span> <span class='ocrx_word' id='word_1_677' title='bbox 2612 3703 2884 3780; x_wconf 84' lang='grc' dir='ltr'>Σολομῶν</span> <span class='ocrx_word' id='word_1_678' title='bbox 2953 3705 3215 3782; x_wconf 82' lang='grc' dir='ltr'>ἀναγνοὺς</span> <span class='ocrx_word' id='word_1_679' title='bbox 3270 3706 3368 3774; x_wconf 80' lang='grc' dir='ltr'><strong>τήν</strong></span> <span class='ocrx_word' id='word_1_680' title='bbox 3429 3703 3736 3772; x_wconf 70' lang='grc' dir='ltr'>ἐπιστολὴν</span> <span class='ocrx_word' id='word_1_681' title='bbox 3795 3705 3885 3758; x_wconf 72' lang='grc' dir='ltr'><strong>καὶ</strong></span> 
     </span>
    </p>
   </div>
   <div class='ocr_carea' id='block_1_86' title="bbox 2217 3792 3879 3868">
    <p class='ocr_par' dir='ltr' id='par_1_86' title="bbox 2217 3792 3879 3868">
     <span class='ocr_line' id='line_1_86' title="bbox 2217 3792 3879 3868; baseline -0.001 -18"><span class='ocrx_word' id='word_1_682' title='bbox 2217 3795 2517 3866; x_wconf 81' lang='grc' dir='ltr'>ἀναπτύξας</span> <span class='ocrx_word' id='word_1_683' title='bbox 2554 3795 2720 3864; x_wconf 71' lang='grc' dir='ltr'>αὐτήν</span> <span class='ocrx_word' id='word_1_684' title='bbox 2749 3792 3003 3849; x_wconf 75' lang='grc' dir='ltr'>ἀπέδωκα</span> <span class='ocrx_word' id='word_1_685' title='bbox 3031 3793 3183 3866; x_wconf 81' lang='grc' dir='ltr'>τῷλα</span> <span class='ocrx_word' id='word_1_686' title='bbox 3214 3799 3259 3866; x_wconf 78' lang='grc' dir='ltr'><strong>ᾧ</strong></span> <span class='ocrx_word' id='word_1_687' title='bbox 3309 3815 3413 3868; x_wconf 88' lang='grc' dir='ltr'><strong>μου</strong></span> <span class='ocrx_word' id='word_1_688' title='bbox 3460 3793 3630 3848; x_wconf 71' lang='grc' dir='ltr'>εἰπὼν</span> <span class='ocrx_word' id='word_1_689' title='bbox 3689 3794 3841 3863; x_wconf 79' lang='grc' dir='ltr'>αὐτῷ</span> <span class='ocrx_word' id='word_1_690' title='bbox 3866 3813 3879 3825; x_wconf 82' lang='grc'><strong><em>⁸</em></strong></span> 
     </span>
    </p>
   </div>
   <div class='ocr_carea' id='block_1_87' title="bbox 2223 3880 3882 3960">
    <p class='ocr_par' dir='ltr' id='par_1_87' title="bbox 2223 3880 3882 3960">
     <span class='ocr_line' id='line_1_87' title="bbox 2223 3880 3882 3960; baseline -0.003 -20"><span class='ocrx_word' id='word_1_691' title='bbox 2223 3885 2357 3958; x_wconf 88' lang='grc' dir='ltr'>μετὰ</span> <span class='ocrx_word' id='word_1_692' title='bbox 2386 3884 2518 3939; x_wconf 78' lang='grc' dir='ltr'><strong>ἒπτᾶ</strong></span> <span class='ocrx_word' id='word_1_693' title='bbox 2564 3885 2773 3960; x_wconf 73' lang='grc' dir='ltr'>ἡμέρας</span> <span class='ocrx_word' id='word_1_694' title='bbox 2826 3883 3164 3955; x_wconf 74' lang='grc' dir='ltr'>ὑπομνήσεις</span> <span class='ocrx_word' id='word_1_695' title='bbox 3213 3903 3278 3956; x_wconf 85' lang='grc' dir='ltr'><strong>με</strong></span> <span class='ocrx_word' id='word_1_696' title='bbox 3332 3882 3457 3956; x_wconf 79' lang='grc' dir='ltr'>περὶ</span> <span class='ocrx_word' id='word_1_697' title='bbox 3503 3888 3606 3952; x_wconf 79' lang='grc' dir='ltr'>τῆς</span> <span class='ocrx_word' id='word_1_698' title='bbox 3664 3880 3882 3936; x_wconf 77' lang='grc' dir='ltr'>ἐπιστο-</span> 
     </span>
    </p>
   </div>
   <div class='ocr_carea' id='block_1_88' title="bbox 2221 3967 3882 4046">
    <p class='ocr_par' dir='ltr' id='par_1_88' title="bbox 2221 3967 3882 4046">
     <span class='ocr_line' id='line_1_88' title="bbox 2221 3967 3882 4046; baseline -0.004 -16"><span class='ocrx_word' id='word_1_699' title='bbox 2221 3973 2323 4043; x_wconf 80' lang='grc' dir='ltr'><strong>λῆς</strong></span> <span class='ocrx_word' id='word_1_700' title='bbox 2379 3973 2601 4043; x_wconf 83' lang='grc' dir='ltr'>ταύτης.</span> <span class='ocrx_word' id='word_1_701' title='bbox 2654 3972 2758 4028; x_wconf 85' lang='grc' dir='ltr'>Καὶ</span> <span class='ocrx_word' id='word_1_702' title='bbox 2805 3971 2872 4040; x_wconf 80' lang='grc' dir='ltr'><strong>ἦν</strong></span> <span class='ocrx_word' id='word_1_703' title='bbox 3058 3969 3421 4046; x_wconf 68' lang='grc' dir='ltr'>Ἰερουσαλὴμ</span> <span class='ocrx_word' id='word_1_704' title='bbox 3478 3967 3882 4043; x_wconf 79' lang='grc' dir='ltr'>ᾠκοδομουμέ-</span> 
     </span>
    </p>
   </div>
   <div class='ocr_carea' id='block_1_89' title="bbox 2217 4057 3882 4135">
    <p class='ocr_par' dir='ltr' id='par_1_89' title="bbox 2217 4057 3882 4135">
     <span class='ocr_line' id='line_1_89' title="bbox 2217 4057 3882 4135; baseline -0.003 -18"><span class='ocrx_word' id='word_1_705' title='bbox 2217 4085 2304 4133; x_wconf 87' lang='grc' dir='ltr'><strong>νη,</strong></span> <span class='ocrx_word' id='word_1_706' title='bbox 2351 4062 2440 4117; x_wconf 78' lang='grc' dir='ltr'>καὶ</span> <span class='ocrx_word' id='word_1_707' title='bbox 2487 4063 2514 4116; x_wconf 90' lang='lat'><strong>6</strong></span> <span class='ocrx_word' id='word_1_708' title='bbox 2561 4062 2686 4123; x_wconf 90' lang='grc' dir='ltr'>ναὸς</span> <span class='ocrx_word' id='word_1_709' title='bbox 2739 4082 2829 4115; x_wconf 90' lang='grc' dir='ltr'>συν</span> <span class='ocrx_word' id='word_1_710' title='bbox 2870 4059 3177 4135; x_wconf 85' lang='grc' dir='ltr'>πληροῦτο.</span> <span class='ocrx_word' id='word_1_711' title='bbox 3227 4061 3322 4114; x_wconf 80' lang='grc' dir='ltr'><strong>Καὶ</strong></span> <span class='ocrx_word' id='word_1_712' title='bbox 3378 4059 3443 4127; x_wconf 73' lang='grc' dir='ltr'><strong>ἦν</strong></span> <span class='ocrx_word' id='word_1_713' title='bbox 3504 4057 3661 4123; x_wconf 84' lang='grc' dir='ltr'>λίθος</span> <span class='ocrx_word' id='word_1_714' title='bbox 3722 4061 3882 4132; x_wconf 77' lang='grc' dir='ltr'><strong>ἄχρο-</strong></span> 
     </span>
    </p>
   </div>
   <div class='ocr_carea' id='block_1_90' title="bbox 2218 4142 3881 4226">
    <p class='ocr_par' dir='ltr' id='par_1_90' title="bbox 2218 4142 3881 4226">
     <span class='ocr_line' id='line_1_90' title="bbox 2218 4142 3881 4226; baseline -0.003 -21"><span class='ocrx_word' id='word_1_715' title='bbox 2218 4156 2476 4226; x_wconf 88' lang='grc' dir='ltr'>γωνιαῖος</span> <span class='ocrx_word' id='word_1_716' title='bbox 2532 4151 2783 4223; x_wconf 77' lang='grc' dir='ltr'>κείμενος</span> <span class='ocrx_word' id='word_1_717' title='bbox 2845 4151 3010 4223; x_wconf 65' lang='grc' dir='ltr'>μέγας</span> <span class='ocrx_word' id='word_1_718' title='bbox 3067 4146 3346 4220; x_wconf 73' lang='grc' dir='ltr'><strong>ἐκλεκτὸς,</strong></span> <span class='ocrx_word' id='word_1_719' title='bbox 3410 4146 3594 4202; x_wconf 76' lang='grc' dir='ltr'>ὅντινα</span> <span class='ocrx_word' id='word_1_720' title='bbox 3652 4142 3881 4202; x_wconf 72' lang='grc' dir='ltr'><strong>ἐϐουλό-</strong></span> 
     </span>
    </p>
   </div>
   <div class='ocr_carea' id='block_1_91' title="bbox 2223 4234 3881 4315">
    <p class='ocr_par' dir='ltr' id='par_1_91' title="bbox 2223 4234 3881 4315">
     <span class='ocr_line' id='line_1_91' title="bbox 2223 4234 3881 4315; baseline -0.003 -21"><span class='ocrx_word' id='word_1_721' title='bbox 2223 4261 2329 4312; x_wconf 86' lang='grc' dir='ltr'>μην</span> <span class='ocrx_word' id='word_1_722' title='bbox 2361 4241 2528 4294; x_wconf 86' lang='grc' dir='ltr'>θεῖναι</span> <span class='ocrx_word' id='word_1_723' title='bbox 2562 4238 2640 4300; x_wconf 79' lang='grc' dir='ltr'><strong>εἰς</strong></span> <span class='ocrx_word' id='word_1_724' title='bbox 2667 4239 2769 4306; x_wconf 75' lang='grc' dir='ltr'>τήν</span> <span class='ocrx_word' id='word_1_725' title='bbox 2800 4234 3044 4315; x_wconf 77' lang='grc' dir='ltr'>κεφαλὴν</span> <span class='ocrx_word' id='word_1_726' title='bbox 3077 4244 3176 4306; x_wconf 75' lang='grc' dir='ltr'><strong>τῆς</strong></span> <span class='ocrx_word' id='word_1_727' title='bbox 3217 4236 3415 4311; x_wconf 89' lang='grc' dir='ltr'>γωνίας</span> <span class='ocrx_word' id='word_1_728' title='bbox 3467 4239 3566 4305; x_wconf 72' lang='grc' dir='ltr'><strong>τῆς</strong></span> <span class='ocrx_word' id='word_1_729' title='bbox 3619 4234 3881 4308; x_wconf 70' lang='grc' dir='ltr'>συμπληο</span> 
     </span>
    </p>
   </div>
   <div class='ocr_carea' id='block_1_92' title="bbox 2221 4326 3883 4403">
    <p class='ocr_par' dir='ltr' id='par_1_92' title="bbox 2221 4326 3883 4403">
     <span class='ocr_line' id='line_1_92' title="bbox 2221 4326 3883 4403; baseline -0.002 -21"><span class='ocrx_word' id='word_1_730' title='bbox 2221 4329 2440 4403; x_wconf 84' lang='grc' dir='ltr'>ρώσεως</span> <span class='ocrx_word' id='word_1_731' title='bbox 2488 4327 2680 4382; x_wconf 84' lang='grc' dir='ltr'>αὐτοῦ·</span> <span class='ocrx_word' id='word_1_732' title='bbox 2727 4327 2817 4381; x_wconf 82' lang='grc' dir='ltr'>καὶ</span> <span class='ocrx_word' id='word_1_733' title='bbox 2861 4326 3052 4387; x_wconf 81' lang='grc' dir='ltr'>πάντες</span> <span class='ocrx_word' id='word_1_734' title='bbox 3113 4327 3166 4380; x_wconf 75' lang='grc' dir='ltr'><strong>οἱ</strong></span> <span class='ocrx_word' id='word_1_735' title='bbox 3214 4332 3486 4400; x_wconf 75' lang='grc' dir='ltr'>τεχνῖται,</span> <span class='ocrx_word' id='word_1_736' title='bbox 3533 4327 3626 4380; x_wconf 78' lang='grc' dir='ltr'><strong>καὶ</strong></span> <span class='ocrx_word' id='word_1_737' title='bbox 3686 4327 3883 4385; x_wconf 71' lang='grc' dir='ltr'>πάντες</span> 
     </span>
    </p>
   </div>
   <div class='ocr_carea' id='block_1_93' title="bbox 2221 4413 3881 4491">
    <p class='ocr_par' dir='ltr' id='par_1_93' title="bbox 2221 4413 3881 4491">
     <span class='ocr_line' id='line_1_93' title="bbox 2221 4413 3881 4491; baseline -0.002 -20"><span class='ocrx_word' id='word_1_738' title='bbox 2221 4417 2272 4471; x_wconf 75' lang='grc' dir='ltr'>οἱ</span> <span class='ocrx_word' id='word_1_739' title='bbox 2305 4415 2558 4490; x_wconf 78' lang='grc' dir='ltr'>δαίμονες</span> <span class='ocrx_word' id='word_1_740' title='bbox 2591 4417 2643 4470; x_wconf 77' lang='lat' dir='ltr'><strong>oi</strong></span> <span class='ocrx_word' id='word_1_741' title='bbox 2703 4419 3200 4491; x_wconf 81' lang='grc' dir='ltr'>συνυπουργοῦντες</span> <span class='ocrx_word' id='word_1_742' title='bbox 3257 4415 3429 4484; x_wconf 75' lang='grc' dir='ltr'>ἦλθον</span> <span class='ocrx_word' id='word_1_743' title='bbox 3492 4413 3582 4469; x_wconf 78' lang='grc' dir='ltr'>ἐπὶ</span> <span class='ocrx_word' id='word_1_744' title='bbox 3640 4417 3708 4470; x_wconf 83' lang='grc' dir='ltr'><strong>τὸ</strong></span> <span class='ocrx_word' id='word_1_745' title='bbox 3758 4415 3881 4469; x_wconf 73' lang='grc' dir='ltr'><strong>αὖτό</strong></span> 
     </span>
    </p>
   </div>
   <div class='ocr_carea' id='block_1_94' title="bbox 2222 4501 3880 4580">
    <p class='ocr_par' dir='ltr' id='par_1_94' title="bbox 2222 4501 3880 4580">
     <span class='ocr_line' id='line_1_94' title="bbox 2222 4501 3880 4580; baseline -0.004 -20"><span class='ocrx_word' id='word_1_746' title='bbox 2222 4505 2358 4560; x_wconf 77' lang='grc' dir='ltr'>ὥστε</span> <span class='ocrx_word' id='word_1_747' title='bbox 2410 4505 2686 4580; x_wconf 76' lang='grc' dir='ltr'>ἀναγαγεῖν</span> <span class='ocrx_word' id='word_1_748' title='bbox 2753 4506 2845 4559; x_wconf 90' lang='grc' dir='ltr'>τὸν</span> <span class='ocrx_word' id='word_1_749' title='bbox 2899 4504 3051 4560; x_wconf 87' lang='grc' dir='ltr'>λίθον</span> <span class='ocrx_word' id='word_1_750' title='bbox 3110 4503 3201 4558; x_wconf 82' lang='grc' dir='ltr'>καὶ</span> <span class='ocrx_word' id='word_1_751' title='bbox 3261 4510 3426 4568; x_wconf 79' lang='grc' dir='ltr'>θεῖναι</span> <span class='ocrx_word' id='word_1_752' title='bbox 3460 4503 3624 4558; x_wconf 81' lang='grc' dir='ltr'>αὐτὸν</span> <span class='ocrx_word' id='word_1_753' title='bbox 3674 4503 3767 4558; x_wconf 75' lang='grc' dir='ltr'>ἐπὶ</span> <span class='ocrx_word' id='word_1_754' title='bbox 3820 4501 3880 4556; x_wconf 66' lang='lat' dir='ltr'><strong>td</strong></span> 
     </span>
    </p>
   </div>
   <div class='ocr_carea' id='block_1_95' title="bbox 2219 4590 3879 4670">
    <p class='ocr_par' dir='ltr' id='par_1_95' title="bbox 2219 4590 3879 4670">
     <span class='ocr_line' id='line_1_95' title="bbox 2219 4590 3879 4670; baseline -0.002 -22"><span class='ocrx_word' id='word_1_755' title='bbox 2219 4593 2506 4670; x_wconf 77' lang='grc' dir='ltr'>πτερύγιον</span> <span class='ocrx_word' id='word_1_756' title='bbox 2562 4599 2659 4648; x_wconf 87' lang='grc' dir='ltr'><strong>τοῦ</strong></span> <span class='ocrx_word' id='word_1_757' title='bbox 2713 4597 2844 4648; x_wconf 84' lang='grc' dir='ltr'>ναοῦ</span> <span class='ocrx_word' id='word_1_758' title='bbox 2919 4597 3016 4648; x_wconf 93' lang='grc' dir='ltr'><strong>τοῦ</strong></span> <span class='ocrx_word' id='word_1_759' title='bbox 3092 4595 3264 4669; x_wconf 77' lang='grc' dir='ltr'>ἱεροῦ,</span> <span class='ocrx_word' id='word_1_760' title='bbox 3324 4593 3415 4647; x_wconf 80' lang='grc' dir='ltr'>καὶ</span> <span class='ocrx_word' id='word_1_761' title='bbox 3491 4591 3594 4647; x_wconf 75' lang='grc' dir='ltr'><strong>οὐκ</strong></span> <span class='ocrx_word' id='word_1_762' title='bbox 3653 4590 3879 4667; x_wconf 68' lang='grc' dir='ltr'><strong>ἴσχυσαν</strong></span> 
     </span>
    </p>
   </div>
   <div class='ocr_carea' id='block_1_96' title="bbox 2224 4680 3876 4756">
    <p class='ocr_par' dir='ltr' id='par_1_96' title="bbox 2224 4680 3876 4756">
     <span class='ocr_line' id='line_1_96' title="bbox 2224 4680 3876 4756; baseline -0.004 -19"><span class='ocrx_word' id='word_1_763' title='bbox 2224 4680 2477 4737; x_wconf 88' lang='grc' dir='ltr'>σαλεῦσαι</span> <span class='ocrx_word' id='word_1_764' title='bbox 2549 4681 2745 4746; x_wconf 79' lang='grc' dir='ltr'>αὐτὸν.</span> <span class='ocrx_word' id='word_1_765' title='bbox 2805 4681 2895 4736; x_wconf 88' lang='lat' dir='ltr'><strong>xui</strong></span> <span class='ocrx_word' id='word_1_766' title='bbox 2955 4687 3122 4746; x_wconf 86' lang='grc' dir='ltr'>θεῖναι</span> <span class='ocrx_word' id='word_1_767' title='bbox 3178 4683 3318 4756; x_wconf 89' lang='grc' dir='ltr'>πρὸς</span> <span class='ocrx_word' id='word_1_768' title='bbox 3372 4682 3471 4748; x_wconf 76' lang='grc' dir='ltr'>τὴν</span> <span class='ocrx_word' id='word_1_769' title='bbox 3523 4680 3735 4754; x_wconf 82' lang='grc' dir='ltr'>γωνίαν</span> <span class='ocrx_word' id='word_1_770' title='bbox 3784 4683 3876 4748; x_wconf 61' lang='grc' dir='ltr'>τήν</span> 
     </span>
    </p>
   </div>
   <div class='ocr_carea' id='block_1_97' title="bbox 2223 4768 3880 4845">
    <p class='ocr_par' dir='ltr' id='par_1_97' title="bbox 2223 4768 3880 4845">
     <span class='ocr_line' id='line_1_97' title="bbox 2223 4768 3880 4845; baseline -0.002 -19"><span class='ocrx_word' id='word_1_771' title='bbox 2223 4773 2621 4844; x_wconf 77' lang='grc' dir='ltr'>θεματισμένην</span> <span class='ocrx_word' id='word_1_772' title='bbox 2664 4770 2830 4844; x_wconf 71' lang='grc' dir='ltr'>αύτῷ*</span> <span class='ocrx_word' id='word_1_773' title='bbox 2892 4770 2961 4839; x_wconf 77' lang='grc' dir='ltr'><strong>ἦν</strong></span> <span class='ocrx_word' id='word_1_774' title='bbox 3018 4772 3120 4845; x_wconf 77' lang='grc' dir='ltr'><strong>γὰρ</strong></span> <span class='ocrx_word' id='word_1_775' title='bbox 3179 4771 3208 4825; x_wconf 88' lang='lat'><strong>6</strong></span> <span class='ocrx_word' id='word_1_776' title='bbox 3268 4769 3418 4832; x_wconf 86' lang='grc' dir='ltr'>λίθος</span> <span class='ocrx_word' id='word_1_777' title='bbox 3479 4768 3686 4831; x_wconf 72' lang='grc' dir='ltr'>ἐκεῖνος</span> <span class='ocrx_word' id='word_1_778' title='bbox 3746 4770 3880 4824; x_wconf 66' lang='grc' dir='ltr'>πάνυ</span> 
     </span>
    </p>
   </div>
   <div class='ocr_carea' id='block_1_98' title="bbox 2227 4858 3878 4937">
    <p class='ocr_par' dir='ltr' id='par_1_98' title="bbox 2227 4858 3878 4937">
     <span class='ocr_line' id='line_1_98' title="bbox 2227 4858 3878 4937; baseline -0.002 -22"><span class='ocrx_word' id='word_1_779' title='bbox 2227 4861 2416 4936; x_wconf 69' lang='grc' dir='ltr'>μέγας,</span> <span class='ocrx_word' id='word_1_780' title='bbox 2447 4859 2536 4915; x_wconf 83' lang='grc' dir='ltr'>καὶ</span> <span class='ocrx_word' id='word_1_781' title='bbox 2588 4862 2868 4937; x_wconf 74' lang='grc' dir='ltr'>χρήσιμος</span> <span class='ocrx_word' id='word_1_782' title='bbox 2917 4858 2993 4922; x_wconf 81' lang='grc' dir='ltr'>εἷς</span> <span class='ocrx_word' id='word_1_783' title='bbox 3037 4862 3139 4929; x_wconf 78' lang='grc' dir='ltr'><strong>τήν</strong></span> <span class='ocrx_word' id='word_1_784' title='bbox 3184 4860 3380 4936; x_wconf 89' lang='grc' dir='ltr'>γωνίαν</span> <span class='ocrx_word' id='word_1_785' title='bbox 3424 4863 3520 4913; x_wconf 85' lang='grc' dir='ltr'>τοῦ</span> <span class='ocrx_word' id='word_1_786' title='bbox 3569 4859 3747 4934; x_wconf 78' lang='grc' dir='ltr'>ἱεροῦ.</span> <span class='ocrx_word' id='word_1_787' title='bbox 3781 4860 3878 4916; x_wconf 71' lang='grc' dir='ltr'>Καὶ</span> 
     </span>
    </p>
   </div>
   <div class='ocr_carea' id='block_1_99' title="bbox 2227 4946 3881 5024">
    <p class='ocr_par' dir='ltr' id='par_1_99' title="bbox 2227 4946 3881 5024">
     <span class='ocr_line' id='line_1_99' title="bbox 2227 4946 3881 5024; baseline -0.002 -20"><span class='ocrx_word' id='word_1_788' title='bbox 2227 4950 2361 5023; x_wconf 88' lang='grc' dir='ltr'>μετὰ</span> <span class='ocrx_word' id='word_1_789' title='bbox 2387 4950 2483 5013; x_wconf 81' lang='grc' dir='ltr'><strong>τὰς</strong></span> <span class='ocrx_word' id='word_1_790' title='bbox 2514 4951 2647 5004; x_wconf 72' lang='grc' dir='ltr'>ἑπτὰ</span> <span class='ocrx_word' id='word_1_791' title='bbox 2685 4951 2896 5024; x_wconf 72' lang='grc' dir='ltr'>ἡμερας</span> <span class='ocrx_word' id='word_1_792' title='bbox 2949 4949 3206 5022; x_wconf 80' lang='grc' dir='ltr'>μνησθεὶς</span> <span class='ocrx_word' id='word_1_793' title='bbox 3249 4955 3350 5018; x_wconf 80' lang='grc' dir='ltr'><strong>τῆς</strong></span> <span class='ocrx_word' id='word_1_794' title='bbox 3394 4947 3691 5016; x_wconf 68' lang='grc' dir='ltr'>ἐπιστολῆς</span> <span class='ocrx_word' id='word_1_795' title='bbox 3727 4946 3881 5005; x_wconf 70' lang='grc' dir='ltr'><strong>Ἀδά-</strong></span> 
     </span>
    </p>
   </div>
   <div class='ocr_carea' id='block_1_100' title="bbox 463 5032 2115 5144">
    <p class='ocr_par' dir='ltr' id='par_1_100' title="bbox 463 5037 2109 5110">
     <span class='ocr_line' id='line_1_100' title="bbox 463 5037 2109 5110; baseline 0.004 -19"><span class='ocrx_word' id='word_1_796' title='bbox 463 5053 600 5104; x_wconf 86' lang='lat' dir='ltr'><strong>rem;</strong></span> <span class='ocrx_word' id='word_1_797' title='bbox 635 5037 830 5110; x_wconf 92' lang='lat' dir='ltr'><strong>accipe</strong></span> <span class='ocrx_word' id='word_1_798' title='bbox 852 5043 908 5094; x_wconf 92' lang='lat' dir='ltr'><strong>et</strong></span> <span class='ocrx_word' id='word_1_799' title='bbox 929 5037 1185 5109; x_wconf 89' lang='lat' dir='ltr'><strong>sigillum</strong></span> <span class='ocrx_word' id='word_1_800' title='bbox 1230 5039 1359 5107; x_wconf 92' lang='lat' dir='ltr'><strong>hoc,</strong></span> <span class='ocrx_word' id='word_1_801' title='bbox 1385 5044 1442 5094; x_wconf 88' lang='lat' dir='ltr'><strong>et</strong></span> <span class='ocrx_word' id='word_1_802' title='bbox 1466 5041 1610 5095; x_wconf 86' lang='lat' dir='ltr'><strong>vade</strong></span> <span class='ocrx_word' id='word_1_803' title='bbox 1640 5040 1695 5095; x_wconf 90' lang='lat' dir='ltr'><strong>in</strong></span> <span class='ocrx_word' id='word_1_804' title='bbox 1717 5041 2014 5107; x_wconf 89' lang='lat' dir='ltr'><strong>Arabiam,</strong></span> <span class='ocrx_word' id='word_1_805' title='bbox 2039 5043 2109 5097; x_wconf 91' lang='lat' dir='ltr'><strong>ad</strong></span> 
     </span>
    </p>
   </div>
   <div class='ocr_carea' id='block_1_101' title="bbox 2226 5032 3878 5144">
    <p class='ocr_par' dir='ltr' id='par_1_101' title="bbox 2229 5032 3878 5144">
     <span class='ocr_line' id='line_1_101' title="bbox 2229 5032 3878 5115; baseline -0.003 -22"><span class='ocrx_word' id='word_1_806' title='bbox 2229 5059 2325 5114; x_wconf 83' lang='lat' dir='ltr'><strong>pou</strong></span> <span class='ocrx_word' id='word_1_807' title='bbox 2380 5037 2649 5115; x_wconf 67' lang='grc' dir='ltr'>βασιλεως</span> <span class='ocrx_word' id='word_1_808' title='bbox 2696 5032 2970 5113; x_wconf 76' lang='grc' dir='ltr'><strong>’Δράὅων,</strong></span> <span class='ocrx_word' id='word_1_809' title='bbox 3005 5037 3236 5093; x_wconf 78' lang='grc' dir='ltr'>ἐκάλεσα</span> <span class='ocrx_word' id='word_1_810' title='bbox 3280 5039 3372 5092; x_wconf 90' lang='grc' dir='ltr'>τὸν</span> <span class='ocrx_word' id='word_1_811' title='bbox 3418 5034 3589 5092; x_wconf 74' lang='grc' dir='ltr'>παῖδά</span> <span class='ocrx_word' id='word_1_812' title='bbox 3636 5058 3747 5108; x_wconf 80' lang='grc' dir='ltr'>μου</span> <span class='ocrx_word' id='word_1_813' title='bbox 3793 5037 3878 5090; x_wconf 74' lang='grc' dir='ltr'><strong>ιιιὶ</strong></span> 
     </span>
     <span class='ocr_line' id='line_1_102' title="bbox 2253 5121 3854 5144; baseline -0.002 0"><span class='ocrx_word' id='word_1_814' title='bbox 2253 5129 2273 5144; x_wconf 63' lang='grc' dir='ltr'><strong>ς</strong></span> <span class='ocrx_word' id='word_1_815' title='bbox 2474 5127 2487 5144; x_wconf 81' lang='lat'>.</span> <span class='ocrx_word' id='word_1_816' title='bbox 2538 5133 2562 5142; x_wconf 80' lang='lat'><strong>-</strong></span> <span class='ocrx_word' id='word_1_817' title='bbox 2630 5129 2687 5144; x_wconf 65' lang='grc' dir='ltr'><strong>η,</strong></span> <span class='ocrx_word' id='word_1_818' title='bbox 2741 5127 2752 5144; x_wconf 78' lang='grc' dir='ltr'><strong>ι</strong></span> <span class='ocrx_word' id='word_1_819' title='bbox 2826 5128 2845 5144; x_wconf 82' lang='grc'><em>.</em></span> <span class='ocrx_word' id='word_1_820' title='bbox 3013 5128 3024 5144; x_wconf 62' lang='grc' dir='ltr'><strong><em>η</em></strong></span> <span class='ocrx_word' id='word_1_821' title='bbox 3287 5125 3306 5144; x_wconf 62' lang='grc' dir='ltr'>ς</span> <span class='ocrx_word' id='word_1_822' title='bbox 3338 5127 3350 5144; x_wconf 78' lang='grc' dir='ltr'><strong>ι</strong></span> <span class='ocrx_word' id='word_1_823' title='bbox 3668 5125 3682 5142; x_wconf 61' lang='grc' dir='ltr'><strong>ε</strong></span> <span class='ocrx_word' id='word_1_824' title='bbox 3751 5125 3772 5144; x_wconf 52' lang='grc' dir='ltr'><strong>η</strong></span> <span class='ocrx_word' id='word_1_825' title='bbox 3804 5121 3854 5144; x_wconf 69' lang='grc' dir='ltr'><strong>,ρ</strong></span> 
     </span>
    </p>
   </div>
   <div class='ocr_carea' id='block_1_102' title="bbox 459 5125 2115 5202">
    <p class='ocr_par' dir='ltr' id='par_1_102' title="bbox 459 5125 2115 5202">
     <span class='ocr_line' id='line_1_103' title="bbox 459 5125 2115 5202; baseline 0.003 -22"><span class='ocrx_word' id='word_1_826' title='bbox 459 5125 656 5182; x_wconf 90' lang='lat' dir='ltr'><strong>locum</strong></span> <span class='ocrx_word' id='word_1_827' title='bbox 716 5127 775 5182; x_wconf 90' lang='lat' dir='ltr'><strong>in</strong></span> <span class='ocrx_word' id='word_1_828' title='bbox 826 5144 939 5198; x_wconf 90' lang='lat' dir='ltr'><strong>quo</strong></span> <span class='ocrx_word' id='word_1_829' title='bbox 999 5127 1186 5198; x_wconf 91' lang='lat' dir='ltr'><strong>spirat</strong></span> <span class='ocrx_word' id='word_1_830' title='bbox 1237 5128 1482 5199; x_wconf 87' lang='lat' dir='ltr'><strong>spiritus</strong></span> <span class='ocrx_word' id='word_1_831' title='bbox 1543 5129 1753 5196; x_wconf 85' lang='lat' dir='ltr'><strong>malus,</strong></span> <span class='ocrx_word' id='word_1_832' title='bbox 1795 5135 1854 5184; x_wconf 90' lang='lat' dir='ltr'><strong>et</strong></span> <span class='ocrx_word' id='word_1_833' title='bbox 1909 5149 2115 5202; x_wconf 85' lang='lat' dir='ltr'><strong>appre-</strong></span> 
     </span>
    </p>
   </div>
   <div class='ocr_carea' id='block_1_103' title="bbox 462 5215 2116 5286">
    <p class='ocr_par' dir='ltr' id='par_1_103' title="bbox 462 5215 2116 5286">
     <span class='ocr_line' id='line_1_104' title="bbox 462 5215 2116 5286; baseline 0.004 -17"><span class='ocrx_word' id='word_1_834' title='bbox 462 5215 728 5271; x_wconf 86' lang='lat' dir='ltr'><strong>hendens</strong></span> <span class='ocrx_word' id='word_1_835' title='bbox 780 5221 993 5286; x_wconf 84' lang='lat' dir='ltr'><strong>utrem,</strong></span> <span class='ocrx_word' id='word_1_836' title='bbox 1039 5221 1097 5271; x_wconf 92' lang='lat' dir='ltr'><strong>et</strong></span> <span class='ocrx_word' id='word_1_837' title='bbox 1148 5215 1432 5271; x_wconf 89' lang='lat' dir='ltr'><strong>annulum</strong></span> <span class='ocrx_word' id='word_1_838' title='bbox 1476 5222 1613 5272; x_wconf 90' lang='lat' dir='ltr'><strong>ante</strong></span> <span class='ocrx_word' id='word_1_839' title='bbox 1644 5235 1709 5273; x_wconf 91' lang='lat' dir='ltr'><strong>es</strong></span> <span class='ocrx_word' id='word_1_840' title='bbox 1735 5219 1882 5274; x_wconf 91' lang='lat' dir='ltr'><strong>utris</strong></span> <span class='ocrx_word' id='word_1_841' title='bbox 1914 5221 1985 5274; x_wconf 91' lang='lat' dir='ltr'><strong>ad</strong></span> <span class='ocrx_word' id='word_1_842' title='bbox 2017 5225 2116 5275; x_wconf 85' lang='lat' dir='ltr'><strong>ﬂa-</strong></span> 
     </span>
    </p>
   </div>
   <div class='ocr_carea' id='block_1_104' title="bbox 461 5305 2115 5376">
    <p class='ocr_par' dir='ltr' id='par_1_104' title="bbox 461 5305 2115 5376">
     <span class='ocr_line' id='line_1_105' title="bbox 461 5305 2115 5376; baseline 0.003 -17"><span class='ocrx_word' id='word_1_843' title='bbox 461 5309 586 5359; x_wconf 89' lang='lat' dir='ltr'><strong>tum</strong></span> <span class='ocrx_word' id='word_1_844' title='bbox 639 5305 907 5376; x_wconf 89' lang='lat' dir='ltr'><strong>spiritus,</strong></span> <span class='ocrx_word' id='word_1_845' title='bbox 954 5321 1086 5360; x_wconf 90' lang='lat' dir='ltr'><strong>cum</strong></span> <span class='ocrx_word' id='word_1_846' title='bbox 1140 5310 1314 5361; x_wconf 91' lang='lat' dir='ltr'><strong>vento</strong></span> <span class='ocrx_word' id='word_1_847' title='bbox 1361 5306 1734 5362; x_wconf 89' lang='lat' dir='ltr'><strong>distendetur</strong></span> <span class='ocrx_word' id='word_1_848' title='bbox 1791 5313 1939 5376; x_wconf 92' lang='lat' dir='ltr'><strong>uter,</strong></span> <span class='ocrx_word' id='word_1_849' title='bbox 1973 5314 2115 5364; x_wconf 88' lang='lat' dir='ltr'><strong>tunc</strong></span> 
     </span>
    </p>
   </div>
   <div class='ocr_carea' id='block_1_105' title="bbox 461 5392 2113 5469">
    <p class='ocr_par' dir='ltr' id='par_1_105' title="bbox 461 5392 2113 5469">
     <span class='ocr_line' id='line_1_106' title="bbox 461 5392 2113 5469; baseline 0.004 -23"><span class='ocrx_word' id='word_1_850' title='bbox 461 5392 756 5466; x_wconf 87' lang='lat' dir='ltr'><strong>intelliges</strong></span> <span class='ocrx_word' id='word_1_851' title='bbox 810 5395 1016 5450; x_wconf 88' lang='lat' dir='ltr'><strong>adesse</strong></span> <span class='ocrx_word' id='word_1_852' title='bbox 1074 5393 1472 5465; x_wconf 88' lang='lat' dir='ltr'><strong>spiritum:et</strong></span> <span class='ocrx_word' id='word_1_853' title='bbox 1520 5395 1828 5452; x_wconf 81' lang='lat' dir='ltr'><strong>confestim</strong></span> <span class='ocrx_word' id='word_1_854' title='bbox 1873 5396 2113 5469; x_wconf 87' lang='lat' dir='ltr'><strong>alligato</strong></span> 
     </span>
    </p>
   </div>
   <div class='ocr_carea' id='block_1_106' title="bbox 461 5481 2116 5559">
    <p class='ocr_par' dir='ltr' id='par_1_106' title="bbox 461 5481 2116 5559">
     <span class='ocr_line' id='line_1_107' title="bbox 461 5481 2116 5559; baseline 0.004 -23"><span class='ocrx_word' id='word_1_855' title='bbox 461 5483 613 5538; x_wconf 92' lang='lat' dir='ltr'><strong>utris</strong></span> <span class='ocrx_word' id='word_1_856' title='bbox 639 5498 757 5551; x_wconf 90' lang='lat' dir='ltr'><strong>ore,</strong></span> <span class='ocrx_word' id='word_1_857' title='bbox 793 5482 963 5555; x_wconf 89' lang='lat' dir='ltr'><strong>signa</strong></span> <span class='ocrx_word' id='word_1_858' title='bbox 1005 5481 1150 5538; x_wconf 90' lang='lat' dir='ltr'><strong>illud</strong></span> <span class='ocrx_word' id='word_1_859' title='bbox 1183 5483 1379 5556; x_wconf 89' lang='lat' dir='ltr'><strong>sigillo</strong></span> <span class='ocrx_word' id='word_1_860' title='bbox 1433 5483 1536 5540; x_wconf 84' lang='lat' dir='ltr'><strong>hoc</strong></span> <span class='ocrx_word' id='word_1_861' title='bbox 1573 5490 1629 5540; x_wconf 90' lang='lat' dir='ltr'><strong>et</strong></span> <span class='ocrx_word' id='word_1_862' title='bbox 1671 5485 1907 5558; x_wconf 89' lang='lat' dir='ltr'><strong>impone</strong></span> <span class='ocrx_word' id='word_1_863' title='bbox 1938 5503 2116 5559; x_wconf 89' lang='lat' dir='ltr'><strong>super</strong></span> 
     </span>
    </p>
   </div>
   <div class='ocr_carea' id='block_1_107' title="bbox 2227 5121 3880 5200">
    <p class='ocr_par' dir='ltr' id='par_1_107' title="bbox 2227 5121 3880 5200">
     <span class='ocr_line' id='line_1_108' title="bbox 2227 5121 3880 5200; baseline -0.002 -18"><span class='ocrx_word' id='word_1_864' title='bbox 2227 5129 2376 5183; x_wconf 70' lang='grc' dir='ltr'>εἶπον</span> <span class='ocrx_word' id='word_1_865' title='bbox 2431 5127 2595 5199; x_wconf 81' lang='grc' dir='ltr'>αὐτῷ.</span> <span class='ocrx_word' id='word_1_866' title='bbox 2630 5127 2908 5198; x_wconf 79' lang='grc' dir='ltr'>Ἐπίταξον</span> <span class='ocrx_word' id='word_1_867' title='bbox 2968 5128 3066 5196; x_wconf 73' lang='grc' dir='ltr'><strong>τήν</strong></span> <span class='ocrx_word' id='word_1_868' title='bbox 3128 5125 3380 5200; x_wconf 81' lang='grc' dir='ltr'>καμηλόν</span> <span class='ocrx_word' id='word_1_869' title='bbox 3441 5147 3535 5181; x_wconf 84' lang='grc' dir='ltr'><strong>σου</strong></span> <span class='ocrx_word' id='word_1_870' title='bbox 3592 5125 3684 5180; x_wconf 81' lang='lat' dir='ltr'><strong>xui</strong></span> <span class='ocrx_word' id='word_1_871' title='bbox 3751 5121 3880 5179; x_wconf 68' lang='grc' dir='ltr'>λάϐε</span> 
     </span>
    </p>
   </div>
   <div class='ocr_carea' id='block_1_108' title="bbox 2227 5211 3880 5292">
    <p class='ocr_par' dir='ltr' id='par_1_108' title="bbox 2227 5211 3880 5292">
     <span class='ocr_line' id='line_1_109' title="bbox 2227 5211 3880 5292; baseline -0.002 -21"><span class='ocrx_word' id='word_1_872' title='bbox 2227 5218 2445 5271; x_wconf 84' lang='grc' dir='ltr'>σεαυτὸν</span> <span class='ocrx_word' id='word_1_873' title='bbox 2491 5217 2672 5286; x_wconf 80' lang='grc' dir='ltr'>ἀσκὸν,</span> <span class='ocrx_word' id='word_1_874' title='bbox 2705 5211 2840 5272; x_wconf 76' lang='grc' dir='ltr'>λάϐε</span> <span class='ocrx_word' id='word_1_875' title='bbox 2888 5213 2945 5270; x_wconf 72' lang='grc' dir='ltr'>δὶ</span> <span class='ocrx_word' id='word_1_876' title='bbox 2993 5215 3082 5270; x_wconf 86' lang='lat' dir='ltr'><strong>xui</strong></span> <span class='ocrx_word' id='word_1_877' title='bbox 3123 5217 3222 5284; x_wconf 72' lang='grc' dir='ltr'>τὴν</span> <span class='ocrx_word' id='word_1_878' title='bbox 3276 5236 3382 5292; x_wconf 52' lang='lat' dir='ltr'><strong>(ppu;-</strong></span> <span class='ocrx_word' id='word_1_879' title='bbox 3435 5217 3518 5288; x_wconf 81' lang='lat' dir='ltr'><strong>(u?</strong></span> <span class='ocrx_word' id='word_1_880' title='bbox 3563 5217 3627 5270; x_wconf 69' lang='grc' dir='ltr'>αἳ</span> <span class='ocrx_word' id='word_1_881' title='bbox 3675 5217 3753 5286; x_wconf 74' lang='lat' dir='ltr'><strong>t?)</strong></span> <span class='ocrx_word' id='word_1_882' title='bbox 3796 5221 3880 5288; x_wconf 80' lang='grc' dir='ltr'><strong>γῖο</strong></span> 
     </span>
    </p>
   </div>
   <div class='ocr_carea' id='block_1_109' title="bbox 2227 5299 3879 5379">
    <p class='ocr_par' dir='ltr' id='par_1_109' title="bbox 2227 5299 3879 5379">
     <span class='ocr_line' id='line_1_110' title="bbox 2227 5299 3879 5379; baseline -0.004 -18"><span class='ocrx_word' id='word_1_883' title='bbox 2227 5304 2291 5361; x_wconf 87' lang='grc' dir='ltr'><strong>δα</strong></span> <span class='ocrx_word' id='word_1_884' title='bbox 2342 5309 2454 5379; x_wconf 73' lang='grc'><strong>(14)</strong></span> <span class='ocrx_word' id='word_1_885' title='bbox 2513 5305 2714 5374; x_wconf 84' lang='grc' dir='ltr'>ταύτην</span> <span class='ocrx_word' id='word_1_886' title='bbox 2751 5323 2762 5336; x_wconf 76' lang='grc'><strong><em>⁸</em></strong></span> <span class='ocrx_word' id='word_1_887' title='bbox 2823 5306 2913 5359; x_wconf 84' lang='lat' dir='ltr'><strong>xui</strong></span> <span class='ocrx_word' id='word_1_888' title='bbox 2973 5303 3176 5368; x_wconf 71' lang='grc' dir='ltr'>ἄπελθε</span> <span class='ocrx_word' id='word_1_889' title='bbox 3236 5304 3311 5366; x_wconf 70' lang='grc' dir='ltr'><strong>είς</strong></span> <span class='ocrx_word' id='word_1_890' title='bbox 3340 5306 3438 5373; x_wconf 64' lang='grc' dir='ltr'>τὴν</span> <span class='ocrx_word' id='word_1_891' title='bbox 3473 5299 3732 5379; x_wconf 80' lang='grc' dir='ltr'>Ἀραϐίαν</span> <span class='ocrx_word' id='word_1_892' title='bbox 3797 5304 3879 5358; x_wconf 72' lang='grc' dir='ltr'><strong>ἐπὶ</strong></span> 
     </span>
    </p>
   </div>
   <div class='ocr_carea' id='block_1_110' title="bbox 2221 5393 3881 5468">
    <p class='ocr_par' dir='ltr' id='par_1_110' title="bbox 2221 5393 3881 5468">
     <span class='ocr_line' id='line_1_111' title="bbox 2221 5393 3881 5468; baseline -0.003 -18"><span class='ocrx_word' id='word_1_893' title='bbox 2221 5396 2312 5450; x_wconf 89' lang='grc' dir='ltr'><strong>τὸν</strong></span> <span class='ocrx_word' id='word_1_894' title='bbox 2363 5395 2528 5450; x_wconf 91' lang='grc' dir='ltr'>τόπον</span> <span class='ocrx_word' id='word_1_895' title='bbox 2583 5393 2635 5448; x_wconf 72' lang='grc' dir='ltr'>ἐν</span> <span class='ocrx_word' id='word_1_896' title='bbox 2685 5395 2730 5466; x_wconf 86' lang='grc' dir='ltr'>ᾦ</span> <span class='ocrx_word' id='word_1_897' title='bbox 2777 5394 2838 5449; x_wconf 84' lang='grc' dir='ltr'><strong>τὸ</strong></span> <span class='ocrx_word' id='word_1_898' title='bbox 2884 5393 3125 5468; x_wconf 85' lang='grc' dir='ltr'>πονηρὸν</span> <span class='ocrx_word' id='word_1_899' title='bbox 3158 5397 3371 5466; x_wconf 83' lang='grc' dir='ltr'>πνεῦμα</span> <span class='ocrx_word' id='word_1_900' title='bbox 3399 5396 3566 5447; x_wconf 74' lang='grc' dir='ltr'>πνέει·</span> <span class='ocrx_word' id='word_1_901' title='bbox 3601 5394 3688 5447; x_wconf 86' lang='lat' dir='ltr'><strong>xui</strong></span> <span class='ocrx_word' id='word_1_902' title='bbox 3753 5414 3881 5466; x_wconf 69' lang='grc' dir='ltr'>χρα-</span> 
     </span>
    </p>
   </div>
   <div class='ocr_carea' id='block_1_111' title="bbox 2222 5476 3877 5556">
    <p class='ocr_par' dir='ltr' id='par_1_111' title="bbox 2222 5476 3877 5556">
     <span class='ocr_line' id='line_1_112' title="bbox 2222 5476 3877 5556; baseline -0.003 -16"><span class='ocrx_word' id='word_1_903' title='bbox 2222 5486 2392 5555; x_wconf 73' lang='grc' dir='ltr'>τήσας</span> <span class='ocrx_word' id='word_1_904' title='bbox 2450 5485 2540 5540; x_wconf 77' lang='grc' dir='ltr'><strong>τὸν</strong></span> <span class='ocrx_word' id='word_1_905' title='bbox 2600 5483 2785 5556; x_wconf 78' lang='grc' dir='ltr'>ἀσκὸν,</span> <span class='ocrx_word' id='word_1_906' title='bbox 2845 5482 2935 5537; x_wconf 89' lang='lat' dir='ltr'><strong>xui</strong></span> <span class='ocrx_word' id='word_1_907' title='bbox 3003 5483 3066 5537; x_wconf 87' lang='grc' dir='ltr'><strong>τὸ</strong></span> <span class='ocrx_word' id='word_1_908' title='bbox 3145 5479 3494 5538; x_wconf 80' lang='grc' dir='ltr'>δακτυλίδιον</span> <span class='ocrx_word' id='word_1_909' title='bbox 3575 5476 3877 5556; x_wconf 73' lang='grc' dir='ltr'>ἔμπροσθεν</span> 
     </span>
    </p>
   </div>
   <div class='ocr_carea' id='block_1_112' title="bbox 535 5745 2336 5828">
    <p class='ocr_par' dir='ltr' id='par_1_112' title="bbox 535 5745 2336 5828">
     <span class='ocr_line' id='line_1_113' title="bbox 535 5745 2336 5828; baseline 0.004 -26"><span class='ocrx_word' id='word_1_910' title='bbox 535 5747 648 5817; x_wconf 74' lang='grc'><strong>(14)</strong></span> <span class='ocrx_word' id='word_1_911' title='bbox 680 5745 842 5804; x_wconf 79' lang='lat' dir='ltr'><strong>Certe</strong></span> <span class='ocrx_word' id='word_1_912' title='bbox 865 5763 979 5804; x_wconf 88' lang='lat' dir='ltr'><strong>non</strong></span> <span class='ocrx_word' id='word_1_913' title='bbox 1014 5750 1304 5822; x_wconf 88' lang='lat' dir='ltr'><strong>scriptum</strong></span> <span class='ocrx_word' id='word_1_914' title='bbox 1331 5767 1343 5806; x_wconf 91' lang='lat'><strong>:</strong></span> <span class='ocrx_word' id='word_1_915' title='bbox 1383 5749 1671 5827; x_wconf 74' lang='grc' dir='ltr'>σφραγῖδα,</span> <span class='ocrx_word' id='word_1_916' title='bbox 1703 5753 1812 5810; x_wconf 87' lang='lat' dir='ltr'><strong>etsi</strong></span> <span class='ocrx_word' id='word_1_917' title='bbox 1843 5753 1952 5810; x_wconf 90' lang='lat' dir='ltr'><strong>hoc</strong></span> <span class='ocrx_word' id='word_1_918' title='bbox 1976 5771 2105 5812; x_wconf 88' lang='lat' dir='ltr'><strong>esse</strong></span> <span class='ocrx_word' id='word_1_919' title='bbox 2128 5754 2336 5828; x_wconf 85' lang='lat' dir='ltr'><strong>possit.</strong></span> 
     </span>
    </p>
   </div>
  </div>
