  <div class='ocr_page' id='page_1' title='image "/cluster/home/n/w/nwhite01/storage/ocr_20150623/122/hvd.32044073502452/686.png"; bbox 0 0 4046 6338; ppageno 0'>
   <div class='ocr_carea' id='block_1_1' title="bbox 167 318 320 377">
    <p class='ocr_par' dir='ltr' id='par_1_1' title="bbox 167 318 320 377">
     <span class='ocr_line' id='line_1_1' title="bbox 167 318 320 377; baseline 0.013 -4"><span class='ocrx_word' id='word_1_1' title='bbox 167 318 320 377; x_wconf 59' lang='grc' dir='ltr'><strong>ί3νι3</strong></span> 
     </span>
    </p>
   </div>
   <div class='ocr_carea' id='block_1_2' title="bbox 1309 312 2432 378">
    <p class='ocr_par' dir='ltr' id='par_1_2' title="bbox 1309 312 2432 378">
     <span class='ocr_line' id='line_1_2' title="bbox 1309 312 2432 378; baseline -0.004 -1"><span class='ocrx_word' id='word_1_2' title='bbox 1309 312 1909 378; x_wconf 82' lang='lat' dir='ltr'><strong>&#39;I‘ES&#39;I‘AMEN&#39;I‘UM</strong></span> <span class='ocrx_word' id='word_1_3' title='bbox 1955 313 2432 375; x_wconf 73' lang='lat' dir='ltr'><strong>SALOMONIS.</strong></span> 
     </span>
    </p>
   </div>
   <div class='ocr_carea' id='block_1_3' title="bbox 3419 314 3581 373">
    <p class='ocr_par' dir='ltr' id='par_1_3' title="bbox 3419 314 3581 373">
     <span class='ocr_line' id='line_1_3' title="bbox 3419 314 3581 373; baseline 0 0"><span class='ocrx_word' id='word_1_4' title='bbox 3419 314 3581 373; x_wconf 66' lang='grc'><strong>1354</strong></span> 
     </span>
    </p>
   </div>
   <div class='ocr_carea' id='block_1_4' title="bbox 157 443 1832 520">
    <p class='ocr_par' dir='ltr' id='par_1_4' title="bbox 157 443 1818 520">
     <span class='ocr_line' id='line_1_4' title="bbox 157 443 1818 520; baseline -0.001 -19"><span class='ocrx_word' id='word_1_5' title='bbox 157 451 256 501; x_wconf 91' lang='grc' dir='ltr'><strong>τοῦ</strong></span> <span class='ocrx_word' id='word_1_6' title='bbox 316 446 587 520; x_wconf 82' lang='grc' dir='ltr'>στόματος</span> <span class='ocrx_word' id='word_1_7' title='bbox 639 451 738 503; x_wconf 84' lang='grc' dir='ltr'><strong>τοῦ</strong></span> <span class='ocrx_word' id='word_1_8' title='bbox 792 448 964 504; x_wconf 85' lang='grc' dir='ltr'>ἀσκοῦ</span> <span class='ocrx_word' id='word_1_9' title='bbox 1012 448 1150 504; x_wconf 79' lang='grc' dir='ltr'>κατὰ</span> <span class='ocrx_word' id='word_1_10' title='bbox 1198 450 1298 517; x_wconf 78' lang='grc' dir='ltr'><strong>τὴν</strong></span> <span class='ocrx_word' id='word_1_11' title='bbox 1326 448 1500 517; x_wconf 73' lang='grc' dir='ltr'>πνοήν</span> <span class='ocrx_word' id='word_1_12' title='bbox 1531 450 1628 503; x_wconf 88' lang='grc' dir='ltr'><strong>τοῦ</strong></span> <span class='ocrx_word' id='word_1_13' title='bbox 1654 443 1818 501; x_wconf 76' lang='grc' dir='ltr'>πνεό-</span> 
     </span>
    </p>
   </div>
   <div class='ocr_carea' id='block_1_5' title="bbox 1945 443 3585 520">
    <p class='ocr_par' dir='ltr' id='par_1_5' title="bbox 1945 445 3585 517">
     <span class='ocr_line' id='line_1_5' title="bbox 1945 445 3585 517; baseline 0 -14"><span class='ocrx_word' id='word_1_14' title='bbox 1945 445 2219 503; x_wconf 74' lang='lat' dir='ltr'><strong>:amelum</strong></span> <span class='ocrx_word' id='word_1_15' title='bbox 2270 450 2463 517; x_wconf 90' lang='lat' dir='ltr'><strong>tuum,</strong></span> <span class='ocrx_word' id='word_1_16' title='bbox 2496 447 2554 502; x_wconf 87' lang='lat' dir='ltr'><strong>et</strong></span> <span class='ocrx_word' id='word_1_17' title='bbox 2600 446 2744 502; x_wconf 76' lang='lat' dir='ltr'><strong>aﬁ‘er</strong></span> <span class='ocrx_word' id='word_1_18' title='bbox 2790 445 2936 501; x_wconf 86' lang='lat' dir='ltr'><strong>mihi</strong></span> <span class='ocrx_word' id='word_1_19' title='bbox 2983 445 3145 515; x_wconf 85' lang='lat' dir='ltr'><strong>huc;</strong></span> <span class='ocrx_word' id='word_1_20' title='bbox 3200 448 3261 501; x_wconf 92' lang='lat' dir='ltr'><strong>et</strong></span> <span class='ocrx_word' id='word_1_21' title='bbox 3302 445 3352 501; x_wconf 90' lang='lat' dir='ltr'><strong>si</strong></span> <span class='ocrx_word' id='word_1_22' title='bbox 3400 446 3459 500; x_wconf 88' lang='lat' dir='ltr'><strong>in</strong></span> <span class='ocrx_word' id='word_1_23' title='bbox 3491 447 3585 503; x_wconf 76' lang='lat' dir='ltr'><strong>via</strong></span> 
     </span>
    </p>
   </div>
   <div class='ocr_carea' id='block_1_6' title="bbox 162 534 1821 610">
    <p class='ocr_par' dir='ltr' id='par_1_6' title="bbox 162 534 1821 610">
     <span class='ocr_line' id='line_1_6' title="bbox 162 534 1821 610; baseline -0.001 -19"><span class='ocrx_word' id='word_1_24' title='bbox 162 556 359 608; x_wconf 82' lang='grc' dir='ltr'>ματος,</span> <span class='ocrx_word' id='word_1_25' title='bbox 402 535 494 591; x_wconf 84' lang='grc' dir='ltr'><strong>καὶ</strong></span> <span class='ocrx_word' id='word_1_26' title='bbox 551 535 604 590; x_wconf 79' lang='grc' dir='ltr'>ἐν</span> <span class='ocrx_word' id='word_1_27' title='bbox 664 541 743 608; x_wconf 78' lang='grc' dir='ltr'><strong>τῷ</strong></span> <span class='ocrx_word' id='word_1_28' title='bbox 797 538 1258 610; x_wconf 61' lang='grc' dir='ltr'>Μευματωθῆναι</span> <span class='ocrx_word' id='word_1_29' title='bbox 1313 538 1406 591; x_wconf 86' lang='grc' dir='ltr'>τὸν</span> <span class='ocrx_word' id='word_1_30' title='bbox 1464 537 1648 603; x_wconf 80' lang='grc' dir='ltr'>ἀσκὸν,</span> <span class='ocrx_word' id='word_1_31' title='bbox 1695 534 1821 590; x_wconf 88' lang='grc' dir='ltr'>τότε</span> 
     </span>
    </p>
   </div>
   <div class='ocr_carea' id='block_1_7' title="bbox 160 622 1817 701">
    <p class='ocr_par' dir='ltr' id='par_1_7' title="bbox 160 622 1817 701">
     <span class='ocr_line' id='line_1_7' title="bbox 160 622 1817 701; baseline 0.004 -23"><span class='ocrx_word' id='word_1_32' title='bbox 160 626 410 695; x_wconf 76' lang='grc' dir='ltr'>συνήσεις</span> <span class='ocrx_word' id='word_1_33' title='bbox 446 625 529 679; x_wconf 80' lang='grc' dir='ltr'><strong>δτι</strong></span> <span class='ocrx_word' id='word_1_34' title='bbox 572 626 600 680; x_wconf 90' lang='lat'><strong>6</strong></span> <span class='ocrx_word' id='word_1_35' title='bbox 645 622 856 697; x_wconf 87' lang='grc' dir='ltr'>δαίμων</span> <span class='ocrx_word' id='word_1_36' title='bbox 908 625 1057 682; x_wconf 79' lang='grc' dir='ltr'>ἐστί’</span> <span class='ocrx_word' id='word_1_37' title='bbox 1099 627 1191 681; x_wconf 82' lang='grc' dir='ltr'><strong>καὶ</strong></span> <span class='ocrx_word' id='word_1_38' title='bbox 1251 624 1461 700; x_wconf 82' lang='grc' dir='ltr'><strong>σπουδῇ</strong></span> <span class='ocrx_word' id='word_1_39' title='bbox 1519 623 1817 701; x_wconf 77' lang='grc' dir='ltr'>περιδήσας</span> 
     </span>
    </p>
   </div>
   <div class='ocr_carea' id='block_1_8' title="bbox 161 714 1819 793">
    <p class='ocr_par' dir='ltr' id='par_1_8' title="bbox 161 714 1819 793">
     <span class='ocr_line' id='line_1_8' title="bbox 161 714 1819 793; baseline -0.001 -25"><span class='ocrx_word' id='word_1_40' title='bbox 161 715 226 769; x_wconf 84' lang='lat'><strong>16</strong></span> <span class='ocrx_word' id='word_1_41' title='bbox 258 715 435 786; x_wconf 86' lang='grc' dir='ltr'>στόμα</span> <span class='ocrx_word' id='word_1_42' title='bbox 462 719 560 769; x_wconf 90' lang='grc' dir='ltr'><strong>τοῦ</strong></span> <span class='ocrx_word' id='word_1_43' title='bbox 612 715 802 781; x_wconf 86' lang='grc' dir='ltr'>ἀσκοῦ,</span> <span class='ocrx_word' id='word_1_44' title='bbox 832 716 1272 793; x_wconf 73' lang='grc' dir='ltr'>κατασφράγισον</span> <span class='ocrx_word' id='word_1_45' title='bbox 1315 716 1479 770; x_wconf 71' lang='grc' dir='ltr'>αὐτὸν</span> <span class='ocrx_word' id='word_1_46' title='bbox 1534 714 1666 787; x_wconf 82' lang='grc' dir='ltr'>μετὰ</span> <span class='ocrx_word' id='word_1_47' title='bbox 1721 716 1819 767; x_wconf 91' lang='grc' dir='ltr'><strong>τοῦ</strong></span> 
     </span>
    </p>
   </div>
   <div class='ocr_carea' id='block_1_9' title="bbox 164 800 1818 876">
    <p class='ocr_par' dir='ltr' id='par_1_9' title="bbox 164 800 1818 876">
     <span class='ocr_line' id='line_1_9' title="bbox 164 800 1818 876; baseline -0.002 -18"><span class='ocrx_word' id='word_1_48' title='bbox 164 802 541 871; x_wconf 83' lang='grc' dir='ltr'>δακτυλιδίου,</span> <span class='ocrx_word' id='word_1_49' title='bbox 585 807 675 859; x_wconf 77' lang='grc' dir='ltr'><strong>καὶ</strong></span> <span class='ocrx_word' id='word_1_50' title='bbox 725 804 972 876; x_wconf 74' lang='grc' dir='ltr'><strong>ἐπίταξον</strong></span> <span class='ocrx_word' id='word_1_51' title='bbox 1030 804 1192 860; x_wconf 78' lang='grc' dir='ltr'>αὐτὸν</span> <span class='ocrx_word' id='word_1_52' title='bbox 1249 804 1337 860; x_wconf 70' lang='grc' dir='ltr'>ἐπὶ</span> <span class='ocrx_word' id='word_1_53' title='bbox 1385 807 1485 874; x_wconf 79' lang='grc' dir='ltr'>τὴν</span> <span class='ocrx_word' id='word_1_54' title='bbox 1538 800 1818 876; x_wconf 85' lang='grc' dir='ltr'>κάμηλον,</span> 
     </span>
    </p>
   </div>
   <div class='ocr_carea' id='block_1_10' title="bbox 162 887 1818 964">
    <p class='ocr_par' dir='ltr' id='par_1_10' title="bbox 162 887 1818 964">
     <span class='ocr_line' id='line_1_10' title="bbox 162 887 1818 964; baseline -0.001 -19"><span class='ocrx_word' id='word_1_55' title='bbox 162 890 254 945; x_wconf 82' lang='grc' dir='ltr'><strong>καὶ</strong></span> <span class='ocrx_word' id='word_1_56' title='bbox 310 891 539 964; x_wconf 85' lang='grc' dir='ltr'>κόμισόν</span> <span class='ocrx_word' id='word_1_57' title='bbox 598 913 693 964; x_wconf 88' lang='grc' dir='ltr'><strong>μοι</strong></span> <span class='ocrx_word' id='word_1_58' title='bbox 769 891 997 948; x_wconf 73' lang='grc' dir='ltr'>ἐνθάδε·</span> <span class='ocrx_word' id='word_1_59' title='bbox 1046 893 1137 947; x_wconf 83' lang='grc' dir='ltr'><strong>καὶ</strong></span> <span class='ocrx_word' id='word_1_60' title='bbox 1202 892 1293 947; x_wconf 74' lang='grc' dir='ltr'>ἐὰν</span> <span class='ocrx_word' id='word_1_61' title='bbox 1350 892 1487 948; x_wconf 80' lang='grc' dir='ltr'>κατὰ</span> <span class='ocrx_word' id='word_1_62' title='bbox 1535 892 1634 959; x_wconf 75' lang='grc' dir='ltr'>τὴν</span> <span class='ocrx_word' id='word_1_63' title='bbox 1692 887 1818 944; x_wconf 86' lang='grc' dir='ltr'>ὁδὸν</span> 
     </span>
    </p>
   </div>
   <div class='ocr_carea' id='block_1_11' title="bbox 159 980 1822 1059">
    <p class='ocr_par' dir='ltr' id='par_1_11' title="bbox 159 980 1822 1059">
     <span class='ocr_line' id='line_1_11' title="bbox 159 980 1822 1059; baseline -0.001 -23"><span class='ocrx_word' id='word_1_64' title='bbox 159 981 311 1052; x_wconf 78' lang='grc' dir='ltr'>τάξοι</span> <span class='ocrx_word' id='word_1_65' title='bbox 360 1002 444 1037; x_wconf 92' lang='grc' dir='ltr'><strong>σοι</strong></span> <span class='ocrx_word' id='word_1_66' title='bbox 497 983 726 1057; x_wconf 79' lang='grc' dir='ltr'>χρυσίον</span> <span class='ocrx_word' id='word_1_67' title='bbox 768 982 804 1051; x_wconf 72' lang='grc' dir='ltr'><strong>ἢ</strong></span> <span class='ocrx_word' id='word_1_68' title='bbox 850 983 1109 1059; x_wconf 68' lang='grc' dir='ltr'>ἀργύριον</span> <span class='ocrx_word' id='word_1_69' title='bbox 1147 982 1183 1052; x_wconf 70' lang='grc' dir='ltr'>ἢ</span> <span class='ocrx_word' id='word_1_70' title='bbox 1214 981 1518 1054; x_wconf 76' lang='grc' dir='ltr'>θησαυροὺς</span> <span class='ocrx_word' id='word_1_71' title='bbox 1544 980 1635 1036; x_wconf 61' lang='grc' dir='ltr'>τίνα</span> <span class='ocrx_word' id='word_1_72' title='bbox 1691 981 1822 1035; x_wconf 87' lang='grc' dir='ltr'>ἀπο-</span> 
     </span>
    </p>
   </div>
   <div class='ocr_carea' id='block_1_12' title="bbox 1929 533 3587 609">
    <p class='ocr_par' dir='ltr' id='par_1_12' title="bbox 1929 533 3587 609">
     <span class='ocr_line' id='line_1_12' title="bbox 1929 533 3587 609; baseline -0.001 -18"><span class='ocrx_word' id='word_1_73' title='bbox 1929 535 2313 609; x_wconf 78' lang='lat' dir='ltr'><strong>spoponderit</strong></span> <span class='ocrx_word' id='word_1_74' title='bbox 2340 535 2446 590; x_wconf 88' lang='lat' dir='ltr'><strong>tibi</strong></span> <span class='ocrx_word' id='word_1_75' title='bbox 2479 552 2690 590; x_wconf 86' lang='lat' dir='ltr'><strong>aurum</strong></span> <span class='ocrx_word' id='word_1_76' title='bbox 2721 534 2810 590; x_wconf 86' lang='lat' dir='ltr'><strong>vel</strong></span> <span class='ocrx_word' id='word_1_77' title='bbox 2860 542 3169 606; x_wconf 79' lang='lat' dir='ltr'><strong>argentum</strong></span> <span class='ocrx_word' id='word_1_78' title='bbox 3213 533 3305 590; x_wconf 97' lang='lat' dir='ltr'><strong>vel</strong></span> <span class='ocrx_word' id='word_1_79' title='bbox 3346 534 3587 591; x_wconf 86' lang='lat' dir='ltr'><strong>thesau-</strong></span> 
     </span>
    </p>
   </div>
   <div class='ocr_carea' id='block_1_13' title="bbox 1927 622 3586 695">
    <p class='ocr_par' dir='ltr' id='par_1_13' title="bbox 1927 622 3586 695">
     <span class='ocr_line' id='line_1_13' title="bbox 1927 622 3586 695; baseline -0.001 -15"><span class='ocrx_word' id='word_1_80' title='bbox 1927 641 2046 690; x_wconf 89' lang='lat' dir='ltr'><strong>ros,</strong></span> <span class='ocrx_word' id='word_1_81' title='bbox 2081 629 2148 679; x_wconf 88' lang='lat' dir='ltr'><strong>ut</strong></span> <span class='ocrx_word' id='word_1_82' title='bbox 2178 622 2371 680; x_wconf 86' lang='lat' dir='ltr'><strong>solvas</strong></span> <span class='ocrx_word' id='word_1_83' title='bbox 2401 639 2558 686; x_wconf 88' lang='lat' dir='ltr'><strong>eum,</strong></span> <span class='ocrx_word' id='word_1_84' title='bbox 2580 623 2710 678; x_wconf 89' lang='lat' dir='ltr'><strong>vide</strong></span> <span class='ocrx_word' id='word_1_85' title='bbox 2732 639 2806 678; x_wconf 91' lang='lat' dir='ltr'><strong>ne</strong></span> <span class='ocrx_word' id='word_1_86' title='bbox 2838 622 3047 691; x_wconf 81' lang='lat' dir='ltr'><strong>facias;</strong></span> <span class='ocrx_word' id='word_1_87' title='bbox 3072 623 3173 677; x_wconf 87' lang='lat' dir='ltr'><strong>sed</strong></span> <span class='ocrx_word' id='word_1_88' title='bbox 3197 622 3586 695; x_wconf 87' lang='lat' dir='ltr'><strong>(memineris)</strong></span> 
     </span>
    </p>
   </div>
   <div class='ocr_carea' id='block_1_14' title="bbox 1928 710 3587 786">
    <p class='ocr_par' dir='ltr' id='par_1_14' title="bbox 1928 710 3587 786">
     <span class='ocr_line' id='line_1_14' title="bbox 1928 710 3587 786; baseline 0.001 -19"><span class='ocrx_word' id='word_1_89' title='bbox 1928 714 2198 786; x_wconf 68' lang='lat' dir='ltr'><strong>prmcepti</strong></span> <span class='ocrx_word' id='word_1_90' title='bbox 2234 729 2367 768; x_wconf 88' lang='lat' dir='ltr'><strong>eum</strong></span> <span class='ocrx_word' id='word_1_91' title='bbox 2411 714 2778 783; x_wconf 87' lang='lat' dir='ltr'><strong>juramento,</strong></span> <span class='ocrx_word' id='word_1_92' title='bbox 2811 716 2877 766; x_wconf 93' lang='lat' dir='ltr'><strong>ut</strong></span> <span class='ocrx_word' id='word_1_93' title='bbox 2907 711 3025 783; x_wconf 91' lang='lat' dir='ltr'><strong>(ne)</strong></span> <span class='ocrx_word' id='word_1_94' title='bbox 3059 710 3289 779; x_wconf 87' lang='lat' dir='ltr'><strong>solvas;</strong></span> <span class='ocrx_word' id='word_1_95' title='bbox 3322 717 3381 767; x_wconf 88' lang='lat' dir='ltr'><strong>et</strong></span> <span class='ocrx_word' id='word_1_96' title='bbox 3407 712 3457 767; x_wconf 87' lang='lat' dir='ltr'><strong>si</strong></span> <span class='ocrx_word' id='word_1_97' title='bbox 3487 728 3587 769; x_wconf 88' lang='lat' dir='ltr'><strong>os-</strong></span> 
     </span>
    </p>
   </div>
   <div class='ocr_carea' id='block_1_15' title="bbox 1929 801 3586 872">
    <p class='ocr_par' dir='ltr' id='par_1_15' title="bbox 1929 801 3586 872">
     <span class='ocr_line' id='line_1_15' title="bbox 1929 801 3586 872; baseline 0 -14"><span class='ocrx_word' id='word_1_98' title='bbox 1929 801 2183 858; x_wconf 85' lang='lat' dir='ltr'><strong>tenderit</strong></span> <span class='ocrx_word' id='word_1_99' title='bbox 2210 801 2314 856; x_wconf 84' lang='lat' dir='ltr'><strong>tibi</strong></span> <span class='ocrx_word' id='word_1_100' title='bbox 2357 801 2485 856; x_wconf 78' lang='lat' dir='ltr'><strong>loca</strong></span> <span class='ocrx_word' id='word_1_101' title='bbox 2515 802 2638 855; x_wconf 90' lang='lat' dir='ltr'><strong>auri</strong></span> <span class='ocrx_word' id='word_1_102' title='bbox 2683 806 2741 857; x_wconf 90' lang='lat' dir='ltr'><strong>et</strong></span> <span class='ocrx_word' id='word_1_103' title='bbox 2788 801 3036 872; x_wconf 88' lang='lat' dir='ltr'><strong>argenti,</strong></span> <span class='ocrx_word' id='word_1_104' title='bbox 3068 804 3383 872; x_wconf 81' lang='lat' dir='ltr'><strong>postquam</strong></span> <span class='ocrx_word' id='word_1_105' title='bbox 3416 806 3586 858; x_wconf 89' lang='lat' dir='ltr'><strong>nota-</strong></span> 
     </span>
    </p>
   </div>
   <div class='ocr_carea' id='block_1_16' title="bbox 1927 889 3580 961">
    <p class='ocr_par' dir='ltr' id='par_1_16' title="bbox 1927 889 3580 961">
     <span class='ocr_line' id='line_1_16' title="bbox 1927 889 3580 961; baseline 0.001 -17"><span class='ocrx_word' id='word_1_106' title='bbox 1927 891 2082 947; x_wconf 88' lang='lat' dir='ltr'><strong>veris</strong></span> <span class='ocrx_word' id='word_1_107' title='bbox 2112 890 2259 953; x_wconf 86' lang='lat' dir='ltr'><strong>loca,</strong></span> <span class='ocrx_word' id='word_1_108' title='bbox 2291 889 2459 960; x_wconf 86' lang='lat' dir='ltr'><strong>signa</strong></span> <span class='ocrx_word' id='word_1_109' title='bbox 2504 889 2699 961; x_wconf 89' lang='lat' dir='ltr'><strong>sigillo</strong></span> <span class='ocrx_word' id='word_1_110' title='bbox 2731 890 2859 954; x_wconf 90' lang='lat' dir='ltr'><strong>hoc,</strong></span> <span class='ocrx_word' id='word_1_111' title='bbox 2893 895 2951 945; x_wconf 89' lang='lat' dir='ltr'><strong>et</strong></span> <span class='ocrx_word' id='word_1_112' title='bbox 2997 891 3184 945; x_wconf 81' lang='lat' dir='ltr'><strong>adduc</strong></span> <span class='ocrx_word' id='word_1_113' title='bbox 3227 905 3359 945; x_wconf 90' lang='lat' dir='ltr'><strong>eum</strong></span> <span class='ocrx_word' id='word_1_114' title='bbox 3395 891 3537 946; x_wconf 88' lang='lat' dir='ltr'><strong>mihi</strong></span> <span class='ocrx_word' id='word_1_115' title='bbox 3565 908 3580 960; x_wconf 87' lang='lat'><strong>;</strong></span> 
     </span>
    </p>
   </div>
   <div class='ocr_carea' id='block_1_17' title="bbox 1922 977 3000 1049">
    <p class='ocr_par' dir='ltr' id='par_1_17' title="bbox 1922 977 3000 1049">
     <span class='ocr_line' id='line_1_17' title="bbox 1922 977 3000 1049; baseline -0.002 -17"><span class='ocrx_word' id='word_1_116' title='bbox 1922 980 2045 1049; x_wconf 85' lang='lat' dir='ltr'><strong>jam</strong></span> <span class='ocrx_word' id='word_1_117' title='bbox 2077 981 2222 1034; x_wconf 86' lang='lat' dir='ltr'><strong>vade</strong></span> <span class='ocrx_word' id='word_1_118' title='bbox 2248 982 2307 1032; x_wconf 87' lang='lat' dir='ltr'><strong>in</strong></span> <span class='ocrx_word' id='word_1_119' title='bbox 2345 995 2621 1049; x_wconf 86' lang='lat' dir='ltr'><strong>prospera</strong></span> <span class='ocrx_word' id='word_1_120' title='bbox 2649 977 3000 1033; x_wconf 81' lang='lat' dir='ltr'><strong>valetudine.</strong></span> 
     </span>
    </p>
   </div>
   <div class='ocr_carea' id='block_1_18' title="bbox 157 1062 3585 1145">
    <p class='ocr_par' dir='ltr' id='par_1_18' title="bbox 157 1062 3585 1145">
     <span class='ocr_line' id='line_1_18' title="bbox 157 1062 3585 1145; baseline -0.001 -20"><span class='ocrx_word' id='word_1_121' title='bbox 157 1069 334 1145; x_wconf 79' lang='grc' dir='ltr'>λύσῃς</span> <span class='ocrx_word' id='word_1_122' title='bbox 387 1069 566 1127; x_wconf 78' lang='grc' dir='ltr'>αὐτὸν.</span> <span class='ocrx_word' id='word_1_123' title='bbox 624 1069 794 1145; x_wconf 77' lang='grc' dir='ltr'>βλὲπε</span> <span class='ocrx_word' id='word_1_124' title='bbox 854 1073 927 1145; x_wconf 76' lang='grc' dir='ltr'>μὴ</span> <span class='ocrx_word' id='word_1_125' title='bbox 987 1076 1216 1145; x_wconf 78' lang='grc' dir='ltr'>πεισθῇς</span> <span class='ocrx_word' id='word_1_126' title='bbox 1248 1090 1262 1106; x_wconf 76' lang='grc' dir='ltr'><strong>ο</strong></span> <span class='ocrx_word' id='word_1_127' title='bbox 1325 1071 1474 1127; x_wconf 82' lang='grc' dir='ltr'>ἀλλὰ</span> <span class='ocrx_word' id='word_1_128' title='bbox 1536 1069 1804 1139; x_wconf 81' lang='grc' dir='ltr'>σύνταξαι,</span> <span class='ocrx_word' id='word_1_129' title='bbox 1855 1063 1971 1131; x_wconf 73' lang='grc' dir='ltr'>ἄνα,</span> <span class='ocrx_word' id='word_1_130' title='bbox 2024 1064 2189 1140; x_wconf 79' lang='grc' dir='ltr'>ὅρκου</span> <span class='ocrx_word' id='word_1_131' title='bbox 2257 1064 2527 1120; x_wconf 62' lang='grc' dir='ltr'>ἀπολῦσαι</span> <span class='ocrx_word' id='word_1_132' title='bbox 2562 1086 2575 1099; x_wconf 78' lang='grc' dir='ltr'><strong>ο</strong></span> <span class='ocrx_word' id='word_1_133' title='bbox 2628 1067 2720 1119; x_wconf 78' lang='grc' dir='ltr'><strong>καὶ</strong></span> <span class='ocrx_word' id='word_1_134' title='bbox 2775 1064 2865 1119; x_wconf 76' lang='grc' dir='ltr'>ἐὰν</span> <span class='ocrx_word' id='word_1_135' title='bbox 2923 1062 3182 1139; x_wconf 78' lang='grc' dir='ltr'><strong>ἀποδείξῃ</strong></span> <span class='ocrx_word' id='word_1_136' title='bbox 3237 1087 3321 1122; x_wconf 88' lang='grc' dir='ltr'><strong>σοι</strong></span> <span class='ocrx_word' id='word_1_137' title='bbox 3379 1068 3585 1132; x_wconf 81' lang='grc' dir='ltr'>τόπους</span> 
     </span>
    </p>
   </div>
   <div class='ocr_carea' id='block_1_19' title="bbox 154 1158 822 1235">
    <p class='ocr_par' dir='ltr' id='par_1_19' title="bbox 154 1158 822 1235">
     <span class='ocr_line' id='line_1_19' title="bbox 154 1158 822 1235; baseline 0.001 -22"><span class='ocrx_word' id='word_1_138' title='bbox 154 1158 389 1235; x_wconf 85' lang='grc' dir='ltr'>χρυσίου</span> <span class='ocrx_word' id='word_1_139' title='bbox 445 1161 481 1231; x_wconf 79' lang='grc' dir='ltr'><strong>ἢ</strong></span> <span class='ocrx_word' id='word_1_140' title='bbox 534 1160 791 1235; x_wconf 80' lang='grc' dir='ltr'>ἀργυρίου</span> <span class='ocrx_word' id='word_1_141' title='bbox 807 1204 822 1229; x_wconf 90' lang='grc'><strong>,</strong></span> 
     </span>
    </p>
   </div>
   <div class='ocr_carea' id='block_1_20' title="bbox 152 1246 981 1325">
    <p class='ocr_par' dir='ltr' id='par_1_20' title="bbox 152 1246 981 1325">
     <span class='ocr_line' id='line_1_20' title="bbox 152 1246 981 1325; baseline 0.005 -22"><span class='ocrx_word' id='word_1_142' title='bbox 152 1248 251 1303; x_wconf 82' lang='grc' dir='ltr'><strong>τόν</strong></span> <span class='ocrx_word' id='word_1_143' title='bbox 277 1268 291 1281; x_wconf 87' lang='grc'><strong>·</strong></span> <span class='ocrx_word' id='word_1_144' title='bbox 323 1246 434 1319; x_wconf 77' lang='grc' dir='ltr'>ἤδη</span> <span class='ocrx_word' id='word_1_145' title='bbox 467 1248 668 1312; x_wconf 82' lang='grc' dir='ltr'>ἄπελθε</span> <span class='ocrx_word' id='word_1_146' title='bbox 701 1248 981 1325; x_wconf 74' lang='grc' dir='ltr'>ὑγιαίνων.</span> 
     </span>
    </p>
   </div>
   <div class='ocr_carea' id='block_1_21' title="bbox 234 1368 1826 1449">
    <p class='ocr_par' dir='ltr' id='par_1_21' title="bbox 234 1368 1826 1449">
     <span class='ocr_line' id='line_1_21' title="bbox 234 1368 1826 1449; baseline -0.004 -18"><span class='ocrx_word' id='word_1_147' title='bbox 234 1372 374 1431; x_wconf 87' lang='grc' dir='ltr'>Τότε</span> <span class='ocrx_word' id='word_1_148' title='bbox 432 1374 460 1429; x_wconf 98' lang='lat'><strong>6</strong></span> <span class='ocrx_word' id='word_1_149' title='bbox 515 1378 639 1437; x_wconf 88' lang='grc' dir='ltr'>παῖς</span> <span class='ocrx_word' id='word_1_150' title='bbox 692 1375 759 1429; x_wconf 72' lang='grc' dir='ltr'>τὰ</span> <span class='ocrx_word' id='word_1_151' title='bbox 818 1374 1181 1449; x_wconf 70' lang='grc' dir='ltr'><strong>ἐντεταλμένα</strong></span> <span class='ocrx_word' id='word_1_152' title='bbox 1223 1373 1370 1448; x_wconf 78' lang='grc' dir='ltr'><strong>αὖτῷ</strong></span> <span class='ocrx_word' id='word_1_153' title='bbox 1426 1374 1674 1445; x_wconf 74' lang='grc' dir='ltr'>ἐποίησε,</span> <span class='ocrx_word' id='word_1_154' title='bbox 1734 1368 1826 1427; x_wconf 80' lang='grc' dir='ltr'>καί</span> 
     </span>
    </p>
   </div>
   <div class='ocr_carea' id='block_1_22' title="bbox 161 1461 1824 1539">
    <p class='ocr_par' dir='ltr' id='par_1_22' title="bbox 161 1461 1824 1539">
     <span class='ocr_line' id='line_1_22' title="bbox 161 1461 1824 1539; baseline -0.001 -21"><span class='ocrx_word' id='word_1_155' title='bbox 161 1462 386 1537; x_wconf 69' lang='grc' dir='ltr'>Ξπέταξε</span> <span class='ocrx_word' id='word_1_156' title='bbox 439 1465 539 1535; x_wconf 73' lang='grc' dir='ltr'>τήν</span> <span class='ocrx_word' id='word_1_157' title='bbox 596 1462 880 1539; x_wconf 71' lang='grc' dir='ltr'>κάμηλον,</span> <span class='ocrx_word' id='word_1_158' title='bbox 938 1465 1030 1520; x_wconf 82' lang='grc' dir='ltr'>καὶ</span> <span class='ocrx_word' id='word_1_159' title='bbox 1114 1464 1271 1537; x_wconf 75' lang='grc' dir='ltr'>ἔθηκε</span> <span class='ocrx_word' id='word_1_160' title='bbox 1326 1465 1419 1521; x_wconf 86' lang='grc' dir='ltr'>τὸν</span> <span class='ocrx_word' id='word_1_161' title='bbox 1507 1463 1665 1520; x_wconf 86' lang='grc' dir='ltr'>ἀσκὸν</span> <span class='ocrx_word' id='word_1_162' title='bbox 1733 1461 1824 1517; x_wconf 82' lang='grc' dir='ltr'><strong>καὶ</strong></span> 
     </span>
    </p>
   </div>
   <div class='ocr_carea' id='block_1_23' title="bbox 161 1549 1826 1630">
    <p class='ocr_par' dir='ltr' id='par_1_23' title="bbox 161 1549 1826 1630">
     <span class='ocr_line' id='line_1_23' title="bbox 161 1549 1826 1630; baseline 0 -23"><span class='ocrx_word' id='word_1_163' title='bbox 161 1550 434 1629; x_wconf 72' lang='grc' dir='ltr'><strong>ἐπορεύθη</strong></span> <span class='ocrx_word' id='word_1_164' title='bbox 496 1552 573 1617; x_wconf 80' lang='grc' dir='ltr'><strong>είς</strong></span> <span class='ocrx_word' id='word_1_165' title='bbox 622 1555 721 1625; x_wconf 68' lang='grc' dir='ltr'><strong>τὴν</strong></span> <span class='ocrx_word' id='word_1_166' title='bbox 783 1549 1043 1630; x_wconf 72' lang='grc' dir='ltr'>Ἀραϐίαν</span> <span class='ocrx_word' id='word_1_167' title='bbox 1078 1576 1090 1589; x_wconf 91' lang='grc'><strong>·</strong></span> <span class='ocrx_word' id='word_1_168' title='bbox 1150 1555 1239 1611; x_wconf 87' lang='grc' dir='ltr'>καὶ</span> <span class='ocrx_word' id='word_1_169' title='bbox 1289 1555 1345 1609; x_wconf 77' lang='grc' dir='ltr'>οἱ</span> <span class='ocrx_word' id='word_1_170' title='bbox 1405 1552 1679 1630; x_wconf 74' lang='grc' dir='ltr'>ἄνθρωποι</span> <span class='ocrx_word' id='word_1_171' title='bbox 1727 1555 1826 1607; x_wconf 89' lang='grc' dir='ltr'><strong>τοῦ</strong></span> 
     </span>
    </p>
   </div>
   <div class='ocr_carea' id='block_1_24' title="bbox 156 1641 1823 1721">
    <p class='ocr_par' dir='ltr' id='par_1_24' title="bbox 156 1641 1823 1721">
     <span class='ocr_line' id='line_1_24' title="bbox 156 1641 1823 1721; baseline -0.002 -24"><span class='ocrx_word' id='word_1_172' title='bbox 156 1643 336 1698; x_wconf 80' lang='grc' dir='ltr'>τόπου</span> <span class='ocrx_word' id='word_1_173' title='bbox 361 1642 575 1699; x_wconf 71' lang='grc' dir='ltr'>ἐκείνοῦ</span> <span class='ocrx_word' id='word_1_174' title='bbox 605 1643 891 1717; x_wconf 76' lang='grc' dir='ltr'>ἠπίστουν,</span> <span class='ocrx_word' id='word_1_175' title='bbox 924 1644 970 1700; x_wconf 85' lang='grc' dir='ltr'>εἷ</span> <span class='ocrx_word' id='word_1_176' title='bbox 1025 1641 1128 1721; x_wconf 70' lang='grc' dir='ltr'>ἄρα</span> <span class='ocrx_word' id='word_1_177' title='bbox 1186 1642 1472 1716; x_wconf 76' lang='grc' dir='ltr'>δυνήσεται</span> <span class='ocrx_word' id='word_1_178' title='bbox 1530 1644 1594 1699; x_wconf 86' lang='grc' dir='ltr'>τὸ</span> <span class='ocrx_word' id='word_1_179' title='bbox 1652 1663 1823 1712; x_wconf 78' lang='grc' dir='ltr'>πονη-</span> 
     </span>
    </p>
   </div>
   <div class='ocr_carea' id='block_1_25' title="bbox 161 1728 1824 1817">
    <p class='ocr_par' dir='ltr' id='par_1_25' title="bbox 161 1728 1824 1817">
     <span class='ocr_line' id='line_1_25' title="bbox 161 1728 1824 1817; baseline -0.002 -29"><span class='ocrx_word' id='word_1_180' title='bbox 161 1732 257 1808; x_wconf 82' lang='grc' dir='ltr'><strong>ρὸν</strong></span> <span class='ocrx_word' id='word_1_181' title='bbox 339 1736 554 1807; x_wconf 86' lang='grc' dir='ltr'>πνεῦμα</span> <span class='ocrx_word' id='word_1_182' title='bbox 636 1728 1021 1791; x_wconf 74' lang='grc' dir='ltr'>συλλαϐέσθαι.</span> <span class='ocrx_word' id='word_1_183' title='bbox 1082 1735 1322 1810; x_wconf 85' lang='grc' dir='ltr'>’Όρθρου</span> <span class='ocrx_word' id='word_1_184' title='bbox 1393 1729 1450 1788; x_wconf 71' lang='grc' dir='ltr'>δὲ</span> <span class='ocrx_word' id='word_1_185' title='bbox 1506 1732 1824 1817; x_wconf 62' lang='grc' dir='ltr'>γενομένου,</span> 
     </span>
    </p>
   </div>
   <div class='ocr_carea' id='block_1_26' title="bbox 159 1819 1825 1895">
    <p class='ocr_par' dir='ltr' id='par_1_26' title="bbox 159 1819 1825 1895">
     <span class='ocr_line' id='line_1_26' title="bbox 159 1819 1825 1895; baseline -0.001 -20"><span class='ocrx_word' id='word_1_186' title='bbox 159 1820 391 1884; x_wconf 77' lang='grc' dir='ltr'>ἀναστὰς</span> <span class='ocrx_word' id='word_1_187' title='bbox 451 1823 480 1877; x_wconf 86' lang='grc' dir='ltr'><strong>ὁ</strong></span> <span class='ocrx_word' id='word_1_188' title='bbox 520 1819 737 1894; x_wconf 75' lang='grc' dir='ltr'>οἷκέτης</span> <span class='ocrx_word' id='word_1_189' title='bbox 794 1819 921 1893; x_wconf 80' lang='grc' dir='ltr'>ἔστη</span> <span class='ocrx_word' id='word_1_190' title='bbox 973 1823 1311 1878; x_wconf 73' lang='grc' dir='ltr'>κατενώπιον</span> <span class='ocrx_word' id='word_1_191' title='bbox 1365 1826 1463 1878; x_wconf 90' lang='grc' dir='ltr'><strong>τοῦ</strong></span> <span class='ocrx_word' id='word_1_192' title='bbox 1516 1819 1825 1895; x_wconf 72' lang='grc' dir='ltr'>πνεύματος</span> 
     </span>
    </p>
   </div>
   <div class='ocr_carea' id='block_1_27' title="bbox 880 1151 3584 1234">
    <p class='ocr_par' dir='ltr' id='par_1_27' title="bbox 880 1151 3584 1234">
     <span class='ocr_line' id='line_1_27' title="bbox 880 1151 3584 1234; baseline -0.005 -19"><span class='ocrx_word' id='word_1_193' title='bbox 880 1160 1325 1233; x_wconf 80' lang='grc' dir='ltr'>σημειωσάμενος</span> <span class='ocrx_word' id='word_1_194' title='bbox 1398 1159 1526 1221; x_wconf 83' lang='grc' dir='ltr'>τοὺς</span> <span class='ocrx_word' id='word_1_195' title='bbox 1575 1157 1777 1219; x_wconf 78' lang='grc' dir='ltr'>τόπους</span> <span class='ocrx_word' id='word_1_196' title='bbox 1829 1154 2117 1234; x_wconf 75' lang='grc' dir='ltr'>σφράγισαι</span> <span class='ocrx_word' id='word_1_197' title='bbox 2164 1156 2268 1224; x_wconf 87' lang='grc' dir='ltr'><strong>τήν</strong></span> <span class='ocrx_word' id='word_1_198' title='bbox 2347 1151 2614 1232; x_wconf 79' lang='grc' dir='ltr'>σφραγῖδα</span> <span class='ocrx_word' id='word_1_199' title='bbox 2662 1152 2887 1223; x_wconf 77' lang='grc' dir='ltr'>ταύτην,</span> <span class='ocrx_word' id='word_1_200' title='bbox 2944 1153 3034 1209; x_wconf 88' lang='grc' dir='ltr'><strong>καὶ</strong></span> <span class='ocrx_word' id='word_1_201' title='bbox 3092 1152 3266 1230; x_wconf 72' lang='grc' dir='ltr'>ἅπαγέ</span> <span class='ocrx_word' id='word_1_202' title='bbox 3334 1177 3426 1229; x_wconf 90' lang='grc' dir='ltr'><strong>μοι</strong></span> <span class='ocrx_word' id='word_1_203' title='bbox 3489 1157 3584 1212; x_wconf 72' lang='grc' dir='ltr'><strong>αὖ-</strong></span> 
     </span>
    </p>
   </div>
   <div class='ocr_carea' id='block_1_28' title="bbox 2004 1369 3587 1444">
    <p class='ocr_par' dir='ltr' id='par_1_28' title="bbox 2004 1369 3587 1444">
     <span class='ocr_line' id='line_1_28' title="bbox 2004 1369 3587 1444; baseline 0 -17"><span class='ocrx_word' id='word_1_204' title='bbox 2004 1371 2167 1427; x_wconf 91' lang='lat' dir='ltr'><strong>Tunc</strong></span> <span class='ocrx_word' id='word_1_205' title='bbox 2209 1387 2354 1443; x_wconf 88' lang='lat' dir='ltr'><strong>puer</strong></span> <span class='ocrx_word' id='word_1_206' title='bbox 2395 1369 2684 1443; x_wconf 72' lang='lat' dir='ltr'><strong>imperata</strong></span> <span class='ocrx_word' id='word_1_207' title='bbox 2734 1370 2846 1427; x_wconf 91' lang='lat' dir='ltr'><strong>sibi</strong></span> <span class='ocrx_word' id='word_1_208' title='bbox 2903 1371 3065 1439; x_wconf 82' lang='lat' dir='ltr'><strong>fecit;</strong></span> <span class='ocrx_word' id='word_1_209' title='bbox 3118 1369 3346 1444; x_wconf 86' lang='lat' dir='ltr'><strong>paravit</strong></span> <span class='ocrx_word' id='word_1_210' title='bbox 3395 1386 3587 1428; x_wconf 89' lang='lat' dir='ltr'><strong>came-</strong></span> 
     </span>
    </p>
   </div>
   <div class='ocr_carea' id='block_1_29' title="bbox 1934 1460 3592 1534">
    <p class='ocr_par' dir='ltr' id='par_1_29' title="bbox 1934 1460 3592 1534">
     <span class='ocr_line' id='line_1_29' title="bbox 1934 1460 3592 1534; baseline 0.001 -18"><span class='ocrx_word' id='word_1_211' title='bbox 1934 1461 2082 1533; x_wconf 89' lang='lat' dir='ltr'><strong>lum,</strong></span> <span class='ocrx_word' id='word_1_212' title='bbox 2118 1460 2402 1534; x_wconf 88' lang='lat' dir='ltr'><strong>imposuit</strong></span> <span class='ocrx_word' id='word_1_213' title='bbox 2433 1464 2642 1528; x_wconf 80' lang='lat' dir='ltr'><strong>utrem,</strong></span> <span class='ocrx_word' id='word_1_214' title='bbox 2676 1464 2734 1516; x_wconf 90' lang='lat' dir='ltr'><strong>et</strong></span> <span class='ocrx_word' id='word_1_215' title='bbox 2766 1460 2912 1517; x_wconf 87' lang='lat' dir='ltr'><strong>abiit</strong></span> <span class='ocrx_word' id='word_1_216' title='bbox 2942 1460 3000 1516; x_wconf 91' lang='lat' dir='ltr'><strong>in</strong></span> <span class='ocrx_word' id='word_1_217' title='bbox 3052 1462 3346 1518; x_wconf 87' lang='lat' dir='ltr'><strong>Arabiam.</strong></span> <span class='ocrx_word' id='word_1_218' title='bbox 3384 1462 3452 1517; x_wconf 82' lang='lat' dir='ltr'><strong>Et</strong></span> <span class='ocrx_word' id='word_1_219' title='bbox 3482 1460 3592 1517; x_wconf 91' lang='lat' dir='ltr'><strong>viri</strong></span> 
     </span>
    </p>
   </div>
   <div class='ocr_carea' id='block_1_30' title="bbox 1934 1549 3594 1624">
    <p class='ocr_par' dir='ltr' id='par_1_30' title="bbox 1934 1549 3594 1624">
     <span class='ocr_line' id='line_1_30' title="bbox 1934 1549 3594 1624; baseline 0.001 -18"><span class='ocrx_word' id='word_1_220' title='bbox 1934 1550 2045 1606; x_wconf 91' lang='lat' dir='ltr'><strong>loci</strong></span> <span class='ocrx_word' id='word_1_221' title='bbox 2077 1550 2236 1606; x_wconf 88' lang='lat' dir='ltr'><strong>illius</strong></span> <span class='ocrx_word' id='word_1_222' title='bbox 2269 1566 2382 1605; x_wconf 89' lang='lat' dir='ltr'><strong>non</strong></span> <span class='ocrx_word' id='word_1_223' title='bbox 2415 1550 2729 1606; x_wconf 80' lang='lat' dir='ltr'><strong>credebant</strong></span> <span class='ocrx_word' id='word_1_224' title='bbox 2761 1551 2912 1623; x_wconf 92' lang='lat' dir='ltr'><strong>quod</strong></span> <span class='ocrx_word' id='word_1_225' title='bbox 2942 1558 3140 1623; x_wconf 84' lang='lat' dir='ltr'><strong>posset</strong></span> <span class='ocrx_word' id='word_1_226' title='bbox 3172 1549 3445 1624; x_wconf 83' lang='lat' dir='ltr'><strong>spiritum</strong></span> <span class='ocrx_word' id='word_1_227' title='bbox 3475 1567 3594 1607; x_wconf 86' lang='lat' dir='ltr'><strong>ma-</strong></span> 
     </span>
    </p>
   </div>
   <div class='ocr_carea' id='block_1_31' title="bbox 1934 1637 3594 1714">
    <p class='ocr_par' dir='ltr' id='par_1_31' title="bbox 1934 1637 3594 1714">
     <span class='ocr_line' id='line_1_31' title="bbox 1934 1637 3594 1714; baseline 0.002 -21"><span class='ocrx_word' id='word_1_228' title='bbox 1934 1637 2059 1693; x_wconf 90' lang='lat' dir='ltr'><strong>lum</strong></span> <span class='ocrx_word' id='word_1_229' title='bbox 2080 1638 2515 1712; x_wconf 84' lang='lat' dir='ltr'><strong>apprehendere</strong></span> <span class='ocrx_word' id='word_1_230' title='bbox 2539 1657 2552 1709; x_wconf 94' lang='lat'>;</span> <span class='ocrx_word' id='word_1_231' title='bbox 2580 1656 2749 1695; x_wconf 84' lang='lat' dir='ltr'><strong>mane</strong></span> <span class='ocrx_word' id='word_1_232' title='bbox 2769 1646 2963 1696; x_wconf 85' lang='lat' dir='ltr'><strong>autem</strong></span> <span class='ocrx_word' id='word_1_233' title='bbox 2983 1640 3157 1708; x_wconf 80' lang='lat' dir='ltr'><strong>facto,</strong></span> <span class='ocrx_word' id='word_1_234' title='bbox 3179 1657 3425 1714; x_wconf 76' lang='lat' dir='ltr'><strong>surgens</strong></span> <span class='ocrx_word' id='word_1_235' title='bbox 3448 1656 3594 1712; x_wconf 89' lang='lat' dir='ltr'><strong>puer</strong></span> 
     </span>
    </p>
   </div>
   <div class='ocr_carea' id='block_1_32' title="bbox 1937 1730 3592 1805">
    <p class='ocr_par' dir='ltr' id='par_1_32' title="bbox 1937 1730 3592 1805">
     <span class='ocr_line' id='line_1_32' title="bbox 1937 1730 3592 1805; baseline 0.001 -20"><span class='ocrx_word' id='word_1_236' title='bbox 1937 1730 2100 1786; x_wconf 78' lang='lat' dir='ltr'><strong>stetit</strong></span> <span class='ocrx_word' id='word_1_237' title='bbox 2156 1736 2289 1786; x_wconf 90' lang='lat' dir='ltr'><strong>ante</strong></span> <span class='ocrx_word' id='word_1_238' title='bbox 2339 1731 2544 1786; x_wconf 85' lang='lat' dir='ltr'><strong>ﬂatum</strong></span> <span class='ocrx_word' id='word_1_239' title='bbox 2596 1732 2773 1799; x_wconf 91' lang='lat' dir='ltr'><strong>venti,</strong></span> <span class='ocrx_word' id='word_1_240' title='bbox 2822 1736 2879 1788; x_wconf 88' lang='lat' dir='ltr'><strong>et</strong></span> <span class='ocrx_word' id='word_1_241' title='bbox 2927 1732 3128 1805; x_wconf 87' lang='lat' dir='ltr'><strong>posuit</strong></span> <span class='ocrx_word' id='word_1_242' title='bbox 3174 1735 3362 1789; x_wconf 84' lang='lat' dir='ltr'><strong>utrem</strong></span> <span class='ocrx_word' id='word_1_243' title='bbox 3415 1748 3592 1805; x_wconf 85' lang='lat' dir='ltr'><strong>super</strong></span> 
     </span>
    </p>
   </div>
   <div class='ocr_carea' id='block_1_33' title="bbox 1935 1819 3594 1891">
    <p class='ocr_par' dir='ltr' id='par_1_33' title="bbox 1935 1819 3594 1891">
     <span class='ocr_line' id='line_1_33' title="bbox 1935 1819 3594 1891; baseline 0.002 -17"><span class='ocrx_word' id='word_1_244' title='bbox 1935 1819 2358 1891; x_wconf 81' lang='lat' dir='ltr'><strong>pavimentum,</strong></span> <span class='ocrx_word' id='word_1_245' title='bbox 2408 1824 2465 1877; x_wconf 91' lang='lat' dir='ltr'><strong>et</strong></span> <span class='ocrx_word' id='word_1_246' title='bbox 2509 1820 2793 1876; x_wconf 79' lang='lat' dir='ltr'><strong>annulum</strong></span> <span class='ocrx_word' id='word_1_247' title='bbox 2849 1821 2920 1877; x_wconf 92' lang='lat' dir='ltr'><strong>ad</strong></span> <span class='ocrx_word' id='word_1_248' title='bbox 2966 1839 3032 1877; x_wconf 93' lang='lat' dir='ltr'><strong>os</strong></span> <span class='ocrx_word' id='word_1_249' title='bbox 3084 1821 3268 1890; x_wconf 84' lang='lat' dir='ltr'><strong>utris;</strong></span> <span class='ocrx_word' id='word_1_250' title='bbox 3318 1826 3375 1878; x_wconf 87' lang='lat' dir='ltr'><strong>et</strong></span> <span class='ocrx_word' id='word_1_251' title='bbox 3434 1819 3594 1877; x_wconf 82' lang='lat' dir='ltr'><strong>ﬂavit</strong></span> 
     </span>
    </p>
   </div>
   <div class='ocr_carea' id='block_1_34' title="bbox 156 1906 1832 1989">
    <p class='ocr_par' dir='ltr' id='par_1_34' title="bbox 156 1906 1825 1989">
     <span class='ocr_line' id='line_1_34' title="bbox 156 1906 1825 1989; baseline 0 -25"><span class='ocrx_word' id='word_1_252' title='bbox 156 1917 262 1980; x_wconf 74' lang='grc' dir='ltr'>τῆς</span> <span class='ocrx_word' id='word_1_253' title='bbox 322 1912 518 1979; x_wconf 72' lang='grc' dir='ltr'>πνοῆς,</span> <span class='ocrx_word' id='word_1_254' title='bbox 549 1910 639 1965; x_wconf 79' lang='grc' dir='ltr'><strong>καὶ</strong></span> <span class='ocrx_word' id='word_1_255' title='bbox 670 1906 831 1981; x_wconf 67' lang='grc' dir='ltr'>ἔθηκε</span> <span class='ocrx_word' id='word_1_256' title='bbox 857 1912 951 1967; x_wconf 86' lang='grc' dir='ltr'>τὸν</span> <span class='ocrx_word' id='word_1_257' title='bbox 1010 1912 1175 1968; x_wconf 84' lang='grc' dir='ltr'>ἀσκὸν</span> <span class='ocrx_word' id='word_1_258' title='bbox 1226 1910 1312 1967; x_wconf 79' lang='grc' dir='ltr'>ἐπὶ</span> <span class='ocrx_word' id='word_1_259' title='bbox 1369 1912 1432 1967; x_wconf 87' lang='grc' dir='ltr'><strong>τὸ</strong></span> <span class='ocrx_word' id='word_1_260' title='bbox 1485 1908 1703 1989; x_wconf 73' lang='grc' dir='ltr'>ἔδαφος,</span> <span class='ocrx_word' id='word_1_261' title='bbox 1735 1910 1825 1965; x_wconf 86' lang='grc' dir='ltr'><strong>καὶ</strong></span> 
     </span>
    </p>
   </div>
   <div class='ocr_carea' id='block_1_35' title="bbox 1945 1906 3589 1989">
    <p class='ocr_par' dir='ltr' id='par_1_35' title="bbox 1945 1909 3589 1983">
     <span class='ocr_line' id='line_1_35' title="bbox 1945 1909 3589 1983; baseline 0 -18"><span class='ocrx_word' id='word_1_262' title='bbox 1945 1910 2161 1966; x_wconf 65' lang='lat' dir='ltr'><strong>daemon</strong></span> <span class='ocrx_word' id='word_1_263' title='bbox 2222 1927 2324 1983; x_wconf 84' lang='lat' dir='ltr'><strong>per</strong></span> <span class='ocrx_word' id='word_1_264' title='bbox 2372 1910 2629 1966; x_wconf 89' lang='lat' dir='ltr'><strong>medium</strong></span> <span class='ocrx_word' id='word_1_265' title='bbox 2681 1910 2909 1980; x_wconf 87' lang='lat' dir='ltr'><strong>annuli,</strong></span> <span class='ocrx_word' id='word_1_266' title='bbox 2956 1911 3012 1967; x_wconf 89' lang='lat' dir='ltr'><strong>in</strong></span> <span class='ocrx_word' id='word_1_267' title='bbox 3067 1927 3132 1968; x_wconf 90' lang='lat' dir='ltr'><strong>os</strong></span> <span class='ocrx_word' id='word_1_268' title='bbox 3181 1912 3351 1982; x_wconf 89' lang='lat' dir='ltr'><strong>utris,</strong></span> <span class='ocrx_word' id='word_1_269' title='bbox 3396 1915 3453 1968; x_wconf 89' lang='lat' dir='ltr'><strong>et</strong></span> <span class='ocrx_word' id='word_1_270' title='bbox 3500 1909 3589 1965; x_wconf 90' lang='lat' dir='ltr'><strong>in-</strong></span> 
     </span>
    </p>
   </div>
   <div class='ocr_carea' id='block_1_36' title="bbox 156 1996 1832 2076">
    <p class='ocr_par' dir='ltr' id='par_1_36' title="bbox 156 1996 1824 2076">
     <span class='ocr_line' id='line_1_36' title="bbox 156 1996 1824 2076; baseline -0.001 -23"><span class='ocrx_word' id='word_1_271' title='bbox 156 2000 223 2055; x_wconf 86' lang='lat'><strong>16</strong></span> <span class='ocrx_word' id='word_1_272' title='bbox 272 1996 619 2056; x_wconf 75' lang='grc' dir='ltr'>δακτυλίδιον</span> <span class='ocrx_word' id='word_1_273' title='bbox 681 1997 769 2054; x_wconf 78' lang='grc' dir='ltr'><strong>ὲπὶ</strong></span> <span class='ocrx_word' id='word_1_274' title='bbox 835 2004 933 2057; x_wconf 89' lang='grc' dir='ltr'><strong>τοῦ</strong></span> <span class='ocrx_word' id='word_1_275' title='bbox 992 1997 1263 2076; x_wconf 78' lang='grc' dir='ltr'>στὸματος</span> <span class='ocrx_word' id='word_1_276' title='bbox 1318 2003 1413 2056; x_wconf 85' lang='grc' dir='ltr'><strong>τοῦ</strong></span> <span class='ocrx_word' id='word_1_277' title='bbox 1472 2000 1675 2056; x_wconf 89' lang='grc' dir='ltr'>ἀσκοῦ·</span> <span class='ocrx_word' id='word_1_278' title='bbox 1734 2011 1824 2066; x_wconf 72' lang='grc' dir='ltr'><strong>καὶ</strong></span> 
     </span>
    </p>
   </div>
   <div class='ocr_carea' id='block_1_37' title="bbox 1945 1996 3590 2076">
    <p class='ocr_par' dir='ltr' id='par_1_37' title="bbox 1945 1999 3590 2073">
     <span class='ocr_line' id='line_1_37' title="bbox 1945 1999 3590 2073; baseline 0.002 -20"><span class='ocrx_word' id='word_1_279' title='bbox 1945 1999 2212 2071; x_wconf 77' lang='lat' dir='ltr'><strong>gradiens</strong></span> <span class='ocrx_word' id='word_1_280' title='bbox 2240 2003 2409 2055; x_wconf 91' lang='lat' dir='ltr'><strong>vento</strong></span> <span class='ocrx_word' id='word_1_281' title='bbox 2441 1999 2723 2056; x_wconf 88' lang='lat' dir='ltr'><strong>distendit</strong></span> <span class='ocrx_word' id='word_1_282' title='bbox 2742 2005 2956 2057; x_wconf 87' lang='lat' dir='ltr'><strong>utrem.</strong></span> <span class='ocrx_word' id='word_1_283' title='bbox 2982 2000 3084 2055; x_wconf 91' lang='lat' dir='ltr'><strong>Vir</strong></span> <span class='ocrx_word' id='word_1_284' title='bbox 3113 2005 3308 2056; x_wconf 89' lang='lat' dir='ltr'><strong>autem</strong></span> <span class='ocrx_word' id='word_1_285' title='bbox 3340 2015 3590 2073; x_wconf 82' lang='lat' dir='ltr'><strong>surgens</strong></span> 
     </span>
    </p>
   </div>
   <div class='ocr_carea' id='block_1_38' title="bbox 155 2052 1832 2162">
    <p class='ocr_par' dir='ltr' id='par_1_38' title="bbox 155 2052 1824 2162">
     <span class='ocr_line' id='line_1_38' title="bbox 155 2052 1824 2162; baseline -0.001 -21"><span class='ocrx_word' id='word_1_286' title='bbox 155 2052 430 2142; x_wconf 52' lang='grc' dir='ltr'>ἔτὲνεὶέᾶὲῖ</span> <span class='ocrx_word' id='word_1_287' title='bbox 446 2052 496 2141; x_wconf 59' lang='grc' dir='ltr'><strong>’δ’</strong></span> <span class='ocrx_word' id='word_1_288' title='bbox 514 2052 1598 2162; x_wconf 48' lang='lat' dir='ltr'><strong>&#39;s.i,..;.;‘a..&lt;;g.é.&#39;.t;:;sSasiae;</strong></span> <span class='ocrx_word' id='word_1_289' title='bbox 1639 2085 1714 2149; x_wconf 76' lang='grc' dir='ltr'>εἷς</span> <span class='ocrx_word' id='word_1_290' title='bbox 1740 2052 1824 2140; x_wconf 40' lang='grc' dir='ltr'><strong>τί</strong></span> 
     </span>
    </p>
   </div>
   <div class='ocr_carea' id='block_1_39' title="bbox 1945 2052 3592 2162">
    <p class='ocr_par' dir='ltr' id='par_1_39' title="bbox 1945 2052 3592 2159">
     <span class='ocr_line' id='line_1_39' title="bbox 1945 2052 3587 2073; baseline 0 -17"><span class='ocrx_word' id='word_1_291' title='bbox 2447 2052 2955 2057; x_wconf 40' lang='grc' dir='ltr'><strong>νην---ηηηπ</strong></span> <span class='ocrx_word' id='word_1_292' title='bbox 3117 2052 3308 2056; x_wconf 66' lang='lat'><strong>___-_--</strong></span> <span class='ocrx_word' id='word_1_293' title='bbox 3340 2052 3587 2073; x_wconf 52' lang='grc' dir='ltr'><strong>,ηιγη</strong></span> 
     </span>
     <span class='ocr_line' id='line_1_40' title="bbox 1945 2085 3592 2159; baseline 0 -16"><span class='ocrx_word' id='word_1_294' title='bbox 1945 2087 2076 2156; x_wconf 85' lang='lat' dir='ltr'><strong>cito,</strong></span> <span class='ocrx_word' id='word_1_295' title='bbox 2134 2088 2371 2144; x_wconf 86' lang='lat' dir='ltr'><strong>strinxit</strong></span> <span class='ocrx_word' id='word_1_296' title='bbox 2441 2105 2615 2145; x_wconf 89' lang='lat' dir='ltr'><strong>manu</strong></span> <span class='ocrx_word' id='word_1_297' title='bbox 2691 2106 2755 2145; x_wconf 90' lang='lat' dir='ltr'><strong>os</strong></span> <span class='ocrx_word' id='word_1_298' title='bbox 2827 2090 2997 2159; x_wconf 86' lang='lat' dir='ltr'><strong>utris,</strong></span> <span class='ocrx_word' id='word_1_299' title='bbox 3059 2090 3117 2145; x_wconf 92' lang='lat' dir='ltr'><strong>in</strong></span> <span class='ocrx_word' id='word_1_300' title='bbox 3179 2091 3417 2146; x_wconf 86' lang='lat' dir='ltr'><strong>nomine</strong></span> <span class='ocrx_word' id='word_1_301' title='bbox 3489 2085 3592 2146; x_wconf 86' lang='lat' dir='ltr'><strong>Dei</strong></span> 
     </span>
    </p>
   </div>
   <div class='ocr_carea' id='block_1_40' title="bbox 159 2164 1832 2252">
    <p class='ocr_par' dir='ltr' id='par_1_40' title="bbox 159 2174 1821 2251">
     <span class='ocr_line' id='line_1_41' title="bbox 159 2174 1821 2251; baseline -0.001 -20"><span class='ocrx_word' id='word_1_302' title='bbox 159 2176 343 2250; x_wconf 84' lang='grc' dir='ltr'>στόμα</span> <span class='ocrx_word' id='word_1_303' title='bbox 399 2180 496 2231; x_wconf 87' lang='grc' dir='ltr'><strong>τοῦ</strong></span> <span class='ocrx_word' id='word_1_304' title='bbox 561 2176 751 2250; x_wconf 79' lang='grc' dir='ltr'>ἀσκοῦ,</span> <span class='ocrx_word' id='word_1_305' title='bbox 799 2176 888 2232; x_wconf 82' lang='grc' dir='ltr'><strong>καὶ</strong></span> <span class='ocrx_word' id='word_1_306' title='bbox 956 2176 1214 2233; x_wconf 63' lang='grc' dir='ltr'>εἲσελθὼν</span> <span class='ocrx_word' id='word_1_307' title='bbox 1286 2175 1667 2251; x_wconf 73' lang='grc' dir='ltr'>ἐπνευμάτωσε</span> <span class='ocrx_word' id='word_1_308' title='bbox 1730 2174 1821 2230; x_wconf 85' lang='grc' dir='ltr'><strong>τὸν</strong></span> 
     </span>
    </p>
   </div>
   <div class='ocr_carea' id='block_1_41' title="bbox 1945 2164 3588 2252">
    <p class='ocr_par' dir='ltr' id='par_1_41' title="bbox 1945 2164 3588 2252">
     <span class='ocr_line' id='line_1_42' title="bbox 1945 2164 3588 2252; baseline 0 -19"><span class='ocrx_word' id='word_1_309' title='bbox 1945 2177 2216 2249; x_wconf 82' lang='lat' dir='ltr'><strong>Sabaoth,</strong></span> <span class='ocrx_word' id='word_1_310' title='bbox 2248 2183 2306 2235; x_wconf 89' lang='lat' dir='ltr'><strong>et</strong></span> <span class='ocrx_word' id='word_1_311' title='bbox 2353 2178 2572 2234; x_wconf 88' lang='lat' dir='ltr'><strong>mansit</strong></span> <span class='ocrx_word' id='word_1_312' title='bbox 2618 2177 2780 2236; x_wconf 86' lang='lat' dir='ltr'><strong>intus</strong></span> <span class='ocrx_word' id='word_1_313' title='bbox 2812 2179 3060 2247; x_wconf 62' lang='lat' dir='ltr'><strong>damon,</strong></span> <span class='ocrx_word' id='word_1_314' title='bbox 3096 2183 3153 2235; x_wconf 87' lang='lat' dir='ltr'><strong>et</strong></span> <span class='ocrx_word' id='word_1_315' title='bbox 3182 2182 3386 2252; x_wconf 88' lang='lat' dir='ltr'><strong>postea</strong></span> <span class='ocrx_word' id='word_1_316' title='bbox 3417 2164 3588 2234; x_wconf 85' lang='lat' dir='ltr'><strong>man-</strong></span> 
     </span>
    </p>
   </div>
   <div class='ocr_carea' id='block_1_42' title="bbox 157 2261 1832 2342">
    <p class='ocr_par' dir='ltr' id='par_1_42' title="bbox 157 2261 1824 2342">
     <span class='ocr_line' id='line_1_43' title="bbox 157 2261 1824 2342; baseline -0.001 -23"><span class='ocrx_word' id='word_1_317' title='bbox 157 2264 346 2321; x_wconf 84' lang='grc' dir='ltr'>ἀσκόν.</span> <span class='ocrx_word' id='word_1_318' title='bbox 378 2266 439 2323; x_wconf 90' lang='grc' dir='ltr'>Ὁ</span> <span class='ocrx_word' id='word_1_319' title='bbox 497 2262 573 2333; x_wconf 71' lang='grc' dir='ltr'>δὲ,</span> <span class='ocrx_word' id='word_1_320' title='bbox 608 2263 894 2342; x_wconf 74' lang='grc' dir='ltr'>ἄνθρωπος</span> <span class='ocrx_word' id='word_1_321' title='bbox 950 2264 1224 2331; x_wconf 75' lang='grc' dir='ltr'>ἑνσταθεὶς</span> <span class='ocrx_word' id='word_1_322' title='bbox 1280 2264 1498 2334; x_wconf 73' lang='grc' dir='ltr'>εὐθέως,</span> <span class='ocrx_word' id='word_1_323' title='bbox 1560 2261 1824 2341; x_wconf 79' lang='grc' dir='ltr'>ἔστρινξεν</span> 
     </span>
    </p>
   </div>
   <div class='ocr_carea' id='block_1_43' title="bbox 1945 2261 3593 2342">
    <p class='ocr_par' dir='ltr' id='par_1_43' title="bbox 1945 2266 3593 2341">
     <span class='ocr_line' id='line_1_44' title="bbox 1945 2266 3593 2341; baseline 0.001 -18"><span class='ocrx_word' id='word_1_324' title='bbox 1945 2266 2015 2323; x_wconf 84' lang='lat' dir='ltr'><strong>sit</strong></span> <span class='ocrx_word' id='word_1_325' title='bbox 2060 2284 2204 2338; x_wconf 88' lang='lat' dir='ltr'><strong>puer</strong></span> <span class='ocrx_word' id='word_1_326' title='bbox 2249 2266 2307 2323; x_wconf 90' lang='lat' dir='ltr'><strong>in</strong></span> <span class='ocrx_word' id='word_1_327' title='bbox 2358 2268 2593 2341; x_wconf 87' lang='lat' dir='ltr'><strong>regione</strong></span> <span class='ocrx_word' id='word_1_328' title='bbox 2642 2268 2749 2325; x_wconf 90' lang='lat' dir='ltr'><strong>hac</strong></span> <span class='ocrx_word' id='word_1_329' title='bbox 2799 2267 2922 2325; x_wconf 90' lang='lat' dir='ltr'><strong>dies</strong></span> <span class='ocrx_word' id='word_1_330' title='bbox 2969 2272 3116 2335; x_wconf 89' lang='lat' dir='ltr'><strong>tres,</strong></span> <span class='ocrx_word' id='word_1_331' title='bbox 3170 2269 3235 2322; x_wconf 87' lang='lat' dir='ltr'><strong>ad</strong></span> <span class='ocrx_word' id='word_1_332' title='bbox 3289 2267 3593 2341; x_wconf 86' lang='lat' dir='ltr'><strong>probatio-</strong></span> 
     </span>
    </p>
   </div>
   <div class='ocr_carea' id='block_1_44' title="bbox 158 2351 1827 2430">
    <p class='ocr_par' dir='ltr' id='par_1_44' title="bbox 158 2351 1827 2430">
     <span class='ocr_line' id='line_1_45' title="bbox 158 2351 1827 2430; baseline -0.001 -22"><span class='ocrx_word' id='word_1_333' title='bbox 158 2357 232 2427; x_wconf 79' lang='grc' dir='ltr'>τῇ</span> <span class='ocrx_word' id='word_1_334' title='bbox 291 2353 438 2430; x_wconf 83' lang='grc' dir='ltr'>χειρῖ</span> <span class='ocrx_word' id='word_1_335' title='bbox 499 2354 562 2409; x_wconf 85' lang='grc' dir='ltr'>τὸ</span> <span class='ocrx_word' id='word_1_336' title='bbox 622 2354 798 2427; x_wconf 83' lang='grc' dir='ltr'>στόμα</span> <span class='ocrx_word' id='word_1_337' title='bbox 847 2360 946 2411; x_wconf 91' lang='grc' dir='ltr'><strong>τοῦ</strong></span> <span class='ocrx_word' id='word_1_338' title='bbox 1001 2355 1174 2411; x_wconf 88' lang='grc' dir='ltr'>ἀσκοῦ</span> <span class='ocrx_word' id='word_1_339' title='bbox 1232 2354 1283 2411; x_wconf 75' lang='grc' dir='ltr'>ἒν</span> <span class='ocrx_word' id='word_1_340' title='bbox 1344 2354 1575 2429; x_wconf 84' lang='grc' dir='ltr'>ὀνόματι</span> <span class='ocrx_word' id='word_1_341' title='bbox 1625 2351 1827 2430; x_wconf 80' lang='grc' dir='ltr'>Κυρίου</span> 
     </span>
    </p>
   </div>
   <div class='ocr_carea' id='block_1_45' title="bbox 159 2438 1829 2517">
    <p class='ocr_par' dir='ltr' id='par_1_45' title="bbox 159 2438 1829 2517">
     <span class='ocr_line' id='line_1_46' title="bbox 159 2438 1829 2517; baseline 0 -20"><span class='ocrx_word' id='word_1_342' title='bbox 159 2447 262 2497; x_wconf 85' lang='grc' dir='ltr'><strong>τοῦ</strong></span> <span class='ocrx_word' id='word_1_343' title='bbox 329 2446 462 2499; x_wconf 86' lang='grc' dir='ltr'>Θεοῦ</span> <span class='ocrx_word' id='word_1_344' title='bbox 514 2438 764 2512; x_wconf 76' lang='grc' dir='ltr'>Σαϐαὼθ,</span> <span class='ocrx_word' id='word_1_345' title='bbox 824 2444 913 2500; x_wconf 87' lang='grc' dir='ltr'><strong>καὶ</strong></span> <span class='ocrx_word' id='word_1_346' title='bbox 964 2440 1172 2517; x_wconf 75' lang='grc' dir='ltr'>ἔμεινεν</span> <span class='ocrx_word' id='word_1_347' title='bbox 1231 2440 1338 2500; x_wconf 75' lang='grc' dir='ltr'>ἔσω</span> <span class='ocrx_word' id='word_1_348' title='bbox 1394 2444 1421 2499; x_wconf 91' lang='lat'><strong>6</strong></span> <span class='ocrx_word' id='word_1_349' title='bbox 1484 2442 1695 2516; x_wconf 87' lang='grc' dir='ltr'>δαίμων</span> <span class='ocrx_word' id='word_1_350' title='bbox 1752 2441 1829 2507; x_wconf 82' lang='grc' dir='ltr'><strong>είς</strong></span> 
     </span>
    </p>
   </div>
   <div class='ocr_carea' id='block_1_46' title="bbox 126 2529 1826 2607">
    <p class='ocr_par' dir='ltr' id='par_1_46' title="bbox 126 2529 1826 2607">
     <span class='ocr_line' id='line_1_47' title="bbox 126 2529 1826 2607; baseline -0.001 -20"><span class='ocrx_word' id='word_1_351' title='bbox 126 2533 262 2587; x_wconf 83' lang='grc' dir='ltr'>’τὸν</span> <span class='ocrx_word' id='word_1_352' title='bbox 324 2532 507 2603; x_wconf 84' lang='grc' dir='ltr'>ἀσκὸν,</span> <span class='ocrx_word' id='word_1_353' title='bbox 563 2533 649 2587; x_wconf 75' lang='grc' dir='ltr'><strong>καὶ</strong></span> <span class='ocrx_word' id='word_1_354' title='bbox 708 2535 843 2606; x_wconf 79' lang='grc' dir='ltr'>μετᾶ</span> <span class='ocrx_word' id='word_1_355' title='bbox 895 2538 1057 2590; x_wconf 91' lang='grc' dir='ltr'>τοῦτο</span> <span class='ocrx_word' id='word_1_356' title='bbox 1124 2529 1332 2607; x_wconf 77' lang='grc' dir='ltr'>ἔμεινεν</span> <span class='ocrx_word' id='word_1_357' title='bbox 1386 2534 1414 2588; x_wconf 91' lang='lat'><strong>6</strong></span> <span class='ocrx_word' id='word_1_358' title='bbox 1471 2538 1601 2595; x_wconf 86' lang='grc' dir='ltr'>παῖς</span> <span class='ocrx_word' id='word_1_359' title='bbox 1659 2531 1710 2586; x_wconf 79' lang='grc' dir='ltr'>ἐν</span> <span class='ocrx_word' id='word_1_360' title='bbox 1756 2533 1826 2605; x_wconf 77' lang='grc' dir='ltr'><strong>τῇ</strong></span> 
     </span>
    </p>
   </div>
   <div class='ocr_carea' id='block_1_47' title="bbox 165 2620 1827 2699">
    <p class='ocr_par' dir='ltr' id='par_1_47' title="bbox 165 2620 1827 2699">
     <span class='ocr_line' id='line_1_48' title="bbox 165 2620 1827 2699; baseline 0 -24"><span class='ocrx_word' id='word_1_361' title='bbox 165 2622 331 2697; x_wconf 75' lang='grc' dir='ltr'>χώρᾳ</span> <span class='ocrx_word' id='word_1_362' title='bbox 366 2621 543 2697; x_wconf 77' lang='grc' dir='ltr'>ἐκείνῃ</span> <span class='ocrx_word' id='word_1_363' title='bbox 580 2621 790 2699; x_wconf 70' lang='grc' dir='ltr'>ἡμέρας</span> <span class='ocrx_word' id='word_1_364' title='bbox 843 2628 992 2698; x_wconf 80' lang='grc' dir='ltr'>τρεῖς</span> <span class='ocrx_word' id='word_1_365' title='bbox 1052 2622 1128 2686; x_wconf 87' lang='grc' dir='ltr'><strong>είς</strong></span> <span class='ocrx_word' id='word_1_366' title='bbox 1177 2620 1454 2696; x_wconf 76' lang='grc' dir='ltr'>ἰπίδειξιν*</span> <span class='ocrx_word' id='word_1_367' title='bbox 1496 2621 1587 2677; x_wconf 79' lang='grc' dir='ltr'><strong>καὶ</strong></span> <span class='ocrx_word' id='word_1_368' title='bbox 1646 2620 1827 2677; x_wconf 71' lang='grc' dir='ltr'>οὐκέτι</span> 
     </span>
    </p>
   </div>
   <div class='ocr_carea' id='block_1_48' title="bbox 164 2709 1828 2787">
    <p class='ocr_par' dir='ltr' id='par_1_48' title="bbox 164 2709 1828 2787">
     <span class='ocr_line' id='line_1_49' title="bbox 164 2709 1828 2787; baseline -0.001 -22"><span class='ocrx_word' id='word_1_369' title='bbox 164 2710 391 2766; x_wconf 73' lang='grc' dir='ltr'>ἔπνευσε</span> <span class='ocrx_word' id='word_1_370' title='bbox 445 2711 510 2765; x_wconf 85' lang='grc' dir='ltr'>τὸ</span> <span class='ocrx_word' id='word_1_371' title='bbox 566 2715 780 2785; x_wconf 83' lang='grc' dir='ltr'>πνεῦμα</span> <span class='ocrx_word' id='word_1_372' title='bbox 848 2710 1017 2767; x_wconf 75' lang='grc' dir='ltr'>πλέον</span> <span class='ocrx_word' id='word_1_373' title='bbox 1091 2715 1161 2787; x_wconf 77' lang='grc' dir='ltr'><strong>τῇ</strong></span> <span class='ocrx_word' id='word_1_374' title='bbox 1236 2712 1397 2767; x_wconf 63' lang='grc' dir='ltr'>πόλει</span> <span class='ocrx_word' id='word_1_375' title='bbox 1474 2709 1681 2786; x_wconf 69' lang='grc' dir='ltr'>ἐκείνῃο</span> <span class='ocrx_word' id='word_1_376' title='bbox 1736 2709 1828 2765; x_wconf 81' lang='grc' dir='ltr'><strong>καὶ</strong></span> 
     </span>
    </p>
   </div>
   <div class='ocr_carea' id='block_1_49' title="bbox 164 2795 1830 2876">
    <p class='ocr_par' dir='ltr' id='par_1_49' title="bbox 164 2795 1830 2876">
     <span class='ocr_line' id='line_1_50' title="bbox 164 2795 1830 2876; baseline 0.001 -23"><span class='ocrx_word' id='word_1_377' title='bbox 164 2797 401 2874; x_wconf 72' lang='grc' dir='ltr'>ἔγνωσαν</span> <span class='ocrx_word' id='word_1_378' title='bbox 456 2798 650 2863; x_wconf 86' lang='grc' dir='ltr'>πάντες</span> <span class='ocrx_word' id='word_1_379' title='bbox 706 2801 759 2855; x_wconf 76' lang='grc' dir='ltr'>οἱ</span> <span class='ocrx_word' id='word_1_380' title='bbox 786 2795 1020 2875; x_wconf 74' lang='grc' dir='ltr'>Ἄραϐες</span> <span class='ocrx_word' id='word_1_381' title='bbox 1072 2799 1154 2856; x_wconf 76' lang='grc' dir='ltr'><strong>ὅτι</strong></span> <span class='ocrx_word' id='word_1_382' title='bbox 1200 2799 1462 2876; x_wconf 74' lang='grc' dir='ltr'>ἀσφαλῶς</span> <span class='ocrx_word' id='word_1_383' title='bbox 1521 2798 1830 2855; x_wconf 71' lang='grc' dir='ltr'>συνέκλεισε</span> 
     </span>
    </p>
   </div>
   <div class='ocr_carea' id='block_1_50' title="bbox 165 2886 1826 2962">
    <p class='ocr_par' dir='ltr' id='par_1_50' title="bbox 165 2886 1826 2962">
     <span class='ocr_line' id='line_1_51' title="bbox 165 2886 1826 2962; baseline -0.001 -19"><span class='ocrx_word' id='word_1_384' title='bbox 165 2888 235 2943; x_wconf 85' lang='lat'><strong>16</strong></span> <span class='ocrx_word' id='word_1_385' title='bbox 289 2892 524 2962; x_wconf 85' lang='grc' dir='ltr'>πνεῦμα.</span> <span class='ocrx_word' id='word_1_386' title='bbox 555 2889 686 2943; x_wconf 88' lang='grc' dir='ltr'>Τότε</span> <span class='ocrx_word' id='word_1_387' title='bbox 740 2887 957 2960; x_wconf 71' lang='grc' dir='ltr'>ἐπέταξε</span> <span class='ocrx_word' id='word_1_388' title='bbox 1001 2889 1093 2945; x_wconf 84' lang='grc' dir='ltr'><strong>τὸν</strong></span> <span class='ocrx_word' id='word_1_389' title='bbox 1143 2889 1305 2944; x_wconf 83' lang='grc' dir='ltr'>ἀσκὸν</span> <span class='ocrx_word' id='word_1_390' title='bbox 1351 2890 1378 2944; x_wconf 91' lang='lat'><strong>6</strong></span> <span class='ocrx_word' id='word_1_391' title='bbox 1428 2894 1558 2943; x_wconf 80' lang='grc' dir='ltr'>παῖς</span> <span class='ocrx_word' id='word_1_392' title='bbox 1604 2886 1680 2949; x_wconf 81' lang='grc' dir='ltr'><strong>εἰς</strong></span> <span class='ocrx_word' id='word_1_393' title='bbox 1726 2889 1826 2955; x_wconf 82' lang='grc' dir='ltr'>τήν</span> 
     </span>
    </p>
   </div>
   <div class='ocr_carea' id='block_1_51' title="bbox 160 2971 1831 3053">
    <p class='ocr_par' dir='ltr' id='par_1_51' title="bbox 160 2971 1831 3053">
     <span class='ocr_line' id='line_1_52' title="bbox 160 2971 1831 3053; baseline 0 -22"><span class='ocrx_word' id='word_1_394' title='bbox 160 2975 425 3050; x_wconf 78' lang='grc' dir='ltr'>κάμηλον</span> <span class='ocrx_word' id='word_1_395' title='bbox 461 2996 475 3009; x_wconf 77' lang='grc' dir='ltr'><strong>ο</strong></span> <span class='ocrx_word' id='word_1_396' title='bbox 534 2979 627 3032; x_wconf 79' lang='grc' dir='ltr'>καὶ</span> <span class='ocrx_word' id='word_1_397' title='bbox 698 2979 1052 3053; x_wconf 76' lang='grc' dir='ltr'>προέπεμπον</span> <span class='ocrx_word' id='word_1_398' title='bbox 1108 2979 1201 3034; x_wconf 90' lang='grc' dir='ltr'>τὸν</span> <span class='ocrx_word' id='word_1_399' title='bbox 1258 2975 1430 3033; x_wconf 77' lang='grc' dir='ltr'>παῖδα</span> <span class='ocrx_word' id='word_1_400' title='bbox 1484 2978 1536 3032; x_wconf 76' lang='grc' dir='ltr'>οἱ</span> <span class='ocrx_word' id='word_1_401' title='bbox 1594 2971 1831 3052; x_wconf 74' lang='grc' dir='ltr'>Ἀραόες</span> 
     </span>
    </p>
   </div>
   <div class='ocr_carea' id='block_1_52' title="bbox 165 3064 1828 3143">
    <p class='ocr_par' dir='ltr' id='par_1_52' title="bbox 165 3064 1828 3143">
     <span class='ocr_line' id='line_1_53' title="bbox 165 3064 1828 3143; baseline -0.001 -22"><span class='ocrx_word' id='word_1_402' title='bbox 165 3068 306 3139; x_wconf 83' lang='grc' dir='ltr'>μετᾶ</span> <span class='ocrx_word' id='word_1_403' title='bbox 357 3069 526 3140; x_wconf 79' lang='grc' dir='ltr'>τιμῆς</span> <span class='ocrx_word' id='word_1_404' title='bbox 577 3064 795 3132; x_wconf 80' lang='grc' dir='ltr'>πολλῆς</span> <span class='ocrx_word' id='word_1_405' title='bbox 853 3068 943 3122; x_wconf 77' lang='grc' dir='ltr'><strong>καὶ</strong></span> <span class='ocrx_word' id='word_1_406' title='bbox 1002 3065 1193 3143; x_wconf 88' lang='grc' dir='ltr'>δώρων</span> <span class='ocrx_word' id='word_1_407' title='bbox 1250 3065 1599 3139; x_wconf 88' lang='grc' dir='ltr'>πολυτίμων,</span> <span class='ocrx_word' id='word_1_408' title='bbox 1663 3064 1828 3143; x_wconf 77' lang='grc' dir='ltr'>εὔφη-</span> 
     </span>
    </p>
   </div>
   <div class='ocr_carea' id='block_1_53' title="bbox 170 3151 1830 3233">
    <p class='ocr_par' dir='ltr' id='par_1_53' title="bbox 170 3151 1830 3233">
     <span class='ocr_line' id='line_1_54' title="bbox 170 3151 1830 3233; baseline 0.001 -24"><span class='ocrx_word' id='word_1_409' title='bbox 170 3158 407 3228; x_wconf 86' lang='grc' dir='ltr'>μοῦντες</span> <span class='ocrx_word' id='word_1_410' title='bbox 462 3155 554 3210; x_wconf 82' lang='grc' dir='ltr'><strong>καὶ</strong></span> <span class='ocrx_word' id='word_1_411' title='bbox 613 3152 925 3227; x_wconf 79' lang='grc' dir='ltr'>δοξάζοντες</span> <span class='ocrx_word' id='word_1_412' title='bbox 1000 3156 1090 3211; x_wconf 84' lang='grc' dir='ltr'>τὸν</span> <span class='ocrx_word' id='word_1_413' title='bbox 1167 3157 1296 3211; x_wconf 82' lang='grc' dir='ltr'>Θεὸν</span> <span class='ocrx_word' id='word_1_414' title='bbox 1345 3153 1595 3233; x_wconf 77' lang='grc' dir='ltr'>Ἰσραήλ.</span> <span class='ocrx_word' id='word_1_415' title='bbox 1653 3155 1716 3211; x_wconf 89' lang='grc' dir='ltr'>Ὁ</span> <span class='ocrx_word' id='word_1_416' title='bbox 1773 3151 1830 3210; x_wconf 74' lang='grc' dir='ltr'><strong>δδ</strong></span> 
     </span>
    </p>
   </div>
   <div class='ocr_carea' id='block_1_54' title="bbox 163 3242 1831 3319">
    <p class='ocr_par' dir='ltr' id='par_1_54' title="bbox 163 3242 1831 3319">
     <span class='ocr_line' id='line_1_55' title="bbox 163 3242 1831 3319; baseline -0.001 -21"><span class='ocrx_word' id='word_1_417' title='bbox 163 3249 299 3308; x_wconf 80' lang='grc' dir='ltr'>παῖς</span> <span class='ocrx_word' id='word_1_418' title='bbox 355 3244 609 3319; x_wconf 74' lang='grc' dir='ltr'>εἰσήγαγε</span> <span class='ocrx_word' id='word_1_419' title='bbox 663 3244 755 3300; x_wconf 88' lang='grc' dir='ltr'><strong>τὸν</strong></span> <span class='ocrx_word' id='word_1_420' title='bbox 812 3245 997 3316; x_wconf 82' lang='grc' dir='ltr'>ἀσκὸν,</span> <span class='ocrx_word' id='word_1_421' title='bbox 1027 3245 1114 3299; x_wconf 76' lang='grc' dir='ltr'><strong>καὶ</strong></span> <span class='ocrx_word' id='word_1_422' title='bbox 1175 3242 1364 3315; x_wconf 77' lang='grc' dir='ltr'>ἔθηκεν</span> <span class='ocrx_word' id='word_1_423' title='bbox 1425 3244 1501 3306; x_wconf 79' lang='grc' dir='ltr'>εἷς</span> <span class='ocrx_word' id='word_1_424' title='bbox 1546 3244 1608 3298; x_wconf 87' lang='grc' dir='ltr'>τὸ</span> <span class='ocrx_word' id='word_1_425' title='bbox 1670 3242 1831 3316; x_wconf 73' lang='grc' dir='ltr'>μέσον</span> 
     </span>
    </p>
   </div>
   <div class='ocr_carea' id='block_1_55' title="bbox 160 3331 1826 3410">
    <p class='ocr_par' dir='ltr' id='par_1_55' title="bbox 160 3331 1826 3410">
     <span class='ocr_line' id='line_1_56' title="bbox 160 3331 1826 3410; baseline -0.002 -21"><span class='ocrx_word' id='word_1_426' title='bbox 160 3337 267 3389; x_wconf 89' lang='grc' dir='ltr'><strong>τοῦ</strong></span> <span class='ocrx_word' id='word_1_427' title='bbox 313 3338 463 3389; x_wconf 90' lang='grc' dir='ltr'>ναοῦ.</span> <span class='ocrx_word' id='word_1_428' title='bbox 496 3336 582 3408; x_wconf 79' lang='grc' dir='ltr'>Τῇ</span> <span class='ocrx_word' id='word_1_429' title='bbox 634 3331 691 3388; x_wconf 74' lang='grc' dir='ltr'>δὲ</span> <span class='ocrx_word' id='word_1_430' title='bbox 749 3333 1006 3409; x_wconf 67' lang='grc' dir='ltr'>ἐπαύριον</span> <span class='ocrx_word' id='word_1_431' title='bbox 1059 3332 1234 3389; x_wconf 82' lang='grc' dir='ltr'>ἐλθὼν</span> <span class='ocrx_word' id='word_1_432' title='bbox 1290 3333 1401 3408; x_wconf 85' lang='grc' dir='ltr'>ἐγὼ</span> <span class='ocrx_word' id='word_1_433' title='bbox 1432 3331 1689 3410; x_wconf 75' lang='grc' dir='ltr'>βασιλεὺς</span> <span class='ocrx_word' id='word_1_434' title='bbox 1723 3339 1826 3387; x_wconf 89' lang='grc' dir='ltr'><strong>Σα-</strong></span> 
     </span>
    </p>
   </div>
   <div class='ocr_carea' id='block_1_56' title="bbox 1937 2355 3594 2430">
    <p class='ocr_par' dir='ltr' id='par_1_56' title="bbox 1937 2355 3594 2430">
     <span class='ocr_line' id='line_1_57' title="bbox 1937 2355 3594 2430; baseline 0 -19"><span class='ocrx_word' id='word_1_435' title='bbox 1937 2371 2071 2412; x_wconf 90' lang='lat' dir='ltr'><strong>nem</strong></span> <span class='ocrx_word' id='word_1_436' title='bbox 2103 2355 2261 2424; x_wconf 81' lang='lat' dir='ltr'><strong>facti,</strong></span> <span class='ocrx_word' id='word_1_437' title='bbox 2295 2372 2399 2411; x_wconf 90' lang='lat' dir='ltr'><strong>nec</strong></span> <span class='ocrx_word' id='word_1_438' title='bbox 2450 2356 2607 2413; x_wconf 83' lang='lat' dir='ltr'><strong>ﬂavit</strong></span> <span class='ocrx_word' id='word_1_439' title='bbox 2653 2356 2911 2430; x_wconf 89' lang='lat' dir='ltr'><strong>amplius</strong></span> <span class='ocrx_word' id='word_1_440' title='bbox 2960 2357 3207 2430; x_wconf 86' lang='lat' dir='ltr'><strong>spiritus</strong></span> <span class='ocrx_word' id='word_1_441' title='bbox 3250 2355 3308 2411; x_wconf 90' lang='lat' dir='ltr'><strong>in</strong></span> <span class='ocrx_word' id='word_1_442' title='bbox 3360 2355 3594 2412; x_wconf 85' lang='lat' dir='ltr'><strong>civitate</strong></span> 
     </span>
    </p>
   </div>
   <div class='ocr_carea' id='block_1_57' title="bbox 1938 2445 3597 2518">
    <p class='ocr_par' dir='ltr' id='par_1_57' title="bbox 1938 2445 3597 2518">
     <span class='ocr_line' id='line_1_58' title="bbox 1938 2445 3597 2518; baseline -0.001 -17"><span class='ocrx_word' id='word_1_443' title='bbox 1938 2445 2066 2514; x_wconf 88' lang='lat' dir='ltr'><strong>hac,</strong></span> <span class='ocrx_word' id='word_1_444' title='bbox 2121 2449 2177 2501; x_wconf 90' lang='lat' dir='ltr'><strong>et</strong></span> <span class='ocrx_word' id='word_1_445' title='bbox 2235 2450 2635 2518; x_wconf 86' lang='lat' dir='ltr'><strong>cognoverunt</strong></span> <span class='ocrx_word' id='word_1_446' title='bbox 2688 2447 2907 2502; x_wconf 81' lang='lat' dir='ltr'><strong>Arabes</strong></span> <span class='ocrx_word' id='word_1_447' title='bbox 2973 2463 3179 2503; x_wconf 92' lang='lat' dir='ltr'><strong>omnes</strong></span> <span class='ocrx_word' id='word_1_448' title='bbox 3245 2445 3386 2517; x_wconf 87' lang='lat' dir='ltr'><strong>quia</strong></span> <span class='ocrx_word' id='word_1_449' title='bbox 3442 2448 3597 2501; x_wconf 87' lang='lat' dir='ltr'><strong>certe</strong></span> 
     </span>
    </p>
   </div>
   <div class='ocr_carea' id='block_1_58' title="bbox 1938 2534 3595 2609">
    <p class='ocr_par' dir='ltr' id='par_1_58' title="bbox 1938 2534 3595 2609">
     <span class='ocr_line' id='line_1_59' title="bbox 1938 2534 3595 2609; baseline 0 -19"><span class='ocrx_word' id='word_1_450' title='bbox 1938 2534 2228 2591; x_wconf 86' lang='lat' dir='ltr'><strong>conclusit</strong></span> <span class='ocrx_word' id='word_1_451' title='bbox 2257 2535 2554 2607; x_wconf 78' lang='lat' dir='ltr'><strong>spiritum.</strong></span> <span class='ocrx_word' id='word_1_452' title='bbox 2584 2537 2749 2591; x_wconf 92' lang='lat' dir='ltr'><strong>Tunc</strong></span> <span class='ocrx_word' id='word_1_453' title='bbox 2799 2541 2989 2592; x_wconf 86' lang='lat' dir='ltr'><strong>utrem</strong></span> <span class='ocrx_word' id='word_1_454' title='bbox 3037 2535 3325 2609; x_wconf 89' lang='lat' dir='ltr'><strong>imposuit</strong></span> <span class='ocrx_word' id='word_1_455' title='bbox 3355 2551 3501 2608; x_wconf 89' lang='lat' dir='ltr'><strong>puer</strong></span> <span class='ocrx_word' id='word_1_456' title='bbox 3536 2534 3595 2590; x_wconf 90' lang='lat' dir='ltr'><strong>in</strong></span> 
     </span>
    </p>
   </div>
   <div class='ocr_carea' id='block_1_59' title="bbox 1938 2623 3596 2691">
    <p class='ocr_par' dir='ltr' id='par_1_59' title="bbox 1938 2623 3596 2691">
     <span class='ocr_line' id='line_1_60' title="bbox 1938 2623 3596 2691; baseline 0.001 -12"><span class='ocrx_word' id='word_1_457' title='bbox 1938 2623 2248 2691; x_wconf 88' lang='lat' dir='ltr'><strong>camelum,</strong></span> <span class='ocrx_word' id='word_1_458' title='bbox 2281 2629 2338 2680; x_wconf 91' lang='lat' dir='ltr'><strong>et</strong></span> <span class='ocrx_word' id='word_1_459' title='bbox 2380 2624 2600 2679; x_wconf 83' lang='lat' dir='ltr'><strong>Arabes</strong></span> <span class='ocrx_word' id='word_1_460' title='bbox 2641 2623 2996 2680; x_wconf 88' lang='lat' dir='ltr'><strong>dimiserunt</strong></span> <span class='ocrx_word' id='word_1_461' title='bbox 3027 2640 3160 2680; x_wconf 89' lang='lat' dir='ltr'><strong>eum</strong></span> <span class='ocrx_word' id='word_1_462' title='bbox 3207 2640 3342 2681; x_wconf 89' lang='lat' dir='ltr'><strong>cum</strong></span> <span class='ocrx_word' id='word_1_463' title='bbox 3374 2623 3596 2680; x_wconf 88' lang='lat' dir='ltr'><strong>honore</strong></span> 
     </span>
    </p>
   </div>
   <div class='ocr_carea' id='block_1_60' title="bbox 1938 2712 3594 2786">
    <p class='ocr_par' dir='ltr' id='par_1_60' title="bbox 1938 2712 3594 2786">
     <span class='ocr_line' id='line_1_61' title="bbox 1938 2712 3594 2786; baseline 0.001 -18"><span class='ocrx_word' id='word_1_464' title='bbox 1938 2712 2124 2769; x_wconf 85' lang='lat' dir='ltr'><strong>multo</strong></span> <span class='ocrx_word' id='word_1_465' title='bbox 2155 2716 2213 2768; x_wconf 89' lang='lat' dir='ltr'><strong>et</strong></span> <span class='ocrx_word' id='word_1_466' title='bbox 2261 2712 2434 2767; x_wconf 89' lang='lat' dir='ltr'><strong>donis</strong></span> <span class='ocrx_word' id='word_1_467' title='bbox 2486 2712 2782 2786; x_wconf 86' lang='lat' dir='ltr'><strong>pretiosis,</strong></span> <span class='ocrx_word' id='word_1_468' title='bbox 2815 2712 3126 2769; x_wconf 85' lang='lat' dir='ltr'><strong>laudantes</strong></span> <span class='ocrx_word' id='word_1_469' title='bbox 3172 2718 3230 2769; x_wconf 90' lang='lat' dir='ltr'><strong>et</strong></span> <span class='ocrx_word' id='word_1_470' title='bbox 3258 2712 3594 2786; x_wconf 80' lang='lat' dir='ltr'><strong>gloriﬁcan-</strong></span> 
     </span>
    </p>
   </div>
   <div class='ocr_carea' id='block_1_61' title="bbox 1937 2800 3592 2871">
    <p class='ocr_par' dir='ltr' id='par_1_61' title="bbox 1937 2800 3592 2871">
     <span class='ocr_line' id='line_1_62' title="bbox 1937 2800 3592 2871; baseline 0.001 -15"><span class='ocrx_word' id='word_1_471' title='bbox 1937 2805 2028 2858; x_wconf 86' lang='lat' dir='ltr'><strong>tes</strong></span> <span class='ocrx_word' id='word_1_472' title='bbox 2058 2801 2241 2857; x_wconf 90' lang='lat' dir='ltr'><strong>Deum</strong></span> <span class='ocrx_word' id='word_1_473' title='bbox 2273 2800 2472 2857; x_wconf 89' lang='lat' dir='ltr'><strong>Israel.</strong></span> <span class='ocrx_word' id='word_1_474' title='bbox 2509 2801 2653 2857; x_wconf 89' lang='lat' dir='ltr'><strong>Puer</strong></span> <span class='ocrx_word' id='word_1_475' title='bbox 2684 2807 2878 2858; x_wconf 87' lang='lat' dir='ltr'><strong>autem</strong></span> <span class='ocrx_word' id='word_1_476' title='bbox 2910 2801 3109 2858; x_wconf 84' lang='lat' dir='ltr'><strong>attulit</strong></span> <span class='ocrx_word' id='word_1_477' title='bbox 3142 2806 3353 2871; x_wconf 86' lang='lat' dir='ltr'><strong>utrem,</strong></span> <span class='ocrx_word' id='word_1_478' title='bbox 3385 2807 3444 2858; x_wconf 87' lang='lat' dir='ltr'><strong>et</strong></span> <span class='ocrx_word' id='word_1_479' title='bbox 3475 2811 3592 2859; x_wconf 80' lang='lat' dir='ltr'><strong>sta-</strong></span> 
     </span>
    </p>
   </div>
   <div class='ocr_carea' id='block_1_62' title="bbox 1936 2874 3595 2964">
    <p class='ocr_par' dir='ltr' id='par_1_62' title="bbox 1936 2874 3595 2964">
     <span class='ocr_line' id='line_1_63' title="bbox 1936 2874 3595 2964; baseline 0.002 -20"><span class='ocrx_word' id='word_1_480' title='bbox 1936 2890 2051 2945; x_wconf 90' lang='lat' dir='ltr'><strong>tuit</strong></span> <span class='ocrx_word' id='word_1_481' title='bbox 2080 2890 2136 2945; x_wconf 91' lang='lat' dir='ltr'><strong>in</strong></span> <span class='ocrx_word' id='word_1_482' title='bbox 2173 2890 2367 2946; x_wconf 91' lang='lat' dir='ltr'><strong>medio</strong></span> <span class='ocrx_word' id='word_1_483' title='bbox 2397 2890 2601 2963; x_wconf 88' lang='lat' dir='ltr'><strong>templi</strong></span> <span class='ocrx_word' id='word_1_484' title='bbox 2631 2908 2643 2959; x_wconf 91' lang='lat'><strong>;</strong></span> <span class='ocrx_word' id='word_1_485' title='bbox 2690 2893 2747 2946; x_wconf 90' lang='lat' dir='ltr'><strong>et</strong></span> <span class='ocrx_word' id='word_1_486' title='bbox 2780 2891 3060 2964; x_wconf 89' lang='lat' dir='ltr'><strong>postridie</strong></span> <span class='ocrx_word' id='word_1_487' title='bbox 3089 2874 3335 2947; x_wconf 35' lang='lat' dir='ltr'><strong>veniens.</strong></span> <span class='ocrx_word' id='word_1_488' title='bbox 3357 2908 3460 2963; x_wconf 85' lang='lat' dir='ltr'><strong>ego</strong></span> <span class='ocrx_word' id='word_1_489' title='bbox 3494 2908 3595 2947; x_wconf 89' lang='lat' dir='ltr'><strong>rex</strong></span> 
     </span>
    </p>
   </div>
   <div class='ocr_carea' id='block_1_63' title="bbox 1939 2979 3589 3054">
    <p class='ocr_par' dir='ltr' id='par_1_63' title="bbox 1939 2979 3589 3054">
     <span class='ocr_line' id='line_1_64' title="bbox 1939 2979 3589 3054; baseline 0 -18"><span class='ocrx_word' id='word_1_490' title='bbox 1939 2979 2211 3036; x_wconf 89' lang='lat' dir='ltr'><strong>Salomon</strong></span> <span class='ocrx_word' id='word_1_491' title='bbox 2244 2979 2300 3034; x_wconf 91' lang='lat' dir='ltr'><strong>in</strong></span> <span class='ocrx_word' id='word_1_492' title='bbox 2336 2979 2618 3050; x_wconf 88' lang='lat' dir='ltr'><strong>templum</strong></span> <span class='ocrx_word' id='word_1_493' title='bbox 2645 2980 2767 3047; x_wconf 89' lang='lat' dir='ltr'><strong>Dei,</strong></span> <span class='ocrx_word' id='word_1_494' title='bbox 2796 2981 3062 3053; x_wconf 90' lang='lat' dir='ltr'><strong>replebar</strong></span> <span class='ocrx_word' id='word_1_495' title='bbox 3091 2980 3333 3036; x_wconf 86' lang='lat' dir='ltr'><strong>tristitia</strong></span> <span class='ocrx_word' id='word_1_496' title='bbox 3357 2996 3589 3054; x_wconf 89' lang='lat' dir='ltr'><strong>magna,</strong></span> 
     </span>
    </p>
   </div>
   <div class='ocr_carea' id='block_1_64' title="bbox 1940 3068 3584 3141">
    <p class='ocr_par' dir='ltr' id='par_1_64' title="bbox 1940 3068 3584 3141">
     <span class='ocr_line' id='line_1_65' title="bbox 1940 3068 3584 3141; baseline 0.002 -19"><span class='ocrx_word' id='word_1_497' title='bbox 1940 3068 2153 3139; x_wconf 86' lang='lat' dir='ltr'><strong>lapidis</strong></span> <span class='ocrx_word' id='word_1_498' title='bbox 2210 3068 2510 3141; x_wconf 88' lang='lat' dir='ltr'><strong>angularis</strong></span> <span class='ocrx_word' id='word_1_499' title='bbox 2560 3086 2784 3136; x_wconf 87' lang='lat' dir='ltr'><strong>causa;</strong></span> <span class='ocrx_word' id='word_1_500' title='bbox 2845 3074 2903 3125; x_wconf 90' lang='lat' dir='ltr'><strong>et</strong></span> <span class='ocrx_word' id='word_1_501' title='bbox 2959 3069 3323 3141; x_wconf 86' lang='lat' dir='ltr'><strong>ingrediente</strong></span> <span class='ocrx_word' id='word_1_502' title='bbox 3383 3086 3476 3125; x_wconf 89' lang='lat' dir='ltr'><strong>me</strong></span> <span class='ocrx_word' id='word_1_503' title='bbox 3523 3069 3584 3125; x_wconf 89' lang='lat' dir='ltr'><strong>in</strong></span> 
     </span>
    </p>
   </div>
   <div class='ocr_carea' id='block_1_65' title="bbox 1936 3156 3591 3230">
    <p class='ocr_par' dir='ltr' id='par_1_65' title="bbox 1936 3156 3591 3230">
     <span class='ocr_line' id='line_1_66' title="bbox 1936 3156 3591 3230; baseline 0.002 -20"><span class='ocrx_word' id='word_1_504' title='bbox 1936 3156 2222 3228; x_wconf 85' lang='lat' dir='ltr'><strong>templum</strong></span> <span class='ocrx_word' id='word_1_505' title='bbox 2292 3174 2541 3227; x_wconf 78' lang='lat' dir='ltr'><strong>surgens</strong></span> <span class='ocrx_word' id='word_1_506' title='bbox 2609 3164 2738 3213; x_wconf 87' lang='lat' dir='ltr'><strong>uter</strong></span> <span class='ocrx_word' id='word_1_507' title='bbox 2812 3158 3139 3214; x_wconf 86' lang='lat' dir='ltr'><strong>ambulavit</strong></span> <span class='ocrx_word' id='word_1_508' title='bbox 3212 3160 3434 3230; x_wconf 86' lang='lat' dir='ltr'><strong>gradus</strong></span> <span class='ocrx_word' id='word_1_509' title='bbox 3500 3174 3591 3214; x_wconf 84' lang='lat' dir='ltr'><strong>se-</strong></span> 
     </span>
    </p>
   </div>
   <div class='ocr_carea' id='block_1_66' title="bbox 1941 3247 3599 3319">
    <p class='ocr_par' dir='ltr' id='par_1_66' title="bbox 1941 3247 3599 3319">
     <span class='ocr_line' id='line_1_67' title="bbox 1941 3247 3599 3319; baseline 0.004 -21"><span class='ocrx_word' id='word_1_510' title='bbox 1941 3250 2095 3317; x_wconf 86' lang='lat' dir='ltr'><strong>ptem</strong></span> <span class='ocrx_word' id='word_1_511' title='bbox 2142 3263 2155 3302; x_wconf 89' lang='lat'><strong>:</strong></span> <span class='ocrx_word' id='word_1_512' title='bbox 2199 3247 2451 3319; x_wconf 87' lang='lat' dir='ltr'><strong>procidit</strong></span> <span class='ocrx_word' id='word_1_513' title='bbox 2509 3252 2702 3303; x_wconf 89' lang='lat' dir='ltr'><strong>autem</strong></span> <span class='ocrx_word' id='word_1_514' title='bbox 2765 3248 2825 3303; x_wconf 88' lang='lat' dir='ltr'><strong>in</strong></span> <span class='ocrx_word' id='word_1_515' title='bbox 2882 3265 2968 3308; x_wconf 83' lang='lat' dir='ltr'><strong>os.</strong></span> <span class='ocrx_word' id='word_1_516' title='bbox 3030 3252 3088 3304; x_wconf 90' lang='lat' dir='ltr'><strong>et</strong></span> <span class='ocrx_word' id='word_1_517' title='bbox 3142 3252 3452 3304; x_wconf 87' lang='lat' dir='ltr'><strong>veneratus</strong></span> <span class='ocrx_word' id='word_1_518' title='bbox 3508 3251 3599 3305; x_wconf 87' lang='lat' dir='ltr'><strong>est</strong></span> 
     </span>
    </p>
   </div>
   <div class='ocr_carea' id='block_1_67' title="bbox 1940 3337 3595 3413">
    <p class='ocr_par' dir='ltr' id='par_1_67' title="bbox 1940 3337 3595 3413">
     <span class='ocr_line' id='line_1_68' title="bbox 1940 3337 3595 3413; baseline 0.004 -23"><span class='ocrx_word' id='word_1_519' title='bbox 1940 3353 2052 3392; x_wconf 87' lang='lat' dir='ltr'><strong>me.</strong></span> <span class='ocrx_word' id='word_1_520' title='bbox 2111 3337 2180 3391; x_wconf 87' lang='lat' dir='ltr'><strong>Et</strong></span> <span class='ocrx_word' id='word_1_521' title='bbox 2239 3337 2541 3394; x_wconf 88' lang='lat' dir='ltr'><strong>admirans</strong></span> <span class='ocrx_word' id='word_1_522' title='bbox 2606 3354 2733 3412; x_wconf 84' lang='lat' dir='ltr'><strong>ego,</strong></span> <span class='ocrx_word' id='word_1_523' title='bbox 2793 3341 2948 3412; x_wconf 88' lang='lat' dir='ltr'><strong>quod</strong></span> <span class='ocrx_word' id='word_1_524' title='bbox 3005 3343 3060 3396; x_wconf 90' lang='lat' dir='ltr'><strong>et</strong></span> <span class='ocrx_word' id='word_1_525' title='bbox 3123 3340 3180 3395; x_wconf 90' lang='lat' dir='ltr'><strong>in</strong></span> <span class='ocrx_word' id='word_1_526' title='bbox 3242 3344 3372 3396; x_wconf 90' lang='lat' dir='ltr'><strong>utre</strong></span> <span class='ocrx_word' id='word_1_527' title='bbox 3430 3344 3595 3413; x_wconf 84' lang='lat' dir='ltr'><strong>pote-</strong></span> 
     </span>
    </p>
   </div>
   <div class='ocr_carea' id='block_1_68' title="bbox 167 3414 1832 3500">
    <p class='ocr_par' dir='ltr' id='par_1_68' title="bbox 167 3419 1828 3497">
     <span class='ocr_line' id='line_1_69' title="bbox 167 3419 1828 3497; baseline 0 -21"><span class='ocrx_word' id='word_1_528' title='bbox 167 3420 365 3494; x_wconf 78' lang='grc' dir='ltr'>λομῶν</span> <span class='ocrx_word' id='word_1_529' title='bbox 399 3420 475 3481; x_wconf 82' lang='grc' dir='ltr'><strong>είς</strong></span> <span class='ocrx_word' id='word_1_530' title='bbox 502 3423 598 3477; x_wconf 82' lang='grc' dir='ltr'>τὸν</span> <span class='ocrx_word' id='word_1_531' title='bbox 627 3424 752 3477; x_wconf 81' lang='grc' dir='ltr'>ναὸν</span> <span class='ocrx_word' id='word_1_532' title='bbox 798 3426 896 3478; x_wconf 86' lang='grc' dir='ltr'><strong>τοῦ</strong></span> <span class='ocrx_word' id='word_1_533' title='bbox 944 3421 1275 3495; x_wconf 77' lang='grc' dir='ltr'>Θεοῦ,ἤμην</span> <span class='ocrx_word' id='word_1_534' title='bbox 1335 3422 1386 3477; x_wconf 73' lang='grc' dir='ltr'>ἐν</span> <span class='ocrx_word' id='word_1_535' title='bbox 1446 3421 1591 3497; x_wconf 68' lang='grc' dir='ltr'>λύπῃ</span> <span class='ocrx_word' id='word_1_536' title='bbox 1638 3419 1828 3496; x_wconf 70' lang='grc' dir='ltr'>πολλῇ</span> 
     </span>
    </p>
   </div>
   <div class='ocr_carea' id='block_1_69' title="bbox 1945 3414 3597 3500">
    <p class='ocr_par' dir='ltr' id='par_1_69' title="bbox 1945 3425 3597 3500">
     <span class='ocr_line' id='line_1_70' title="bbox 1945 3425 3597 3500; baseline 0.003 -20"><span class='ocrx_word' id='word_1_537' title='bbox 1945 3429 2152 3481; x_wconf 81' lang='lat' dir='ltr'><strong>etatem</strong></span> <span class='ocrx_word' id='word_1_538' title='bbox 2203 3425 2445 3482; x_wconf 86' lang='lat' dir='ltr'><strong>haberet</strong></span> <span class='ocrx_word' id='word_1_539' title='bbox 2491 3428 2743 3495; x_wconf 66' lang='lat' dir='ltr'><strong>daemon,</strong></span> <span class='ocrx_word' id='word_1_540' title='bbox 2775 3434 2833 3484; x_wconf 88' lang='lat' dir='ltr'><strong>et</strong></span> <span class='ocrx_word' id='word_1_541' title='bbox 2881 3428 3232 3498; x_wconf 90' lang='lat' dir='ltr'><strong>ambularet,</strong></span> <span class='ocrx_word' id='word_1_542' title='bbox 3277 3430 3431 3500; x_wconf 87' lang='lat' dir='ltr'><strong>jussi</strong></span> <span class='ocrx_word' id='word_1_543' title='bbox 3461 3445 3597 3486; x_wconf 89' lang='lat' dir='ltr'><strong>eum</strong></span> 
     </span>
    </p>
   </div>
   <div class='ocr_carea' id='block_1_70' title="bbox 168 3508 1840 3587">
    <p class='ocr_par' dir='ltr' id='par_1_70' title="bbox 168 3508 1840 3587">
     <span class='ocr_line' id='line_1_71' title="bbox 168 3508 1840 3587; baseline -0.001 -22"><span class='ocrx_word' id='word_1_544' title='bbox 168 3510 297 3585; x_wconf 84' lang='grc' dir='ltr'><strong>περί</strong></span> <span class='ocrx_word' id='word_1_545' title='bbox 345 3515 442 3566; x_wconf 89' lang='grc' dir='ltr'><strong>τοῦ</strong></span> <span class='ocrx_word' id='word_1_546' title='bbox 490 3508 647 3576; x_wconf 85' lang='grc' dir='ltr'>λίθου</span> <span class='ocrx_word' id='word_1_547' title='bbox 694 3516 792 3567; x_wconf 91' lang='grc' dir='ltr'><strong>τοῦ</strong></span> <span class='ocrx_word' id='word_1_548' title='bbox 840 3512 1266 3587; x_wconf 80' lang='grc' dir='ltr'>ἀκρογωνιαίου·</span> <span class='ocrx_word' id='word_1_549' title='bbox 1299 3512 1389 3565; x_wconf 85' lang='grc' dir='ltr'>καὶ</span> <span class='ocrx_word' id='word_1_550' title='bbox 1448 3511 1502 3566; x_wconf 79' lang='grc' dir='ltr'>ἐν</span> <span class='ocrx_word' id='word_1_551' title='bbox 1542 3514 1625 3583; x_wconf 78' lang='grc' dir='ltr'>τῷ</span> <span class='ocrx_word' id='word_1_552' title='bbox 1670 3509 1840 3584; x_wconf 75' lang='grc' dir='ltr'>εΐσέρ,</span> 
     </span>
    </p>
   </div>
   <div class='ocr_carea' id='block_1_71' title="bbox 169 3598 1841 3675">
    <p class='ocr_par' dir='ltr' id='par_1_71' title="bbox 169 3598 1841 3675">
     <span class='ocr_line' id='line_1_72' title="bbox 169 3598 1841 3675; baseline 0 -21"><span class='ocrx_word' id='word_1_553' title='bbox 169 3600 368 3675; x_wconf 80' lang='grc' dir='ltr'>χεσθαί</span> <span class='ocrx_word' id='word_1_554' title='bbox 411 3620 505 3673; x_wconf 88' lang='grc' dir='ltr'><strong>μοι</strong></span> <span class='ocrx_word' id='word_1_555' title='bbox 563 3603 685 3675; x_wconf 72' lang='lat' dir='ltr'><strong>(sic)</strong></span> <span class='ocrx_word' id='word_1_556' title='bbox 746 3600 823 3662; x_wconf 80' lang='grc' dir='ltr'><strong>εἰς</strong></span> <span class='ocrx_word' id='word_1_557' title='bbox 876 3602 969 3656; x_wconf 88' lang='grc' dir='ltr'><strong>τὸν</strong></span> <span class='ocrx_word' id='word_1_558' title='bbox 1023 3601 1149 3656; x_wconf 75' lang='grc' dir='ltr'>ναὸν</span> <span class='ocrx_word' id='word_1_559' title='bbox 1200 3600 1429 3662; x_wconf 71' lang='grc' dir='ltr'>ἀναστὰς</span> <span class='ocrx_word' id='word_1_560' title='bbox 1459 3601 1488 3654; x_wconf 92' lang='lat'><strong>6</strong></span> <span class='ocrx_word' id='word_1_561' title='bbox 1519 3599 1681 3662; x_wconf 82' lang='grc' dir='ltr'>ἀσκὸς</span> <span class='ocrx_word' id='word_1_562' title='bbox 1712 3598 1841 3654; x_wconf 80' lang='grc' dir='ltr'><strong>ἐπε-</strong></span> 
     </span>
    </p>
   </div>
   <div class='ocr_carea' id='block_1_72' title="bbox 179 3687 1838 3765">
    <p class='ocr_par' dir='ltr' id='par_1_72' title="bbox 179 3687 1838 3765">
     <span class='ocr_line' id='line_1_73' title="bbox 179 3687 1838 3765; baseline 0 -22"><span class='ocrx_word' id='word_1_563' title='bbox 179 3691 504 3764; x_wconf 81' lang='grc' dir='ltr'>ριεπάτησεν</span> <span class='ocrx_word' id='word_1_564' title='bbox 553 3692 676 3762; x_wconf 77' lang='lat' dir='ltr'><strong>(sic)</strong></span> <span class='ocrx_word' id='word_1_565' title='bbox 728 3690 862 3744; x_wconf 78' lang='grc' dir='ltr'>ὲπτά</span> <span class='ocrx_word' id='word_1_566' title='bbox 925 3691 1167 3765; x_wconf 75' lang='grc' dir='ltr'>βήματαο</span> <span class='ocrx_word' id='word_1_567' title='bbox 1200 3688 1354 3745; x_wconf 77' lang='grc' dir='ltr'>ἔπεσε</span> <span class='ocrx_word' id='word_1_568' title='bbox 1401 3687 1459 3744; x_wconf 73' lang='grc' dir='ltr'>δὲ</span> <span class='ocrx_word' id='word_1_569' title='bbox 1516 3688 1603 3743; x_wconf 71' lang='grc' dir='ltr'><strong>ἐπὶ</strong></span> <span class='ocrx_word' id='word_1_570' title='bbox 1662 3688 1838 3761; x_wconf 87' lang='grc' dir='ltr'>στόμα</span> 
     </span>
    </p>
   </div>
   <div class='ocr_carea' id='block_1_73' title="bbox 167 3776 1836 3852">
    <p class='ocr_par' dir='ltr' id='par_1_73' title="bbox 167 3776 1836 3852">
     <span class='ocr_line' id='line_1_74' title="bbox 167 3776 1836 3852; baseline 0 -21"><span class='ocrx_word' id='word_1_571' title='bbox 167 3777 263 3832; x_wconf 81' lang='grc' dir='ltr'>καὶ</span> <span class='ocrx_word' id='word_1_572' title='bbox 329 3777 701 3851; x_wconf 72' lang='grc' dir='ltr'>προσεκόνησέ</span> <span class='ocrx_word' id='word_1_573' title='bbox 759 3799 873 3852; x_wconf 91' lang='grc' dir='ltr'>μοι.</span> <span class='ocrx_word' id='word_1_574' title='bbox 926 3779 1023 3833; x_wconf 79' lang='grc' dir='ltr'>Καὶ</span> <span class='ocrx_word' id='word_1_575' title='bbox 1085 3779 1361 3851; x_wconf 82' lang='grc' dir='ltr'>Θαυμάσας</span> <span class='ocrx_word' id='word_1_576' title='bbox 1432 3777 1542 3851; x_wconf 69' lang='grc' dir='ltr'><strong>ἐγὼ</strong></span> <span class='ocrx_word' id='word_1_577' title='bbox 1606 3778 1688 3832; x_wconf 80' lang='grc' dir='ltr'><strong>ὅτι</strong></span> <span class='ocrx_word' id='word_1_578' title='bbox 1745 3776 1836 3832; x_wconf 88' lang='grc' dir='ltr'><strong>καὶ</strong></span> 
     </span>
    </p>
   </div>
   <div class='ocr_carea' id='block_1_74' title="bbox 178 3863 1837 3943">
    <p class='ocr_par' dir='ltr' id='par_1_74' title="bbox 178 3863 1837 3943">
     <span class='ocr_line' id='line_1_75' title="bbox 178 3863 1837 3943; baseline 0.001 -24"><span class='ocrx_word' id='word_1_579' title='bbox 178 3865 318 3939; x_wconf 81' lang='grc' dir='ltr'><strong>μετά</strong></span> <span class='ocrx_word' id='word_1_580' title='bbox 373 3866 539 3921; x_wconf 84' lang='grc' dir='ltr'>ἀσκοῦ</span> <span class='ocrx_word' id='word_1_581' title='bbox 589 3863 821 3940; x_wconf 80' lang='grc' dir='ltr'>δύναμιν</span> <span class='ocrx_word' id='word_1_582' title='bbox 871 3864 1028 3943; x_wconf 74' lang='grc' dir='ltr'>ἔσχεν</span> <span class='ocrx_word' id='word_1_583' title='bbox 1075 3868 1103 3923; x_wconf 90' lang='lat'><strong>6</strong></span> <span class='ocrx_word' id='word_1_584' title='bbox 1154 3864 1383 3940; x_wconf 85' lang='grc' dir='ltr'>δαίμων,</span> <span class='ocrx_word' id='word_1_585' title='bbox 1433 3867 1523 3921; x_wconf 85' lang='grc' dir='ltr'><strong>καὶ</strong></span> <span class='ocrx_word' id='word_1_586' title='bbox 1580 3864 1837 3937; x_wconf 82' lang='grc' dir='ltr'>περιεπά-</span> 
     </span>
    </p>
   </div>
   <div class='ocr_carea' id='block_1_75' title="bbox 169 3953 1835 4028">
    <p class='ocr_par' dir='ltr' id='par_1_75' title="bbox 169 3953 1835 4028">
     <span class='ocr_line' id='line_1_76' title="bbox 169 3953 1835 4028; baseline 0 -18"><span class='ocrx_word' id='word_1_587' title='bbox 169 3976 279 4022; x_wconf 83' lang='grc' dir='ltr'>τει,</span> <span class='ocrx_word' id='word_1_588' title='bbox 306 3953 562 4011; x_wconf 67' lang='grc' dir='ltr'>ἐκέλευσα</span> <span class='ocrx_word' id='word_1_589' title='bbox 617 3955 776 4011; x_wconf 82' lang='grc' dir='ltr'>αὐτὸν</span> <span class='ocrx_word' id='word_1_590' title='bbox 829 3956 1140 4026; x_wconf 85' lang='grc' dir='ltr'>ἀναστῆναι·</span> <span class='ocrx_word' id='word_1_591' title='bbox 1176 3957 1265 4012; x_wconf 82' lang='grc' dir='ltr'><strong>καὶ</strong></span> <span class='ocrx_word' id='word_1_592' title='bbox 1321 3956 1513 4025; x_wconf 71' lang='grc' dir='ltr'>ἀνέστη</span> <span class='ocrx_word' id='word_1_593' title='bbox 1574 3956 1602 4009; x_wconf 89' lang='lat'><strong>6</strong></span> <span class='ocrx_word' id='word_1_594' title='bbox 1651 3955 1835 4028; x_wconf 87' lang='grc' dir='ltr'>ἀσκὸς,</span> 
     </span>
    </p>
   </div>
   <div class='ocr_carea' id='block_1_76' title="bbox 180 4040 1839 4121">
    <p class='ocr_par' dir='ltr' id='par_1_76' title="bbox 180 4040 1839 4121">
     <span class='ocr_line' id='line_1_77' title="bbox 180 4040 1839 4121; baseline 0 -22"><span class='ocrx_word' id='word_1_595' title='bbox 180 4042 277 4099; x_wconf 79' lang='grc' dir='ltr'><strong>καὶ</strong></span> <span class='ocrx_word' id='word_1_596' title='bbox 334 4040 458 4114; x_wconf 82' lang='grc' dir='ltr'>ἔστη</span> <span class='ocrx_word' id='word_1_597' title='bbox 514 4049 633 4106; x_wconf 86' lang='grc' dir='ltr'>τοῖς</span> <span class='ocrx_word' id='word_1_598' title='bbox 690 4046 816 4099; x_wconf 79' lang='grc' dir='ltr'>ποσὶ</span> <span class='ocrx_word' id='word_1_599' title='bbox 875 4045 1281 4121; x_wconf 70' lang='grc' dir='ltr'>πεφυσημένος.</span> <span class='ocrx_word' id='word_1_600' title='bbox 1334 4043 1435 4100; x_wconf 85' lang='grc' dir='ltr'>Καὶ</span> <span class='ocrx_word' id='word_1_601' title='bbox 1506 4042 1839 4117; x_wconf 77' lang='grc' dir='ltr'>ἐπηρώτησα</span> 
     </span>
    </p>
   </div>
   <div class='ocr_carea' id='block_1_77' title="bbox 176 4128 1834 4210">
    <p class='ocr_par' dir='ltr' id='par_1_77' title="bbox 176 4128 1834 4210">
     <span class='ocr_line' id='line_1_78' title="bbox 176 4128 1834 4210; baseline 0.001 -23"><span class='ocrx_word' id='word_1_602' title='bbox 176 4131 344 4187; x_wconf 80' lang='grc' dir='ltr'>αὐτὸν</span> <span class='ocrx_word' id='word_1_603' title='bbox 401 4132 595 4209; x_wconf 74' lang='grc' dir='ltr'>λέγων.</span> <span class='ocrx_word' id='word_1_604' title='bbox 629 4132 766 4188; x_wconf 76' lang='grc' dir='ltr'><strong>Εἲπὲ</strong></span> <span class='ocrx_word' id='word_1_605' title='bbox 826 4153 942 4206; x_wconf 85' lang='grc' dir='ltr'>μοι,</span> <span class='ocrx_word' id='word_1_606' title='bbox 972 4133 1034 4187; x_wconf 82' lang='grc' dir='ltr'>σὺ</span> <span class='ocrx_word' id='word_1_607' title='bbox 1079 4132 1163 4197; x_wconf 88' lang='grc' dir='ltr'><strong>τίς</strong></span> <span class='ocrx_word' id='word_1_608' title='bbox 1214 4133 1297 4203; x_wconf 76' lang='grc' dir='ltr'><strong>εἷς</strong></span> <span class='ocrx_word' id='word_1_609' title='bbox 1330 4132 1421 4187; x_wconf 84' lang='grc' dir='ltr'><strong>καὶ</strong></span> <span class='ocrx_word' id='word_1_610' title='bbox 1479 4128 1580 4210; x_wconf 68' lang='grc' dir='ltr'><strong>ἔφη</strong></span> <span class='ocrx_word' id='word_1_611' title='bbox 1638 4128 1834 4188; x_wconf 68' lang='grc' dir='ltr'>ἔσωθεν</span> 
     </span>
    </p>
   </div>
   <div class='ocr_carea' id='block_1_78' title="bbox 169 4218 1835 4299">
    <p class='ocr_par' dir='ltr' id='par_1_78' title="bbox 169 4218 1835 4299">
     <span class='ocr_line' id='line_1_79' title="bbox 169 4218 1835 4299; baseline 0.001 -24"><span class='ocrx_word' id='word_1_612' title='bbox 169 4222 241 4275; x_wconf 88' lang='lat'><strong>16</strong></span> <span class='ocrx_word' id='word_1_613' title='bbox 291 4224 503 4293; x_wconf 84' lang='grc' dir='ltr'>πνεῦμα</span> <span class='ocrx_word' id='word_1_614' title='bbox 531 4241 543 4255; x_wconf 89' lang='grc'><strong>·</strong></span> <span class='ocrx_word' id='word_1_615' title='bbox 580 4223 727 4297; x_wconf 82' lang='grc' dir='ltr'>Ἐγώ</span> <span class='ocrx_word' id='word_1_616' title='bbox 779 4221 894 4295; x_wconf 84' lang='grc' dir='ltr'>είμι</span> <span class='ocrx_word' id='word_1_617' title='bbox 937 4223 965 4276; x_wconf 87' lang='lat'><strong>6</strong></span> <span class='ocrx_word' id='word_1_618' title='bbox 1010 4219 1314 4296; x_wconf 86' lang='grc' dir='ltr'>λεγόμενος</span> <span class='ocrx_word' id='word_1_619' title='bbox 1360 4220 1658 4299; x_wconf 78' lang='grc' dir='ltr'>Ἐφίππας,</span> <span class='ocrx_word' id='word_1_620' title='bbox 1693 4222 1721 4275; x_wconf 94' lang='lat'><strong>6</strong></span> <span class='ocrx_word' id='word_1_621' title='bbox 1763 4218 1835 4276; x_wconf 81' lang='grc' dir='ltr'>ὢν</span> 
     </span>
    </p>
   </div>
   <div class='ocr_carea' id='block_1_79' title="bbox 170 4306 1839 4385">
    <p class='ocr_par' dir='ltr' id='par_1_79' title="bbox 170 4306 1839 4385">
     <span class='ocr_line' id='line_1_80' title="bbox 170 4306 1839 4385; baseline -0.001 -19"><span class='ocrx_word' id='word_1_622' title='bbox 170 4310 226 4367; x_wconf 68' lang='grc' dir='ltr'>ἓν</span> <span class='ocrx_word' id='word_1_623' title='bbox 258 4314 328 4385; x_wconf 75' lang='grc' dir='ltr'><strong>τῇ</strong></span> <span class='ocrx_word' id='word_1_624' title='bbox 359 4306 593 4385; x_wconf 78' lang='grc' dir='ltr'>Ἀραϐίᾳ</span> <span class='ocrx_word' id='word_1_625' title='bbox 617 4330 630 4343; x_wconf 89' lang='grc'><strong>·</strong></span> <span class='ocrx_word' id='word_1_626' title='bbox 662 4310 755 4366; x_wconf 87' lang='grc' dir='ltr'><strong>καὶ</strong></span> <span class='ocrx_word' id='word_1_627' title='bbox 812 4311 961 4366; x_wconf 72' lang='grc' dir='ltr'>εἷπον</span> <span class='ocrx_word' id='word_1_628' title='bbox 1016 4310 1163 4383; x_wconf 78' lang='grc' dir='ltr'><strong>αὖτῷ</strong></span> <span class='ocrx_word' id='word_1_629' title='bbox 1189 4329 1202 4345; x_wconf 79' lang='grc'><strong><em>⁸</em></strong></span> <span class='ocrx_word' id='word_1_630' title='bbox 1236 4309 1405 4365; x_wconf 87' lang='grc' dir='ltr'>Τοῦτό</span> <span class='ocrx_word' id='word_1_631' title='bbox 1467 4308 1554 4364; x_wconf 92' lang='grc' dir='ltr'><strong>σοί</strong></span> <span class='ocrx_word' id='word_1_632' title='bbox 1608 4309 1719 4364; x_wconf 67' lang='grc' dir='ltr'>ἐστι</span> <span class='ocrx_word' id='word_1_633' title='bbox 1775 4311 1839 4365; x_wconf 85' lang='grc' dir='ltr'><strong>τὸ</strong></span> 
     </span>
    </p>
   </div>
   <div class='ocr_carea' id='block_1_80' title="bbox 171 4397 1838 4476">
    <p class='ocr_par' dir='ltr' id='par_1_80' title="bbox 171 4397 1838 4476">
     <span class='ocr_line' id='line_1_81' title="bbox 171 4397 1838 4476; baseline 0 -21"><span class='ocrx_word' id='word_1_634' title='bbox 171 4400 355 4473; x_wconf 69' lang='grc' dir='ltr'>ὄνομα</span> <span class='ocrx_word' id='word_1_635' title='bbox 377 4418 392 4469; x_wconf 89' lang='grc'><strong>;</strong></span> <span class='ocrx_word' id='word_1_636' title='bbox 414 4400 477 4457; x_wconf 85' lang='grc' dir='ltr'>Ὁ</span> <span class='ocrx_word' id='word_1_637' title='bbox 509 4397 567 4455; x_wconf 79' lang='grc' dir='ltr'>δὲ</span> <span class='ocrx_word' id='word_1_638' title='bbox 596 4398 720 4472; x_wconf 75' lang='grc' dir='ltr'><strong>ἔφη·</strong></span> <span class='ocrx_word' id='word_1_639' title='bbox 753 4400 880 4467; x_wconf 82' lang='grc' dir='ltr'>Ναὶ,</span> <span class='ocrx_word' id='word_1_640' title='bbox 908 4400 1046 4456; x_wconf 81' lang='grc' dir='ltr'>ὅπου</span> <span class='ocrx_word' id='word_1_641' title='bbox 1077 4400 1183 4475; x_wconf 67' lang='grc' dir='ltr'><strong>ἐγὼ</strong></span> <span class='ocrx_word' id='word_1_642' title='bbox 1213 4398 1514 4476; x_wconf 80' lang='grc' dir='ltr'>βούλομαι,</span> <span class='ocrx_word' id='word_1_643' title='bbox 1539 4397 1838 4474; x_wconf 80' lang='grc' dir='ltr'>ἐφίπταμαι</span> 
     </span>
    </p>
   </div>
   <div class='ocr_carea' id='block_1_81' title="bbox 174 4486 1841 4565">
    <p class='ocr_par' dir='ltr' id='par_1_81' title="bbox 174 4486 1841 4565">
     <span class='ocr_line' id='line_1_82' title="bbox 174 4486 1841 4565; baseline -0.001 -21"><span class='ocrx_word' id='word_1_644' title='bbox 174 4488 270 4544; x_wconf 83' lang='grc' dir='ltr'><strong>καὶ</strong></span> <span class='ocrx_word' id='word_1_645' title='bbox 315 4488 625 4565; x_wconf 73' lang='grc' dir='ltr'>ἐμπυρίζω,</span> <span class='ocrx_word' id='word_1_646' title='bbox 674 4488 765 4544; x_wconf 85' lang='grc' dir='ltr'><strong>καὶ</strong></span> <span class='ocrx_word' id='word_1_647' title='bbox 825 4493 1059 4553; x_wconf 83' lang='grc' dir='ltr'>θανατῶ.</span> <span class='ocrx_word' id='word_1_648' title='bbox 1116 4490 1211 4543; x_wconf 85' lang='grc' dir='ltr'>Καὶ</span> <span class='ocrx_word' id='word_1_649' title='bbox 1265 4489 1414 4544; x_wconf 74' lang='grc' dir='ltr'>εἶπον</span> <span class='ocrx_word' id='word_1_650' title='bbox 1451 4486 1635 4561; x_wconf 69' lang='grc' dir='ltr'><strong>αὐτῷ*</strong></span> <span class='ocrx_word' id='word_1_651' title='bbox 1689 4486 1841 4562; x_wconf 89' lang='grc' dir='ltr'>Ποίῳ</span> 
     </span>
    </p>
   </div>
   <div class='ocr_carea' id='block_1_82' title="bbox 172 4576 1841 4655">
    <p class='ocr_par' dir='ltr' id='par_1_82' title="bbox 172 4576 1841 4655">
     <span class='ocr_line' id='line_1_83' title="bbox 172 4576 1841 4655; baseline 0 -22"><span class='ocrx_word' id='word_1_652' title='bbox 172 4576 398 4653; x_wconf 83' lang='grc' dir='ltr'>ἀγγὲλῳ</span> <span class='ocrx_word' id='word_1_653' title='bbox 444 4581 695 4655; x_wconf 78' lang='grc' dir='ltr'>καταργῇ</span> <span class='ocrx_word' id='word_1_654' title='bbox 755 4578 861 4648; x_wconf 69' lang='lat' dir='ltr'><strong>ad;</strong></span> <span class='ocrx_word' id='word_1_655' title='bbox 895 4579 924 4633; x_wconf 92' lang='lat'><strong>6</strong></span> <span class='ocrx_word' id='word_1_656' title='bbox 964 4576 1021 4633; x_wconf 75' lang='grc' dir='ltr'>δὲ</span> <span class='ocrx_word' id='word_1_657' title='bbox 1051 4578 1216 4632; x_wconf 56' lang='grc' dir='ltr'>εἶπεν</span> <span class='ocrx_word' id='word_1_658' title='bbox 1249 4583 1305 4631; x_wconf 87' lang='lat'><strong>&#39;0</strong></span> <span class='ocrx_word' id='word_1_659' title='bbox 1368 4580 1654 4653; x_wconf 82' lang='grc' dir='ltr'>μονάρχης</span> <span class='ocrx_word' id='word_1_660' title='bbox 1712 4578 1841 4640; x_wconf 82' lang='grc' dir='ltr'>Θεὸς</span> 
     </span>
    </p>
   </div>
   <div class='ocr_carea' id='block_1_83' title="bbox 171 4665 1838 4743">
    <p class='ocr_par' dir='ltr' id='par_1_83' title="bbox 171 4665 1838 4743">
     <span class='ocr_line' id='line_1_84' title="bbox 171 4665 1838 4743; baseline -0.001 -21"><span class='ocrx_word' id='word_1_661' title='bbox 171 4668 202 4722; x_wconf 89' lang='lat'><strong>6</strong></span> <span class='ocrx_word' id='word_1_662' title='bbox 235 4665 380 4743; x_wconf 68' lang='grc' dir='ltr'>ἔχων</span> <span class='ocrx_word' id='word_1_663' title='bbox 412 4666 652 4737; x_wconf 76' lang='grc' dir='ltr'>ἐξουσίαν</span> <span class='ocrx_word' id='word_1_664' title='bbox 684 4669 801 4723; x_wconf 87' lang='grc' dir='ltr'>κατ’</span> <span class='ocrx_word' id='word_1_665' title='bbox 832 4667 990 4741; x_wconf 67' lang='grc' dir='ltr'>ἐμοῦ,</span> <span class='ocrx_word' id='word_1_666' title='bbox 1021 4667 1110 4721; x_wconf 88' lang='grc' dir='ltr'><strong>καὶ</strong></span> <span class='ocrx_word' id='word_1_667' title='bbox 1143 4666 1454 4731; x_wconf 75' lang='grc' dir='ltr'>ἀκούεσθαι·</span> <span class='ocrx_word' id='word_1_668' title='bbox 1490 4668 1518 4721; x_wconf 89' lang='lat'><strong>6</strong></span> <span class='ocrx_word' id='word_1_669' title='bbox 1551 4666 1641 4721; x_wconf 84' lang='grc' dir='ltr'><strong>διὰ</strong></span> <span class='ocrx_word' id='word_1_670' title='bbox 1692 4674 1838 4743; x_wconf 89' lang='grc' dir='ltr'>Παρ-</span> 
     </span>
    </p>
   </div>
   <div class='ocr_carea' id='block_1_84' title="bbox 1947 3516 3596 3591">
    <p class='ocr_par' dir='ltr' id='par_1_84' title="bbox 1947 3516 3596 3591">
     <span class='ocr_line' id='line_1_85' title="bbox 1947 3516 3596 3591; baseline 0.002 -20"><span class='ocrx_word' id='word_1_671' title='bbox 1947 3520 2103 3571; x_wconf 87' lang='lat' dir='ltr'><strong>stare</strong></span> <span class='ocrx_word' id='word_1_672' title='bbox 2128 3533 2140 3571; x_wconf 91' lang='lat'>:</span> <span class='ocrx_word' id='word_1_673' title='bbox 2165 3520 2219 3570; x_wconf 90' lang='lat' dir='ltr'><strong>et</strong></span> <span class='ocrx_word' id='word_1_674' title='bbox 2251 3516 2501 3572; x_wconf 80' lang='lat' dir='ltr'><strong>surrexit</strong></span> <span class='ocrx_word' id='word_1_675' title='bbox 2535 3523 2682 3585; x_wconf 88' lang='lat' dir='ltr'><strong>uter,</strong></span> <span class='ocrx_word' id='word_1_676' title='bbox 2702 3521 2759 3573; x_wconf 89' lang='lat' dir='ltr'><strong>et</strong></span> <span class='ocrx_word' id='word_1_677' title='bbox 2787 3519 2953 3574; x_wconf 88' lang='lat' dir='ltr'><strong>stetit</strong></span> <span class='ocrx_word' id='word_1_678' title='bbox 2984 3519 3232 3591; x_wconf 90' lang='lat' dir='ltr'><strong>pedibus</strong></span> <span class='ocrx_word' id='word_1_679' title='bbox 3263 3519 3596 3588; x_wconf 87' lang='lat' dir='ltr'><strong>distentus;</strong></span> 
     </span>
    </p>
   </div>
   <div class='ocr_carea' id='block_1_85' title="bbox 1946 3603 3593 3679">
    <p class='ocr_par' dir='ltr' id='par_1_85' title="bbox 1946 3603 3593 3679">
     <span class='ocr_line' id='line_1_86' title="bbox 1946 3603 3593 3679; baseline 0.002 -20"><span class='ocrx_word' id='word_1_680' title='bbox 1946 3609 2004 3659; x_wconf 89' lang='lat' dir='ltr'><strong>et</strong></span> <span class='ocrx_word' id='word_1_681' title='bbox 2032 3603 2379 3675; x_wconf 87' lang='lat' dir='ltr'><strong>interrogavi</strong></span> <span class='ocrx_word' id='word_1_682' title='bbox 2411 3620 2542 3660; x_wconf 90' lang='lat' dir='ltr'><strong>eum</strong></span> <span class='ocrx_word' id='word_1_683' title='bbox 2577 3605 2777 3660; x_wconf 90' lang='lat' dir='ltr'><strong>dicens</strong></span> <span class='ocrx_word' id='word_1_684' title='bbox 2802 3623 2815 3662; x_wconf 89' lang='lat'>:</span> <span class='ocrx_word' id='word_1_685' title='bbox 2840 3606 3037 3662; x_wconf 88' lang='lat' dir='ltr'><strong>Indica</strong></span> <span class='ocrx_word' id='word_1_686' title='bbox 3070 3606 3213 3661; x_wconf 89' lang='lat' dir='ltr'><strong>mihi</strong></span> <span class='ocrx_word' id='word_1_687' title='bbox 3248 3611 3310 3661; x_wconf 89' lang='lat' dir='ltr'><strong>tu</strong></span> <span class='ocrx_word' id='word_1_688' title='bbox 3335 3606 3468 3679; x_wconf 91' lang='lat' dir='ltr'><strong>quis</strong></span> <span class='ocrx_word' id='word_1_689' title='bbox 3490 3605 3593 3662; x_wconf 88' lang='lat' dir='ltr'><strong>sis.</strong></span> 
     </span>
    </p>
   </div>
   <div class='ocr_carea' id='block_1_86' title="bbox 1945 3692 3596 3765">
    <p class='ocr_par' dir='ltr' id='par_1_86' title="bbox 1945 3692 3596 3765">
     <span class='ocr_line' id='line_1_87' title="bbox 1945 3692 3596 3765; baseline 0.002 -19"><span class='ocrx_word' id='word_1_690' title='bbox 1945 3696 2015 3747; x_wconf 82' lang='lat' dir='ltr'><strong>Et</strong></span> <span class='ocrx_word' id='word_1_691' title='bbox 2044 3693 2125 3747; x_wconf 89' lang='lat' dir='ltr'><strong>ait</strong></span> <span class='ocrx_word' id='word_1_692' title='bbox 2155 3692 2227 3747; x_wconf 88' lang='lat' dir='ltr'><strong>ab</strong></span> <span class='ocrx_word' id='word_1_693' title='bbox 2258 3693 2416 3748; x_wconf 89' lang='lat' dir='ltr'><strong>intus</strong></span> <span class='ocrx_word' id='word_1_694' title='bbox 2464 3692 2709 3765; x_wconf 88' lang='lat' dir='ltr'><strong>spiritus</strong></span> <span class='ocrx_word' id='word_1_695' title='bbox 2740 3710 2754 3750; x_wconf 87' lang='lat'><strong>:</strong></span> <span class='ocrx_word' id='word_1_696' title='bbox 2788 3699 2905 3764; x_wconf 83' lang='lat' dir='ltr'><strong>Ego</strong></span> <span class='ocrx_word' id='word_1_697' title='bbox 2937 3711 3069 3750; x_wconf 89' lang='lat' dir='ltr'><strong>sum</strong></span> <span class='ocrx_word' id='word_1_698' title='bbox 3122 3695 3350 3751; x_wconf 65' lang='lat' dir='ltr'><strong>daemon</strong></span> <span class='ocrx_word' id='word_1_699' title='bbox 3398 3695 3596 3750; x_wconf 86' lang='lat' dir='ltr'><strong>dictus</strong></span> 
     </span>
    </p>
   </div>
   <div class='ocr_carea' id='block_1_87' title="bbox 1947 3781 3597 3854">
    <p class='ocr_par' dir='ltr' id='par_1_87' title="bbox 1947 3781 3597 3854">
     <span class='ocr_line' id='line_1_88' title="bbox 1947 3781 3597 3854; baseline 0.001 -17"><span class='ocrx_word' id='word_1_700' title='bbox 1947 3781 2265 3854; x_wconf 84' lang='lat' dir='ltr'><strong>Ephippas,</strong></span> <span class='ocrx_word' id='word_1_701' title='bbox 2310 3787 2475 3838; x_wconf 87' lang='lat' dir='ltr'><strong>stans</strong></span> <span class='ocrx_word' id='word_1_702' title='bbox 2523 3783 2582 3838; x_wconf 93' lang='lat' dir='ltr'><strong>in</strong></span> <span class='ocrx_word' id='word_1_703' title='bbox 2632 3784 2864 3839; x_wconf 87' lang='lat' dir='ltr'><strong>Arabia.</strong></span> <span class='ocrx_word' id='word_1_704' title='bbox 2916 3784 2982 3839; x_wconf 88' lang='lat' dir='ltr'><strong>Et</strong></span> <span class='ocrx_word' id='word_1_705' title='bbox 3030 3783 3145 3839; x_wconf 84' lang='lat' dir='ltr'><strong>dixi</strong></span> <span class='ocrx_word' id='word_1_706' title='bbox 3180 3783 3230 3839; x_wconf 90' lang='lat' dir='ltr'><strong>ei</strong></span> <span class='ocrx_word' id='word_1_707' title='bbox 3276 3801 3289 3840; x_wconf 88' lang='lat'><strong>:</strong></span> <span class='ocrx_word' id='word_1_708' title='bbox 3340 3783 3459 3839; x_wconf 86' lang='lat' dir='ltr'><strong>Hoc</strong></span> <span class='ocrx_word' id='word_1_709' title='bbox 3505 3787 3597 3839; x_wconf 90' lang='lat' dir='ltr'><strong>est</strong></span> 
     </span>
    </p>
   </div>
   <div class='ocr_carea' id='block_1_88' title="bbox 1947 3869 3599 3942">
    <p class='ocr_par' dir='ltr' id='par_1_88' title="bbox 1947 3869 3599 3942">
     <span class='ocr_line' id='line_1_89' title="bbox 1947 3869 3599 3942; baseline 0.001 -18"><span class='ocrx_word' id='word_1_710' title='bbox 1947 3886 2158 3925; x_wconf 90' lang='lat' dir='ltr'><strong>nomen</strong></span> <span class='ocrx_word' id='word_1_711' title='bbox 2191 3874 2409 3925; x_wconf 81' lang='lat' dir='ltr'><strong>tuum?</strong></span> <span class='ocrx_word' id='word_1_712' title='bbox 2457 3870 2523 3925; x_wconf 87' lang='lat' dir='ltr'><strong>Et</strong></span> <span class='ocrx_word' id='word_1_713' title='bbox 2554 3872 2636 3925; x_wconf 90' lang='lat' dir='ltr'><strong>ait</strong></span> <span class='ocrx_word' id='word_1_714' title='bbox 2669 3888 2682 3926; x_wconf 91' lang='lat'>:</span> <span class='ocrx_word' id='word_1_715' title='bbox 2712 3870 2897 3925; x_wconf 86' lang='lat' dir='ltr'><strong>Etiam</strong></span> <span class='ocrx_word' id='word_1_716' title='bbox 2925 3890 2939 3939; x_wconf 86' lang='lat'><strong>;</strong></span> <span class='ocrx_word' id='word_1_717' title='bbox 2991 3887 3106 3942; x_wconf 92' lang='lat' dir='ltr'><strong>quo</strong></span> <span class='ocrx_word' id='word_1_718' title='bbox 3137 3869 3280 3926; x_wconf 91' lang='lat' dir='ltr'><strong>mihi</strong></span> <span class='ocrx_word' id='word_1_719' title='bbox 3325 3870 3599 3926; x_wconf 90' lang='lat' dir='ltr'><strong>voluntas</strong></span> 
     </span>
    </p>
   </div>
   <div class='ocr_carea' id='block_1_89' title="bbox 1946 3958 3600 4025">
    <p class='ocr_par' dir='ltr' id='par_1_89' title="bbox 1946 3958 3600 4025">
     <span class='ocr_line' id='line_1_90' title="bbox 1946 3958 3600 4025; baseline 0 -11"><span class='ocrx_word' id='word_1_720' title='bbox 1946 3964 2037 4014; x_wconf 90' lang='lat' dir='ltr'><strong>est</strong></span> <span class='ocrx_word' id='word_1_721' title='bbox 2083 3958 2311 4025; x_wconf 84' lang='lat' dir='ltr'><strong>advolo,</strong></span> <span class='ocrx_word' id='word_1_722' title='bbox 2360 3963 2417 4013; x_wconf 92' lang='lat' dir='ltr'><strong>et</strong></span> <span class='ocrx_word' id='word_1_723' title='bbox 2470 3960 2744 4025; x_wconf 89' lang='lat' dir='ltr'><strong>ascendo,</strong></span> <span class='ocrx_word' id='word_1_724' title='bbox 2793 3963 2851 4014; x_wconf 90' lang='lat' dir='ltr'><strong>et</strong></span> <span class='ocrx_word' id='word_1_725' title='bbox 2901 3975 3062 4015; x_wconf 88' lang='lat' dir='ltr'><strong>neco.</strong></span> <span class='ocrx_word' id='word_1_726' title='bbox 3112 3959 3179 4015; x_wconf 90' lang='lat' dir='ltr'><strong>Et</strong></span> <span class='ocrx_word' id='word_1_727' title='bbox 3224 3959 3340 4013; x_wconf 83' lang='lat' dir='ltr'><strong>dixi</strong></span> <span class='ocrx_word' id='word_1_728' title='bbox 3390 3958 3441 4015; x_wconf 92' lang='lat' dir='ltr'><strong>ei</strong></span> <span class='ocrx_word' id='word_1_729' title='bbox 3489 3975 3503 4016; x_wconf 89' lang='lat'><strong>:</strong></span> <span class='ocrx_word' id='word_1_730' title='bbox 3552 3960 3600 4014; x_wconf 82' lang='grc' dir='ltr'><strong>Α</strong></span> 
     </span>
    </p>
   </div>
   <div class='ocr_carea' id='block_1_90' title="bbox 1947 4046 3600 4119">
    <p class='ocr_par' dir='ltr' id='par_1_90' title="bbox 1947 4046 3600 4119">
     <span class='ocr_line' id='line_1_91' title="bbox 1947 4046 3600 4119; baseline 0.001 -18"><span class='ocrx_word' id='word_1_731' title='bbox 1947 4064 2062 4118; x_wconf 93' lang='lat' dir='ltr'><strong>quo</strong></span> <span class='ocrx_word' id='word_1_732' title='bbox 2094 4046 2301 4119; x_wconf 86' lang='lat' dir='ltr'><strong>angelo</strong></span> <span class='ocrx_word' id='word_1_733' title='bbox 2349 4048 2643 4119; x_wconf 89' lang='lat' dir='ltr'><strong>impotens</strong></span> <span class='ocrx_word' id='word_1_734' title='bbox 2692 4048 2991 4104; x_wconf 78' lang='lat' dir='ltr'><strong>efﬁceris?</strong></span> <span class='ocrx_word' id='word_1_735' title='bbox 3022 4048 3088 4102; x_wconf 86' lang='lat' dir='ltr'><strong>Et</strong></span> <span class='ocrx_word' id='word_1_736' title='bbox 3117 4049 3238 4104; x_wconf 89' lang='lat' dir='ltr'><strong>ait:</strong></span> <span class='ocrx_word' id='word_1_737' title='bbox 3273 4049 3414 4118; x_wconf 84' lang='lat' dir='ltr'><strong>Rex,</strong></span> <span class='ocrx_word' id='word_1_738' title='bbox 3445 4048 3600 4103; x_wconf 84' lang='lat' dir='ltr'><strong>Deus</strong></span> 
     </span>
    </p>
   </div>
   <div class='ocr_carea' id='block_1_91' title="bbox 1947 4137 3595 4211">
    <p class='ocr_par' dir='ltr' id='par_1_91' title="bbox 1947 4137 3595 4211">
     <span class='ocr_line' id='line_1_92' title="bbox 1947 4137 3595 4211; baseline 0.001 -19"><span class='ocrx_word' id='word_1_739' title='bbox 1947 4137 2124 4192; x_wconf 83' lang='lat' dir='ltr'><strong>habet</strong></span> <span class='ocrx_word' id='word_1_740' title='bbox 2171 4142 2518 4209; x_wconf 88' lang='lat' dir='ltr'><strong>potestatem</strong></span> <span class='ocrx_word' id='word_1_741' title='bbox 2570 4138 2629 4193; x_wconf 91' lang='lat' dir='ltr'><strong>in</strong></span> <span class='ocrx_word' id='word_1_742' title='bbox 2686 4155 2799 4206; x_wconf 88' lang='lat' dir='ltr'><strong>me,</strong></span> <span class='ocrx_word' id='word_1_743' title='bbox 2859 4143 2924 4194; x_wconf 87' lang='lat' dir='ltr'><strong>ut</strong></span> <span class='ocrx_word' id='word_1_744' title='bbox 2979 4139 3213 4194; x_wconf 87' lang='lat' dir='ltr'><strong>audiam</strong></span> <span class='ocrx_word' id='word_1_745' title='bbox 3273 4155 3430 4204; x_wconf 88' lang='lat' dir='ltr'><strong>eum,</strong></span> <span class='ocrx_word' id='word_1_746' title='bbox 3494 4138 3595 4211; x_wconf 89' lang='lat' dir='ltr'><strong>qui</strong></span> 
     </span>
    </p>
   </div>
   <div class='ocr_carea' id='block_1_92' title="bbox 1948 4226 3595 4301">
    <p class='ocr_par' dir='ltr' id='par_1_92' title="bbox 1948 4226 3595 4301">
     <span class='ocr_line' id='line_1_93' title="bbox 1948 4226 3595 4301; baseline 0.001 -20"><span class='ocrx_word' id='word_1_747' title='bbox 1948 4226 2285 4281; x_wconf 89' lang='lat' dir='ltr'><strong>nasciturus</strong></span> <span class='ocrx_word' id='word_1_748' title='bbox 2344 4232 2434 4282; x_wconf 89' lang='lat' dir='ltr'><strong>est</strong></span> <span class='ocrx_word' id='word_1_749' title='bbox 2485 4244 2554 4282; x_wconf 88' lang='lat' dir='ltr'><strong>ex</strong></span> <span class='ocrx_word' id='word_1_750' title='bbox 2601 4228 2862 4301; x_wconf 87' lang='lat' dir='ltr'><strong>Virgine,</strong></span> <span class='ocrx_word' id='word_1_751' title='bbox 2918 4232 2976 4283; x_wconf 80' lang='lat' dir='ltr'><strong>et</strong></span> <span class='ocrx_word' id='word_1_752' title='bbox 3021 4245 3054 4283; x_wconf 89' lang='lat' dir='ltr'><strong>a</strong></span> <span class='ocrx_word' id='word_1_753' title='bbox 3101 4227 3314 4284; x_wconf 67' lang='lat' dir='ltr'><strong>Iudaeis</strong></span> <span class='ocrx_word' id='word_1_754' title='bbox 3361 4227 3595 4283; x_wconf 84' lang='lat' dir='ltr'><strong>cruciﬁ-</strong></span> 
     </span>
    </p>
   </div>
   <div class='ocr_carea' id='block_1_93' title="bbox 1949 4315 3597 4389">
    <p class='ocr_par' dir='ltr' id='par_1_93' title="bbox 1949 4315 3597 4389">
     <span class='ocr_line' id='line_1_94' title="bbox 1949 4315 3597 4389; baseline 0.002 -20"><span class='ocrx_word' id='word_1_755' title='bbox 1949 4316 2178 4386; x_wconf 89' lang='lat' dir='ltr'><strong>gendus</strong></span> <span class='ocrx_word' id='word_1_756' title='bbox 2207 4316 2267 4371; x_wconf 92' lang='lat' dir='ltr'><strong>in</strong></span> <span class='ocrx_word' id='word_1_757' title='bbox 2300 4315 2476 4387; x_wconf 83' lang='lat' dir='ltr'><strong>ligno,</strong></span> <span class='ocrx_word' id='word_1_758' title='bbox 2510 4333 2684 4387; x_wconf 90' lang='lat' dir='ltr'><strong>quem</strong></span> <span class='ocrx_word' id='word_1_759' title='bbox 2717 4323 3069 4373; x_wconf 88' lang='lat' dir='ltr'><strong>venerantur</strong></span> <span class='ocrx_word' id='word_1_760' title='bbox 3098 4317 3313 4389; x_wconf 86' lang='lat' dir='ltr'><strong>angeli,</strong></span> <span class='ocrx_word' id='word_1_761' title='bbox 3346 4316 3597 4373; x_wconf 81' lang='lat' dir='ltr'><strong>areban-</strong></span> 
     </span>
    </p>
   </div>
   <div class='ocr_carea' id='block_1_94' title="bbox 1948 4405 3603 4479">
    <p class='ocr_par' dir='ltr' id='par_1_94' title="bbox 1948 4405 3603 4479">
     <span class='ocr_line' id='line_1_95' title="bbox 1948 4405 3603 4479; baseline 0.002 -20"><span class='ocrx_word' id='word_1_762' title='bbox 1948 4405 2101 4477; x_wconf 90' lang='lat' dir='ltr'><strong>geli;</strong></span> <span class='ocrx_word' id='word_1_763' title='bbox 2149 4405 2249 4461; x_wconf 88' lang='lat' dir='ltr'><strong>ille</strong></span> <span class='ocrx_word' id='word_1_764' title='bbox 2281 4423 2442 4461; x_wconf 88' lang='lat' dir='ltr'><strong>meas</strong></span> <span class='ocrx_word' id='word_1_765' title='bbox 2472 4408 2623 4463; x_wconf 89' lang='lat' dir='ltr'><strong>vires</strong></span> <span class='ocrx_word' id='word_1_766' title='bbox 2671 4408 2912 4479; x_wconf 86' lang='lat' dir='ltr'><strong>frangit,</strong></span> <span class='ocrx_word' id='word_1_767' title='bbox 2962 4413 3020 4463; x_wconf 91' lang='lat' dir='ltr'><strong>et</strong></span> <span class='ocrx_word' id='word_1_768' title='bbox 3048 4408 3216 4462; x_wconf 86' lang='lat' dir='ltr'><strong>orbat</strong></span> <span class='ocrx_word' id='word_1_769' title='bbox 3264 4423 3357 4463; x_wconf 90' lang='lat' dir='ltr'><strong>me</strong></span> <span class='ocrx_word' id='word_1_770' title='bbox 3386 4422 3603 4478; x_wconf 88' lang='lat' dir='ltr'><strong>magna</strong></span> 
     </span>
    </p>
   </div>
   <div class='ocr_carea' id='block_1_95' title="bbox 1950 4494 3599 4568">
    <p class='ocr_par' dir='ltr' id='par_1_95' title="bbox 1950 4494 3599 4568">
     <span class='ocr_line' id='line_1_96' title="bbox 1950 4494 3599 4568; baseline 0 -20"><span class='ocrx_word' id='word_1_771' title='bbox 1950 4499 2238 4564; x_wconf 88' lang='lat' dir='ltr'><strong>potestate</strong></span> <span class='ocrx_word' id='word_1_772' title='bbox 2304 4495 2446 4550; x_wconf 88' lang='lat' dir='ltr'><strong>mihi</strong></span> <span class='ocrx_word' id='word_1_773' title='bbox 2508 4511 2783 4552; x_wconf 87' lang='lat' dir='ltr'><strong>concessa</strong></span> <span class='ocrx_word' id='word_1_774' title='bbox 2840 4513 2870 4551; x_wconf 92' lang='lat' dir='ltr'><strong>a</strong></span> <span class='ocrx_word' id='word_1_775' title='bbox 2930 4502 3093 4568; x_wconf 87' lang='lat' dir='ltr'><strong>patre</strong></span> <span class='ocrx_word' id='word_1_776' title='bbox 3155 4513 3285 4551; x_wconf 88' lang='lat' dir='ltr'><strong>meo</strong></span> <span class='ocrx_word' id='word_1_777' title='bbox 3347 4494 3599 4551; x_wconf 89' lang='lat' dir='ltr'><strong>diabolo.</strong></span> 
     </span>
    </p>
   </div>
   <div class='ocr_carea' id='block_1_96' title="bbox 1952 4582 3603 4656">
    <p class='ocr_par' dir='ltr' id='par_1_96' title="bbox 1952 4582 3603 4656">
     <span class='ocr_line' id='line_1_97' title="bbox 1952 4582 3603 4656; baseline 0.002 -19"><span class='ocrx_word' id='word_1_778' title='bbox 1952 4583 2073 4637; x_wconf 86' lang='lat' dir='ltr'><strong>Dixi</strong></span> <span class='ocrx_word' id='word_1_779' title='bbox 2119 4582 2171 4639; x_wconf 90' lang='lat' dir='ltr'><strong>ei</strong></span> <span class='ocrx_word' id='word_1_780' title='bbox 2222 4600 2235 4639; x_wconf 86' lang='lat'><strong>:</strong></span> <span class='ocrx_word' id='word_1_781' title='bbox 2289 4585 2436 4649; x_wconf 91' lang='lat' dir='ltr'><strong>Quid</strong></span> <span class='ocrx_word' id='word_1_782' title='bbox 2500 4590 2667 4656; x_wconf 89' lang='lat' dir='ltr'><strong>potes</strong></span> <span class='ocrx_word' id='word_1_783' title='bbox 2721 4585 2955 4641; x_wconf 85' lang='lat' dir='ltr'><strong>facere?</strong></span> <span class='ocrx_word' id='word_1_784' title='bbox 3009 4585 3117 4650; x_wconf 83' lang='lat' dir='ltr'><strong>Qui</strong></span> <span class='ocrx_word' id='word_1_785' title='bbox 3176 4586 3257 4640; x_wconf 91' lang='lat' dir='ltr'><strong>ait</strong></span> <span class='ocrx_word' id='word_1_786' title='bbox 3316 4601 3329 4640; x_wconf 88' lang='lat'>:</span> <span class='ocrx_word' id='word_1_787' title='bbox 3392 4585 3603 4641; x_wconf 89' lang='lat' dir='ltr'><strong>Potens</strong></span> 
     </span>
    </p>
   </div>
   <div class='ocr_carea' id='block_1_97' title="bbox 1949 4673 3605 4746">
    <p class='ocr_par' dir='ltr' id='par_1_97' title="bbox 1949 4673 3605 4746">
     <span class='ocr_line' id='line_1_98' title="bbox 1949 4673 3605 4746; baseline 0.001 -19"><span class='ocrx_word' id='word_1_788' title='bbox 1949 4689 2080 4727; x_wconf 91' lang='lat' dir='ltr'><strong>sum</strong></span> <span class='ocrx_word' id='word_1_789' title='bbox 2114 4677 2170 4727; x_wconf 89' lang='lat' dir='ltr'><strong>et</strong></span> <span class='ocrx_word' id='word_1_790' title='bbox 2220 4678 2451 4728; x_wconf 91' lang='lat' dir='ltr'><strong>montes</strong></span> <span class='ocrx_word' id='word_1_791' title='bbox 2505 4678 2758 4743; x_wconf 89' lang='lat' dir='ltr'><strong>portare,</strong></span> <span class='ocrx_word' id='word_1_792' title='bbox 2812 4690 3017 4746; x_wconf 91' lang='lat' dir='ltr'><strong>regum</strong></span> <span class='ocrx_word' id='word_1_793' title='bbox 3060 4675 3267 4729; x_wconf 89' lang='lat' dir='ltr'><strong>domos</strong></span> <span class='ocrx_word' id='word_1_794' title='bbox 3315 4673 3605 4729; x_wconf 86' lang='lat' dir='ltr'><strong>evellere:</strong></span> 
     </span>
    </p>
   </div>
   <div class='ocr_carea' id='block_1_98' title="bbox 169 4752 1832 4847">
    <p class='ocr_par' dir='ltr' id='par_1_98' title="bbox 169 4754 1832 4834">
     <span class='ocr_line' id='line_1_99' title="bbox 169 4754 1832 4834; baseline 0.001 -24"><span class='ocrx_word' id='word_1_795' title='bbox 169 4756 328 4811; x_wconf 78' lang='grc' dir='ltr'>θὲνου</span> <span class='ocrx_word' id='word_1_796' title='bbox 360 4754 582 4831; x_wconf 67' lang='grc' dir='ltr'>μέλλων</span> <span class='ocrx_word' id='word_1_797' title='bbox 633 4758 914 4834; x_wconf 75' lang='grc' dir='ltr'>γεννᾶσθαι</span> <span class='ocrx_word' id='word_1_798' title='bbox 974 4757 1063 4811; x_wconf 86' lang='grc' dir='ltr'><strong>καὶ</strong></span> <span class='ocrx_word' id='word_1_799' title='bbox 1122 4756 1227 4811; x_wconf 80' lang='grc' dir='ltr'>ὑπὸ</span> <span class='ocrx_word' id='word_1_800' title='bbox 1261 4754 1540 4811; x_wconf 86' lang='grc' dir='ltr'>Ἰουδαίων</span> <span class='ocrx_word' id='word_1_801' title='bbox 1601 4776 1832 4828; x_wconf 83' lang='grc' dir='ltr'>σταυρω,</span> 
     </span>
    </p>
   </div>
   <div class='ocr_carea' id='block_1_99' title="bbox 1945 4752 3602 4847">
    <p class='ocr_par' dir='ltr' id='par_1_99' title="bbox 1956 4761 3602 4819">
     <span class='ocr_line' id='line_1_100' title="bbox 1956 4761 3602 4819; baseline 0.001 -4"><span class='ocrx_word' id='word_1_802' title='bbox 1956 4762 2193 4817; x_wconf 86' lang='lat' dir='ltr'><strong>arbores</strong></span> <span class='ocrx_word' id='word_1_803' title='bbox 2224 4761 2374 4818; x_wconf 84' lang='lat' dir='ltr'><strong>foliis</strong></span> <span class='ocrx_word' id='word_1_804' title='bbox 2406 4761 2596 4816; x_wconf 91' lang='lat' dir='ltr'><strong>nudos</strong></span> <span class='ocrx_word' id='word_1_805' title='bbox 2647 4778 3003 4819; x_wconf 86' lang='lat' dir='ltr'><strong>marcescere</strong></span> <span class='ocrx_word' id='word_1_806' title='bbox 3050 4763 3215 4818; x_wconf 81' lang='lat' dir='ltr'><strong>facio.</strong></span> <span class='ocrx_word' id='word_1_807' title='bbox 3251 4763 3320 4818; x_wconf 90' lang='lat' dir='ltr'><strong>Et</strong></span> <span class='ocrx_word' id='word_1_808' title='bbox 3351 4763 3469 4817; x_wconf 84' lang='lat' dir='ltr'><strong>dixi</strong></span> <span class='ocrx_word' id='word_1_809' title='bbox 3499 4762 3551 4817; x_wconf 91' lang='lat' dir='ltr'><strong>ei</strong></span> <span class='ocrx_word' id='word_1_810' title='bbox 3589 4776 3602 4817; x_wconf 92' lang='lat'><strong>:</strong></span> 
     </span>
    </p>
   </div>
   <div class='ocr_carea' id='block_1_100' title="bbox 171 4841 1847 4922">
    <p class='ocr_par' dir='ltr' id='par_1_100' title="bbox 171 4841 1847 4922">
     <span class='ocr_line' id='line_1_101' title="bbox 171 4841 1847 4922; baseline -0.011 -12"><span class='ocrx_word' id='word_1_811' title='bbox 171 4846 333 4909; x_wconf 81' lang='grc' dir='ltr'>θῆναι</span> <span class='ocrx_word' id='word_1_812' title='bbox 393 4843 481 4900; x_wconf 69' lang='grc' dir='ltr'><strong>ἐπὶ</strong></span> <span class='ocrx_word' id='word_1_813' title='bbox 535 4845 808 4919; x_wconf 70' lang='grc' dir='ltr'>ξύλου·ὂν</span> <span class='ocrx_word' id='word_1_814' title='bbox 863 4849 1263 4921; x_wconf 63' lang='grc' dir='ltr'>προσκυνοῦσιν</span> <span class='ocrx_word' id='word_1_815' title='bbox 1322 4841 1573 4920; x_wconf 73' lang='grc' dir='ltr'>ἄγγελοι,</span> <span class='ocrx_word' id='word_1_816' title='bbox 1625 4845 1847 4922; x_wconf 84' lang='grc' dir='ltr'>ἀρχάγ-</span> 
     </span>
    </p>
   </div>
   <div class='ocr_carea' id='block_1_101' title="bbox 178 4932 1848 5011">
    <p class='ocr_par' dir='ltr' id='par_1_101' title="bbox 178 4932 1848 5011">
     <span class='ocr_line' id='line_1_102' title="bbox 178 4932 1848 5011; baseline 0.001 -22"><span class='ocrx_word' id='word_1_817' title='bbox 178 4932 358 5011; x_wconf 82' lang='grc' dir='ltr'>γελοι·</span> <span class='ocrx_word' id='word_1_818' title='bbox 393 4933 594 4996; x_wconf 66' lang='grc' dir='ltr'>ἐκεῖνός</span> <span class='ocrx_word' id='word_1_819' title='bbox 656 4955 721 5007; x_wconf 84' lang='grc' dir='ltr'><strong>με</strong></span> <span class='ocrx_word' id='word_1_820' title='bbox 775 4939 1040 5010; x_wconf 87' lang='grc' dir='ltr'>καταργεῖ</span> <span class='ocrx_word' id='word_1_821' title='bbox 1070 4952 1083 4967; x_wconf 74' lang='grc' dir='ltr'><strong>ο</strong></span> <span class='ocrx_word' id='word_1_822' title='bbox 1120 4933 1211 4989; x_wconf 82' lang='grc' dir='ltr'><strong>καὶ</strong></span> <span class='ocrx_word' id='word_1_823' title='bbox 1267 4933 1451 4989; x_wconf 85' lang='grc' dir='ltr'>ἀτονεῖ</span> <span class='ocrx_word' id='word_1_824' title='bbox 1510 4954 1578 5007; x_wconf 88' lang='grc' dir='ltr'><strong>με</strong></span> <span class='ocrx_word' id='word_1_825' title='bbox 1634 4932 1694 4989; x_wconf 77' lang='grc' dir='ltr'>ἐκ</span> <span class='ocrx_word' id='word_1_826' title='bbox 1746 4939 1848 5001; x_wconf 79' lang='grc' dir='ltr'>τῆς</span> 
     </span>
    </p>
   </div>
   <div class='ocr_carea' id='block_1_102' title="bbox 175 5020 1848 5097">
    <p class='ocr_par' dir='ltr' id='par_1_102' title="bbox 175 5020 1848 5097">
     <span class='ocr_line' id='line_1_103' title="bbox 175 5020 1848 5097; baseline 0 -18"><span class='ocrx_word' id='word_1_827' title='bbox 175 5020 407 5093; x_wconf 83' lang='grc' dir='ltr'>πολλῆς</span> <span class='ocrx_word' id='word_1_828' title='bbox 468 5045 573 5097; x_wconf 87' lang='grc' dir='ltr'><strong>μου</strong></span> <span class='ocrx_word' id='word_1_829' title='bbox 631 5020 932 5097; x_wconf 84' lang='grc' dir='ltr'>δυνάμεως,</span> <span class='ocrx_word' id='word_1_830' title='bbox 980 5030 1080 5092; x_wconf 85' lang='grc' dir='ltr'>τῆς</span> <span class='ocrx_word' id='word_1_831' title='bbox 1139 5020 1388 5092; x_wconf 85' lang='grc' dir='ltr'>δοθείσης</span> <span class='ocrx_word' id='word_1_832' title='bbox 1435 5043 1529 5096; x_wconf 87' lang='grc' dir='ltr'><strong>μοι</strong></span> <span class='ocrx_word' id='word_1_833' title='bbox 1592 5023 1695 5078; x_wconf 83' lang='grc' dir='ltr'><strong>ὑπὸ</strong></span> <span class='ocrx_word' id='word_1_834' title='bbox 1750 5028 1848 5079; x_wconf 92' lang='grc' dir='ltr'><strong>τοῦ</strong></span> 
     </span>
    </p>
   </div>
   <div class='ocr_carea' id='block_1_103' title="bbox 181 5107 1845 5184">
    <p class='ocr_par' dir='ltr' id='par_1_103' title="bbox 181 5107 1845 5184">
     <span class='ocr_line' id='line_1_104' title="bbox 181 5107 1845 5184; baseline 0.001 -17"><span class='ocrx_word' id='word_1_835' title='bbox 181 5111 395 5184; x_wconf 87' lang='grc' dir='ltr'>πατρός</span> <span class='ocrx_word' id='word_1_836' title='bbox 431 5133 536 5184; x_wconf 88' lang='grc' dir='ltr'><strong>μου</strong></span> <span class='ocrx_word' id='word_1_837' title='bbox 559 5114 657 5168; x_wconf 87' lang='grc' dir='ltr'><strong>τοῦ</strong></span> <span class='ocrx_word' id='word_1_838' title='bbox 687 5107 971 5168; x_wconf 74' lang='grc' dir='ltr'>διαϐόλου.</span> <span class='ocrx_word' id='word_1_839' title='bbox 1007 5113 1173 5168; x_wconf 76' lang='grc' dir='ltr'>Εἶπον</span> <span class='ocrx_word' id='word_1_840' title='bbox 1222 5109 1279 5166; x_wconf 79' lang='grc' dir='ltr'>δὶ</span> <span class='ocrx_word' id='word_1_841' title='bbox 1305 5112 1476 5184; x_wconf 79' lang='grc' dir='ltr'>αὐτῷ·</span> <span class='ocrx_word' id='word_1_842' title='bbox 1509 5111 1570 5166; x_wconf 89' lang='grc' dir='ltr'>Τί</span> <span class='ocrx_word' id='word_1_843' title='bbox 1623 5109 1845 5168; x_wconf 81' lang='grc' dir='ltr'>δύνασαι</span> 
     </span>
    </p>
   </div>
   <div class='ocr_carea' id='block_1_104' title="bbox 182 5198 1842 5280">
    <p class='ocr_par' dir='ltr' id='par_1_104' title="bbox 182 5198 1842 5280">
     <span class='ocr_line' id='line_1_105' title="bbox 182 5198 1842 5280; baseline 0.001 -24"><span class='ocrx_word' id='word_1_844' title='bbox 182 5206 414 5269; x_wconf 85' lang='grc' dir='ltr'>ποιῆσαι</span> <span class='ocrx_word' id='word_1_845' title='bbox 443 5219 458 5268; x_wconf 86' lang='lat'><strong>;</strong></span> <span class='ocrx_word' id='word_1_846' title='bbox 484 5201 546 5257; x_wconf 83' lang='lat'><strong>&#39;0</strong></span> <span class='ocrx_word' id='word_1_847' title='bbox 577 5198 635 5256; x_wconf 66' lang='grc' dir='ltr'>δὲ</span> <span class='ocrx_word' id='word_1_848' title='bbox 664 5198 788 5277; x_wconf 71' lang='grc' dir='ltr'><strong>ἔφη’</strong></span> <span class='ocrx_word' id='word_1_849' title='bbox 824 5201 966 5278; x_wconf 81' lang='grc' dir='ltr'>Ἐγὼ</span> <span class='ocrx_word' id='word_1_850' title='bbox 1008 5198 1234 5265; x_wconf 87' lang='grc' dir='ltr'>δυνατός</span> <span class='ocrx_word' id='word_1_851' title='bbox 1288 5199 1400 5272; x_wconf 68' lang='grc' dir='ltr'>εῗμι</span> <span class='ocrx_word' id='word_1_852' title='bbox 1460 5200 1560 5274; x_wconf 81' lang='grc' dir='ltr'>ὅρη</span> <span class='ocrx_word' id='word_1_853' title='bbox 1622 5200 1842 5280; x_wconf 77' lang='grc' dir='ltr'>μεταφὲ-</span> 
     </span>
    </p>
   </div>
   <div class='ocr_carea' id='block_1_105' title="bbox 178 5282 1846 5366">
    <p class='ocr_par' dir='ltr' id='par_1_105' title="bbox 178 5282 1846 5366">
     <span class='ocr_line' id='line_1_106' title="bbox 178 5282 1846 5366; baseline 0.002 -23"><span class='ocrx_word' id='word_1_854' title='bbox 178 5308 317 5366; x_wconf 83' lang='grc' dir='ltr'>ρειν,</span> <span class='ocrx_word' id='word_1_855' title='bbox 376 5287 550 5352; x_wconf 74' lang='grc' dir='ltr'>οἰκίας</span> <span class='ocrx_word' id='word_1_856' title='bbox 612 5288 881 5365; x_wconf 65' lang='grc' dir='ltr'>βασιλέων</span> <span class='ocrx_word' id='word_1_857' title='bbox 941 5282 1290 5357; x_wconf 80' lang='grc' dir='ltr'>καταϐαλεῖν,</span> <span class='ocrx_word' id='word_1_858' title='bbox 1348 5286 1541 5365; x_wconf 70' lang='grc' dir='ltr'>δένδρα</span> <span class='ocrx_word' id='word_1_859' title='bbox 1600 5289 1846 5351; x_wconf 80' lang='grc' dir='ltr'>ἀπὲταλα</span> 
     </span>
    </p>
   </div>
   <div class='ocr_carea' id='block_1_106' title="bbox 181 5376 1820 5454">
    <p class='ocr_par' dir='ltr' id='par_1_106' title="bbox 181 5376 1820 5454">
     <span class='ocr_line' id='line_1_107' title="bbox 181 5376 1820 5454; baseline 0.002 -22"><span class='ocrx_word' id='word_1_860' title='bbox 181 5377 454 5454; x_wconf 85' lang='grc' dir='ltr'>μαραίνω.</span> <span class='ocrx_word' id='word_1_861' title='bbox 489 5376 591 5434; x_wconf 85' lang='grc' dir='ltr'>Καὶ</span> <span class='ocrx_word' id='word_1_862' title='bbox 647 5376 794 5433; x_wconf 72' lang='grc' dir='ltr'>εἶπον</span> <span class='ocrx_word' id='word_1_863' title='bbox 853 5377 1036 5451; x_wconf 79' lang='grc' dir='ltr'>αὐτῷ·</span> <span class='ocrx_word' id='word_1_864' title='bbox 1073 5377 1301 5433; x_wconf 78' lang='grc' dir='ltr'>Δύνασαι</span> <span class='ocrx_word' id='word_1_865' title='bbox 1356 5379 1549 5454; x_wconf 80' lang='grc' dir='ltr'>ἐπᾶραι</span> <span class='ocrx_word' id='word_1_866' title='bbox 1607 5381 1699 5435; x_wconf 87' lang='grc' dir='ltr'>τὸν</span> <span class='ocrx_word' id='word_1_867' title='bbox 1764 5379 1820 5435; x_wconf 90' lang='grc' dir='ltr'><strong>λί</strong></span> 
     </span>
    </p>
   </div>
   <div class='ocr_carea' id='block_1_107' title="bbox 178 5465 1845 5544">
    <p class='ocr_par' dir='ltr' id='par_1_107' title="bbox 178 5465 1845 5544">
     <span class='ocr_line' id='line_1_108' title="bbox 178 5465 1845 5544; baseline 0.002 -23"><span class='ocrx_word' id='word_1_868' title='bbox 178 5478 275 5531; x_wconf 91' lang='grc' dir='ltr'><strong>θον</strong></span> <span class='ocrx_word' id='word_1_869' title='bbox 323 5469 512 5520; x_wconf 88' lang='grc' dir='ltr'>τοῦτον</span> <span class='ocrx_word' id='word_1_870' title='bbox 560 5466 650 5521; x_wconf 85' lang='grc' dir='ltr'><strong>καὶ</strong></span> <span class='ocrx_word' id='word_1_871' title='bbox 708 5466 888 5531; x_wconf 79' lang='grc' dir='ltr'>Θὲσθαι</span> <span class='ocrx_word' id='word_1_872' title='bbox 940 5465 1098 5523; x_wconf 73' lang='grc' dir='ltr'>αὑτὸν</span> <span class='ocrx_word' id='word_1_873' title='bbox 1132 5467 1208 5531; x_wconf 86' lang='grc' dir='ltr'><strong>είς</strong></span> <span class='ocrx_word' id='word_1_874' title='bbox 1234 5468 1335 5537; x_wconf 83' lang='grc' dir='ltr'><strong>τήν</strong></span> <span class='ocrx_word' id='word_1_875' title='bbox 1369 5468 1554 5544; x_wconf 75' lang='grc' dir='ltr'>ἀρχὴν</span> <span class='ocrx_word' id='word_1_876' title='bbox 1585 5475 1687 5538; x_wconf 83' lang='grc' dir='ltr'><strong>τῆς</strong></span> <span class='ocrx_word' id='word_1_877' title='bbox 1734 5490 1845 5544; x_wconf 86' lang='grc' dir='ltr'>γω-</span> 
     </span>
    </p>
   </div>
   <div class='ocr_carea' id='block_1_108' title="bbox 177 5552 1847 5642">
    <p class='ocr_par' dir='ltr' id='par_1_108' title="bbox 177 5552 1847 5642">
     <span class='ocr_line' id='line_1_109' title="bbox 177 5552 1847 5642; baseline 0 -30"><span class='ocrx_word' id='word_1_878' title='bbox 177 5555 297 5617; x_wconf 84' lang='grc' dir='ltr'>νίας</span> <span class='ocrx_word' id='word_1_879' title='bbox 357 5552 559 5627; x_wconf 62' lang='grc' dir='ltr'>ταόιης</span> <span class='ocrx_word' id='word_1_880' title='bbox 616 5562 715 5625; x_wconf 85' lang='grc' dir='ltr'><strong>τῆς</strong></span> <span class='ocrx_word' id='word_1_881' title='bbox 768 5553 937 5625; x_wconf 69' lang='grc' dir='ltr'>οὔσης</span> <span class='ocrx_word' id='word_1_882' title='bbox 996 5557 1046 5610; x_wconf 68' lang='grc' dir='ltr'>ἦν</span> <span class='ocrx_word' id='word_1_883' title='bbox 1102 5560 1173 5631; x_wconf 80' lang='grc' dir='ltr'><strong>τῇ</strong></span> <span class='ocrx_word' id='word_1_884' title='bbox 1233 5556 1524 5633; x_wconf 79' lang='grc' dir='ltr'>εὐπρεπείᾳ</span> <span class='ocrx_word' id='word_1_885' title='bbox 1553 5562 1648 5612; x_wconf 87' lang='grc' dir='ltr'><strong>τοῦ</strong></span> <span class='ocrx_word' id='word_1_886' title='bbox 1685 5563 1847 5642; x_wconf 63' lang='lat' dir='ltr'><strong>moi»;</strong></span> 
     </span>
    </p>
   </div>
   <div class='ocr_carea' id='block_1_109' title="bbox 176 5640 1852 5723">
    <p class='ocr_par' dir='ltr' id='par_1_109' title="bbox 176 5640 1852 5723">
     <span class='ocr_line' id='line_1_110' title="bbox 176 5640 1852 5723; baseline 0.001 -20"><span class='ocrx_word' id='word_1_887' title='bbox 176 5647 224 5703; x_wconf 91' lang='grc' dir='ltr'>Ο</span> <span class='ocrx_word' id='word_1_888' title='bbox 275 5640 332 5699; x_wconf 79' lang='grc' dir='ltr'>δὶ</span> <span class='ocrx_word' id='word_1_889' title='bbox 390 5640 515 5721; x_wconf 63' lang='grc' dir='ltr'><strong>ἔφη’</strong></span> <span class='ocrx_word' id='word_1_890' title='bbox 551 5643 623 5699; x_wconf 80' lang='grc' dir='ltr'><strong>Οὐ</strong></span> <span class='ocrx_word' id='word_1_891' title='bbox 677 5645 843 5719; x_wconf 89' lang='grc' dir='ltr'>μόνον</span> <span class='ocrx_word' id='word_1_892' title='bbox 893 5649 1085 5701; x_wconf 84' lang='grc' dir='ltr'>τοῦτον</span> <span class='ocrx_word' id='word_1_893' title='bbox 1136 5643 1352 5721; x_wconf 71' lang='grc' dir='ltr'>ἐπᾶραι,</span> <span class='ocrx_word' id='word_1_894' title='bbox 1406 5644 1660 5723; x_wconf 83' lang='grc' dir='ltr'>βασιλεῦ,</span> <span class='ocrx_word' id='word_1_895' title='bbox 1705 5640 1852 5703; x_wconf 77' lang='grc' dir='ltr'><strong>ἀλλά</strong></span> 
     </span>
    </p>
   </div>
   <div class='ocr_carea' id='block_1_110' title="bbox 509 5773 1227 5836">
    <p class='ocr_par' dir='ltr' id='par_1_110' title="bbox 509 5773 1227 5836">
     <span class='ocr_line' id='line_1_111' title="bbox 509 5773 1227 5836; baseline 0.001 -3"><span class='ocrx_word' id='word_1_896' title='bbox 509 5774 770 5835; x_wconf 68' lang='grc' dir='ltr'><strong>ΡΑτηοι.</strong></span> <span class='ocrx_word' id='word_1_897' title='bbox 825 5776 934 5836; x_wconf 76' lang='lat' dir='ltr'><strong>Gn.</strong></span> <span class='ocrx_word' id='word_1_898' title='bbox 987 5773 1227 5835; x_wconf 76' lang='lat' dir='ltr'><strong>CXXII.</strong></span> 
     </span>
    </p>
   </div>
   <div class='ocr_carea' id='block_1_111' title="bbox 1957 4848 3608 4923">
    <p class='ocr_par' dir='ltr' id='par_1_111' title="bbox 1957 4848 3608 4923">
     <span class='ocr_line' id='line_1_112' title="bbox 1957 4848 3608 4923; baseline 0 -19"><span class='ocrx_word' id='word_1_899' title='bbox 1957 4850 2200 4904; x_wconf 87' lang='lat' dir='ltr'><strong>Potesne</strong></span> <span class='ocrx_word' id='word_1_900' title='bbox 2231 4849 2431 4905; x_wconf 86' lang='lat' dir='ltr'><strong>tollere</strong></span> <span class='ocrx_word' id='word_1_901' title='bbox 2476 4848 2729 4923; x_wconf 83' lang='lat' dir='ltr'><strong>lapidem</strong></span> <span class='ocrx_word' id='word_1_902' title='bbox 2779 4851 2957 4917; x_wconf 87' lang='lat' dir='ltr'><strong>hunc,</strong></span> <span class='ocrx_word' id='word_1_903' title='bbox 2991 4857 3049 4908; x_wconf 92' lang='lat' dir='ltr'><strong>et</strong></span> <span class='ocrx_word' id='word_1_904' title='bbox 3097 4868 3308 4921; x_wconf 87' lang='lat' dir='ltr'><strong>ponere</strong></span> <span class='ocrx_word' id='word_1_905' title='bbox 3337 4852 3394 4906; x_wconf 94' lang='lat' dir='ltr'><strong>in</strong></span> <span class='ocrx_word' id='word_1_906' title='bbox 3427 4853 3608 4921; x_wconf 89' lang='lat' dir='ltr'><strong>caput</strong></span> 
     </span>
    </p>
   </div>
   <div class='ocr_carea' id='block_1_112' title="bbox 1957 4938 3606 5012">
    <p class='ocr_par' dir='ltr' id='par_1_112' title="bbox 1957 4938 3606 5012">
     <span class='ocr_line' id='line_1_113' title="bbox 1957 4938 3606 5012; baseline -0.001 -17"><span class='ocrx_word' id='word_1_907' title='bbox 1957 4938 2154 5010; x_wconf 84' lang='lat' dir='ltr'><strong>anguli</strong></span> <span class='ocrx_word' id='word_1_908' title='bbox 2224 4939 2294 4993; x_wconf 90' lang='lat' dir='ltr'><strong>ad</strong></span> <span class='ocrx_word' id='word_1_909' title='bbox 2364 4938 2630 4994; x_wconf 89' lang='lat' dir='ltr'><strong>decorem</strong></span> <span class='ocrx_word' id='word_1_910' title='bbox 2689 4940 2942 5012; x_wconf 82' lang='lat' dir='ltr'><strong>templi?</strong></span> <span class='ocrx_word' id='word_1_911' title='bbox 3006 4941 3129 4996; x_wconf 90' lang='lat' dir='ltr'><strong>Non</strong></span> <span class='ocrx_word' id='word_1_912' title='bbox 3184 4940 3377 4996; x_wconf 87' lang='lat' dir='ltr'><strong>solum</strong></span> <span class='ocrx_word' id='word_1_913' title='bbox 3444 4939 3606 4995; x_wconf 83' lang='lat' dir='ltr'><strong>hunc</strong></span> 
     </span>
    </p>
   </div>
   <div class='ocr_carea' id='block_1_113' title="bbox 1958 5026 3608 5097">
    <p class='ocr_par' dir='ltr' id='par_1_113' title="bbox 1958 5026 3608 5097">
     <span class='ocr_line' id='line_1_114' title="bbox 1958 5026 3608 5097; baseline 0.002 -17"><span class='ocrx_word' id='word_1_914' title='bbox 1958 5026 2183 5093; x_wconf 87' lang='lat' dir='ltr'><strong>tollere,</strong></span> <span class='ocrx_word' id='word_1_915' title='bbox 2233 5043 2353 5092; x_wconf 82' lang='lat' dir='ltr'><strong>rex,</strong></span> <span class='ocrx_word' id='word_1_916' title='bbox 2405 5026 2621 5097; x_wconf 90' lang='lat' dir='ltr'><strong>inquit,</strong></span> <span class='ocrx_word' id='word_1_917' title='bbox 2664 5028 2852 5091; x_wconf 88' lang='lat' dir='ltr'><strong>valeo,</strong></span> <span class='ocrx_word' id='word_1_918' title='bbox 2901 5030 3005 5084; x_wconf 89' lang='lat' dir='ltr'><strong>sed</strong></span> <span class='ocrx_word' id='word_1_919' title='bbox 3053 5034 3110 5085; x_wconf 86' lang='lat' dir='ltr'><strong>et</strong></span> <span class='ocrx_word' id='word_1_920' title='bbox 3158 5045 3293 5086; x_wconf 91' lang='lat' dir='ltr'><strong>cum</strong></span> <span class='ocrx_word' id='word_1_921' title='bbox 3342 5029 3608 5083; x_wconf 69' lang='lat' dir='ltr'><strong>daemone</strong></span> 
     </span>
    </p>
   </div>
   <div class='ocr_carea' id='block_1_114' title="bbox 1960 5115 3606 5187">
    <p class='ocr_par' dir='ltr' id='par_1_114' title="bbox 1960 5115 3606 5187">
     <span class='ocr_line' id='line_1_115' title="bbox 1960 5115 3606 5187; baseline 0.002 -19"><span class='ocrx_word' id='word_1_922' title='bbox 1960 5115 2059 5186; x_wconf 89' lang='lat' dir='ltr'><strong>qui</strong></span> <span class='ocrx_word' id='word_1_923' title='bbox 2109 5119 2200 5170; x_wconf 90' lang='lat' dir='ltr'><strong>est</strong></span> <span class='ocrx_word' id='word_1_924' title='bbox 2245 5131 2423 5187; x_wconf 90' lang='lat' dir='ltr'><strong>super</strong></span> <span class='ocrx_word' id='word_1_925' title='bbox 2456 5132 2615 5171; x_wconf 90' lang='lat' dir='ltr'><strong>mare</strong></span> <span class='ocrx_word' id='word_1_926' title='bbox 2674 5118 2932 5172; x_wconf 80' lang='lat' dir='ltr'><strong>Rubrum</strong></span> <span class='ocrx_word' id='word_1_927' title='bbox 2981 5119 3219 5173; x_wconf 71' lang='lat' dir='ltr'><strong>afferam</strong></span> <span class='ocrx_word' id='word_1_928' title='bbox 3269 5117 3606 5173; x_wconf 89' lang='lat' dir='ltr'><strong>columnam</strong></span> 
     </span>
    </p>
   </div>
   <div class='ocr_carea' id='block_1_115' title="bbox 1959 5204 3609 5278">
    <p class='ocr_par' dir='ltr' id='par_1_115' title="bbox 1959 5204 3609 5278">
     <span class='ocr_line' id='line_1_116' title="bbox 1959 5204 3609 5278; baseline 0.002 -19"><span class='ocrx_word' id='word_1_929' title='bbox 1959 5204 2485 5260; x_wconf 69' lang='lat' dir='ltr'><strong>aetherocaaruleam</strong></span> <span class='ocrx_word' id='word_1_930' title='bbox 2561 5212 2617 5259; x_wconf 91' lang='lat' dir='ltr'><strong>et</strong></span> <span class='ocrx_word' id='word_1_931' title='bbox 2701 5223 2915 5278; x_wconf 91' lang='lat' dir='ltr'><strong>ponam</strong></span> <span class='ocrx_word' id='word_1_932' title='bbox 2999 5223 3128 5262; x_wconf 91' lang='lat' dir='ltr'><strong>eam</strong></span> <span class='ocrx_word' id='word_1_933' title='bbox 3211 5207 3311 5263; x_wconf 91' lang='lat' dir='ltr'><strong>ubi</strong></span> <span class='ocrx_word' id='word_1_934' title='bbox 3393 5206 3482 5260; x_wconf 87' lang='lat' dir='ltr'><strong>vis</strong></span> <span class='ocrx_word' id='word_1_935' title='bbox 3550 5208 3609 5262; x_wconf 87' lang='lat' dir='ltr'><strong>in</strong></span> 
     </span>
    </p>
   </div>
   <div class='ocr_carea' id='block_1_116' title="bbox 1958 5293 3610 5367">
    <p class='ocr_par' dir='ltr' id='par_1_116' title="bbox 1958 5293 3610 5367">
     <span class='ocr_line' id='line_1_117' title="bbox 1958 5293 3610 5367; baseline 0.001 -18"><span class='ocrx_word' id='word_1_936' title='bbox 1958 5293 2306 5349; x_wconf 87' lang='lat' dir='ltr'><strong>Jerusalem.</strong></span> <span class='ocrx_word' id='word_1_937' title='bbox 2377 5293 2507 5347; x_wconf 80' lang='lat' dir='ltr'><strong>Haec</strong></span> <span class='ocrx_word' id='word_1_938' title='bbox 2572 5293 2796 5359; x_wconf 88' lang='lat' dir='ltr'><strong>dicens,</strong></span> <span class='ocrx_word' id='word_1_939' title='bbox 2862 5296 3022 5367; x_wconf 89' lang='lat' dir='ltr'><strong>coegi</strong></span> <span class='ocrx_word' id='word_1_940' title='bbox 3089 5312 3244 5363; x_wconf 91' lang='lat' dir='ltr'><strong>eum,</strong></span> <span class='ocrx_word' id='word_1_941' title='bbox 3315 5301 3373 5351; x_wconf 91' lang='lat' dir='ltr'><strong>et</strong></span> <span class='ocrx_word' id='word_1_942' title='bbox 3437 5294 3610 5367; x_wconf 89' lang='lat' dir='ltr'><strong>quasi</strong></span> 
     </span>
    </p>
   </div>
   <div class='ocr_carea' id='block_1_117' title="bbox 1958 5383 3613 5455">
    <p class='ocr_par' dir='ltr' id='par_1_117' title="bbox 1958 5383 3613 5455">
     <span class='ocr_line' id='line_1_118' title="bbox 1958 5383 3613 5455; baseline 0 -17"><span class='ocrx_word' id='word_1_943' title='bbox 1958 5383 2199 5438; x_wconf 84' lang='lat' dir='ltr'><strong>inﬂatus</strong></span> <span class='ocrx_word' id='word_1_944' title='bbox 2256 5387 2386 5438; x_wconf 86' lang='lat' dir='ltr'><strong>uter</strong></span> <span class='ocrx_word' id='word_1_945' title='bbox 2442 5383 2633 5439; x_wconf 81' lang='lat' dir='ltr'><strong>factus</strong></span> <span class='ocrx_word' id='word_1_946' title='bbox 2689 5392 2793 5450; x_wconf 73' lang='lat' dir='ltr'><strong>est,</strong></span> <span class='ocrx_word' id='word_1_947' title='bbox 2850 5389 2909 5439; x_wconf 85' lang='lat' dir='ltr'><strong>et</strong></span> <span class='ocrx_word' id='word_1_948' title='bbox 2964 5384 3249 5455; x_wconf 88' lang='lat' dir='ltr'><strong>supposui</strong></span> <span class='ocrx_word' id='word_1_949' title='bbox 3302 5385 3505 5455; x_wconf 91' lang='lat' dir='ltr'><strong>lapidi,</strong></span> <span class='ocrx_word' id='word_1_950' title='bbox 3555 5386 3613 5440; x_wconf 87' lang='lat' dir='ltr'><strong>et</strong></span> 
     </span>
    </p>
   </div>
   <div class='ocr_carea' id='block_1_118' title="bbox 1962 5471 3608 5545">
    <p class='ocr_par' dir='ltr' id='par_1_118' title="bbox 1962 5471 3608 5545">
     <span class='ocr_line' id='line_1_119' title="bbox 1962 5471 3608 5545; baseline 0 -17"><span class='ocrx_word' id='word_1_951' title='bbox 1962 5472 2262 5545; x_wconf 59' lang='lat' dir='ltr'><strong>praecinxit</strong></span> <span class='ocrx_word' id='word_1_952' title='bbox 2290 5488 2373 5536; x_wconf 89' lang='lat' dir='ltr'><strong>se,</strong></span> <span class='ocrx_word' id='word_1_953' title='bbox 2404 5476 2462 5525; x_wconf 90' lang='lat' dir='ltr'><strong>et</strong></span> <span class='ocrx_word' id='word_1_954' title='bbox 2510 5471 2725 5526; x_wconf 90' lang='lat' dir='ltr'><strong>levavit</strong></span> <span class='ocrx_word' id='word_1_955' title='bbox 2773 5471 2831 5526; x_wconf 93' lang='lat' dir='ltr'><strong>in</strong></span> <span class='ocrx_word' id='word_1_956' title='bbox 2881 5471 3065 5527; x_wconf 86' lang='lat' dir='ltr'><strong>altum</strong></span> <span class='ocrx_word' id='word_1_957' title='bbox 3099 5477 3332 5540; x_wconf 89' lang='lat' dir='ltr'><strong>utrem;</strong></span> <span class='ocrx_word' id='word_1_958' title='bbox 3384 5481 3442 5527; x_wconf 87' lang='lat' dir='ltr'><strong>et</strong></span> <span class='ocrx_word' id='word_1_959' title='bbox 3469 5490 3608 5529; x_wconf 86' lang='lat' dir='ltr'><strong>con-</strong></span> 
     </span>
    </p>
   </div>
   <div class='ocr_carea' id='block_1_119' title="bbox 1961 5560 3615 5632">
    <p class='ocr_par' dir='ltr' id='par_1_119' title="bbox 1961 5560 3615 5632">
     <span class='ocr_line' id='line_1_120' title="bbox 1961 5560 3615 5632; baseline -0.001 -15"><span class='ocrx_word' id='word_1_960' title='bbox 1961 5561 2188 5617; x_wconf 87' lang='lat' dir='ltr'><strong>scendit</strong></span> <span class='ocrx_word' id='word_1_961' title='bbox 2242 5565 2373 5615; x_wconf 88' lang='lat' dir='ltr'><strong>uter</strong></span> <span class='ocrx_word' id='word_1_962' title='bbox 2429 5560 2616 5615; x_wconf 81' lang='lat' dir='ltr'><strong>scalas</strong></span> <span class='ocrx_word' id='word_1_963' title='bbox 2692 5561 2884 5616; x_wconf 81' lang='lat' dir='ltr'><strong>ferens</strong></span> <span class='ocrx_word' id='word_1_964' title='bbox 2940 5560 3216 5632; x_wconf 87' lang='lat' dir='ltr'><strong>lapidem,</strong></span> <span class='ocrx_word' id='word_1_965' title='bbox 3273 5564 3332 5615; x_wconf 90' lang='lat' dir='ltr'><strong>et</strong></span> <span class='ocrx_word' id='word_1_966' title='bbox 3400 5561 3615 5617; x_wconf 84' lang='lat' dir='ltr'><strong>statuit</strong></span> 
     </span>
    </p>
   </div>
   <div class='ocr_carea' id='block_1_120' title="bbox 1960 5647 3611 5721">
    <p class='ocr_par' dir='ltr' id='par_1_120' title="bbox 1960 5647 3611 5721">
     <span class='ocr_line' id='line_1_121' title="bbox 1960 5647 3611 5721; baseline -0.002 -14"><span class='ocrx_word' id='word_1_967' title='bbox 1960 5667 2093 5707; x_wconf 89' lang='lat' dir='ltr'><strong>eum</strong></span> <span class='ocrx_word' id='word_1_968' title='bbox 2126 5650 2185 5705; x_wconf 91' lang='lat' dir='ltr'><strong>in</strong></span> <span class='ocrx_word' id='word_1_969' title='bbox 2218 5648 2564 5705; x_wconf 89' lang='lat' dir='ltr'><strong>summitate</strong></span> <span class='ocrx_word' id='word_1_970' title='bbox 2594 5650 2790 5706; x_wconf 88' lang='lat' dir='ltr'><strong>aditus</strong></span> <span class='ocrx_word' id='word_1_971' title='bbox 2820 5647 3044 5721; x_wconf 84' lang='lat' dir='ltr'><strong>templi.</strong></span> <span class='ocrx_word' id='word_1_972' title='bbox 3077 5649 3194 5721; x_wconf 87' lang='lat' dir='ltr'><strong>Ego</strong></span> <span class='ocrx_word' id='word_1_973' title='bbox 3223 5653 3419 5705; x_wconf 86' lang='lat' dir='ltr'><strong>autem</strong></span> <span class='ocrx_word' id='word_1_974' title='bbox 3451 5649 3611 5704; x_wconf 77' lang='lat' dir='ltr'><strong>Salo-</strong></span> 
     </span>
    </p>
   </div>
   <div class='ocr_carea' id='block_1_121' title="bbox 3214 5777 3291 5835">
    <p class='ocr_par' dir='ltr' id='par_1_121' title="bbox 3214 5777 3291 5835">
     <span class='ocr_line' id='line_1_122' title="bbox 3214 5777 3291 5835; baseline 0 0"><span class='ocrx_word' id='word_1_975' title='bbox 3214 5777 3291 5835; x_wconf 70' lang='lat'><strong>43</strong></span> 
     </span>
    </p>
   </div>
  </div>
