  <div class='ocr_page' id='page_1' title='image "/cluster/home/n/w/nwhite01/storage/ocr_20150623/122/hvd.32044073502452/687.png"; bbox 0 0 4046 6338; ppageno 0'>
   <div class='ocr_carea' id='block_1_1' title="bbox 504 286 658 344">
    <p class='ocr_par' dir='ltr' id='par_1_1' title="bbox 504 286 658 344">
     <span class='ocr_line' id='line_1_1' title="bbox 504 286 658 344; baseline -0.013 0"><span class='ocrx_word' id='word_1_1' title='bbox 504 286 658 344; x_wconf 76' lang='grc'><strong>1355</strong></span> 
     </span>
    </p>
   </div>
   <div class='ocr_carea' id='block_1_2' title="bbox 1075 280 3360 348">
    <p class='ocr_par' dir='ltr' id='par_1_2' title="bbox 1075 280 3360 348">
     <span class='ocr_line' id='line_1_2' title="bbox 1075 280 3360 348; baseline -0.002 -2"><span class='ocrx_word' id='word_1_2' title='bbox 1075 287 1252 346; x_wconf 85' lang='grc' dir='ltr'>ΑΡΡ.</span> <span class='ocrx_word' id='word_1_3' title='bbox 1299 285 1401 346; x_wconf 87' lang='lat' dir='ltr'>AD</span> <span class='ocrx_word' id='word_1_4' title='bbox 1448 285 1663 348; x_wconf 86' lang='lat' dir='ltr'>MICH.</span> <span class='ocrx_word' id='word_1_5' title='bbox 1715 284 2098 345; x_wconf 82' lang='lat' dir='ltr'>PSELLUM.</span> <span class='ocrx_word' id='word_1_6' title='bbox 2133 315 2210 326; x_wconf 94' lang='lat'><strong>—</strong></span> <span class='ocrx_word' id='word_1_7' title='bbox 2247 283 2840 346; x_wconf 75' lang='lat' dir='ltr'>TES&#39;I‘AMENTUM</span> <span class='ocrx_word' id='word_1_8' title='bbox 2889 280 3360 344; x_wconf 82' lang='lat' dir='ltr'>SALOMONIS.</span> 
     </span>
    </p>
   </div>
   <div class='ocr_carea' id='block_1_3' title="bbox 3785 283 3932 344">
    <p class='ocr_par' dir='ltr' id='par_1_3' title="bbox 3785 283 3932 344">
     <span class='ocr_line' id='line_1_3' title="bbox 3785 283 3932 344; baseline 0.007 -2"><span class='ocrx_word' id='word_1_9' title='bbox 3785 283 3932 344; x_wconf 70' lang='lat' dir='ltr'>I356</span> 
     </span>
    </p>
   </div>
   <div class='ocr_carea' id='block_1_4' title="bbox 503 410 2146 492">
    <p class='ocr_par' dir='ltr' id='par_1_4' title="bbox 503 415 2146 492">
     <span class='ocr_line' id='line_1_4' title="bbox 503 415 2146 492; baseline -0.003 -18"><span class='ocrx_word' id='word_1_10' title='bbox 503 433 668 486; x_wconf 88' lang='lat' dir='ltr'>mon,</span> <span class='ocrx_word' id='word_1_11' title='bbox 697 419 906 476; x_wconf 85' lang='lat' dir='ltr'>videns</span> <span class='ocrx_word' id='word_1_12' title='bbox 939 419 1194 492; x_wconf 88' lang='lat' dir='ltr'>lapidem</span> <span class='ocrx_word' id='word_1_13' title='bbox 1245 417 1544 474; x_wconf 84' lang='lat' dir='ltr'>sublatum</span> <span class='ocrx_word' id='word_1_14' title='bbox 1599 421 1658 473; x_wconf 87' lang='lat' dir='ltr'>ct</span> <span class='ocrx_word' id='word_1_15' title='bbox 1685 417 1962 482; x_wconf 85' lang='lat' dir='ltr'>locatum,</span> <span class='ocrx_word' id='word_1_16' title='bbox 1994 415 2106 470; x_wconf 84' lang='lat' dir='ltr'>dixi</span> <span class='ocrx_word' id='word_1_17' title='bbox 2145 437 2146 443; x_wconf 51' lang='grc' dir='ltr'><strong>η</strong></span> 
     </span>
    </p>
   </div>
   <div class='ocr_carea' id='block_1_5' title="bbox 2262 410 3936 492">
    <p class='ocr_par' dir='ltr' id='par_1_5' title="bbox 2275 410 3936 488">
     <span class='ocr_line' id='line_1_5' title="bbox 2275 410 3936 488; baseline -0.001 -20"><span class='ocrx_word' id='word_1_18' title='bbox 2275 414 2364 468; x_wconf 83' lang='grc' dir='ltr'>καὶ</span> <span class='ocrx_word' id='word_1_19' title='bbox 2397 411 2490 468; x_wconf 76' lang='grc' dir='ltr'>σὺν</span> <span class='ocrx_word' id='word_1_20' title='bbox 2535 419 2612 486; x_wconf 81' lang='grc' dir='ltr'>τῷ</span> <span class='ocrx_word' id='word_1_21' title='bbox 2672 411 2894 486; x_wconf 73' lang='grc' dir='ltr'>δαίμονι</span> <span class='ocrx_word' id='word_1_22' title='bbox 2949 417 3029 486; x_wconf 81' lang='grc' dir='ltr'>τῷ</span> <span class='ocrx_word' id='word_1_23' title='bbox 3083 411 3169 468; x_wconf 80' lang='grc' dir='ltr'>ἐπὶ</span> <span class='ocrx_word' id='word_1_24' title='bbox 3223 418 3322 481; x_wconf 83' lang='grc' dir='ltr'>τῆς</span> <span class='ocrx_word' id='word_1_25' title='bbox 3349 417 3610 488; x_wconf 79' lang='grc' dir='ltr'>Ἐρυθρᾶς</span> <span class='ocrx_word' id='word_1_26' title='bbox 3665 410 3936 482; x_wconf 66' lang='grc' dir='ltr'>θαλάσσης</span> 
     </span>
    </p>
   </div>
   <div class='ocr_carea' id='block_1_6' title="bbox 502 506 2150 580">
    <p class='ocr_par' dir='ltr' id='par_1_6' title="bbox 502 506 2150 580">
     <span class='ocr_line' id='line_1_6' title="bbox 502 506 2150 580; baseline -0.001 -20"><span class='ocrx_word' id='word_1_27' title='bbox 502 506 648 563; x_wconf 84' lang='lat' dir='ltr'>Vere</span> <span class='ocrx_word' id='word_1_28' title='bbox 705 509 946 580; x_wconf 81' lang='lat' dir='ltr'>impleta</span> <span class='ocrx_word' id='word_1_29' title='bbox 996 513 1084 563; x_wconf 80' lang='lat' dir='ltr'>est</span> <span class='ocrx_word' id='word_1_30' title='bbox 1133 509 1434 579; x_wconf 80' lang='lat' dir='ltr'>Scriptura</span> <span class='ocrx_word' id='word_1_31' title='bbox 1483 507 1680 564; x_wconf 90' lang='lat' dir='ltr'>dicens</span> <span class='ocrx_word' id='word_1_32' title='bbox 1735 525 1747 562; x_wconf 91' lang='lat'><strong>:</strong></span> <span class='ocrx_word' id='word_1_33' title='bbox 1795 528 1822 556; x_wconf 86' lang='grc'>‹‹</span> <span class='ocrx_word' id='word_1_34' title='bbox 1877 507 2150 576; x_wconf 83' lang='lat' dir='ltr'>Lapidem</span> 
     </span>
    </p>
   </div>
   <div class='ocr_carea' id='block_1_7' title="bbox 504 594 2154 668">
    <p class='ocr_par' dir='ltr' id='par_1_7' title="bbox 504 594 2154 668">
     <span class='ocr_line' id='line_1_7' title="bbox 504 594 2154 668; baseline -0.002 -18"><span class='ocrx_word' id='word_1_35' title='bbox 504 611 682 667; x_wconf 86' lang='lat' dir='ltr'>quem</span> <span class='ocrx_word' id='word_1_36' title='bbox 717 597 1175 668; x_wconf 84' lang='lat' dir='ltr'>reprobaverunt</span> <span class='ocrx_word' id='word_1_37' title='bbox 1207 596 1586 663; x_wconf 74' lang='lat' dir='ltr'>aediﬁcantes,</span> <span class='ocrx_word' id='word_1_38' title='bbox 1619 596 1716 652; x_wconf 90' lang='lat' dir='ltr'>hic</span> <span class='ocrx_word' id='word_1_39' title='bbox 1759 597 1948 650; x_wconf 84' lang='lat' dir='ltr'>factus</span> <span class='ocrx_word' id='word_1_40' title='bbox 1979 600 2068 650; x_wconf 90' lang='lat' dir='ltr'>est</span> <span class='ocrx_word' id='word_1_41' title='bbox 2096 594 2154 647; x_wconf 88' lang='lat' dir='ltr'>in</span> 
     </span>
    </p>
   </div>
   <div class='ocr_carea' id='block_1_8' title="bbox 503 683 2156 758">
    <p class='ocr_par' dir='ltr' id='par_1_8' title="bbox 503 683 2156 758">
     <span class='ocr_line' id='line_1_8' title="bbox 503 683 2156 758; baseline -0.002 -18"><span class='ocrx_word' id='word_1_42' title='bbox 503 689 678 758; x_wconf 88' lang='lat' dir='ltr'>caput</span> <span class='ocrx_word' id='word_1_43' title='bbox 709 686 946 758; x_wconf 83' lang='lat' dir='ltr'>anguli;</span> <span class='ocrx_word' id='word_1_44' title='bbox 985 709 1012 736; x_wconf 86' lang='lat'>»</span> <span class='ocrx_word' id='word_1_45' title='bbox 1043 687 1181 756; x_wconf 82' lang='lat' dir='ltr'>quia</span> <span class='ocrx_word' id='word_1_46' title='bbox 1215 685 1322 741; x_wconf 88' lang='lat' dir='ltr'>hoc</span> <span class='ocrx_word' id='word_1_47' title='bbox 1357 703 1468 740; x_wconf 91' lang='lat' dir='ltr'>non</span> <span class='ocrx_word' id='word_1_48' title='bbox 1512 691 1601 741; x_wconf 89' lang='lat' dir='ltr'>est</span> <span class='ocrx_word' id='word_1_49' title='bbox 1634 701 1828 740; x_wconf 89' lang='lat' dir='ltr'>meum</span> <span class='ocrx_word' id='word_1_50' title='bbox 1864 685 2024 750; x_wconf 89' lang='lat' dir='ltr'>dare,</span> <span class='ocrx_word' id='word_1_51' title='bbox 2056 683 2156 738; x_wconf 86' lang='lat' dir='ltr'>sed</span> 
     </span>
    </p>
   </div>
   <div class='ocr_carea' id='block_1_9' title="bbox 500 771 2163 847">
    <p class='ocr_par' dir='ltr' id='par_1_9' title="bbox 500 771 2163 847">
     <span class='ocr_line' id='line_1_9' title="bbox 500 771 2163 847; baseline -0.002 -18"><span class='ocrx_word' id='word_1_52' title='bbox 500 774 622 840; x_wconf 90' lang='lat' dir='ltr'>Dei,</span> <span class='ocrx_word' id='word_1_53' title='bbox 677 779 740 830; x_wconf 91' lang='lat' dir='ltr'>ut</span> <span class='ocrx_word' id='word_1_54' title='bbox 786 775 972 847; x_wconf 91' lang='lat' dir='ltr'>possit</span> <span class='ocrx_word' id='word_1_55' title='bbox 1018 776 1245 830; x_wconf 63' lang='lat' dir='ltr'>daemon</span> <span class='ocrx_word' id='word_1_56' title='bbox 1305 773 1558 846; x_wconf 88' lang='lat' dir='ltr'>lapidem</span> <span class='ocrx_word' id='word_1_57' title='bbox 1608 774 1810 829; x_wconf 88' lang='lat' dir='ltr'>tollere</span> <span class='ocrx_word' id='word_1_58' title='bbox 1858 771 2056 842; x_wconf 82' lang='lat' dir='ltr'>talem,</span> <span class='ocrx_word' id='word_1_59' title='bbox 2105 775 2163 826; x_wconf 85' lang='lat' dir='ltr'>et</span> 
     </span>
    </p>
   </div>
   <div class='ocr_carea' id='block_1_10' title="bbox 499 861 2161 936">
    <p class='ocr_par' dir='ltr' id='par_1_10' title="bbox 499 861 2161 936">
     <span class='ocr_line' id='line_1_10' title="bbox 499 861 2161 936; baseline -0.002 -18"><span class='ocrx_word' id='word_1_60' title='bbox 499 867 758 920; x_wconf 80' lang='lat' dir='ltr'>statuere</span> <span class='ocrx_word' id='word_1_61' title='bbox 790 865 849 920; x_wconf 89' lang='lat' dir='ltr'>in</span> <span class='ocrx_word' id='word_1_62' title='bbox 883 864 1007 920; x_wconf 92' lang='lat' dir='ltr'>loco</span> <span class='ocrx_word' id='word_1_63' title='bbox 1036 881 1212 936; x_wconf 86' lang='lat' dir='ltr'>quem</span> <span class='ocrx_word' id='word_1_64' title='bbox 1251 863 1535 920; x_wconf 87' lang='lat' dir='ltr'>volebam.</span> <span class='ocrx_word' id='word_1_65' title='bbox 1571 865 1638 918; x_wconf 88' lang='lat' dir='ltr'>Et</span> <span class='ocrx_word' id='word_1_66' title='bbox 1669 861 1913 918; x_wconf 86' lang='lat' dir='ltr'>adduxit</span> <span class='ocrx_word' id='word_1_67' title='bbox 1941 861 2161 933; x_wconf 88' lang='lat' dir='ltr'>Ephip-</span> 
     </span>
    </p>
   </div>
   <div class='ocr_carea' id='block_1_11' title="bbox 500 951 2163 1025">
    <p class='ocr_par' dir='ltr' id='par_1_11' title="bbox 500 951 2163 1025">
     <span class='ocr_line' id='line_1_11' title="bbox 500 951 2163 1025; baseline -0.002 -17"><span class='ocrx_word' id='word_1_68' title='bbox 500 968 605 1023; x_wconf 89' lang='lat' dir='ltr'>pas</span> <span class='ocrx_word' id='word_1_69' title='bbox 655 953 978 1009; x_wconf 70' lang='lat' dir='ltr'>daemonem</span> <span class='ocrx_word' id='word_1_70' title='bbox 1034 953 1134 1025; x_wconf 87' lang='lat' dir='ltr'>qui</span> <span class='ocrx_word' id='word_1_71' title='bbox 1181 958 1306 1009; x_wconf 87' lang='lat' dir='ltr'>erat</span> <span class='ocrx_word' id='word_1_72' title='bbox 1357 956 1416 1009; x_wconf 92' lang='lat' dir='ltr'>in</span> <span class='ocrx_word' id='word_1_73' title='bbox 1452 953 1599 1008; x_wconf 90' lang='lat' dir='ltr'>mari</span> <span class='ocrx_word' id='word_1_74' title='bbox 1649 951 1870 1022; x_wconf 86' lang='lat' dir='ltr'>Rubro,</span> <span class='ocrx_word' id='word_1_75' title='bbox 1906 967 2038 1006; x_wconf 91' lang='lat' dir='ltr'>cum</span> <span class='ocrx_word' id='word_1_76' title='bbox 2071 965 2163 1004; x_wconf 91' lang='lat' dir='ltr'>co-</span> 
     </span>
    </p>
   </div>
   <div class='ocr_carea' id='block_1_12' title="bbox 501 1039 2163 1114">
    <p class='ocr_par' dir='ltr' id='par_1_12' title="bbox 501 1039 2163 1114">
     <span class='ocr_line' id='line_1_12' title="bbox 501 1039 2163 1114; baseline 0 -20"><span class='ocrx_word' id='word_1_77' title='bbox 501 1039 730 1110; x_wconf 85' lang='lat' dir='ltr'>lumna,</span> <span class='ocrx_word' id='word_1_78' title='bbox 781 1047 838 1097; x_wconf 91' lang='lat' dir='ltr'>et</span> <span class='ocrx_word' id='word_1_79' title='bbox 888 1041 1246 1114; x_wconf 80' lang='lat' dir='ltr'>accipientes</span> <span class='ocrx_word' id='word_1_80' title='bbox 1299 1042 1472 1097; x_wconf 88' lang='lat' dir='ltr'>ambo</span> <span class='ocrx_word' id='word_1_81' title='bbox 1523 1041 1880 1110; x_wconf 79' lang='lat' dir='ltr'>columnam,</span> <span class='ocrx_word' id='word_1_82' title='bbox 1939 1039 2163 1094; x_wconf 88' lang='lat' dir='ltr'>levave-</span> 
     </span>
    </p>
   </div>
   <div class='ocr_carea' id='block_1_13' title="bbox 503 1129 2164 1202">
    <p class='ocr_par' dir='ltr' id='par_1_13' title="bbox 503 1129 2164 1202">
     <span class='ocr_line' id='line_1_13' title="bbox 503 1129 2164 1202; baseline -0.001 -18"><span class='ocrx_word' id='word_1_83' title='bbox 503 1134 642 1184; x_wconf 88' lang='lat' dir='ltr'>runt</span> <span class='ocrx_word' id='word_1_84' title='bbox 673 1148 704 1184; x_wconf 87' lang='lat' dir='ltr'>a</span> <span class='ocrx_word' id='word_1_85' title='bbox 735 1136 906 1186; x_wconf 87' lang='lat' dir='ltr'>terra.</span> <span class='ocrx_word' id='word_1_86' title='bbox 957 1133 1075 1202; x_wconf 85' lang='lat' dir='ltr'>Ego</span> <span class='ocrx_word' id='word_1_87' title='bbox 1114 1135 1310 1186; x_wconf 89' lang='lat' dir='ltr'>autem</span> <span class='ocrx_word' id='word_1_88' title='bbox 1365 1135 1518 1186; x_wconf 89' lang='lat' dir='ltr'>recte</span> <span class='ocrx_word' id='word_1_89' title='bbox 1567 1131 1834 1202; x_wconf 87' lang='lat' dir='ltr'>cogitans</span> <span class='ocrx_word' id='word_1_90' title='bbox 1881 1129 2018 1200; x_wconf 90' lang='lat' dir='ltr'>quia</span> <span class='ocrx_word' id='word_1_91' title='bbox 2051 1129 2164 1183; x_wconf 88' lang='lat' dir='ltr'>duo</span> 
     </span>
    </p>
   </div>
   <div class='ocr_carea' id='block_1_14' title="bbox 503 1219 2164 1290">
    <p class='ocr_par' dir='ltr' id='par_1_14' title="bbox 503 1219 2164 1290">
     <span class='ocr_line' id='line_1_14' title="bbox 503 1219 2164 1290; baseline -0.001 -16"><span class='ocrx_word' id='word_1_92' title='bbox 503 1219 562 1274; x_wconf 90' lang='lat' dir='ltr'>hi</span> <span class='ocrx_word' id='word_1_93' title='bbox 597 1220 844 1290; x_wconf 81' lang='lat' dir='ltr'>spiritus</span> <span class='ocrx_word' id='word_1_94' title='bbox 876 1219 1135 1276; x_wconf 76' lang='lat' dir='ltr'>valerent</span> <span class='ocrx_word' id='word_1_95' title='bbox 1185 1225 1398 1276; x_wconf 85' lang='lat' dir='ltr'>terram</span> <span class='ocrx_word' id='word_1_96' title='bbox 1449 1237 1684 1275; x_wconf 90' lang='lat' dir='ltr'>omnem</span> <span class='ocrx_word' id='word_1_97' title='bbox 1736 1223 2062 1288; x_wconf 76' lang='lat' dir='ltr'>concutere,</span> <span class='ocrx_word' id='word_1_98' title='bbox 2107 1219 2164 1272; x_wconf 90' lang='lat' dir='ltr'>in</span> 
     </span>
    </p>
   </div>
   <div class='ocr_carea' id='block_1_15' title="bbox 503 1306 2162 1380">
    <p class='ocr_par' dir='ltr' id='par_1_15' title="bbox 503 1306 2162 1380">
     <span class='ocr_line' id='line_1_15' title="bbox 503 1306 2162 1380; baseline -0.003 -16"><span class='ocrx_word' id='word_1_99' title='bbox 503 1312 720 1380; x_wconf 92' lang='lat' dir='ltr'>puncto</span> <span class='ocrx_word' id='word_1_100' title='bbox 741 1309 1045 1380; x_wconf 88' lang='lat' dir='ltr'>temporis,</span> <span class='ocrx_word' id='word_1_101' title='bbox 1063 1309 1290 1380; x_wconf 82' lang='lat' dir='ltr'>signavi</span> <span class='ocrx_word' id='word_1_102' title='bbox 1313 1309 1450 1362; x_wconf 90' lang='lat' dir='ltr'>hinc</span> <span class='ocrx_word' id='word_1_103' title='bbox 1476 1313 1530 1362; x_wconf 91' lang='lat' dir='ltr'>et</span> <span class='ocrx_word' id='word_1_104' title='bbox 1553 1308 1688 1362; x_wconf 90' lang='lat' dir='ltr'>hinc</span> <span class='ocrx_word' id='word_1_105' title='bbox 1713 1306 2162 1377; x_wconf 81' lang='lat' dir='ltr'>annulo,etdixi:</span> 
     </span>
    </p>
   </div>
   <div class='ocr_carea' id='block_1_16' title="bbox 501 1397 2165 1468">
    <p class='ocr_par' dir='ltr' id='par_1_16' title="bbox 501 1397 2165 1468">
     <span class='ocr_line' id='line_1_16' title="bbox 501 1397 2165 1468; baseline -0.001 -16"><span class='ocrx_word' id='word_1_106' title='bbox 501 1397 654 1452; x_wconf 83' lang='lat' dir='ltr'>Satis</span> <span class='ocrx_word' id='word_1_107' title='bbox 687 1401 813 1466; x_wconf 90' lang='lat' dir='ltr'>est;</span> <span class='ocrx_word' id='word_1_108' title='bbox 849 1403 906 1453; x_wconf 87' lang='lat' dir='ltr'>et</span> <span class='ocrx_word' id='word_1_109' title='bbox 935 1401 1282 1454; x_wconf 88' lang='lat' dir='ltr'>manserunt</span> <span class='ocrx_word' id='word_1_110' title='bbox 1303 1398 1549 1468; x_wconf 77' lang='lat' dir='ltr'>spiritus</span> <span class='ocrx_word' id='word_1_111' title='bbox 1575 1401 1874 1468; x_wconf 73' lang='lat' dir='ltr'>portantes</span> <span class='ocrx_word' id='word_1_112' title='bbox 1900 1412 2085 1467; x_wconf 89' lang='lat' dir='ltr'>usque</span> <span class='ocrx_word' id='word_1_113' title='bbox 2107 1397 2165 1450; x_wconf 89' lang='lat' dir='ltr'>in</span> 
     </span>
    </p>
   </div>
   <div class='ocr_carea' id='block_1_17' title="bbox 503 1485 2165 1559">
    <p class='ocr_par' dir='ltr' id='par_1_17' title="bbox 503 1485 2165 1559">
     <span class='ocr_line' id='line_1_17' title="bbox 503 1485 2165 1559; baseline -0.002 -18"><span class='ocrx_word' id='word_1_114' title='bbox 503 1485 846 1542; x_wconf 81' lang='lat' dir='ltr'>hodiernam</span> <span class='ocrx_word' id='word_1_115' title='bbox 883 1487 1061 1559; x_wconf 87' lang='lat' dir='ltr'>diem,</span> <span class='ocrx_word' id='word_1_116' title='bbox 1093 1489 1161 1542; x_wconf 87' lang='lat' dir='ltr'>ad</span> <span class='ocrx_word' id='word_1_117' title='bbox 1216 1489 1610 1542; x_wconf 86' lang='lat' dir='ltr'>ostensionem</span> <span class='ocrx_word' id='word_1_118' title='bbox 1661 1486 1855 1540; x_wconf 74' lang='lat' dir='ltr'>inditae</span> <span class='ocrx_word' id='word_1_119' title='bbox 1894 1485 2039 1540; x_wconf 89' lang='lat' dir='ltr'>mihi</span> <span class='ocrx_word' id='word_1_120' title='bbox 2077 1503 2165 1540; x_wconf 86' lang='lat' dir='ltr'>sa-</span> 
     </span>
    </p>
   </div>
   <div class='ocr_carea' id='block_1_18' title="bbox 505 1573 2164 1647">
    <p class='ocr_par' dir='ltr' id='par_1_18' title="bbox 505 1573 2164 1647">
     <span class='ocr_line' id='line_1_18' title="bbox 505 1573 2164 1647; baseline -0.001 -18"><span class='ocrx_word' id='word_1_121' title='bbox 505 1576 736 1646; x_wconf 72' lang='lat' dir='ltr'>pientia:</span> <span class='ocrx_word' id='word_1_122' title='bbox 765 1596 778 1644; x_wconf 89' lang='lat'>;</span> <span class='ocrx_word' id='word_1_123' title='bbox 814 1579 868 1632; x_wconf 90' lang='lat' dir='ltr'>et</span> <span class='ocrx_word' id='word_1_124' title='bbox 899 1581 1025 1631; x_wconf 90' lang='lat' dir='ltr'>erat</span> <span class='ocrx_word' id='word_1_125' title='bbox 1057 1593 1349 1647; x_wconf 88' lang='lat' dir='ltr'>suspensa</span> <span class='ocrx_word' id='word_1_126' title='bbox 1397 1575 1672 1630; x_wconf 86' lang='lat' dir='ltr'>columna</span> <span class='ocrx_word' id='word_1_127' title='bbox 1699 1591 1872 1644; x_wconf 88' lang='lat' dir='ltr'>super</span> <span class='ocrx_word' id='word_1_128' title='bbox 1903 1573 2164 1628; x_wconf 85' lang='lat' dir='ltr'>altitudi-</span> 
     </span>
    </p>
   </div>
   <div class='ocr_carea' id='block_1_19' title="bbox 508 1663 2162 1736">
    <p class='ocr_par' dir='ltr' id='par_1_19' title="bbox 508 1663 2162 1736">
     <span class='ocr_line' id='line_1_19' title="bbox 508 1663 2162 1736; baseline -0.001 -19"><span class='ocrx_word' id='word_1_129' title='bbox 508 1679 666 1728; x_wconf 87' lang='lat' dir='ltr'>nem,</span> <span class='ocrx_word' id='word_1_130' title='bbox 699 1681 800 1734; x_wconf 90' lang='lat' dir='ltr'>per</span> <span class='ocrx_word' id='word_1_131' title='bbox 830 1681 986 1730; x_wconf 89' lang='lat' dir='ltr'>aera,</span> <span class='ocrx_word' id='word_1_132' title='bbox 1013 1685 1044 1720; x_wconf 76' lang='grc' dir='ltr'>ιι</span> <span class='ocrx_word' id='word_1_133' title='bbox 1076 1665 1384 1736; x_wconf 89' lang='lat' dir='ltr'>spiritibus</span> <span class='ocrx_word' id='word_1_134' title='bbox 1409 1669 1658 1736; x_wconf 86' lang='lat' dir='ltr'>portata,</span> <span class='ocrx_word' id='word_1_135' title='bbox 1687 1667 1743 1717; x_wconf 92' lang='lat' dir='ltr'>et</span> <span class='ocrx_word' id='word_1_136' title='bbox 1775 1663 1858 1717; x_wconf 91' lang='lat' dir='ltr'>sic</span> <span class='ocrx_word' id='word_1_137' title='bbox 1890 1663 2162 1718; x_wconf 87' lang='lat' dir='ltr'>deorsum</span> 
     </span>
    </p>
   </div>
   <div class='ocr_carea' id='block_1_20' title="bbox 509 1753 2166 1825">
    <p class='ocr_par' dir='ltr' id='par_1_20' title="bbox 509 1753 2166 1825">
     <span class='ocr_line' id='line_1_20' title="bbox 509 1753 2166 1825; baseline -0.002 -17"><span class='ocrx_word' id='word_1_138' title='bbox 509 1753 754 1824; x_wconf 85' lang='lat' dir='ltr'>spiritus</span> <span class='ocrx_word' id='word_1_139' title='bbox 791 1753 1144 1809; x_wconf 87' lang='lat' dir='ltr'>videbantur</span> <span class='ocrx_word' id='word_1_140' title='bbox 1173 1753 1342 1825; x_wconf 87' lang='lat' dir='ltr'>quasi</span> <span class='ocrx_word' id='word_1_141' title='bbox 1393 1769 1586 1808; x_wconf 88' lang='lat' dir='ltr'>aerem</span> <span class='ocrx_word' id='word_1_142' title='bbox 1623 1755 1960 1824; x_wconf 87' lang='lat' dir='ltr'>portantes;</span> <span class='ocrx_word' id='word_1_143' title='bbox 1993 1755 2047 1806; x_wconf 89' lang='lat' dir='ltr'>et</span> <span class='ocrx_word' id='word_1_144' title='bbox 2087 1755 2166 1806; x_wconf 88' lang='lat' dir='ltr'>at-</span> 
     </span>
    </p>
   </div>
   <div class='ocr_carea' id='block_1_21' title="bbox 511 1840 2165 1913">
    <p class='ocr_par' dir='ltr' id='par_1_21' title="bbox 511 1840 2165 1913">
     <span class='ocr_line' id='line_1_21' title="bbox 511 1840 2165 1913; baseline -0.002 -16"><span class='ocrx_word' id='word_1_145' title='bbox 511 1842 772 1898; x_wconf 84' lang='lat' dir='ltr'>tcndenti</span> <span class='ocrx_word' id='word_1_146' title='bbox 816 1841 1072 1912; x_wconf 88' lang='lat' dir='ltr'>cuilibet,</span> <span class='ocrx_word' id='word_1_147' title='bbox 1118 1843 1393 1898; x_wconf 88' lang='lat' dir='ltr'>columna</span> <span class='ocrx_word' id='word_1_148' title='bbox 1425 1841 1707 1896; x_wconf 88' lang='lat' dir='ltr'>inclinata</span> <span class='ocrx_word' id='word_1_149' title='bbox 1737 1846 1898 1896; x_wconf 86' lang='lat' dir='ltr'>vecta</span> <span class='ocrx_word' id='word_1_150' title='bbox 1929 1857 1962 1895; x_wconf 92' lang='lat' dir='ltr'>a</span> <span class='ocrx_word' id='word_1_151' title='bbox 1993 1840 2165 1913; x_wconf 79' lang='lat' dir='ltr'>spiri-</span> 
     </span>
    </p>
   </div>
   <div class='ocr_carea' id='block_1_22' title="bbox 506 1929 2028 2002">
    <p class='ocr_par' dir='ltr' id='par_1_22' title="bbox 506 1929 2028 2002">
     <span class='ocr_line' id='line_1_22' title="bbox 506 1929 2028 2002; baseline -0.001 -16"><span class='ocrx_word' id='word_1_152' title='bbox 506 1931 664 1986; x_wconf 87' lang='lat' dir='ltr'>tibus</span> <span class='ocrx_word' id='word_1_153' title='bbox 695 1932 926 1987; x_wconf 89' lang='lat' dir='ltr'>videtur</span> <span class='ocrx_word' id='word_1_154' title='bbox 955 1937 1010 1987; x_wconf 92' lang='lat' dir='ltr'>et</span> <span class='ocrx_word' id='word_1_155' title='bbox 1039 1937 1129 1988; x_wconf 90' lang='lat' dir='ltr'>est</span> <span class='ocrx_word' id='word_1_156' title='bbox 1160 1949 1354 2002; x_wconf 88' lang='lat' dir='ltr'>usque</span> <span class='ocrx_word' id='word_1_157' title='bbox 1383 1931 1442 1986; x_wconf 89' lang='lat' dir='ltr'>in</span> <span class='ocrx_word' id='word_1_158' title='bbox 1475 1930 1818 1986; x_wconf 83' lang='lat' dir='ltr'>hodiernam</span> <span class='ocrx_word' id='word_1_159' title='bbox 1852 1929 2028 1985; x_wconf 90' lang='lat' dir='ltr'>diem.</span> 
     </span>
    </p>
   </div>
   <div class='ocr_carea' id='block_1_23' title="bbox 2202 1799 2244 1864">
    <p class='ocr_par' dir='ltr' id='par_1_23' title="bbox 2202 1799 2244 1864">
     <span class='ocr_line' id='line_1_23' title="bbox 2202 1799 2244 1864; baseline 0 0"><span class='ocrx_word' id='word_1_160' title='bbox 2202 1799 2244 1864; x_wconf 89' lang='lat' dir='ltr'>B</span> 
     </span>
    </p>
   </div>
   <div class='ocr_carea' id='block_1_24' title="bbox 2277 501 3936 578">
    <p class='ocr_par' dir='ltr' id='par_1_24' title="bbox 2277 501 3936 578">
     <span class='ocr_line' id='line_1_24' title="bbox 2277 501 3936 578; baseline 0.001 -23"><span class='ocrx_word' id='word_1_161' title='bbox 2277 503 2529 578; x_wconf 75' lang='grc' dir='ltr'>ἀναγάγω</span> <span class='ocrx_word' id='word_1_162' title='bbox 2585 503 2676 558; x_wconf 81' lang='grc' dir='ltr'>τὸν</span> <span class='ocrx_word' id='word_1_163' title='bbox 2737 502 2890 558; x_wconf 77' lang='grc' dir='ltr'>κίονα</span> <span class='ocrx_word' id='word_1_164' title='bbox 2940 503 3030 557; x_wconf 86' lang='grc' dir='ltr'>τὸν</span> <span class='ocrx_word' id='word_1_165' title='bbox 3078 501 3227 576; x_wconf 73' lang='grc' dir='ltr'>(τήν)</span> <span class='ocrx_word' id='word_1_166' title='bbox 3281 501 3555 576; x_wconf 76' lang='grc' dir='ltr'>ἀεριστὴν,</span> <span class='ocrx_word' id='word_1_167' title='bbox 3607 502 3698 556; x_wconf 77' lang='grc' dir='ltr'>καὶ</span> <span class='ocrx_word' id='word_1_168' title='bbox 3765 504 3936 570; x_wconf 61' lang='grc' dir='ltr'>στήσω</span> 
     </span>
    </p>
   </div>
   <div class='ocr_carea' id='block_1_25' title="bbox 2269 589 3936 666">
    <p class='ocr_par' dir='ltr' id='par_1_25' title="bbox 2269 589 3936 666">
     <span class='ocr_line' id='line_1_25' title="bbox 2269 589 3936 666; baseline 0 -22"><span class='ocrx_word' id='word_1_169' title='bbox 2269 589 2429 646; x_wconf 76' lang='grc' dir='ltr'>αὐτὸν</span> <span class='ocrx_word' id='word_1_170' title='bbox 2493 593 2633 648; x_wconf 77' lang='grc' dir='ltr'>ὅπου</span> <span class='ocrx_word' id='word_1_171' title='bbox 2699 591 2886 666; x_wconf 71' lang='grc' dir='ltr'>βούλει</span> <span class='ocrx_word' id='word_1_172' title='bbox 2963 590 3014 646; x_wconf 80' lang='grc' dir='ltr'>ἐν</span> <span class='ocrx_word' id='word_1_173' title='bbox 3074 589 3464 664; x_wconf 69' lang='grc' dir='ltr'>Ἰερουσαλήμ.</span> <span class='ocrx_word' id='word_1_174' title='bbox 3517 590 3700 648; x_wconf 74' lang='grc' dir='ltr'>Ταῦτα</span> <span class='ocrx_word' id='word_1_175' title='bbox 3783 591 3936 645; x_wconf 60' lang='grc' dir='ltr'>εἰπὼν</span> 
     </span>
    </p>
   </div>
   <div class='ocr_carea' id='block_1_26' title="bbox 2269 678 3912 758">
    <p class='ocr_par' dir='ltr' id='par_1_26' title="bbox 2269 678 3912 758">
     <span class='ocr_line' id='line_1_26' title="bbox 2269 678 3912 758; baseline -0.002 -23"><span class='ocrx_word' id='word_1_176' title='bbox 2269 681 2552 756; x_wconf 73' lang='grc' dir='ltr'>ἠνάγκασα</span> <span class='ocrx_word' id='word_1_177' title='bbox 2609 680 2792 746; x_wconf 72' lang='grc' dir='ltr'>αὐτὸν,</span> <span class='ocrx_word' id='word_1_178' title='bbox 2825 681 2912 736; x_wconf 79' lang='grc' dir='ltr'>καὶ</span> <span class='ocrx_word' id='word_1_179' title='bbox 2966 679 3094 735; x_wconf 80' lang='grc' dir='ltr'>ὡσεὶ</span> <span class='ocrx_word' id='word_1_180' title='bbox 3151 678 3470 758; x_wconf 68' lang='grc' dir='ltr'>ἐκφυσηθεές</span> <span class='ocrx_word' id='word_1_181' title='bbox 3522 681 3550 734; x_wconf 81' lang='grc' dir='ltr'><strong>ὁ</strong></span> <span class='ocrx_word' id='word_1_182' title='bbox 3602 681 3780 744; x_wconf 77' lang='grc' dir='ltr'>ἀσκὸς</span> <span class='ocrx_word' id='word_1_183' title='bbox 3827 679 3912 754; x_wconf 64' lang='grc' dir='ltr'>ἑτέ</span> 
     </span>
    </p>
   </div>
   <div class='ocr_carea' id='block_1_27' title="bbox 2271 767 3934 842">
    <p class='ocr_par' dir='ltr' id='par_1_27' title="bbox 2271 767 3934 842">
     <span class='ocr_line' id='line_1_27' title="bbox 2271 767 3934 842; baseline -0.001 -19"><span class='ocrx_word' id='word_1_184' title='bbox 2271 791 2412 839; x_wconf 79' lang='grc' dir='ltr'>νετο,</span> <span class='ocrx_word' id='word_1_185' title='bbox 2459 771 2548 824; x_wconf 86' lang='grc' dir='ltr'>καὶ</span> <span class='ocrx_word' id='word_1_186' title='bbox 2607 767 2906 825; x_wconf 80' lang='grc' dir='ltr'>ὑποδέδεκα</span> <span class='ocrx_word' id='word_1_187' title='bbox 2953 775 3032 840; x_wconf 78' lang='grc' dir='ltr'>τῷ</span> <span class='ocrx_word' id='word_1_188' title='bbox 3074 767 3232 842; x_wconf 78' lang='grc' dir='ltr'>λίθῳ,</span> <span class='ocrx_word' id='word_1_189' title='bbox 3281 770 3370 824; x_wconf 84' lang='grc' dir='ltr'>καὶ</span> <span class='ocrx_word' id='word_1_190' title='bbox 3427 767 3683 838; x_wconf 81' lang='grc' dir='ltr'>διέζωσεν</span> <span class='ocrx_word' id='word_1_191' title='bbox 3727 771 3934 838; x_wconf 70' lang='grc' dir='ltr'>ἑαυτὸν,</span> 
     </span>
    </p>
   </div>
   <div class='ocr_carea' id='block_1_28' title="bbox 2271 857 3932 931">
    <p class='ocr_par' dir='ltr' id='par_1_28' title="bbox 2271 857 3932 931">
     <span class='ocr_line' id='line_1_28' title="bbox 2271 857 3932 931; baseline -0.001 -17"><span class='ocrx_word' id='word_1_192' title='bbox 2271 861 2358 914; x_wconf 82' lang='grc' dir='ltr'>καὶ</span> <span class='ocrx_word' id='word_1_193' title='bbox 2419 857 2616 931; x_wconf 80' lang='grc' dir='ltr'>ἐπῆρεν</span> <span class='ocrx_word' id='word_1_194' title='bbox 2675 857 2852 914; x_wconf 71' lang='grc' dir='ltr'>ἐπάνω</span> <span class='ocrx_word' id='word_1_195' title='bbox 2903 858 2995 914; x_wconf 81' lang='grc' dir='ltr'>τόν</span> <span class='ocrx_word' id='word_1_196' title='bbox 3051 859 3236 916; x_wconf 76' lang='grc' dir='ltr'>ἀσκόν.</span> <span class='ocrx_word' id='word_1_197' title='bbox 3271 859 3372 915; x_wconf 78' lang='grc' dir='ltr'>Καὶ</span> <span class='ocrx_word' id='word_1_198' title='bbox 3435 857 3666 928; x_wconf 74' lang='grc' dir='ltr'>ἀνῆλθεν</span> <span class='ocrx_word' id='word_1_199' title='bbox 3705 861 3738 914; x_wconf 80' lang='grc' dir='ltr'><strong>ὁ</strong></span> <span class='ocrx_word' id='word_1_200' title='bbox 3777 861 3932 920; x_wconf 71' lang='grc' dir='ltr'>ἀσκὸς</span> 
     </span>
    </p>
   </div>
   <div class='ocr_carea' id='block_1_29' title="bbox 2272 947 3932 1024">
    <p class='ocr_par' dir='ltr' id='par_1_29' title="bbox 2272 947 3932 1024">
     <span class='ocr_line' id='line_1_29' title="bbox 2272 947 3932 1024; baseline 0.001 -21"><span class='ocrx_word' id='word_1_201' title='bbox 2272 950 2368 1012; x_wconf 76' lang='grc' dir='ltr'>τὰς</span> <span class='ocrx_word' id='word_1_202' title='bbox 2413 949 2688 1022; x_wconf 74' lang='grc' dir='ltr'>κλίμακας</span> <span class='ocrx_word' id='word_1_203' title='bbox 2741 949 3020 1024; x_wconf 73' lang='grc' dir='ltr'>βαστάζων</span> <span class='ocrx_word' id='word_1_204' title='bbox 3071 948 3163 1003; x_wconf 79' lang='grc' dir='ltr'>τὸν</span> <span class='ocrx_word' id='word_1_205' title='bbox 3213 947 3384 1020; x_wconf 79' lang='grc' dir='ltr'>λίθον,</span> <span class='ocrx_word' id='word_1_206' title='bbox 3425 949 3512 1002; x_wconf 83' lang='grc' dir='ltr'>καὶ</span> <span class='ocrx_word' id='word_1_207' title='bbox 3565 947 3720 1012; x_wconf 79' lang='grc' dir='ltr'>ἔθετο</span> <span class='ocrx_word' id='word_1_208' title='bbox 3777 947 3932 1004; x_wconf 66' lang='grc' dir='ltr'>αὐτὸν</span> 
     </span>
    </p>
   </div>
   <div class='ocr_carea' id='block_1_30' title="bbox 2277 1035 3934 1114">
    <p class='ocr_par' dir='ltr' id='par_1_30' title="bbox 2277 1035 3934 1114">
     <span class='ocr_line' id='line_1_30' title="bbox 2277 1035 3934 1114; baseline 0.001 -23"><span class='ocrx_word' id='word_1_209' title='bbox 2277 1038 2352 1100; x_wconf 75' lang='grc' dir='ltr'>εἷς</span> <span class='ocrx_word' id='word_1_210' title='bbox 2381 1039 2480 1106; x_wconf 72' lang='grc' dir='ltr'>τήν</span> <span class='ocrx_word' id='word_1_211' title='bbox 2521 1036 2683 1114; x_wconf 75' lang='grc' dir='ltr'>ἄκραν</span> <span class='ocrx_word' id='word_1_212' title='bbox 2720 1046 2818 1106; x_wconf 79' lang='grc' dir='ltr'>τῆς</span> <span class='ocrx_word' id='word_1_213' title='bbox 2869 1035 3082 1092; x_wconf 75' lang='grc' dir='ltr'>εἶσόδου</span> <span class='ocrx_word' id='word_1_214' title='bbox 3127 1042 3226 1092; x_wconf 78' lang='grc' dir='ltr'>τοῦ</span> <span class='ocrx_word' id='word_1_215' title='bbox 3275 1041 3424 1094; x_wconf 82' lang='grc' dir='ltr'>ναοῦ.</span> <span class='ocrx_word' id='word_1_216' title='bbox 3457 1039 3598 1112; x_wconf 79' lang='grc' dir='ltr'>Ἐγὼ</span> <span class='ocrx_word' id='word_1_217' title='bbox 3647 1035 3706 1092; x_wconf 72' lang='grc' dir='ltr'>δὲ</span> <span class='ocrx_word' id='word_1_218' title='bbox 3759 1038 3934 1092; x_wconf 71' lang='grc' dir='ltr'>Σολοο</span> 
     </span>
    </p>
   </div>
   <div class='ocr_carea' id='block_1_31' title="bbox 2279 1124 3932 1200">
    <p class='ocr_par' dir='ltr' id='par_1_31' title="bbox 2279 1124 3932 1200">
     <span class='ocr_line' id='line_1_31' title="bbox 2279 1124 3932 1200; baseline 0 -20"><span class='ocrx_word' id='word_1_219' title='bbox 2279 1131 2418 1199; x_wconf 81' lang='grc' dir='ltr'>μῶν,</span> <span class='ocrx_word' id='word_1_220' title='bbox 2455 1124 2583 1181; x_wconf 76' lang='grc' dir='ltr'>ἰδὼν</span> <span class='ocrx_word' id='word_1_221' title='bbox 2617 1127 2706 1180; x_wconf 78' lang='grc' dir='ltr'>τὸν</span> <span class='ocrx_word' id='word_1_222' title='bbox 2751 1124 2902 1180; x_wconf 78' lang='grc' dir='ltr'>λίθον</span> <span class='ocrx_word' id='word_1_223' title='bbox 2945 1126 3252 1200; x_wconf 69' lang='grc' dir='ltr'>ἐπηρμέδον</span> <span class='ocrx_word' id='word_1_224' title='bbox 3295 1127 3382 1180; x_wconf 84' lang='grc' dir='ltr'>καὶ</span> <span class='ocrx_word' id='word_1_225' title='bbox 3429 1127 3932 1200; x_wconf 78' lang='grc' dir='ltr'>τεθεμελιωμένον,</span> 
     </span>
    </p>
   </div>
   <div class='ocr_carea' id='block_1_32' title="bbox 2277 1213 3932 1290">
    <p class='ocr_par' dir='ltr' id='par_1_32' title="bbox 2277 1213 3932 1290">
     <span class='ocr_line' id='line_1_32' title="bbox 2277 1213 3932 1290; baseline -0.002 -21"><span class='ocrx_word' id='word_1_226' title='bbox 2277 1217 2444 1270; x_wconf 75' lang='grc' dir='ltr'>εἷπον·</span> <span class='ocrx_word' id='word_1_227' title='bbox 2481 1215 2736 1286; x_wconf 77' lang='grc' dir='ltr'>Ἀληθῶς</span> <span class='ocrx_word' id='word_1_228' title='bbox 2765 1213 3064 1287; x_wconf 79' lang='grc' dir='ltr'>ἐπληρώθη</span> <span class='ocrx_word' id='word_1_229' title='bbox 3101 1218 3135 1284; x_wconf 81' lang='grc' dir='ltr'>ἡ</span> <span class='ocrx_word' id='word_1_230' title='bbox 3179 1217 3365 1290; x_wconf 73' lang='grc' dir='ltr'>Γραφὴ</span> <span class='ocrx_word' id='word_1_231' title='bbox 3411 1218 3445 1285; x_wconf 82' lang='grc' dir='ltr'>ἡ</span> <span class='ocrx_word' id='word_1_232' title='bbox 3495 1215 3732 1290; x_wconf 72' lang='grc' dir='ltr'>λέγουσα</span> <span class='ocrx_word' id='word_1_233' title='bbox 3785 1215 3932 1280; x_wconf 55' lang='lat' dir='ltr'>liene</span> 
     </span>
    </p>
   </div>
   <div class='ocr_carea' id='block_1_33' title="bbox 2277 1301 3930 1379">
    <p class='ocr_par' dir='ltr' id='par_1_33' title="bbox 2277 1301 3930 1379">
     <span class='ocr_line' id='line_1_33' title="bbox 2277 1301 3930 1379; baseline 0 -21"><span class='ocrx_word' id='word_1_234' title='bbox 2277 1305 2335 1358; x_wconf 76' lang='grc' dir='ltr'>ὃν</span> <span class='ocrx_word' id='word_1_235' title='bbox 2415 1302 2822 1376; x_wconf 69' lang='grc' dir='ltr'>ἀπεδοκίμασαν</span> <span class='ocrx_word' id='word_1_236' title='bbox 2877 1305 2928 1358; x_wconf 80' lang='lat' dir='ltr'>o&#39;t</span> <span class='ocrx_word' id='word_1_237' title='bbox 2981 1301 3422 1376; x_wconf 74' lang='grc' dir='ltr'>οἰκοδομοῦντες,</span> <span class='ocrx_word' id='word_1_238' title='bbox 3477 1305 3634 1368; x_wconf 73' lang='grc' dir='ltr'>οὗτος</span> <span class='ocrx_word' id='word_1_239' title='bbox 3699 1304 3930 1379; x_wconf 68' lang='grc' dir='ltr'>ἐγενήθη</span> 
     </span>
    </p>
   </div>
   <div class='ocr_carea' id='block_1_34' title="bbox 2278 1391 3936 1470">
    <p class='ocr_par' dir='ltr' id='par_1_34' title="bbox 2278 1391 3936 1470">
     <span class='ocr_line' id='line_1_34' title="bbox 2278 1391 3936 1470; baseline 0.001 -24"><span class='ocrx_word' id='word_1_240' title='bbox 2278 1393 2353 1447; x_wconf 73' lang='grc' dir='ltr'>εἷς</span> <span class='ocrx_word' id='word_1_241' title='bbox 2401 1391 2644 1470; x_wconf 72' lang='grc' dir='ltr'>κεφαλήν</span> <span class='ocrx_word' id='word_1_242' title='bbox 2692 1393 2912 1467; x_wconf 78' lang='grc' dir='ltr'>γωνίας·</span> <span class='ocrx_word' id='word_1_243' title='bbox 2948 1392 3028 1448; x_wconf 77' lang='grc' dir='ltr'>ὅτι</span> <span class='ocrx_word' id='word_1_244' title='bbox 3079 1397 3240 1447; x_wconf 86' lang='grc' dir='ltr'>τοῦτο</span> <span class='ocrx_word' id='word_1_245' title='bbox 3281 1393 3378 1447; x_wconf 68' lang='grc' dir='ltr'>οὐκ</span> <span class='ocrx_word' id='word_1_246' title='bbox 3429 1391 3566 1448; x_wconf 74' lang='grc' dir='ltr'>ἔστιν</span> <span class='ocrx_word' id='word_1_247' title='bbox 3618 1392 3754 1466; x_wconf 76' lang='grc' dir='ltr'>ἐμὸν</span> <span class='ocrx_word' id='word_1_248' title='bbox 3809 1392 3936 1448; x_wconf 75' lang='grc' dir='ltr'>δοῦ-</span> 
     </span>
    </p>
   </div>
   <div class='ocr_carea' id='block_1_35' title="bbox 2275 1480 3936 1558">
    <p class='ocr_par' dir='ltr' id='par_1_35' title="bbox 2275 1480 3936 1558">
     <span class='ocr_line' id='line_1_35' title="bbox 2275 1480 3936 1558; baseline 0 -22"><span class='ocrx_word' id='word_1_249' title='bbox 2275 1503 2360 1536; x_wconf 82' lang='grc' dir='ltr'>ναι</span> <span class='ocrx_word' id='word_1_250' title='bbox 2392 1480 2537 1537; x_wconf 84' lang='grc' dir='ltr'>ἀλλὰ</span> <span class='ocrx_word' id='word_1_251' title='bbox 2565 1487 2661 1536; x_wconf 88' lang='grc' dir='ltr'>τοῦ</span> <span class='ocrx_word' id='word_1_252' title='bbox 2693 1487 2847 1537; x_wconf 85' lang='grc' dir='ltr'>Θεοῦ·</span> <span class='ocrx_word' id='word_1_253' title='bbox 2879 1481 2943 1536; x_wconf 84' lang='grc' dir='ltr'>τὸ</span> <span class='ocrx_word' id='word_1_254' title='bbox 2965 1487 3284 1558; x_wconf 70' lang='grc' dir='ltr'>κατισχῦσαι</span> <span class='ocrx_word' id='word_1_255' title='bbox 3327 1484 3417 1536; x_wconf 86' lang='grc' dir='ltr'>τὸν</span> <span class='ocrx_word' id='word_1_256' title='bbox 3452 1480 3690 1555; x_wconf 69' lang='grc' dir='ltr'>δαίμονα</span> <span class='ocrx_word' id='word_1_257' title='bbox 3739 1483 3936 1556; x_wconf 67' lang='grc' dir='ltr'>ἐπᾶραι</span> 
     </span>
    </p>
   </div>
   <div class='ocr_carea' id='block_1_36' title="bbox 2273 1570 3936 1640">
    <p class='ocr_par' dir='ltr' id='par_1_36' title="bbox 2273 1570 3936 1640">
     <span class='ocr_line' id='line_1_36' title="bbox 2273 1570 3936 1640; baseline 0 -14"><span class='ocrx_word' id='word_1_258' title='bbox 2273 1573 2363 1626; x_wconf 84' lang='grc' dir='ltr'>τὸν</span> <span class='ocrx_word' id='word_1_259' title='bbox 2425 1570 2578 1634; x_wconf 74' lang='grc' dir='ltr'>λίθον</span> <span class='ocrx_word' id='word_1_260' title='bbox 2627 1570 2980 1640; x_wconf 75' lang='grc' dir='ltr'>τηλικοῦτον,</span> <span class='ocrx_word' id='word_1_261' title='bbox 3015 1572 3103 1626; x_wconf 81' lang='grc' dir='ltr'>καὶ</span> <span class='ocrx_word' id='word_1_262' title='bbox 3155 1571 3442 1635; x_wconf 85' lang='grc' dir='ltr'>ἀποθέσθαι</span> <span class='ocrx_word' id='word_1_263' title='bbox 3498 1571 3658 1626; x_wconf 73' lang='grc' dir='ltr'>αὐτὸν</span> <span class='ocrx_word' id='word_1_264' title='bbox 3709 1573 3794 1633; x_wconf 69' lang='grc' dir='ltr'>εἷς</span> <span class='ocrx_word' id='word_1_265' title='bbox 3845 1575 3936 1626; x_wconf 65' lang='grc' dir='ltr'>τό·</span> 
     </span>
    </p>
   </div>
   <div class='ocr_carea' id='block_1_37' title="bbox 2275 1655 3934 1738">
    <p class='ocr_par' dir='ltr' id='par_1_37' title="bbox 2275 1655 3934 1738">
     <span class='ocr_line' id='line_1_37' title="bbox 2275 1655 3934 1738; baseline 0 -22"><span class='ocrx_word' id='word_1_266' title='bbox 2275 1683 2374 1716; x_wconf 83' lang='grc' dir='ltr'>πον</span> <span class='ocrx_word' id='word_1_267' title='bbox 2435 1661 2491 1714; x_wconf 77' lang='grc' dir='ltr'>ὃν</span> <span class='ocrx_word' id='word_1_268' title='bbox 2549 1655 2884 1733; x_wconf 74' lang='grc' dir='ltr'>ἐϐουλόμην.</span> <span class='ocrx_word' id='word_1_269' title='bbox 2947 1660 3049 1716; x_wconf 81' lang='grc' dir='ltr'>Καὶ</span> <span class='ocrx_word' id='word_1_270' title='bbox 3107 1659 3606 1738; x_wconf 70' lang='grc' dir='ltr'>ἦγαγενἙφιππᾶς</span> <span class='ocrx_word' id='word_1_271' title='bbox 3661 1663 3760 1716; x_wconf 81' lang='grc' dir='ltr'>τὸν</span> <span class='ocrx_word' id='word_1_272' title='bbox 3819 1659 3934 1716; x_wconf 75' lang='grc' dir='ltr'>εαξ-</span> 
     </span>
    </p>
   </div>
   <div class='ocr_carea' id='block_1_38' title="bbox 2281 1747 3930 1824">
    <p class='ocr_par' dir='ltr' id='par_1_38' title="bbox 2281 1747 3930 1824">
     <span class='ocr_line' id='line_1_38' title="bbox 2281 1747 3930 1824; baseline 0.001 -20"><span class='ocrx_word' id='word_1_273' title='bbox 2281 1771 2414 1824; x_wconf 82' lang='grc' dir='ltr'>μονα</span> <span class='ocrx_word' id='word_1_274' title='bbox 2445 1749 2536 1804; x_wconf 88' lang='grc' dir='ltr'>τὸν</span> <span class='ocrx_word' id='word_1_275' title='bbox 2603 1748 2652 1802; x_wconf 85' lang='grc' dir='ltr'>ἐν</span> <span class='ocrx_word' id='word_1_276' title='bbox 2685 1753 2752 1823; x_wconf 80' lang='grc' dir='ltr'>τῇ</span> <span class='ocrx_word' id='word_1_277' title='bbox 2789 1751 3022 1824; x_wconf 84' lang='grc' dir='ltr'>Ἐρυθρᾷ</span> <span class='ocrx_word' id='word_1_278' title='bbox 3070 1747 3312 1824; x_wconf 77' lang='grc' dir='ltr'>θαλάσσῃ</span> <span class='ocrx_word' id='word_1_279' title='bbox 3370 1752 3502 1821; x_wconf 81' lang='grc' dir='ltr'>μετά</span> <span class='ocrx_word' id='word_1_280' title='bbox 3555 1755 3654 1804; x_wconf 85' lang='grc' dir='ltr'>τοῦ</span> <span class='ocrx_word' id='word_1_281' title='bbox 3707 1751 3930 1812; x_wconf 76' lang='grc' dir='ltr'>κίονος·</span> 
     </span>
    </p>
   </div>
   <div class='ocr_carea' id='block_1_39' title="bbox 2274 1832 3934 1914">
    <p class='ocr_par' dir='ltr' id='par_1_39' title="bbox 2274 1832 3934 1914">
     <span class='ocr_line' id='line_1_39' title="bbox 2274 1832 3934 1914; baseline 0.002 -22"><span class='ocrx_word' id='word_1_282' title='bbox 2274 1839 2364 1892; x_wconf 83' lang='grc' dir='ltr'>καὶ</span> <span class='ocrx_word' id='word_1_283' title='bbox 2423 1832 2683 1900; x_wconf 68' lang='grc' dir='ltr'>λαϐόντες</span> <span class='ocrx_word' id='word_1_284' title='bbox 2744 1839 3042 1914; x_wconf 79' lang='grc' dir='ltr'>ἀμφότεροι</span> <span class='ocrx_word' id='word_1_285' title='bbox 3099 1839 3190 1892; x_wconf 88' lang='grc' dir='ltr'>τὸν</span> <span class='ocrx_word' id='word_1_286' title='bbox 3244 1839 3396 1893; x_wconf 86' lang='grc' dir='ltr'>κίονα</span> <span class='ocrx_word' id='word_1_287' title='bbox 3469 1839 3766 1912; x_wconf 76' lang='grc' dir='ltr'>ὗψώθησαν</span> <span class='ocrx_word' id='word_1_288' title='bbox 3829 1843 3934 1896; x_wconf 69' lang='grc' dir='ltr'>ἀπὸ</span> 
     </span>
    </p>
   </div>
   <div class='ocr_carea' id='block_1_40' title="bbox 2275 1925 3932 2003">
    <p class='ocr_par' dir='ltr' id='par_1_40' title="bbox 2275 1925 3932 2003">
     <span class='ocr_line' id='line_1_40' title="bbox 2275 1925 3932 2003; baseline 0.001 -21"><span class='ocrx_word' id='word_1_289' title='bbox 2275 1935 2376 1996; x_wconf 72' lang='grc' dir='ltr'>τῆς</span> <span class='ocrx_word' id='word_1_290' title='bbox 2429 1934 2550 2003; x_wconf 78' lang='grc' dir='ltr'><strong>γῆς.</strong></span> <span class='ocrx_word' id='word_1_291' title='bbox 2607 1928 2746 2002; x_wconf 80' lang='grc' dir='ltr'>Ἐγὼ</span> <span class='ocrx_word' id='word_1_292' title='bbox 2823 1925 2900 1996; x_wconf 72' lang='grc' dir='ltr'>δὲ,</span> <span class='ocrx_word' id='word_1_293' title='bbox 2957 1931 3460 2002; x_wconf 72' lang='grc' dir='ltr'>κατασοφισάμενος</span> <span class='ocrx_word' id='word_1_294' title='bbox 3533 1927 3616 1982; x_wconf 85' lang='grc' dir='ltr'>ὅτι</span> <span class='ocrx_word' id='word_1_295' title='bbox 3685 1931 3754 1983; x_wconf 73' lang='grc' dir='ltr'>τὰ</span> <span class='ocrx_word' id='word_1_296' title='bbox 3837 1928 3932 1984; x_wconf 61' lang='grc' dir='ltr'>δύο</span> 
     </span>
    </p>
   </div>
   <div class='ocr_carea' id='block_1_41' title="bbox 507 2012 3936 2092">
    <p class='ocr_par' dir='ltr' id='par_1_41' title="bbox 507 2012 3936 2092">
     <span class='ocr_line' id='line_1_41' title="bbox 507 2012 3936 2092; baseline 0 -20"><span class='ocrx_word' id='word_1_297' title='bbox 507 2018 786 2092; x_wconf 79' lang='grc' dir='ltr'>πνεύματα</span> <span class='ocrx_word' id='word_1_298' title='bbox 815 2024 982 2074; x_wconf 85' lang='grc' dir='ltr'>ταῦτα</span> <span class='ocrx_word' id='word_1_299' title='bbox 1023 2017 1292 2088; x_wconf 67' lang='grc' dir='ltr'>ἠδύναντο</span> <span class='ocrx_word' id='word_1_300' title='bbox 1325 2021 1424 2087; x_wconf 77' lang='grc' dir='ltr'>τήν</span> <span class='ocrx_word' id='word_1_301' title='bbox 1455 2018 1784 2089; x_wconf 72' lang='grc' dir='ltr'>οἰκουμένην</span> <span class='ocrx_word' id='word_1_302' title='bbox 1819 2016 1954 2086; x_wconf 75' lang='grc' dir='ltr'>ὃλην</span> <span class='ocrx_word' id='word_1_303' title='bbox 1989 2014 2243 2072; x_wconf 73' lang='grc' dir='ltr'>σαλεῦσαι</span> <span class='ocrx_word' id='word_1_304' title='bbox 2277 2015 2326 2069; x_wconf 82' lang='grc' dir='ltr'>ἐν</span> <span class='ocrx_word' id='word_1_305' title='bbox 2359 2021 2562 2090; x_wconf 77' lang='grc' dir='ltr'>στιγμῇ</span> <span class='ocrx_word' id='word_1_306' title='bbox 2593 2017 2826 2092; x_wconf 74' lang='grc' dir='ltr'>χρόνου·</span> <span class='ocrx_word' id='word_1_307' title='bbox 2861 2018 3292 2092; x_wconf 74' lang='grc' dir='ltr'>περιεσφράγισα</span> <span class='ocrx_word' id='word_1_308' title='bbox 3330 2012 3472 2080; x_wconf 75' lang='grc' dir='ltr'>ἔνθεν</span> <span class='ocrx_word' id='word_1_309' title='bbox 3521 2017 3608 2071; x_wconf 77' lang='grc' dir='ltr'>καὶ</span> <span class='ocrx_word' id='word_1_310' title='bbox 3667 2015 3820 2082; x_wconf 80' lang='grc' dir='ltr'>ἔνθεν</span> <span class='ocrx_word' id='word_1_311' title='bbox 3861 2025 3936 2090; x_wconf 69' lang='grc' dir='ltr'>τῷ</span> 
     </span>
    </p>
   </div>
   <div class='ocr_carea' id='block_1_42' title="bbox 504 2101 3936 2182">
    <p class='ocr_par' dir='ltr' id='par_1_42' title="bbox 504 2101 3936 2182">
     <span class='ocr_line' id='line_1_42' title="bbox 504 2101 3936 2182; baseline -0.001 -20"><span class='ocrx_word' id='word_1_312' title='bbox 504 2105 802 2182; x_wconf 80' lang='grc' dir='ltr'>δακτυλίῳ,</span> <span class='ocrx_word' id='word_1_313' title='bbox 834 2111 920 2163; x_wconf 75' lang='grc' dir='ltr'>καὶ</span> <span class='ocrx_word' id='word_1_314' title='bbox 959 2109 1127 2163; x_wconf 76' lang='grc' dir='ltr'>εἶπον·</span> <span class='ocrx_word' id='word_1_315' title='bbox 1165 2107 1477 2172; x_wconf 54' lang='lat' dir='ltr'>(Iuliae—ou,</span> <span class='ocrx_word' id='word_1_316' title='bbox 1509 2107 1597 2161; x_wconf 80' lang='grc' dir='ltr'>καί</span> <span class='ocrx_word' id='word_1_317' title='bbox 1638 2101 1852 2180; x_wconf 78' lang='grc' dir='ltr'>ἔμειναν</span> <span class='ocrx_word' id='word_1_318' title='bbox 1899 2107 1965 2160; x_wconf 74' lang='grc' dir='ltr'>τὰ</span> <span class='ocrx_word' id='word_1_319' title='bbox 2011 2105 2292 2179; x_wconf 66' lang='grc' dir='ltr'>πνεύματα</span> <span class='ocrx_word' id='word_1_320' title='bbox 2343 2106 2675 2182; x_wconf 69' lang='grc' dir='ltr'>βαστάζοντα</span> <span class='ocrx_word' id='word_1_321' title='bbox 2727 2107 2891 2180; x_wconf 79' lang='grc' dir='ltr'>μέχρι</span> <span class='ocrx_word' id='word_1_322' title='bbox 2946 2109 3044 2172; x_wconf 78' lang='grc' dir='ltr'>τῆς</span> <span class='ocrx_word' id='word_1_323' title='bbox 3095 2107 3337 2180; x_wconf 75' lang='grc' dir='ltr'>σήμερον</span> <span class='ocrx_word' id='word_1_324' title='bbox 3380 2107 3455 2168; x_wconf 59' lang='lat' dir='ltr'>si:</span> <span class='ocrx_word' id='word_1_325' title='bbox 3500 2104 3784 2176; x_wconf 71' lang='grc' dir='ltr'>ἀπόδειξιν</span> <span class='ocrx_word' id='word_1_326' title='bbox 3835 2115 3936 2176; x_wconf 72' lang='grc' dir='ltr'>τῆς</span> 
     </span>
    </p>
   </div>
   <div class='ocr_carea' id='block_1_43' title="bbox 501 2193 3934 2272">
    <p class='ocr_par' dir='ltr' id='par_1_43' title="bbox 501 2193 3934 2272">
     <span class='ocr_line' id='line_1_43' title="bbox 501 2193 3934 2272; baseline 0 -22"><span class='ocrx_word' id='word_1_327' title='bbox 501 2193 796 2270; x_wconf 68' lang='grc' dir='ltr'>δεδομένης</span> <span class='ocrx_word' id='word_1_328' title='bbox 862 2218 954 2269; x_wconf 93' lang='grc' dir='ltr'>μοι</span> <span class='ocrx_word' id='word_1_329' title='bbox 1018 2196 1230 2272; x_wconf 49' lang='grc' dir='ltr'>σορίας.</span> <span class='ocrx_word' id='word_1_330' title='bbox 1295 2196 1397 2251; x_wconf 82' lang='grc' dir='ltr'>Καὶ</span> <span class='ocrx_word' id='word_1_331' title='bbox 1439 2195 1502 2264; x_wconf 78' lang='grc' dir='ltr'>ἦν</span> <span class='ocrx_word' id='word_1_332' title='bbox 1566 2197 1908 2268; x_wconf 69' lang='grc' dir='ltr'>κρεμάμενος</span> <span class='ocrx_word' id='word_1_333' title='bbox 1969 2196 1995 2248; x_wconf 86' lang='grc' dir='ltr'>ὁ</span> <span class='ocrx_word' id='word_1_334' title='bbox 2050 2195 2181 2248; x_wconf 84' lang='grc' dir='ltr'>κίων</span> <span class='ocrx_word' id='word_1_335' title='bbox 2241 2195 2370 2270; x_wconf 71' lang='grc' dir='ltr'>ὑπὲρ</span> <span class='ocrx_word' id='word_1_336' title='bbox 2437 2195 2660 2270; x_wconf 72' lang='grc' dir='ltr'>μέγεθος</span> <span class='ocrx_word' id='word_1_337' title='bbox 2718 2193 2806 2249; x_wconf 65' lang='grc' dir='ltr'>διὰ</span> <span class='ocrx_word' id='word_1_338' title='bbox 2863 2200 2958 2250; x_wconf 68' lang='grc' dir='ltr'>τοῦ</span> <span class='ocrx_word' id='word_1_339' title='bbox 3029 2195 3210 2270; x_wconf 84' lang='grc' dir='ltr'>ἀέρος,</span> <span class='ocrx_word' id='word_1_340' title='bbox 3273 2196 3376 2249; x_wconf 83' lang='grc' dir='ltr'>ὑπὸ</span> <span class='ocrx_word' id='word_1_341' title='bbox 3429 2201 3540 2250; x_wconf 78' lang='grc' dir='ltr'>τῶν</span> <span class='ocrx_word' id='word_1_342' title='bbox 3599 2199 3934 2252; x_wconf 57' lang='grc' dir='ltr'>πνευμάτων</span> 
     </span>
    </p>
   </div>
   <div class='ocr_carea' id='block_1_44' title="bbox 505 2282 3938 2360">
    <p class='ocr_par' dir='ltr' id='par_1_44' title="bbox 505 2282 3938 2360">
     <span class='ocr_line' id='line_1_44' title="bbox 505 2282 3938 2360; baseline 0.001 -22"><span class='ocrx_word' id='word_1_343' title='bbox 505 2285 924 2360; x_wconf 75' lang='grc' dir='ltr'>βασταζόμενος·</span> <span class='ocrx_word' id='word_1_344' title='bbox 961 2284 1048 2338; x_wconf 76' lang='grc' dir='ltr'>καὶ</span> <span class='ocrx_word' id='word_1_345' title='bbox 1100 2283 1271 2345; x_wconf 70' lang='grc' dir='ltr'>οὕτως</span> <span class='ocrx_word' id='word_1_346' title='bbox 1331 2285 1568 2346; x_wconf 71' lang='grc' dir='ltr'>κάτωθεν</span> <span class='ocrx_word' id='word_1_347' title='bbox 1619 2284 1686 2336; x_wconf 69' lang='grc' dir='ltr'>τὰ</span> <span class='ocrx_word' id='word_1_348' title='bbox 1735 2283 2014 2354; x_wconf 66' lang='grc' dir='ltr'>πνεύματα</span> <span class='ocrx_word' id='word_1_349' title='bbox 2061 2282 2336 2360; x_wconf 73' lang='grc' dir='ltr'>ἐφαίνοντο</span> <span class='ocrx_word' id='word_1_350' title='bbox 2383 2283 2561 2358; x_wconf 73' lang='grc' dir='ltr'>ὥσπερ</span> <span class='ocrx_word' id='word_1_351' title='bbox 2597 2285 2700 2356; x_wconf 75' lang='grc' dir='ltr'>αὴρ</span> <span class='ocrx_word' id='word_1_352' title='bbox 2749 2284 3104 2360; x_wconf 78' lang='grc' dir='ltr'>βαστάζοντα·</span> <span class='ocrx_word' id='word_1_353' title='bbox 3141 2285 3228 2339; x_wconf 80' lang='grc' dir='ltr'>καὶ</span> <span class='ocrx_word' id='word_1_354' title='bbox 3262 2285 3312 2339; x_wconf 82' lang='grc' dir='ltr'>ἐν</span> <span class='ocrx_word' id='word_1_355' title='bbox 3344 2290 3424 2357; x_wconf 83' lang='grc' dir='ltr'>τῷ</span> <span class='ocrx_word' id='word_1_356' title='bbox 3461 2285 3726 2354; x_wconf 75' lang='grc' dir='ltr'>ἀτενίζειν</span> <span class='ocrx_word' id='word_1_357' title='bbox 3755 2307 3872 2356; x_wconf 73' lang='grc' dir='ltr'>τις,</span> <span class='ocrx_word' id='word_1_358' title='bbox 3911 2289 3938 2341; x_wconf 74' lang='grc' dir='ltr'><strong>ὁ</strong></span> 
     </span>
    </p>
   </div>
   <div class='ocr_carea' id='block_1_45' title="bbox 497 2369 2877 2448">
    <p class='ocr_par' dir='ltr' id='par_1_45' title="bbox 497 2369 2877 2448">
     <span class='ocr_line' id='line_1_45' title="bbox 497 2369 2877 2448; baseline 0.001 -21"><span class='ocrx_word' id='word_1_359' title='bbox 497 2373 632 2427; x_wconf 75' lang='grc' dir='ltr'>κίων</span> <span class='ocrx_word' id='word_1_360' title='bbox 667 2373 932 2442; x_wconf 70' lang='grc' dir='ltr'>ὑπόλοξος</span> <span class='ocrx_word' id='word_1_361' title='bbox 970 2372 1369 2448; x_wconf 80' lang='grc' dir='ltr'>βασταζόμενος</span> <span class='ocrx_word' id='word_1_362' title='bbox 1405 2373 1507 2426; x_wconf 80' lang='grc' dir='ltr'>ὑπὸ</span> <span class='ocrx_word' id='word_1_363' title='bbox 1537 2377 1644 2426; x_wconf 80' lang='grc' dir='ltr'>τῶν</span> <span class='ocrx_word' id='word_1_364' title='bbox 1681 2371 2023 2445; x_wconf 70' lang='grc' dir='ltr'>πνευμάτων,</span> <span class='ocrx_word' id='word_1_365' title='bbox 2055 2373 2145 2426; x_wconf 81' lang='grc' dir='ltr'>καὶ</span> <span class='ocrx_word' id='word_1_366' title='bbox 2177 2369 2317 2427; x_wconf 78' lang='grc' dir='ltr'>ἔστιν</span> <span class='ocrx_word' id='word_1_367' title='bbox 2349 2369 2452 2434; x_wconf 80' lang='grc' dir='ltr'>ἓως</span> <span class='ocrx_word' id='word_1_368' title='bbox 2483 2375 2582 2437; x_wconf 81' lang='grc' dir='ltr'>τῆς</span> <span class='ocrx_word' id='word_1_369' title='bbox 2615 2375 2877 2447; x_wconf 73' lang='grc' dir='ltr'>σήμερον.</span> 
     </span>
    </p>
   </div>
   <div class='ocr_carea' id='block_1_46' title="bbox 565 2481 2154 2553">
    <p class='ocr_par' dir='ltr' id='par_1_46' title="bbox 565 2481 2154 2553">
     <span class='ocr_line' id='line_1_46' title="bbox 565 2481 2154 2553; baseline 0 -17"><span class='ocrx_word' id='word_1_370' title='bbox 565 2482 636 2536; x_wconf 92' lang='lat' dir='ltr'>Et</span> <span class='ocrx_word' id='word_1_371' title='bbox 687 2498 792 2553; x_wconf 91' lang='lat' dir='ltr'>ego</span> <span class='ocrx_word' id='word_1_372' title='bbox 848 2481 1123 2537; x_wconf 90' lang='lat' dir='ltr'>Salomon</span> <span class='ocrx_word' id='word_1_373' title='bbox 1178 2481 1534 2552; x_wconf 84' lang='lat' dir='ltr'>interrogavi</span> <span class='ocrx_word' id='word_1_374' title='bbox 1585 2481 1856 2553; x_wconf 84' lang='lat' dir='ltr'>spiritum</span> <span class='ocrx_word' id='word_1_375' title='bbox 1907 2481 2154 2536; x_wconf 87' lang='lat' dir='ltr'>alterum</span> 
     </span>
    </p>
   </div>
   <div class='ocr_carea' id='block_1_47' title="bbox 490 2569 2153 2643">
    <p class='ocr_par' dir='ltr' id='par_1_47' title="bbox 490 2569 2153 2643">
     <span class='ocr_line' id='line_1_47' title="bbox 490 2569 2153 2643; baseline 0 -19"><span class='ocrx_word' id='word_1_376' title='bbox 490 2571 586 2642; x_wconf 91' lang='lat' dir='ltr'>qui</span> <span class='ocrx_word' id='word_1_377' title='bbox 619 2587 752 2625; x_wconf 89' lang='lat' dir='ltr'>cum</span> <span class='ocrx_word' id='word_1_378' title='bbox 785 2571 1058 2626; x_wconf 84' lang='lat' dir='ltr'>columna</span> <span class='ocrx_word' id='word_1_379' title='bbox 1087 2577 1324 2626; x_wconf 85' lang='lat' dir='ltr'>venerat</span> <span class='ocrx_word' id='word_1_380' title='bbox 1365 2588 1434 2626; x_wconf 89' lang='lat' dir='ltr'>ex</span> <span class='ocrx_word' id='word_1_381' title='bbox 1465 2574 1675 2643; x_wconf 80' lang='lat' dir='ltr'>abysso</span> <span class='ocrx_word' id='word_1_382' title='bbox 1709 2569 1890 2626; x_wconf 89' lang='lat' dir='ltr'>maris</span> <span class='ocrx_word' id='word_1_383' title='bbox 1921 2571 2102 2626; x_wconf 80' lang='lat' dir='ltr'>Rubri</span> <span class='ocrx_word' id='word_1_384' title='bbox 2141 2587 2153 2625; x_wconf 91' lang='lat'><strong>:</strong></span> 
     </span>
    </p>
   </div>
   <div class='ocr_carea' id='block_1_48' title="bbox 490 2659 2158 2732">
    <p class='ocr_par' dir='ltr' id='par_1_48' title="bbox 490 2659 2158 2732">
     <span class='ocr_line' id='line_1_48' title="bbox 490 2659 2158 2732; baseline -0.002 -16"><span class='ocrx_word' id='word_1_385' title='bbox 490 2665 548 2716; x_wconf 87' lang='lat' dir='ltr'>et</span> <span class='ocrx_word' id='word_1_386' title='bbox 576 2659 692 2716; x_wconf 88' lang='lat' dir='ltr'>dixi</span> <span class='ocrx_word' id='word_1_387' title='bbox 741 2661 792 2714; x_wconf 90' lang='lat' dir='ltr'>ei</span> <span class='ocrx_word' id='word_1_388' title='bbox 827 2677 840 2715; x_wconf 91' lang='lat'><strong>:</strong></span> <span class='ocrx_word' id='word_1_389' title='bbox 875 2662 960 2716; x_wconf 93' lang='lat' dir='ltr'>Tu</span> <span class='ocrx_word' id='word_1_390' title='bbox 993 2661 1127 2732; x_wconf 88' lang='lat' dir='ltr'>quis</span> <span class='ocrx_word' id='word_1_391' title='bbox 1175 2665 1282 2716; x_wconf 79' lang='lat' dir='ltr'>es?</span> <span class='ocrx_word' id='word_1_392' title='bbox 1331 2667 1386 2716; x_wconf 89' lang='lat' dir='ltr'>et</span> <span class='ocrx_word' id='word_1_393' title='bbox 1431 2661 1584 2732; x_wconf 90' lang='lat' dir='ltr'>quod</span> <span class='ocrx_word' id='word_1_394' title='bbox 1629 2677 1840 2714; x_wconf 89' lang='lat' dir='ltr'>nomen</span> <span class='ocrx_word' id='word_1_395' title='bbox 1875 2663 2064 2729; x_wconf 89' lang='lat' dir='ltr'>tuum,</span> <span class='ocrx_word' id='word_1_396' title='bbox 2100 2662 2158 2713; x_wconf 91' lang='lat' dir='ltr'>et</span> 
     </span>
    </p>
   </div>
   <div class='ocr_carea' id='block_1_49' title="bbox 494 2747 2152 2820">
    <p class='ocr_par' dir='ltr' id='par_1_49' title="bbox 494 2747 2152 2820">
     <span class='ocr_line' id='line_1_49' title="bbox 494 2747 2152 2820; baseline -0.001 -18"><span class='ocrx_word' id='word_1_397' title='bbox 494 2765 624 2820; x_wconf 76' lang='lat' dir='ltr'>quae</span> <span class='ocrx_word' id='word_1_398' title='bbox 659 2753 757 2804; x_wconf 88' lang='lat' dir='ltr'>tua</span> <span class='ocrx_word' id='word_1_399' title='bbox 780 2749 1039 2820; x_wconf 85' lang='lat' dir='ltr'>operatio</span> <span class='ocrx_word' id='word_1_400' title='bbox 1061 2749 1088 2802; x_wconf 84' lang='lat'><strong><em>?</em></strong></span> <span class='ocrx_word' id='word_1_401' title='bbox 1120 2749 1258 2818; x_wconf 84' lang='lat' dir='ltr'>quia</span> <span class='ocrx_word' id='word_1_402' title='bbox 1289 2747 1475 2804; x_wconf 90' lang='lat' dir='ltr'>multa</span> <span class='ocrx_word' id='word_1_403' title='bbox 1497 2749 1672 2804; x_wconf 88' lang='lat' dir='ltr'>audio</span> <span class='ocrx_word' id='word_1_404' title='bbox 1705 2749 1774 2802; x_wconf 90' lang='lat' dir='ltr'>de</span> <span class='ocrx_word' id='word_1_405' title='bbox 1805 2753 1880 2802; x_wconf 86' lang='lat' dir='ltr'>te.</span> <span class='ocrx_word' id='word_1_406' title='bbox 1915 2748 2152 2803; x_wconf 84' lang='lat' dir='ltr'>Daemon</span> 
     </span>
    </p>
   </div>
   <div class='ocr_carea' id='block_1_50' title="bbox 493 2837 2150 2910">
    <p class='ocr_par' dir='ltr' id='par_1_50' title="bbox 493 2837 2150 2910">
     <span class='ocr_line' id='line_1_50' title="bbox 493 2837 2150 2910; baseline -0.002 -16"><span class='ocrx_word' id='word_1_407' title='bbox 493 2842 690 2894; x_wconf 87' lang='lat' dir='ltr'>autem</span> <span class='ocrx_word' id='word_1_408' title='bbox 723 2839 803 2894; x_wconf 83' lang='lat' dir='ltr'>ait</span> <span class='ocrx_word' id='word_1_409' title='bbox 843 2856 853 2892; x_wconf 92' lang='lat'><strong>:</strong></span> <span class='ocrx_word' id='word_1_410' title='bbox 889 2839 1027 2910; x_wconf 89' lang='lat' dir='ltr'>Ego,</span> <span class='ocrx_word' id='word_1_411' title='bbox 1065 2855 1161 2894; x_wconf 85' lang='lat' dir='ltr'>rex</span> <span class='ocrx_word' id='word_1_412' title='bbox 1191 2837 1488 2905; x_wconf 88' lang='lat' dir='ltr'>Salomon,</span> <span class='ocrx_word' id='word_1_413' title='bbox 1525 2855 1699 2894; x_wconf 90' lang='lat' dir='ltr'>vocor</span> <span class='ocrx_word' id='word_1_414' title='bbox 1729 2837 2150 2904; x_wconf 88' lang='lat' dir='ltr'>Abezetbibod;</span> 
     </span>
    </p>
   </div>
   <div class='ocr_carea' id='block_1_51' title="bbox 491 2926 2152 2998">
    <p class='ocr_par' dir='ltr' id='par_1_51' title="bbox 491 2926 2152 2998">
     <span class='ocr_line' id='line_1_51' title="bbox 491 2926 2152 2998; baseline -0.001 -14"><span class='ocrx_word' id='word_1_415' title='bbox 491 2933 656 2984; x_wconf 89' lang='lat' dir='ltr'>ortus</span> <span class='ocrx_word' id='word_1_416' title='bbox 691 2945 821 2984; x_wconf 90' lang='lat' dir='ltr'>sum</span> <span class='ocrx_word' id='word_1_417' title='bbox 855 2945 922 2984; x_wconf 88' lang='lat' dir='ltr'>ex</span> <span class='ocrx_word' id='word_1_418' title='bbox 967 2928 1316 2998; x_wconf 89' lang='lat' dir='ltr'>archangelo</span> <span class='ocrx_word' id='word_1_419' title='bbox 1367 2927 1490 2998; x_wconf 92' lang='lat' dir='ltr'>(qui</span> <span class='ocrx_word' id='word_1_420' title='bbox 1544 2927 1680 2982; x_wconf 92' lang='lat' dir='ltr'>olim</span> <span class='ocrx_word' id='word_1_421' title='bbox 1715 2929 1836 2982; x_wconf 85' lang='lat' dir='ltr'>sedi</span> <span class='ocrx_word' id='word_1_422' title='bbox 1870 2926 1928 2980; x_wconf 92' lang='lat' dir='ltr'>in</span> <span class='ocrx_word' id='word_1_423' title='bbox 1963 2927 2152 2998; x_wconf 91' lang='lat' dir='ltr'>primo</span> 
     </span>
    </p>
   </div>
   <div class='ocr_carea' id='block_1_52' title="bbox 488 3016 2154 3088">
    <p class='ocr_par' dir='ltr' id='par_1_52' title="bbox 488 3016 2154 3088">
     <span class='ocr_line' id='line_1_52' title="bbox 488 3016 2154 3088; baseline -0.002 -16"><span class='ocrx_word' id='word_1_424' title='bbox 488 3017 675 3086; x_wconf 78' lang='lat' dir='ltr'>oculo),</span> <span class='ocrx_word' id='word_1_425' title='bbox 713 3019 884 3088; x_wconf 84' lang='lat' dir='ltr'>cujus</span> <span class='ocrx_word' id='word_1_426' title='bbox 917 3035 1127 3074; x_wconf 89' lang='lat' dir='ltr'>nomen</span> <span class='ocrx_word' id='word_1_427' title='bbox 1149 3016 1502 3084; x_wconf 86' lang='lat' dir='ltr'>Amelouth;</span> <span class='ocrx_word' id='word_1_428' title='bbox 1541 3033 1644 3086; x_wconf 85' lang='lat' dir='ltr'>ego</span> <span class='ocrx_word' id='word_1_429' title='bbox 1677 3016 1858 3087; x_wconf 86' lang='lat' dir='ltr'>igitur</span> <span class='ocrx_word' id='word_1_430' title='bbox 1881 3033 2010 3071; x_wconf 90' lang='lat' dir='ltr'>sum</span> <span class='ocrx_word' id='word_1_431' title='bbox 2038 3017 2154 3086; x_wconf 88' lang='lat' dir='ltr'>spi-</span> 
     </span>
    </p>
   </div>
   <div class='ocr_carea' id='block_1_53' title="bbox 487 3105 2152 3176">
    <p class='ocr_par' dir='ltr' id='par_1_53' title="bbox 487 3105 2152 3176">
     <span class='ocr_line' id='line_1_53' title="bbox 487 3105 2152 3176; baseline 0 -16"><span class='ocrx_word' id='word_1_432' title='bbox 487 3107 638 3161; x_wconf 87' lang='lat' dir='ltr'>ritus</span> <span class='ocrx_word' id='word_1_433' title='bbox 671 3107 977 3174; x_wconf 88' lang='lat' dir='ltr'>molestus,</span> <span class='ocrx_word' id='word_1_434' title='bbox 1003 3106 1215 3176; x_wconf 76' lang='lat' dir='ltr'>alatus,</span> <span class='ocrx_word' id='word_1_435' title='bbox 1245 3105 1477 3161; x_wconf 86' lang='lat' dir='ltr'>unicam</span> <span class='ocrx_word' id='word_1_436' title='bbox 1513 3105 1666 3160; x_wconf 88' lang='lat' dir='ltr'>alam</span> <span class='ocrx_word' id='word_1_437' title='bbox 1699 3105 1942 3174; x_wconf 77' lang='lat' dir='ltr'>habens,</span> <span class='ocrx_word' id='word_1_438' title='bbox 1973 3105 2152 3175; x_wconf 88' lang='lat' dir='ltr'>impe-</span> 
     </span>
    </p>
   </div>
   <div class='ocr_carea' id='block_1_54' title="bbox 483 3194 2150 3265">
    <p class='ocr_par' dir='ltr' id='par_1_54' title="bbox 483 3194 2150 3265">
     <span class='ocr_line' id='line_1_54' title="bbox 483 3194 2150 3265; baseline -0.002 -14"><span class='ocrx_word' id='word_1_439' title='bbox 483 3212 620 3251; x_wconf 86' lang='lat' dir='ltr'>rans</span> <span class='ocrx_word' id='word_1_440' title='bbox 653 3195 812 3250; x_wconf 90' lang='lat' dir='ltr'>omni</span> <span class='ocrx_word' id='word_1_441' title='bbox 847 3199 1014 3250; x_wconf 89' lang='lat' dir='ltr'>vento</span> <span class='ocrx_word' id='word_1_442' title='bbox 1039 3197 1148 3250; x_wconf 86' lang='lat' dir='ltr'>sub</span> <span class='ocrx_word' id='word_1_443' title='bbox 1180 3195 1358 3264; x_wconf 83' lang='lat' dir='ltr'>ccelo;</span> <span class='ocrx_word' id='word_1_444' title='bbox 1395 3195 1628 3250; x_wconf 87' lang='lat' dir='ltr'>aderam</span> <span class='ocrx_word' id='word_1_445' title='bbox 1659 3195 1894 3265; x_wconf 88' lang='lat' dir='ltr'>quando</span> <span class='ocrx_word' id='word_1_446' title='bbox 1925 3194 2150 3264; x_wconf 72' lang='lat' dir='ltr'>Moyses</span> 
     </span>
    </p>
   </div>
   <div class='ocr_carea' id='block_1_55' title="bbox 482 3283 2148 3354">
    <p class='ocr_par' dir='ltr' id='par_1_55' title="bbox 482 3283 2148 3354">
     <span class='ocr_line' id='line_1_55' title="bbox 482 3283 2148 3354; baseline -0.001 -17"><span class='ocrx_word' id='word_1_447' title='bbox 482 3283 724 3340; x_wconf 87' lang='lat' dir='ltr'>intravit</span> <span class='ocrx_word' id='word_1_448' title='bbox 774 3285 844 3339; x_wconf 89' lang='lat' dir='ltr'>ad</span> <span class='ocrx_word' id='word_1_449' title='bbox 897 3284 1259 3339; x_wconf 86' lang='lat' dir='ltr'>Pharaonem</span> <span class='ocrx_word' id='word_1_450' title='bbox 1311 3301 1503 3352; x_wconf 75' lang='lat' dir='ltr'>regem</span> <span class='ocrx_word' id='word_1_451' title='bbox 1558 3283 1810 3354; x_wconf 68' lang='lat' dir='ltr'>JEgypti,</span> <span class='ocrx_word' id='word_1_452' title='bbox 1861 3283 2148 3337; x_wconf 89' lang='lat' dir='ltr'>indurans</span> 
     </span>
    </p>
   </div>
   <div class='ocr_carea' id='block_1_56' title="bbox 2339 2479 3934 2554">
    <p class='ocr_par' dir='ltr' id='par_1_56' title="bbox 2339 2479 3934 2554">
     <span class='ocr_line' id='line_1_56' title="bbox 2339 2479 3934 2554; baseline 0 -18"><span class='ocrx_word' id='word_1_453' title='bbox 2339 2479 2439 2536; x_wconf 83' lang='grc' dir='ltr'>Καὶ</span> <span class='ocrx_word' id='word_1_454' title='bbox 2490 2479 2593 2554; x_wconf 80' lang='grc' dir='ltr'>ἐγὼ</span> <span class='ocrx_word' id='word_1_455' title='bbox 2645 2479 2918 2554; x_wconf 79' lang='grc' dir='ltr'>Σολομῶν</span> <span class='ocrx_word' id='word_1_456' title='bbox 2964 2480 3298 2554; x_wconf 78' lang='grc' dir='ltr'>ἐπηρώτησα</span> <span class='ocrx_word' id='word_1_457' title='bbox 3343 2483 3404 2536; x_wconf 82' lang='grc' dir='ltr'>τὸ</span> <span class='ocrx_word' id='word_1_458' title='bbox 3455 2485 3670 2553; x_wconf 80' lang='grc' dir='ltr'>πνεῦμα</span> <span class='ocrx_word' id='word_1_459' title='bbox 3723 2483 3790 2536; x_wconf 80' lang='grc' dir='ltr'>τὸ</span> <span class='ocrx_word' id='word_1_460' title='bbox 3821 2480 3934 2536; x_wconf 82' lang='grc' dir='ltr'>’ἑτε-</span> 
     </span>
    </p>
   </div>
   <div class='ocr_carea' id='block_1_57' title="bbox 2267 2569 3932 2648">
    <p class='ocr_par' dir='ltr' id='par_1_57' title="bbox 2267 2569 3932 2648">
     <span class='ocr_line' id='line_1_57' title="bbox 2267 2569 3932 2648; baseline 0.002 -26"><span class='ocrx_word' id='word_1_461' title='bbox 2267 2589 2382 2642; x_wconf 79' lang='grc' dir='ltr'>ρον,</span> <span class='ocrx_word' id='word_1_462' title='bbox 2413 2571 2474 2624; x_wconf 84' lang='grc' dir='ltr'>τὸ</span> <span class='ocrx_word' id='word_1_463' title='bbox 2507 2569 2731 2634; x_wconf 80' lang='grc' dir='ltr'>ἀνελθὸν</span> <span class='ocrx_word' id='word_1_464' title='bbox 2769 2571 2906 2643; x_wconf 78' lang='grc' dir='ltr'>μετὰ</span> <span class='ocrx_word' id='word_1_465' title='bbox 2935 2575 3034 2626; x_wconf 90' lang='grc' dir='ltr'>τοῦ</span> <span class='ocrx_word' id='word_1_466' title='bbox 3087 2571 3268 2634; x_wconf 72' lang='grc' dir='ltr'>κίονος</span> <span class='ocrx_word' id='word_1_467' title='bbox 3309 2573 3413 2626; x_wconf 80' lang='grc' dir='ltr'>ἀπὸ</span> <span class='ocrx_word' id='word_1_468' title='bbox 3461 2577 3558 2628; x_wconf 88' lang='grc' dir='ltr'>τοῦ</span> <span class='ocrx_word' id='word_1_469' title='bbox 3611 2573 3788 2648; x_wconf 70' lang='grc' dir='ltr'>βυθοῦ</span> <span class='ocrx_word' id='word_1_470' title='bbox 3833 2577 3932 2642; x_wconf 64' lang='grc' dir='ltr'>τῆς</span> 
     </span>
    </p>
   </div>
   <div class='ocr_carea' id='block_1_58' title="bbox 2264 2655 3926 2736">
    <p class='ocr_par' dir='ltr' id='par_1_58' title="bbox 2264 2655 3926 2736">
     <span class='ocr_line' id='line_1_58' title="bbox 2264 2655 3926 2736; baseline 0.002 -26"><span class='ocrx_word' id='word_1_471' title='bbox 2264 2655 2536 2729; x_wconf 66' lang='grc' dir='ltr'>Θαλάσσης</span> <span class='ocrx_word' id='word_1_472' title='bbox 2563 2663 2660 2724; x_wconf 74' lang='grc' dir='ltr'>τῆς</span> <span class='ocrx_word' id='word_1_473' title='bbox 2695 2660 2977 2736; x_wconf 79' lang='grc' dir='ltr'>Ἐρυθρᾶς.</span> <span class='ocrx_word' id='word_1_474' title='bbox 3013 2660 3112 2714; x_wconf 76' lang='grc' dir='ltr'>Καὶ</span> <span class='ocrx_word' id='word_1_475' title='bbox 3159 2660 3306 2716; x_wconf 72' lang='grc' dir='ltr'>εἶπον</span> <span class='ocrx_word' id='word_1_476' title='bbox 3347 2661 3492 2732; x_wconf 74' lang='grc' dir='ltr'>αὐτῷ</span> <span class='ocrx_word' id='word_1_477' title='bbox 3517 2679 3530 2691; x_wconf 91' lang='grc'>·</span> <span class='ocrx_word' id='word_1_478' title='bbox 3567 2661 3644 2715; x_wconf 68' lang='grc' dir='ltr'>Σὺ</span> <span class='ocrx_word' id='word_1_479' title='bbox 3707 2661 3792 2722; x_wconf 71' lang='grc' dir='ltr'>τίς</span> <span class='ocrx_word' id='word_1_480' title='bbox 3859 2661 3926 2722; x_wconf 74' lang='grc' dir='ltr'>εἷς</span> 
     </span>
    </p>
   </div>
   <div class='ocr_carea' id='block_1_59' title="bbox 2265 2747 3928 2824">
    <p class='ocr_par' dir='ltr' id='par_1_59' title="bbox 2265 2747 3928 2824">
     <span class='ocr_line' id='line_1_59' title="bbox 2265 2747 3928 2824; baseline 0.003 -24"><span class='ocrx_word' id='word_1_481' title='bbox 2265 2747 2354 2801; x_wconf 75' lang='grc' dir='ltr'>καὶ</span> <span class='ocrx_word' id='word_1_482' title='bbox 2399 2748 2450 2801; x_wconf 81' lang='grc' dir='ltr'>τί</span> <span class='ocrx_word' id='word_1_483' title='bbox 2502 2754 2787 2818; x_wconf 59' lang='lat' dir='ltr'>mmini;</span> <span class='ocrx_word' id='word_1_484' title='bbox 2823 2749 2912 2804; x_wconf 83' lang='grc' dir='ltr'>καὶ</span> <span class='ocrx_word' id='word_1_485' title='bbox 2971 2749 3024 2804; x_wconf 83' lang='grc' dir='ltr'>τί</span> <span class='ocrx_word' id='word_1_486' title='bbox 3081 2771 3176 2804; x_wconf 78' lang='grc' dir='ltr'>σου</span> <span class='ocrx_word' id='word_1_487' title='bbox 3225 2753 3259 2820; x_wconf 72' lang='grc' dir='ltr'><strong>ἡ</strong></span> <span class='ocrx_word' id='word_1_488' title='bbox 3303 2749 3564 2824; x_wconf 76' lang='grc' dir='ltr'>ἐργασῖα;</span> <span class='ocrx_word' id='word_1_489' title='bbox 3597 2753 3686 2804; x_wconf 79' lang='grc' dir='ltr'>ὅτι</span> <span class='ocrx_word' id='word_1_490' title='bbox 3737 2751 3928 2806; x_wconf 65' lang='grc' dir='ltr'>πολλὲ</span> 
     </span>
    </p>
   </div>
   <div class='ocr_carea' id='block_1_60' title="bbox 2265 2835 3926 2914">
    <p class='ocr_par' dir='ltr' id='par_1_60' title="bbox 2265 2835 3926 2914">
     <span class='ocr_line' id='line_1_60' title="bbox 2265 2835 3926 2914; baseline 0.001 -24"><span class='ocrx_word' id='word_1_491' title='bbox 2265 2835 2446 2890; x_wconf 69' lang='grc' dir='ltr'>ἀκούω</span> <span class='ocrx_word' id='word_1_492' title='bbox 2495 2837 2618 2913; x_wconf 81' lang='grc' dir='ltr'>περὶ</span> <span class='ocrx_word' id='word_1_493' title='bbox 2679 2842 2795 2895; x_wconf 84' lang='grc' dir='ltr'>σοῦ.</span> <span class='ocrx_word' id='word_1_494' title='bbox 2829 2839 2888 2894; x_wconf 85' lang='grc' dir='ltr'>Ὁ</span> <span class='ocrx_word' id='word_1_495' title='bbox 2938 2835 2996 2892; x_wconf 72' lang='grc' dir='ltr'>δὲ</span> <span class='ocrx_word' id='word_1_496' title='bbox 3057 2836 3268 2911; x_wconf 77' lang='grc' dir='ltr'>δαίμων</span> <span class='ocrx_word' id='word_1_497' title='bbox 3331 2837 3455 2914; x_wconf 74' lang='grc' dir='ltr'>ἔφη.</span> <span class='ocrx_word' id='word_1_498' title='bbox 3491 2841 3656 2913; x_wconf 78' lang='grc' dir='ltr'>Ἐγὼ,</span> <span class='ocrx_word' id='word_1_499' title='bbox 3699 2840 3926 2914; x_wconf 73' lang='grc' dir='ltr'>βασιλεῦ</span> 
     </span>
    </p>
   </div>
   <div class='ocr_carea' id='block_1_61' title="bbox 2265 2923 3926 3003">
    <p class='ocr_par' dir='ltr' id='par_1_61' title="bbox 2265 2923 3926 3003">
     <span class='ocr_line' id='line_1_61' title="bbox 2265 2923 3926 3003; baseline 0.004 -25"><span class='ocrx_word' id='word_1_500' title='bbox 2265 2923 2558 2998; x_wconf 76' lang='grc' dir='ltr'>Σολομῶν,</span> <span class='ocrx_word' id='word_1_501' title='bbox 2613 2924 2890 3000; x_wconf 76' lang='grc' dir='ltr'>καλοῦμαι</span> <span class='ocrx_word' id='word_1_502' title='bbox 2925 2923 3304 2997; x_wconf 70' lang='grc' dir='ltr'>Ἀὗεζεθιῧόδ·</span> <span class='ocrx_word' id='word_1_503' title='bbox 3339 2928 3610 3003; x_wconf 78' lang='grc' dir='ltr'>ἀπόγονός</span> <span class='ocrx_word' id='word_1_504' title='bbox 3659 2927 3782 3002; x_wconf 72' lang='grc' dir='ltr'>εἷ’μι</span> <span class='ocrx_word' id='word_1_505' title='bbox 3835 2930 3926 3002; x_wconf 65' lang='grc' dir='ltr'>ἄρα</span> 
     </span>
    </p>
   </div>
   <div class='ocr_carea' id='block_1_62' title="bbox 2262 3015 3926 3092">
    <p class='ocr_par' dir='ltr' id='par_1_62' title="bbox 2262 3015 3926 3092">
     <span class='ocr_line' id='line_1_62' title="bbox 2262 3015 3926 3092; baseline 0.002 -23"><span class='ocrx_word' id='word_1_506' title='bbox 2262 3015 2561 3090; x_wconf 79' lang='grc' dir='ltr'>χαγγέλου,</span> <span class='ocrx_word' id='word_1_507' title='bbox 2589 3017 2725 3070; x_wconf 71' lang='grc' dir='ltr'>ποτε</span> <span class='ocrx_word' id='word_1_508' title='bbox 2760 3017 2854 3088; x_wconf 73' lang='grc' dir='ltr'>μὲν</span> <span class='ocrx_word' id='word_1_509' title='bbox 2903 3017 3268 3092; x_wconf 71' lang='grc' dir='ltr'>καθεζομένου</span> <span class='ocrx_word' id='word_1_510' title='bbox 3327 3039 3432 3090; x_wconf 87' lang='grc' dir='ltr'>μου</span> <span class='ocrx_word' id='word_1_511' title='bbox 3481 3017 3532 3072; x_wconf 80' lang='grc' dir='ltr'>ἐν</span> <span class='ocrx_word' id='word_1_512' title='bbox 3581 3023 3664 3090; x_wconf 74' lang='grc' dir='ltr'>τῷ</span> <span class='ocrx_word' id='word_1_513' title='bbox 3721 3019 3926 3092; x_wconf 65' lang='grc' dir='ltr'>πρώτῳ</span> 
     </span>
    </p>
   </div>
   <div class='ocr_carea' id='block_1_63' title="bbox 2260 3103 3926 3182">
    <p class='ocr_par' dir='ltr' id='par_1_63' title="bbox 2260 3103 3926 3182">
     <span class='ocr_line' id='line_1_63' title="bbox 2260 3103 3926 3182; baseline 0.001 -24"><span class='ocrx_word' id='word_1_514' title='bbox 2260 3104 2495 3180; x_wconf 80' lang='grc' dir='ltr'>οὖρανῴ-</span> <span class='ocrx_word' id='word_1_515' title='bbox 2531 3105 2591 3159; x_wconf 77' lang='grc' dir='ltr'>οὖ</span> <span class='ocrx_word' id='word_1_516' title='bbox 2621 3106 2681 3160; x_wconf 85' lang='grc' dir='ltr'>τὸ</span> <span class='ocrx_word' id='word_1_517' title='bbox 2716 3103 2888 3180; x_wconf 72' lang='grc' dir='ltr'>ὄνομα</span> <span class='ocrx_word' id='word_1_518' title='bbox 2919 3108 2970 3163; x_wconf 78' lang='grc' dir='ltr'>Ἀ</span> <span class='ocrx_word' id='word_1_519' title='bbox 2986 3107 3212 3180; x_wconf 71' lang='grc' dir='ltr'>μελοῦθ·</span> <span class='ocrx_word' id='word_1_520' title='bbox 3251 3107 3389 3182; x_wconf 72' lang='grc' dir='ltr'>Ἐγὼ</span> <span class='ocrx_word' id='word_1_521' title='bbox 3421 3107 3512 3161; x_wconf 81' lang='grc' dir='ltr'>οὗν</span> <span class='ocrx_word' id='word_1_522' title='bbox 3547 3107 3664 3180; x_wconf 78' lang='grc' dir='ltr'>εἶμι</span> <span class='ocrx_word' id='word_1_523' title='bbox 3713 3109 3926 3180; x_wconf 65' lang='grc' dir='ltr'>πνεῦμα</span> 
     </span>
    </p>
   </div>
   <div class='ocr_carea' id='block_1_64' title="bbox 2259 3193 3922 3272">
    <p class='ocr_par' dir='ltr' id='par_1_64' title="bbox 2259 3193 3922 3272">
     <span class='ocr_line' id='line_1_64' title="bbox 2259 3193 3922 3272; baseline 0 -24"><span class='ocrx_word' id='word_1_524' title='bbox 2259 3193 2524 3270; x_wconf 80' lang='grc' dir='ltr'>χαλεπὸν,</span> <span class='ocrx_word' id='word_1_525' title='bbox 2581 3195 2668 3249; x_wconf 74' lang='grc' dir='ltr'>καὶ</span> <span class='ocrx_word' id='word_1_526' title='bbox 2727 3198 3000 3268; x_wconf 78' lang='grc' dir='ltr'>πτερωτὸν</span> <span class='ocrx_word' id='word_1_527' title='bbox 3061 3197 3152 3250; x_wconf 77' lang='grc' dir='ltr'>καὶ</span> <span class='ocrx_word' id='word_1_528' title='bbox 3209 3197 3565 3272; x_wconf 80' lang='grc' dir='ltr'>μονὸπτερον,</span> <span class='ocrx_word' id='word_1_529' title='bbox 3624 3193 3922 3252; x_wconf 50' lang='lat' dir='ltr'>etingenio-vi</span> 
     </span>
    </p>
   </div>
   <div class='ocr_carea' id='block_1_65' title="bbox 2259 3283 3926 3360">
    <p class='ocr_par' dir='ltr' id='par_1_65' title="bbox 2259 3283 3926 3360">
     <span class='ocr_line' id='line_1_65' title="bbox 2259 3283 3926 3360; baseline 0.001 -24"><span class='ocrx_word' id='word_1_530' title='bbox 2259 3283 2436 3352; x_wconf 81' lang='grc' dir='ltr'>πάσης</span> <span class='ocrx_word' id='word_1_531' title='bbox 2466 3285 2636 3352; x_wconf 72' lang='grc' dir='ltr'>πνοῆς</span> <span class='ocrx_word' id='word_1_532' title='bbox 2670 3285 2772 3338; x_wconf 79' lang='grc' dir='ltr'>ὑπὸ</span> <span class='ocrx_word' id='word_1_533' title='bbox 2815 3289 2924 3339; x_wconf 77' lang='grc' dir='ltr'>τῶν</span> <span class='ocrx_word' id='word_1_534' title='bbox 2977 3284 3243 3359; x_wconf 75' lang='grc' dir='ltr'>οὐρανῶν·</span> <span class='ocrx_word' id='word_1_535' title='bbox 3281 3284 3390 3360; x_wconf 81' lang='grc' dir='ltr'>ἐγὼ</span> <span class='ocrx_word' id='word_1_536' title='bbox 3437 3290 3710 3359; x_wconf 70' lang='grc' dir='ltr'>παρημην</span> <span class='ocrx_word' id='word_1_537' title='bbox 3763 3287 3926 3354; x_wconf 65' lang='grc' dir='ltr'>ἡνίκα</span> 
     </span>
    </p>
   </div>
   <div class='ocr_carea' id='block_1_66' title="bbox 481 3343 2146 3449">
    <p class='ocr_par' dir='ltr' id='par_1_66' title="bbox 481 3371 2146 3444">
     <span class='ocr_line' id='line_1_66' title="bbox 481 3371 2146 3444; baseline 0 -18"><span class='ocrx_word' id='word_1_538' title='bbox 481 3387 582 3428; x_wconf 91' lang='lat' dir='ltr'>cor</span> <span class='ocrx_word' id='word_1_539' title='bbox 603 3373 760 3442; x_wconf 82' lang='lat' dir='ltr'>ejus;</span> <span class='ocrx_word' id='word_1_540' title='bbox 787 3389 890 3444; x_wconf 87' lang='lat' dir='ltr'>ego</span> <span class='ocrx_word' id='word_1_541' title='bbox 911 3389 1042 3427; x_wconf 90' lang='lat' dir='ltr'>sum</span> <span class='ocrx_word' id='word_1_542' title='bbox 1066 3389 1234 3442; x_wconf 88' lang='lat' dir='ltr'>quem</span> <span class='ocrx_word' id='word_1_543' title='bbox 1261 3371 1793 3427; x_wconf 87' lang='lat' dir='ltr'>invocabantJanis</span> <span class='ocrx_word' id='word_1_544' title='bbox 1818 3371 2146 3426; x_wconf 83' lang='lat' dir='ltr'>etJambris</span> 
     </span>
    </p>
   </div>
   <div class='ocr_carea' id='block_1_67' title="bbox 2262 3343 3926 3449">
    <p class='ocr_par' dir='ltr' id='par_1_67' title="bbox 2262 3343 3926 3449">
     <span class='ocr_line' id='line_1_67' title="bbox 2394 3343 3798 3360; baseline 0.003 -8"><span class='ocrx_word' id='word_1_545' title='bbox 2394 3343 2430 3352; x_wconf 40' lang='grc' dir='ltr'>,κ</span> <span class='ocrx_word' id='word_1_546' title='bbox 2596 3343 2632 3352; x_wconf 50' lang='grc' dir='ltr'>,ν</span> <span class='ocrx_word' id='word_1_547' title='bbox 3045 3343 3056 3359; x_wconf 71' lang='grc' dir='ltr'>ι</span> <span class='ocrx_word' id='word_1_548' title='bbox 3319 3343 3330 3360; x_wconf 86' lang='grc'>.</span> <span class='ocrx_word' id='word_1_549' title='bbox 3515 3345 3523 3359; x_wconf 90' lang='grc'>.</span> <span class='ocrx_word' id='word_1_550' title='bbox 3571 3343 3605 3358; x_wconf 92' lang='grc'>..</span> <span class='ocrx_word' id='word_1_551' title='bbox 3661 3343 3674 3355; x_wconf 92' lang='grc'><em>.</em></span> <span class='ocrx_word' id='word_1_552' title='bbox 3787 3343 3798 3354; x_wconf 95' lang='grc'><em>.</em></span> 
     </span>
     <span class='ocr_line' id='line_1_68' title="bbox 2262 3373 3926 3449; baseline 0.002 -24"><span class='ocrx_word' id='word_1_553' title='bbox 2262 3378 2461 3442; x_wconf 73' lang='grc' dir='ltr'>Μωσῆς</span> <span class='ocrx_word' id='word_1_554' title='bbox 2493 3373 2782 3448; x_wconf 74' lang='grc' dir='ltr'>εἰσήρχετο</span> <span class='ocrx_word' id='word_1_555' title='bbox 2811 3373 2886 3434; x_wconf 85' lang='grc' dir='ltr'>εἷς</span> <span class='ocrx_word' id='word_1_556' title='bbox 2907 3377 3111 3447; x_wconf 82' lang='grc' dir='ltr'>Φαραὼ</span> <span class='ocrx_word' id='word_1_557' title='bbox 3147 3373 3413 3449; x_wconf 82' lang='grc' dir='ltr'>βασιλέως</span> <span class='ocrx_word' id='word_1_558' title='bbox 3446 3375 3734 3449; x_wconf 67' lang='grc' dir='ltr'>Αἰγύπτου</span> <span class='ocrx_word' id='word_1_559' title='bbox 3757 3375 3926 3446; x_wconf 51' lang='lat' dir='ltr'>ait;</span> 
     </span>
    </p>
   </div>
   <div class='ocr_carea' id='block_1_68' title="bbox 483 3459 2142 3532">
    <p class='ocr_par' dir='ltr' id='par_1_68' title="bbox 483 3459 2142 3532">
     <span class='ocr_line' id='line_1_69' title="bbox 483 3459 2142 3532; baseline -0.001 -18"><span class='ocrx_word' id='word_1_560' title='bbox 483 3459 584 3530; x_wconf 90' lang='lat' dir='ltr'>qui</span> <span class='ocrx_word' id='word_1_561' title='bbox 635 3461 979 3515; x_wconf 86' lang='lat' dir='ltr'>restiterunt</span> <span class='ocrx_word' id='word_1_562' title='bbox 1030 3460 1210 3532; x_wconf 85' lang='lat' dir='ltr'>Moysi</span> <span class='ocrx_word' id='word_1_563' title='bbox 1261 3460 1316 3514; x_wconf 92' lang='lat' dir='ltr'>in</span> <span class='ocrx_word' id='word_1_564' title='bbox 1355 3461 1631 3531; x_wconf 67' lang='lat' dir='ltr'>z‘Egypto;</span> <span class='ocrx_word' id='word_1_565' title='bbox 1684 3475 1788 3530; x_wconf 86' lang='lat' dir='ltr'>ego</span> <span class='ocrx_word' id='word_1_566' title='bbox 1836 3476 1993 3526; x_wconf 90' lang='lat' dir='ltr'>sum,</span> <span class='ocrx_word' id='word_1_567' title='bbox 2042 3459 2142 3531; x_wconf 92' lang='lat' dir='ltr'>qui</span> 
     </span>
    </p>
   </div>
   <div class='ocr_carea' id='block_1_69' title="bbox 483 3548 2144 3621">
    <p class='ocr_par' dir='ltr' id='par_1_69' title="bbox 483 3548 2144 3621">
     <span class='ocr_line' id='line_1_70' title="bbox 483 3548 2144 3621; baseline -0.002 -17"><span class='ocrx_word' id='word_1_568' title='bbox 483 3549 832 3604; x_wconf 82' lang='lat' dir='ltr'>adversatus</span> <span class='ocrx_word' id='word_1_569' title='bbox 865 3566 994 3604; x_wconf 87' lang='lat' dir='ltr'>sum</span> <span class='ocrx_word' id='word_1_570' title='bbox 1029 3549 1206 3621; x_wconf 75' lang='lat' dir='ltr'>Moysi</span> <span class='ocrx_word' id='word_1_571' title='bbox 1241 3549 1298 3604; x_wconf 93' lang='lat' dir='ltr'>in</span> <span class='ocrx_word' id='word_1_572' title='bbox 1351 3549 1627 3604; x_wconf 82' lang='lat' dir='ltr'>extremis</span> <span class='ocrx_word' id='word_1_573' title='bbox 1659 3565 1761 3620; x_wconf 90' lang='lat' dir='ltr'>per</span> <span class='ocrx_word' id='word_1_574' title='bbox 1795 3550 1982 3619; x_wconf 86' lang='lat' dir='ltr'>signa.</span> <span class='ocrx_word' id='word_1_575' title='bbox 2023 3548 2144 3603; x_wconf 82' lang='lat' dir='ltr'>Dixi</span> 
     </span>
    </p>
   </div>
   <div class='ocr_carea' id='block_1_70' title="bbox 483 3636 2142 3708">
    <p class='ocr_par' dir='ltr' id='par_1_70' title="bbox 483 3636 2142 3708">
     <span class='ocr_line' id='line_1_71' title="bbox 483 3636 2142 3708; baseline -0.001 -16"><span class='ocrx_word' id='word_1_576' title='bbox 483 3654 620 3708; x_wconf 87' lang='lat' dir='ltr'>ergo</span> <span class='ocrx_word' id='word_1_577' title='bbox 651 3639 702 3692; x_wconf 88' lang='lat' dir='ltr'>ei</span> <span class='ocrx_word' id='word_1_578' title='bbox 737 3655 752 3691; x_wconf 90' lang='lat'><strong>:</strong></span> <span class='ocrx_word' id='word_1_579' title='bbox 784 3639 1082 3702; x_wconf 85' lang='lat' dir='ltr'>Quomodo</span> <span class='ocrx_word' id='word_1_580' title='bbox 1135 3639 1313 3708; x_wconf 77' lang='lat' dir='ltr'>igitur</span> <span class='ocrx_word' id='word_1_581' title='bbox 1345 3639 1614 3692; x_wconf 87' lang='lat' dir='ltr'>inventus</span> <span class='ocrx_word' id='word_1_582' title='bbox 1663 3653 1724 3692; x_wconf 88' lang='lat' dir='ltr'>es</span> <span class='ocrx_word' id='word_1_583' title='bbox 1759 3637 1815 3690; x_wconf 92' lang='lat' dir='ltr'>in</span> <span class='ocrx_word' id='word_1_584' title='bbox 1847 3636 1994 3692; x_wconf 89' lang='lat' dir='ltr'>mari</span> <span class='ocrx_word' id='word_1_585' title='bbox 2027 3637 2142 3691; x_wconf 80' lang='lat' dir='ltr'>Ru-</span> 
     </span>
    </p>
   </div>
   <div class='ocr_carea' id='block_1_71' title="bbox 487 3725 2182 3797">
    <p class='ocr_par' dir='ltr' id='par_1_71' title="bbox 487 3725 2182 3797">
     <span class='ocr_line' id='line_1_72' title="bbox 487 3725 2182 3797; baseline -0.002 -15"><span class='ocrx_word' id='word_1_586' title='bbox 487 3727 639 3782; x_wconf 83' lang='lat' dir='ltr'>bro?</span> <span class='ocrx_word' id='word_1_587' title='bbox 671 3727 739 3781; x_wconf 88' lang='lat' dir='ltr'>Et</span> <span class='ocrx_word' id='word_1_588' title='bbox 769 3727 851 3782; x_wconf 87' lang='lat' dir='ltr'>ait</span> <span class='ocrx_word' id='word_1_589' title='bbox 883 3745 896 3782; x_wconf 92' lang='lat'>:</span> <span class='ocrx_word' id='word_1_590' title='bbox 933 3728 994 3782; x_wconf 91' lang='lat' dir='ltr'>In</span> <span class='ocrx_word' id='word_1_591' title='bbox 1027 3728 1180 3782; x_wconf 85' lang='lat' dir='ltr'>exitu</span> <span class='ocrx_word' id='word_1_592' title='bbox 1217 3726 1472 3781; x_wconf 82' lang='lat' dir='ltr'>filiorum</span> <span class='ocrx_word' id='word_1_593' title='bbox 1510 3725 1705 3793; x_wconf 84' lang='lat' dir='ltr'>Israel,</span> <span class='ocrx_word' id='word_1_594' title='bbox 1740 3741 1844 3797; x_wconf 88' lang='lat' dir='ltr'>ego</span> <span class='ocrx_word' id='word_1_595' title='bbox 1876 3725 2144 3780; x_wconf 86' lang='lat' dir='ltr'>induravi</span> <span class='ocrx_word' id='word_1_596' title='bbox 2175 3773 2182 3776; x_wconf 95' lang='lat'>.</span> 
     </span>
    </p>
   </div>
   <div class='ocr_carea' id='block_1_72' title="bbox 487 3817 2142 3888">
    <p class='ocr_par' dir='ltr' id='par_1_72' title="bbox 487 3817 2142 3888">
     <span class='ocr_line' id='line_1_73' title="bbox 487 3817 2142 3888; baseline -0.001 -16"><span class='ocrx_word' id='word_1_597' title='bbox 487 3835 586 3872; x_wconf 93' lang='lat' dir='ltr'>cor</span> <span class='ocrx_word' id='word_1_598' title='bbox 637 3819 971 3888; x_wconf 84' lang='lat' dir='ltr'>Pharaonis,</span> <span class='ocrx_word' id='word_1_599' title='bbox 1004 3823 1060 3872; x_wconf 88' lang='lat' dir='ltr'>et</span> <span class='ocrx_word' id='word_1_600' title='bbox 1108 3818 1348 3873; x_wconf 82' lang='lat' dir='ltr'>excitavi</span> <span class='ocrx_word' id='word_1_601' title='bbox 1403 3835 1500 3872; x_wconf 89' lang='lat' dir='ltr'>cor</span> <span class='ocrx_word' id='word_1_602' title='bbox 1547 3817 1697 3887; x_wconf 87' lang='lat' dir='ltr'>ejus,</span> <span class='ocrx_word' id='word_1_603' title='bbox 1749 3821 1805 3871; x_wconf 91' lang='lat' dir='ltr'>et</span> <span class='ocrx_word' id='word_1_604' title='bbox 1845 3817 2142 3872; x_wconf 87' lang='lat' dir='ltr'>ministro-</span> 
     </span>
    </p>
   </div>
   <div class='ocr_carea' id='block_1_73' title="bbox 485 3903 2143 3976">
    <p class='ocr_par' dir='ltr' id='par_1_73' title="bbox 485 3903 2143 3976">
     <span class='ocr_line' id='line_1_74' title="bbox 485 3903 2143 3976; baseline -0.002 -16"><span class='ocrx_word' id='word_1_605' title='bbox 485 3923 616 3960; x_wconf 90' lang='lat' dir='ltr'>rum</span> <span class='ocrx_word' id='word_1_606' title='bbox 651 3907 798 3976; x_wconf 89' lang='lat' dir='ltr'>ejus,</span> <span class='ocrx_word' id='word_1_607' title='bbox 825 3911 880 3961; x_wconf 91' lang='lat' dir='ltr'>et</span> <span class='ocrx_word' id='word_1_608' title='bbox 915 3907 1020 3961; x_wconf 87' lang='lat' dir='ltr'>t&#39;cci</span> <span class='ocrx_word' id='word_1_609' title='bbox 1056 3911 1120 3960; x_wconf 90' lang='lat' dir='ltr'>ut</span> <span class='ocrx_word' id='word_1_610' title='bbox 1154 3909 1646 3976; x_wconf 82' lang='lat' dir='ltr'>persequerentur</span> <span class='ocrx_word' id='word_1_611' title='bbox 1669 3903 1819 3958; x_wconf 82' lang='lat' dir='ltr'>filios</span> <span class='ocrx_word' id='word_1_612' title='bbox 1852 3903 2059 3970; x_wconf 87' lang='lat' dir='ltr'>Israel;</span> <span class='ocrx_word' id='word_1_613' title='bbox 2085 3907 2143 3958; x_wconf 87' lang='lat' dir='ltr'>et</span> 
     </span>
    </p>
   </div>
   <div class='ocr_carea' id='block_1_74' title="bbox 483 3992 2143 4065">
    <p class='ocr_par' dir='ltr' id='par_1_74' title="bbox 483 3992 2143 4065">
     <span class='ocr_line' id='line_1_75' title="bbox 483 3992 2143 4065; baseline -0.001 -16"><span class='ocrx_word' id='word_1_614' title='bbox 483 3994 660 4049; x_wconf 89' lang='lat' dir='ltr'>simul</span> <span class='ocrx_word' id='word_1_615' title='bbox 710 3999 994 4050; x_wconf 88' lang='lat' dir='ltr'>venerunt</span> <span class='ocrx_word' id='word_1_616' title='bbox 1046 3994 1268 4050; x_wconf 85' lang='lat' dir='ltr'>Pharao</span> <span class='ocrx_word' id='word_1_617' title='bbox 1318 3999 1374 4048; x_wconf 89' lang='lat' dir='ltr'>et</span> <span class='ocrx_word' id='word_1_618' title='bbox 1427 3992 1674 4065; x_wconf 67' lang='lat' dir='ltr'>Egyptii</span> <span class='ocrx_word' id='word_1_619' title='bbox 1724 4009 1967 4061; x_wconf 88' lang='lat' dir='ltr'>omnes;</span> <span class='ocrx_word' id='word_1_620' title='bbox 2001 3996 2143 4047; x_wconf 88' lang='lat' dir='ltr'>tunc</span> 
     </span>
    </p>
   </div>
   <div class='ocr_carea' id='block_1_75' title="bbox 479 4081 2143 4151">
    <p class='ocr_par' dir='ltr' id='par_1_75' title="bbox 479 4081 2143 4151">
     <span class='ocr_line' id='line_1_76' title="bbox 479 4081 2143 4151; baseline -0.002 -13"><span class='ocrx_word' id='word_1_621' title='bbox 479 4085 712 4138; x_wconf 72' lang='lat' dir='ltr'>aderam</span> <span class='ocrx_word' id='word_1_622' title='bbox 745 4083 847 4150; x_wconf 89' lang='lat' dir='ltr'>ibi,</span> <span class='ocrx_word' id='word_1_623' title='bbox 881 4087 937 4138; x_wconf 88' lang='lat' dir='ltr'>et</span> <span class='ocrx_word' id='word_1_624' title='bbox 991 4082 1168 4137; x_wconf 89' lang='lat' dir='ltr'>simul</span> <span class='ocrx_word' id='word_1_625' title='bbox 1203 4082 1510 4148; x_wconf 86' lang='lat' dir='ltr'>venimus;</span> <span class='ocrx_word' id='word_1_626' title='bbox 1563 4087 1616 4136; x_wconf 90' lang='lat' dir='ltr'>et</span> <span class='ocrx_word' id='word_1_627' title='bbox 1651 4081 1898 4151; x_wconf 86' lang='lat' dir='ltr'>ingrcssi</span> <span class='ocrx_word' id='word_1_628' title='bbox 1933 4097 2143 4135; x_wconf 90' lang='lat' dir='ltr'>sumus</span> 
     </span>
    </p>
   </div>
   <div class='ocr_carea' id='block_1_76' title="bbox 479 4171 2140 4240">
    <p class='ocr_par' dir='ltr' id='par_1_76' title="bbox 479 4171 2140 4240">
     <span class='ocr_line' id='line_1_77' title="bbox 479 4171 2140 4240; baseline -0.002 -14"><span class='ocrx_word' id='word_1_629' title='bbox 479 4189 683 4227; x_wconf 90' lang='lat' dir='ltr'>omnes</span> <span class='ocrx_word' id='word_1_630' title='bbox 715 4173 770 4226; x_wconf 92' lang='lat' dir='ltr'>in</span> <span class='ocrx_word' id='word_1_631' title='bbox 823 4171 970 4226; x_wconf 89' lang='lat' dir='ltr'>mari</span> <span class='ocrx_word' id='word_1_632' title='bbox 1025 4172 1241 4226; x_wconf 80' lang='lat' dir='ltr'>Rubro.</span> <span class='ocrx_word' id='word_1_633' title='bbox 1293 4173 1362 4226; x_wconf 84' lang='lat' dir='ltr'>Et</span> <span class='ocrx_word' id='word_1_634' title='bbox 1411 4173 1628 4225; x_wconf 83' lang='lat' dir='ltr'>factum</span> <span class='ocrx_word' id='word_1_635' title='bbox 1682 4174 1791 4234; x_wconf 88' lang='lat' dir='ltr'>est,</span> <span class='ocrx_word' id='word_1_636' title='bbox 1827 4175 2140 4240; x_wconf 85' lang='lat' dir='ltr'>postquam</span> 
     </span>
    </p>
   </div>
   <div class='ocr_carea' id='block_1_77' title="bbox 479 4258 2142 4330">
    <p class='ocr_par' dir='ltr' id='par_1_77' title="bbox 479 4258 2142 4330">
     <span class='ocr_line' id='line_1_78' title="bbox 479 4258 2142 4330; baseline -0.001 -16"><span class='ocrx_word' id='word_1_637' title='bbox 479 4261 849 4316; x_wconf 88' lang='lat' dir='ltr'>transierunt</span> <span class='ocrx_word' id='word_1_638' title='bbox 883 4259 984 4314; x_wconf 77' lang='lat' dir='ltr'>lilii</span> <span class='ocrx_word' id='word_1_639' title='bbox 1019 4259 1219 4324; x_wconf 86' lang='lat' dir='ltr'>Israel,</span> <span class='ocrx_word' id='word_1_640' title='bbox 1247 4277 1478 4315; x_wconf 87' lang='lat' dir='ltr'>reversa</span> <span class='ocrx_word' id='word_1_641' title='bbox 1509 4267 1596 4314; x_wconf 88' lang='lat' dir='ltr'>est</span> <span class='ocrx_word' id='word_1_642' title='bbox 1628 4275 1804 4329; x_wconf 87' lang='lat' dir='ltr'>aqua,</span> <span class='ocrx_word' id='word_1_643' title='bbox 1830 4266 1884 4312; x_wconf 89' lang='lat' dir='ltr'>ct</span> <span class='ocrx_word' id='word_1_644' title='bbox 1915 4258 2142 4330; x_wconf 85' lang='lat' dir='ltr'>Operuit</span> 
     </span>
    </p>
   </div>
   <div class='ocr_carea' id='block_1_78' title="bbox 481 4348 2140 4422">
    <p class='ocr_par' dir='ltr' id='par_1_78' title="bbox 481 4348 2140 4422">
     <span class='ocr_line' id='line_1_79' title="bbox 481 4348 2140 4422; baseline -0.002 -18"><span class='ocrx_word' id='word_1_645' title='bbox 481 4366 714 4404; x_wconf 87' lang='lat' dir='ltr'>omnem</span> <span class='ocrx_word' id='word_1_646' title='bbox 745 4349 1064 4404; x_wconf 88' lang='lat' dir='ltr'>exercitum</span> <span class='ocrx_word' id='word_1_647' title='bbox 1119 4351 1544 4422; x_wconf 65' lang='lat' dir='ltr'>zEgyptiorum,</span> <span class='ocrx_word' id='word_1_648' title='bbox 1580 4355 1634 4403; x_wconf 88' lang='lat' dir='ltr'>et</span> <span class='ocrx_word' id='word_1_649' title='bbox 1671 4348 2002 4402; x_wconf 83' lang='lat' dir='ltr'>universam</span> <span class='ocrx_word' id='word_1_650' title='bbox 2039 4365 2140 4418; x_wconf 90' lang='lat' dir='ltr'>po-</span> 
     </span>
    </p>
   </div>
   <div class='ocr_carea' id='block_1_79' title="bbox 482 4437 2143 4508">
    <p class='ocr_par' dir='ltr' id='par_1_79' title="bbox 482 4437 2143 4508">
     <span class='ocr_line' id='line_1_80' title="bbox 482 4437 2143 4508; baseline -0.001 -15"><span class='ocrx_word' id='word_1_651' title='bbox 482 4443 754 4493; x_wconf 71' lang='lat' dir='ltr'>testatem</span> <span class='ocrx_word' id='word_1_652' title='bbox 787 4453 1011 4492; x_wconf 86' lang='lat' dir='ltr'>eorum.</span> <span class='ocrx_word' id='word_1_653' title='bbox 1065 4439 1343 4494; x_wconf 87' lang='lat' dir='ltr'>Inventus</span> <span class='ocrx_word' id='word_1_654' title='bbox 1397 4455 1528 4492; x_wconf 87' lang='lat' dir='ltr'>sum</span> <span class='ocrx_word' id='word_1_655' title='bbox 1562 4453 1667 4508; x_wconf 84' lang='lat' dir='ltr'>ego</span> <span class='ocrx_word' id='word_1_656' title='bbox 1699 4437 1792 4490; x_wconf 89' lang='lat' dir='ltr'>hic</span> <span class='ocrx_word' id='word_1_657' title='bbox 1825 4443 1880 4490; x_wconf 91' lang='lat' dir='ltr'>et</span> <span class='ocrx_word' id='word_1_658' title='bbox 1913 4437 2143 4508; x_wconf 89' lang='lat' dir='ltr'>operuit</span> 
     </span>
    </p>
   </div>
   <div class='ocr_carea' id='block_1_80' title="bbox 485 4525 2140 4595">
    <p class='ocr_par' dir='ltr' id='par_1_80' title="bbox 485 4525 2140 4595">
     <span class='ocr_line' id='line_1_81' title="bbox 485 4525 2140 4595; baseline 0.001 -18"><span class='ocrx_word' id='word_1_659' title='bbox 485 4541 576 4578; x_wconf 90' lang='lat' dir='ltr'>me</span> <span class='ocrx_word' id='word_1_660' title='bbox 612 4525 785 4592; x_wconf 85' lang='lat' dir='ltr'>unda,</span> <span class='ocrx_word' id='word_1_661' title='bbox 820 4531 876 4580; x_wconf 86' lang='lat' dir='ltr'>et</span> <span class='ocrx_word' id='word_1_662' title='bbox 919 4527 1112 4580; x_wconf 88' lang='lat' dir='ltr'>mansi</span> <span class='ocrx_word' id='word_1_663' title='bbox 1163 4526 1220 4579; x_wconf 88' lang='lat' dir='ltr'>in</span> <span class='ocrx_word' id='word_1_664' title='bbox 1268 4526 1434 4590; x_wconf 88' lang='lat' dir='ltr'>mari,</span> <span class='ocrx_word' id='word_1_665' title='bbox 1471 4525 1868 4595; x_wconf 72' lang='lat' dir='ltr'>prmcipitatus</span> <span class='ocrx_word' id='word_1_666' title='bbox 1898 4525 2008 4578; x_wconf 89' lang='lat' dir='ltr'>sub</span> <span class='ocrx_word' id='word_1_667' title='bbox 2040 4541 2140 4579; x_wconf 85' lang='lat' dir='ltr'>co-</span> 
     </span>
    </p>
   </div>
   <div class='ocr_carea' id='block_1_81' title="bbox 485 4613 2142 4684">
    <p class='ocr_par' dir='ltr' id='par_1_81' title="bbox 485 4613 2142 4684">
     <span class='ocr_line' id='line_1_82' title="bbox 485 4613 2142 4684; baseline 0 -17"><span class='ocrx_word' id='word_1_668' title='bbox 485 4614 685 4669; x_wconf 82' lang='lat' dir='ltr'>lumna</span> <span class='ocrx_word' id='word_1_669' title='bbox 717 4615 844 4670; x_wconf 84' lang='lat' dir='ltr'>hac.</span> <span class='ocrx_word' id='word_1_670' title='bbox 880 4617 1024 4670; x_wconf 83' lang='lat' dir='ltr'>Cum</span> <span class='ocrx_word' id='word_1_671' title='bbox 1049 4619 1248 4668; x_wconf 83' lang='lat' dir='ltr'>autem</span> <span class='ocrx_word' id='word_1_672' title='bbox 1277 4614 1432 4668; x_wconf 83' lang='lat' dir='ltr'>venit</span> <span class='ocrx_word' id='word_1_673' title='bbox 1461 4613 1758 4684; x_wconf 76' lang='lat' dir='ltr'>Epliippas</span> <span class='ocrx_word' id='word_1_674' title='bbox 1789 4614 2010 4667; x_wconf 83' lang='lat' dir='ltr'>missus</span> <span class='ocrx_word' id='word_1_675' title='bbox 2033 4631 2064 4668; x_wconf 88' lang='lat' dir='ltr'>a</span> <span class='ocrx_word' id='word_1_676' title='bbox 2086 4629 2142 4667; x_wconf 81' lang='lat' dir='ltr'>te</span> 
     </span>
    </p>
   </div>
   <div class='ocr_carea' id='block_1_82' title="bbox 2257 3459 3920 3538">
    <p class='ocr_par' dir='ltr' id='par_1_82' title="bbox 2257 3459 3920 3538">
     <span class='ocr_line' id='line_1_83' title="bbox 2257 3459 3920 3538; baseline 0.001 -24"><span class='ocrx_word' id='word_1_677' title='bbox 2257 3461 2425 3536; x_wconf 66' lang='grc' dir='ltr'>ρύνιυν</span> <span class='ocrx_word' id='word_1_678' title='bbox 2487 3462 2652 3516; x_wconf 79' lang='grc' dir='ltr'>αὐτοῦ</span> <span class='ocrx_word' id='word_1_679' title='bbox 2709 3463 2806 3530; x_wconf 68' lang='grc' dir='ltr'>τήν</span> <span class='ocrx_word' id='word_1_680' title='bbox 2861 3459 3108 3538; x_wconf 81' lang='grc' dir='ltr'>καρδίαν·</span> <span class='ocrx_word' id='word_1_681' title='bbox 3147 3463 3256 3536; x_wconf 81' lang='grc' dir='ltr'>ἐγώ</span> <span class='ocrx_word' id='word_1_682' title='bbox 3309 3463 3420 3536; x_wconf 82' lang='grc' dir='ltr'>εἶμι</span> <span class='ocrx_word' id='word_1_683' title='bbox 3454 3465 3510 3518; x_wconf 75' lang='grc' dir='ltr'>ὃν</span> <span class='ocrx_word' id='word_1_684' title='bbox 3543 3463 3920 3519; x_wconf 68' lang='grc' dir='ltr'>ἐπεκαλοῦντο</span> 
     </span>
    </p>
   </div>
   <div class='ocr_carea' id='block_1_83' title="bbox 2255 3546 3918 3628">
    <p class='ocr_par' dir='ltr' id='par_1_83' title="bbox 2255 3546 3918 3628">
     <span class='ocr_line' id='line_1_84' title="bbox 2255 3546 3918 3628; baseline -0.001 -22"><span class='ocrx_word' id='word_1_685' title='bbox 2255 3551 2425 3619; x_wconf 74' lang='grc' dir='ltr'>Ἰανῆς</span> <span class='ocrx_word' id='word_1_686' title='bbox 2485 3550 2574 3604; x_wconf 83' lang='grc' dir='ltr'>καὶ</span> <span class='ocrx_word' id='word_1_687' title='bbox 2636 3546 2867 3624; x_wconf 73' lang='grc' dir='ltr'>Ἰαμϐἧς</span> <span class='ocrx_word' id='word_1_688' title='bbox 2950 3552 3358 3628; x_wconf 82' lang='grc' dir='ltr'>οἷκουχώμενοι</span> <span class='ocrx_word' id='word_1_689' title='bbox 3433 3557 3512 3624; x_wconf 82' lang='grc' dir='ltr'>τῷ</span> <span class='ocrx_word' id='word_1_690' title='bbox 3587 3557 3802 3624; x_wconf 66' lang='grc' dir='ltr'>Μωυσῇ</span> <span class='ocrx_word' id='word_1_691' title='bbox 3869 3553 3918 3606; x_wconf 78' lang='grc' dir='ltr'>ἓν</span> 
     </span>
    </p>
   </div>
   <div class='ocr_carea' id='block_1_84' title="bbox 2255 3639 3914 3716">
    <p class='ocr_par' dir='ltr' id='par_1_84' title="bbox 2255 3639 3914 3716">
     <span class='ocr_line' id='line_1_85' title="bbox 2255 3639 3914 3716; baseline -0.002 -21"><span class='ocrx_word' id='word_1_692' title='bbox 2255 3639 2548 3714; x_wconf 76' lang='grc' dir='ltr'>Αἰγύπτῳ·</span> <span class='ocrx_word' id='word_1_693' title='bbox 2601 3639 2740 3713; x_wconf 85' lang='grc' dir='ltr'>Ἐγὼ</span> <span class='ocrx_word' id='word_1_694' title='bbox 2791 3639 2902 3712; x_wconf 76' lang='grc' dir='ltr'>εἰμὶ</span> <span class='ocrx_word' id='word_1_695' title='bbox 2959 3642 2986 3694; x_wconf 89' lang='grc' dir='ltr'><strong>ὁ</strong></span> <span class='ocrx_word' id='word_1_696' title='bbox 3035 3639 3403 3696; x_wconf 76' lang='grc' dir='ltr'>ἀντι-παλαίων</span> <span class='ocrx_word' id='word_1_697' title='bbox 3455 3647 3534 3713; x_wconf 78' lang='grc' dir='ltr'>τῷ</span> <span class='ocrx_word' id='word_1_698' title='bbox 3585 3646 3800 3716; x_wconf 74' lang='grc' dir='ltr'>Μωυσῇ</span> <span class='ocrx_word' id='word_1_699' title='bbox 3863 3641 3914 3698; x_wconf 79' lang='grc' dir='ltr'>ἐν</span> 
     </span>
    </p>
   </div>
   <div class='ocr_carea' id='block_1_85' title="bbox 2251 3728 3910 3804">
    <p class='ocr_par' dir='ltr' id='par_1_85' title="bbox 2251 3728 3910 3804">
     <span class='ocr_line' id='line_1_86' title="bbox 2251 3728 3910 3804; baseline 0 -21"><span class='ocrx_word' id='word_1_700' title='bbox 2251 3735 2370 3792; x_wconf 86' lang='grc' dir='ltr'>τοῖς</span> <span class='ocrx_word' id='word_1_701' title='bbox 2397 3728 2588 3804; x_wconf 84' lang='grc' dir='ltr'>πέρασι</span> <span class='ocrx_word' id='word_1_702' title='bbox 2613 3734 2730 3790; x_wconf 81' lang='grc' dir='ltr'>τοῖς</span> <span class='ocrx_word' id='word_1_703' title='bbox 2765 3729 3038 3802; x_wconf 82' lang='grc' dir='ltr'>σημείοις.</span> <span class='ocrx_word' id='word_1_704' title='bbox 3079 3730 3242 3788; x_wconf 79' lang='grc' dir='ltr'>Εἶπον</span> <span class='ocrx_word' id='word_1_705' title='bbox 3287 3729 3376 3783; x_wconf 84' lang='grc' dir='ltr'>οῦν</span> <span class='ocrx_word' id='word_1_706' title='bbox 3429 3731 3596 3800; x_wconf 73' lang='grc' dir='ltr'>αὐτῷ·</span> <span class='ocrx_word' id='word_1_707' title='bbox 3633 3735 3762 3792; x_wconf 74' lang='grc' dir='ltr'>Πῶς</span> <span class='ocrx_word' id='word_1_708' title='bbox 3817 3729 3910 3784; x_wconf 73' lang='grc' dir='ltr'>οὖν</span> 
     </span>
    </p>
   </div>
   <div class='ocr_carea' id='block_1_86' title="bbox 2255 3815 3912 3894">
    <p class='ocr_par' dir='ltr' id='par_1_86' title="bbox 2255 3815 3912 3894">
     <span class='ocr_line' id='line_1_87' title="bbox 2255 3815 3912 3894; baseline 0 -23"><span class='ocrx_word' id='word_1_709' title='bbox 2255 3817 2477 3891; x_wconf 76' lang='grc' dir='ltr'>εὑρέθης</span> <span class='ocrx_word' id='word_1_710' title='bbox 2527 3817 2578 3872; x_wconf 79' lang='grc' dir='ltr'>ἐν</span> <span class='ocrx_word' id='word_1_711' title='bbox 2630 3819 2700 3890; x_wconf 80' lang='grc' dir='ltr'>τῇ</span> <span class='ocrx_word' id='word_1_712' title='bbox 2730 3819 2963 3890; x_wconf 82' lang='grc' dir='ltr'>Ἐρυθρᾷ</span> <span class='ocrx_word' id='word_1_713' title='bbox 3009 3816 3282 3893; x_wconf 77' lang='grc' dir='ltr'>θαλάσσῃ;</span> <span class='ocrx_word' id='word_1_714' title='bbox 3325 3820 3386 3876; x_wconf 90' lang='grc' dir='ltr'>Ὁ</span> <span class='ocrx_word' id='word_1_715' title='bbox 3437 3816 3493 3873; x_wconf 75' lang='grc' dir='ltr'>δὲ</span> <span class='ocrx_word' id='word_1_716' title='bbox 3541 3815 3671 3894; x_wconf 62' lang='grc' dir='ltr'>ἔφη·</span> <span class='ocrx_word' id='word_1_717' title='bbox 3705 3821 3794 3876; x_wconf 83' lang='grc' dir='ltr'>Ἐν</span> <span class='ocrx_word' id='word_1_718' title='bbox 3845 3825 3912 3883; x_wconf 74' lang='grc' dir='ltr'>τῆ</span> 
     </span>
    </p>
   </div>
   <div class='ocr_carea' id='block_1_87' title="bbox 2255 3903 3912 3984">
    <p class='ocr_par' dir='ltr' id='par_1_87' title="bbox 2255 3903 3912 3984">
     <span class='ocr_line' id='line_1_88' title="bbox 2255 3903 3912 3984; baseline 0.001 -25"><span class='ocrx_word' id='word_1_719' title='bbox 2255 3903 2422 3978; x_wconf 79' lang='grc' dir='ltr'>ἐξόδῳ</span> <span class='ocrx_word' id='word_1_720' title='bbox 2452 3911 2558 3960; x_wconf 82' lang='grc' dir='ltr'>τῶν</span> <span class='ocrx_word' id='word_1_721' title='bbox 2591 3908 2722 3961; x_wconf 73' lang='grc' dir='ltr'>υἱῶν</span> <span class='ocrx_word' id='word_1_722' title='bbox 2755 3909 2978 3982; x_wconf 70' lang='grc' dir='ltr'>Ἰσραήλ</span> <span class='ocrx_word' id='word_1_723' title='bbox 3031 3907 3137 3982; x_wconf 79' lang='grc' dir='ltr'>ἐγὼ</span> <span class='ocrx_word' id='word_1_724' title='bbox 3187 3905 3494 3984; x_wconf 74' lang='grc' dir='ltr'>ἐσκλήρυνα</span> <span class='ocrx_word' id='word_1_725' title='bbox 3539 3911 3640 3977; x_wconf 71' lang='grc' dir='ltr'>τήν</span> <span class='ocrx_word' id='word_1_726' title='bbox 3685 3907 3912 3984; x_wconf 54' lang='lat' dir='ltr'>iuga-Im.-</span> 
     </span>
    </p>
   </div>
   <div class='ocr_carea' id='block_1_88' title="bbox 2255 3994 3910 4072">
    <p class='ocr_par' dir='ltr' id='par_1_88' title="bbox 2255 3994 3910 4072">
     <span class='ocr_line' id='line_1_89' title="bbox 2255 3994 3910 4072; baseline 0.001 -25"><span class='ocrx_word' id='word_1_727' title='bbox 2255 3996 2458 4068; x_wconf 80' lang='grc' dir='ltr'>Φαραώ</span> <span class='ocrx_word' id='word_1_728' title='bbox 2493 4015 2504 4028; x_wconf 91' lang='grc'>·</span> <span class='ocrx_word' id='word_1_729' title='bbox 2567 3995 2658 4049; x_wconf 81' lang='grc' dir='ltr'>καὶ</span> <span class='ocrx_word' id='word_1_730' title='bbox 2727 3995 3071 4072; x_wconf 83' lang='grc' dir='ltr'>ἀνεπτέρωσα</span> <span class='ocrx_word' id='word_1_731' title='bbox 3126 3996 3294 4050; x_wconf 82' lang='grc' dir='ltr'>αὐτοῦ</span> <span class='ocrx_word' id='word_1_732' title='bbox 3349 3998 3448 4063; x_wconf 74' lang='grc' dir='ltr'>τὴν</span> <span class='ocrx_word' id='word_1_733' title='bbox 3509 3994 3768 4070; x_wconf 75' lang='grc' dir='ltr'>καρδίαν,</span> <span class='ocrx_word' id='word_1_734' title='bbox 3821 3999 3910 4050; x_wconf 68' lang='grc' dir='ltr'>καὶ</span> 
     </span>
    </p>
   </div>
   <div class='ocr_carea' id='block_1_89' title="bbox 2251 4084 3186 4158">
    <p class='ocr_par' dir='ltr' id='par_1_89' title="bbox 2251 4084 3186 4158">
     <span class='ocr_line' id='line_1_90' title="bbox 2251 4084 3186 4158; baseline 0 -22"><span class='ocrx_word' id='word_1_735' title='bbox 2251 4087 2357 4137; x_wconf 76' lang='grc' dir='ltr'>τῶν</span> <span class='ocrx_word' id='word_1_736' title='bbox 2411 4085 2754 4158; x_wconf 83' lang='grc' dir='ltr'>θεραπόντων</span> <span class='ocrx_word' id='word_1_737' title='bbox 2831 4084 3033 4139; x_wconf 82' lang='grc' dir='ltr'>αὐτοῦ·</span> <span class='ocrx_word' id='word_1_738' title='bbox 3097 4085 3186 4139; x_wconf 81' lang='grc' dir='ltr'>καὶ</span> 
     </span>
    </p>
   </div>
   <div class='ocr_carea' id='block_1_90' title="bbox 3821 4085 3850 4104">
    <p class='ocr_par' dir='ltr' id='par_1_90' title="bbox 3821 4085 3850 4104">
     <span class='ocr_line' id='line_1_91' title="bbox 3821 4085 3850 4104; baseline 0 0"><span class='ocrx_word' id='word_1_739' title='bbox 3821 4085 3850 4104; x_wconf 64' lang='grc' dir='ltr'><em>η</em></span> 
     </span>
    </p>
   </div>
   <div class='ocr_carea' id='block_1_91' title="bbox 3261 4083 3914 4156">
    <p class='ocr_par' dir='ltr' id='par_1_91' title="bbox 3261 4083 3914 4156">
     <span class='ocr_line' id='line_1_92' title="bbox 3261 4083 3914 4156; baseline 0.002 -18"><span class='ocrx_word' id='word_1_740' title='bbox 3261 4083 3494 4156; x_wconf 84' lang='grc' dir='ltr'>ἐποίησα</span> <span class='ocrx_word' id='word_1_741' title='bbox 3564 4085 3772 4148; x_wconf 68' lang='grc' dir='ltr'>αὐτοὺς</span> <span class='ocrx_word' id='word_1_742' title='bbox 3821 4085 3914 4139; x_wconf 72' lang='grc' dir='ltr'>’ἕνα</span> 
     </span>
    </p>
   </div>
   <div class='ocr_carea' id='block_1_92' title="bbox 2251 4169 3914 4247">
    <p class='ocr_par' dir='ltr' id='par_1_92' title="bbox 2251 4169 3914 4247">
     <span class='ocr_line' id='line_1_93' title="bbox 2251 4169 3914 4247; baseline 0.001 -21"><span class='ocrx_word' id='word_1_743' title='bbox 2251 4169 2652 4245; x_wconf 72' lang='grc' dir='ltr'>καταδιώξωσιν</span> <span class='ocrx_word' id='word_1_744' title='bbox 2713 4173 2888 4227; x_wconf 78' lang='grc' dir='ltr'>ὀπίσω</span> <span class='ocrx_word' id='word_1_745' title='bbox 2945 4178 3052 4228; x_wconf 80' lang='grc' dir='ltr'>τῶν</span> <span class='ocrx_word' id='word_1_746' title='bbox 3111 4175 3239 4228; x_wconf 67' lang='grc' dir='ltr'>υἱῶν</span> <span class='ocrx_word' id='word_1_747' title='bbox 3305 4175 3562 4247; x_wconf 67' lang='grc' dir='ltr'>Ἰσραήλ·</span> <span class='ocrx_word' id='word_1_748' title='bbox 3599 4174 3692 4229; x_wconf 74' lang='grc' dir='ltr'>καὶ</span> <span class='ocrx_word' id='word_1_749' title='bbox 3757 4197 3914 4244; x_wconf 73' lang='grc' dir='ltr'>συνη-</span> 
     </span>
    </p>
   </div>
   <div class='ocr_carea' id='block_1_93' title="bbox 2251 4260 3914 4338">
    <p class='ocr_par' dir='ltr' id='par_1_93' title="bbox 2251 4260 3914 4338">
     <span class='ocr_line' id='line_1_94' title="bbox 2251 4260 3914 4338; baseline 0.001 -22"><span class='ocrx_word' id='word_1_750' title='bbox 2251 4260 2556 4330; x_wconf 74' lang='grc' dir='ltr'>κολούθησε</span> <span class='ocrx_word' id='word_1_751' title='bbox 2631 4265 2832 4336; x_wconf 75' lang='grc' dir='ltr'>Φαραὼ</span> <span class='ocrx_word' id='word_1_752' title='bbox 2899 4262 2988 4316; x_wconf 82' lang='grc' dir='ltr'>καὶ</span> <span class='ocrx_word' id='word_1_753' title='bbox 3047 4263 3243 4327; x_wconf 75' lang='grc' dir='ltr'>πάντες</span> <span class='ocrx_word' id='word_1_754' title='bbox 3299 4263 3348 4316; x_wconf 71' lang='grc' dir='ltr'>οἱ</span> <span class='ocrx_word' id='word_1_755' title='bbox 3403 4263 3724 4338; x_wconf 71' lang='grc' dir='ltr'>Αῗγῦπτιοι.</span> <span class='ocrx_word' id='word_1_756' title='bbox 3785 4265 3914 4320; x_wconf 73' lang='grc' dir='ltr'>Τότε</span> 
     </span>
    </p>
   </div>
   <div class='ocr_carea' id='block_1_94' title="bbox 2250 4349 3912 4425">
    <p class='ocr_par' dir='ltr' id='par_1_94' title="bbox 2250 4349 3912 4425">
     <span class='ocr_line' id='line_1_95' title="bbox 2250 4349 3912 4425; baseline 0 -21"><span class='ocrx_word' id='word_1_757' title='bbox 2250 4349 2355 4424; x_wconf 78' lang='grc' dir='ltr'><strong>ἐγὼ</strong></span> <span class='ocrx_word' id='word_1_758' title='bbox 2437 4353 2698 4425; x_wconf 70' lang='grc' dir='ltr'>παρῆμην</span> <span class='ocrx_word' id='word_1_759' title='bbox 2781 4351 2892 4406; x_wconf 83' lang='grc' dir='ltr'>ἐκεῖ</span> <span class='ocrx_word' id='word_1_760' title='bbox 2919 4370 2929 4382; x_wconf 91' lang='grc'>·</span> <span class='ocrx_word' id='word_1_761' title='bbox 2989 4352 3076 4405; x_wconf 85' lang='grc' dir='ltr'>καὶ</span> <span class='ocrx_word' id='word_1_762' title='bbox 3161 4350 3718 4424; x_wconf 70' lang='grc' dir='ltr'>συνηκολουθήσαμεν</span> <span class='ocrx_word' id='word_1_763' title='bbox 3745 4395 3760 4408; x_wconf 93' lang='grc'>.</span> <span class='ocrx_word' id='word_1_764' title='bbox 3819 4355 3912 4408; x_wconf 71' lang='grc' dir='ltr'>Καὶ</span> 
     </span>
    </p>
   </div>
   <div class='ocr_carea' id='block_1_95' title="bbox 2252 4439 3908 4516">
    <p class='ocr_par' dir='ltr' id='par_1_95' title="bbox 2252 4439 3908 4516">
     <span class='ocr_line' id='line_1_96' title="bbox 2252 4439 3908 4516; baseline 0 -22"><span class='ocrx_word' id='word_1_765' title='bbox 2252 4439 2561 4512; x_wconf 70' lang='grc' dir='ltr'>ἀνήλθομεν</span> <span class='ocrx_word' id='word_1_766' title='bbox 2639 4440 2866 4502; x_wconf 79' lang='grc' dir='ltr'>ἅπαντες</span> <span class='ocrx_word' id='word_1_767' title='bbox 2945 4440 2996 4494; x_wconf 81' lang='grc' dir='ltr'>ἐν</span> <span class='ocrx_word' id='word_1_768' title='bbox 3056 4443 3122 4514; x_wconf 81' lang='grc' dir='ltr'>τῇ</span> <span class='ocrx_word' id='word_1_769' title='bbox 3179 4442 3408 4516; x_wconf 79' lang='grc' dir='ltr'>Ἐρυθρᾷ</span> <span class='ocrx_word' id='word_1_770' title='bbox 3473 4439 3752 4516; x_wconf 69' lang='grc' dir='ltr'>Θαλάσσῃ,</span> <span class='ocrx_word' id='word_1_771' title='bbox 3817 4443 3908 4496; x_wconf 68' lang='grc' dir='ltr'>Καὶ</span> 
     </span>
    </p>
   </div>
   <div class='ocr_carea' id='block_1_96' title="bbox 2251 4527 3908 4604">
    <p class='ocr_par' dir='ltr' id='par_1_96' title="bbox 2251 4527 3908 4604">
     <span class='ocr_line' id='line_1_97' title="bbox 2251 4527 3908 4604; baseline 0.002 -22"><span class='ocrx_word' id='word_1_772' title='bbox 2251 4529 2482 4602; x_wconf 65' lang='grc' dir='ltr'>ἐγένετο,</span> <span class='ocrx_word' id='word_1_773' title='bbox 2533 4529 2693 4596; x_wconf 73' lang='grc' dir='ltr'>ηνῖκα</span> <span class='ocrx_word' id='word_1_774' title='bbox 2753 4527 3070 4603; x_wconf 80' lang='grc' dir='ltr'>διεπέρασαν</span> <span class='ocrx_word' id='word_1_775' title='bbox 3130 4529 3182 4582; x_wconf 74' lang='grc' dir='ltr'>οἱ</span> <span class='ocrx_word' id='word_1_776' title='bbox 3249 4529 3358 4582; x_wconf 82' lang='grc' dir='ltr'>υἱοὶ</span> <span class='ocrx_word' id='word_1_777' title='bbox 3411 4527 3656 4604; x_wconf 73' lang='grc' dir='ltr'>Ἰσραὴλ,</span> <span class='ocrx_word' id='word_1_778' title='bbox 3717 4530 3908 4586; x_wconf 71' lang='grc' dir='ltr'>ἐπανα-</span> 
     </span>
    </p>
   </div>
   <div class='ocr_carea' id='block_1_97' title="bbox 2249 4615 3906 4692">
    <p class='ocr_par' dir='ltr' id='par_1_97' title="bbox 2249 4615 3906 4692">
     <span class='ocr_line' id='line_1_98' title="bbox 2249 4615 3906 4692; baseline 0.002 -21"><span class='ocrx_word' id='word_1_779' title='bbox 2249 4617 2476 4692; x_wconf 73' lang='grc' dir='ltr'>στραφέν</span> <span class='ocrx_word' id='word_1_780' title='bbox 2528 4618 2588 4671; x_wconf 88' lang='grc' dir='ltr'>τὸ</span> <span class='ocrx_word' id='word_1_781' title='bbox 2649 4615 2793 4692; x_wconf 71' lang='grc' dir='ltr'>ὕδωρ</span> <span class='ocrx_word' id='word_1_782' title='bbox 2845 4616 3083 4690; x_wconf 71' lang='grc' dir='ltr'>ἐκάλυψε</span> <span class='ocrx_word' id='word_1_783' title='bbox 3147 4623 3318 4672; x_wconf 79' lang='grc' dir='ltr'>πᾶσαν</span> <span class='ocrx_word' id='word_1_784' title='bbox 3373 4620 3472 4686; x_wconf 76' lang='grc' dir='ltr'>την</span> <span class='ocrx_word' id='word_1_785' title='bbox 3539 4615 3906 4692; x_wconf 66' lang='grc' dir='ltr'>παρεμϐολήν</span> 
     </span>
    </p>
   </div>
   <div class='ocr_carea' id='block_1_98' title="bbox 483 4691 2146 4789">
    <p class='ocr_par' dir='ltr' id='par_1_98' title="bbox 483 4691 2140 4773">
     <span class='ocr_line' id='line_1_99' title="bbox 483 4691 2140 4773; baseline -0.001 -16"><span class='ocrx_word' id='word_1_786' title='bbox 483 4703 540 4758; x_wconf 90' lang='lat' dir='ltr'>in</span> <span class='ocrx_word' id='word_1_787' title='bbox 575 4703 803 4758; x_wconf 83' lang='lat' dir='ltr'>sacculo</span> <span class='ocrx_word' id='word_1_788' title='bbox 847 4691 1321 4770; x_wconf 30' lang='lat' dir='ltr'>utris&#39;inclusus,</span> <span class='ocrx_word' id='word_1_789' title='bbox 1375 4703 1575 4756; x_wconf 87' lang='lat' dir='ltr'>eduxit</span> <span class='ocrx_word' id='word_1_790' title='bbox 1624 4719 1715 4756; x_wconf 88' lang='lat' dir='ltr'>me</span> <span class='ocrx_word' id='word_1_791' title='bbox 1747 4707 1878 4772; x_wconf 90' lang='lat' dir='ltr'>post</span> <span class='ocrx_word' id='word_1_792' title='bbox 1909 4719 1989 4756; x_wconf 90' lang='lat' dir='ltr'>se.</span> <span class='ocrx_word' id='word_1_793' title='bbox 2023 4702 2140 4773; x_wconf 86' lang='lat' dir='ltr'>Ego</span> 
     </span>
    </p>
   </div>
   <div class='ocr_carea' id='block_1_99' title="bbox 2262 4691 3904 4789">
    <p class='ocr_par' dir='ltr' id='par_1_99' title="bbox 2262 4705 3904 4781">
     <span class='ocr_line' id='line_1_100' title="bbox 2262 4705 3904 4781; baseline 0.002 -21"><span class='ocrx_word' id='word_1_794' title='bbox 2262 4711 2352 4760; x_wconf 76' lang='grc' dir='ltr'>τῶν</span> <span class='ocrx_word' id='word_1_795' title='bbox 2409 4705 2740 4781; x_wconf 76' lang='grc' dir='ltr'>Αἰγυπτίων,</span> <span class='ocrx_word' id='word_1_796' title='bbox 2788 4707 2878 4760; x_wconf 83' lang='grc' dir='ltr'>καί</span> <span class='ocrx_word' id='word_1_797' title='bbox 2965 4712 3139 4761; x_wconf 77' lang='grc' dir='ltr'>πᾶσαν</span> <span class='ocrx_word' id='word_1_798' title='bbox 3209 4708 3309 4774; x_wconf 68' lang='grc' dir='ltr'>τήν</span> <span class='ocrx_word' id='word_1_799' title='bbox 3387 4705 3617 4780; x_wconf 71' lang='grc' dir='ltr'>δύναμιν</span> <span class='ocrx_word' id='word_1_800' title='bbox 3685 4709 3904 4763; x_wconf 69' lang='grc' dir='ltr'>αὐτῶν·</span> 
     </span>
    </p>
   </div>
   <div class='ocr_carea' id='block_1_100' title="bbox 481 4790 2138 4864">
    <p class='ocr_par' dir='ltr' id='par_1_100' title="bbox 481 4790 2138 4864">
     <span class='ocr_line' id='line_1_101' title="bbox 481 4790 2138 4864; baseline -0.001 -18"><span class='ocrx_word' id='word_1_801' title='bbox 481 4793 662 4864; x_wconf 89' lang='lat' dir='ltr'>igitur</span> <span class='ocrx_word' id='word_1_802' title='bbox 693 4791 970 4848; x_wconf 90' lang='lat' dir='ltr'>Salomon</span> <span class='ocrx_word' id='word_1_803' title='bbox 1023 4791 1142 4845; x_wconf 69' lang='lat' dir='ltr'>haec</span> <span class='ocrx_word' id='word_1_804' title='bbox 1194 4791 1460 4858; x_wconf 88' lang='lat' dir='ltr'>audiens,</span> <span class='ocrx_word' id='word_1_805' title='bbox 1495 4790 1812 4862; x_wconf 86' lang='lat' dir='ltr'>glorilicavi</span> <span class='ocrx_word' id='word_1_806' title='bbox 1847 4795 2048 4856; x_wconf 87' lang='lat' dir='ltr'>Deum,</span> <span class='ocrx_word' id='word_1_807' title='bbox 2081 4797 2138 4844; x_wconf 92' lang='lat' dir='ltr'>et</span> 
     </span>
    </p>
   </div>
   <div class='ocr_carea' id='block_1_101' title="bbox 479 4879 2134 4952">
    <p class='ocr_par' dir='ltr' id='par_1_101' title="bbox 479 4879 2134 4952">
     <span class='ocr_line' id='line_1_102' title="bbox 479 4879 2134 4952; baseline -0.002 -15"><span class='ocrx_word' id='word_1_808' title='bbox 479 4882 744 4952; x_wconf 82' lang='lat' dir='ltr'>adjuravi</span> <span class='ocrx_word' id='word_1_809' title='bbox 775 4883 1070 4936; x_wconf 67' lang='lat' dir='ltr'>daemones</span> <span class='ocrx_word' id='word_1_810' title='bbox 1119 4885 1184 4934; x_wconf 91' lang='lat' dir='ltr'>ut</span> <span class='ocrx_word' id='word_1_811' title='bbox 1235 4881 1514 4935; x_wconf 89' lang='lat' dir='ltr'>mandata</span> <span class='ocrx_word' id='word_1_812' title='bbox 1558 4897 1688 4934; x_wconf 90' lang='lat' dir='ltr'>mea</span> <span class='ocrx_word' id='word_1_813' title='bbox 1733 4895 1846 4934; x_wconf 90' lang='lat' dir='ltr'>non</span> <span class='ocrx_word' id='word_1_814' title='bbox 1879 4879 2134 4950; x_wconf 69' lang='lat' dir='ltr'>praeteri-</span> 
     </span>
    </p>
   </div>
   <div class='ocr_carea' id='block_1_102' title="bbox 477 4967 2134 5040">
    <p class='ocr_par' dir='ltr' id='par_1_102' title="bbox 477 4967 2134 5040">
     <span class='ocr_line' id='line_1_103' title="bbox 477 4967 2134 5040; baseline -0.002 -15"><span class='ocrx_word' id='word_1_815' title='bbox 477 4977 626 5038; x_wconf 90' lang='lat' dir='ltr'>rent,</span> <span class='ocrx_word' id='word_1_816' title='bbox 661 4971 762 5025; x_wconf 91' lang='lat' dir='ltr'>sed</span> <span class='ocrx_word' id='word_1_817' title='bbox 797 4973 1104 5024; x_wconf 86' lang='lat' dir='ltr'>manerent</span> <span class='ocrx_word' id='word_1_818' title='bbox 1135 4973 1436 5040; x_wconf 87' lang='lat' dir='ltr'>portantes</span> <span class='ocrx_word' id='word_1_819' title='bbox 1485 4967 1859 5036; x_wconf 86' lang='lat' dir='ltr'>columnam;</span> <span class='ocrx_word' id='word_1_820' title='bbox 1891 4973 1948 5022; x_wconf 92' lang='lat' dir='ltr'>et</span> <span class='ocrx_word' id='word_1_821' title='bbox 1970 4969 2134 5036; x_wconf 86' lang='lat' dir='ltr'>jura-</span> 
     </span>
    </p>
   </div>
   <div class='ocr_carea' id='block_1_103' title="bbox 473 5057 2132 5124">
    <p class='ocr_par' dir='ltr' id='par_1_103' title="bbox 473 5057 2132 5124">
     <span class='ocr_line' id='line_1_104' title="bbox 473 5057 2132 5124; baseline -0.002 -10"><span class='ocrx_word' id='word_1_822' title='bbox 473 5067 682 5116; x_wconf 86' lang='lat' dir='ltr'>verunt</span> <span class='ocrx_word' id='word_1_823' title='bbox 717 5059 884 5115; x_wconf 85' lang='lat' dir='ltr'>ambo</span> <span class='ocrx_word' id='word_1_824' title='bbox 919 5059 1180 5112; x_wconf 88' lang='lat' dir='ltr'>dicentes</span> <span class='ocrx_word' id='word_1_825' title='bbox 1217 5073 1230 5114; x_wconf 90' lang='lat'>:</span> <span class='ocrx_word' id='word_1_826' title='bbox 1265 5057 1418 5112; x_wconf 88' lang='lat' dir='ltr'>Vivit</span> <span class='ocrx_word' id='word_1_827' title='bbox 1469 5057 1752 5112; x_wconf 89' lang='lat' dir='ltr'>Dominus</span> <span class='ocrx_word' id='word_1_828' title='bbox 1789 5057 1938 5111; x_wconf 87' lang='lat' dir='ltr'>Deus</span> <span class='ocrx_word' id='word_1_829' title='bbox 1971 5061 2132 5124; x_wconf 84' lang='lat' dir='ltr'>tuus,</span> 
     </span>
    </p>
   </div>
   <div class='ocr_carea' id='block_1_104' title="bbox 473 5146 2132 5221">
    <p class='ocr_par' dir='ltr' id='par_1_104' title="bbox 473 5146 2132 5221">
     <span class='ocr_line' id='line_1_105' title="bbox 473 5146 2132 5221; baseline -0.004 -15"><span class='ocrx_word' id='word_1_830' title='bbox 473 5167 590 5206; x_wconf 87' lang='lat' dir='ltr'>non</span> <span class='ocrx_word' id='word_1_831' title='bbox 622 5152 986 5221; x_wconf 88' lang='lat' dir='ltr'>deponemus</span> <span class='ocrx_word' id='word_1_832' title='bbox 1011 5147 1164 5204; x_wconf 89' lang='lat' dir='ltr'>hanc</span> <span class='ocrx_word' id='word_1_833' title='bbox 1196 5147 1532 5203; x_wconf 86' lang='lat' dir='ltr'>columnam</span> <span class='ocrx_word' id='word_1_834' title='bbox 1557 5163 1744 5217; x_wconf 89' lang='lat' dir='ltr'>usque</span> <span class='ocrx_word' id='word_1_835' title='bbox 1765 5146 1836 5200; x_wconf 89' lang='lat' dir='ltr'>ad</span> <span class='ocrx_word' id='word_1_836' title='bbox 1861 5162 2132 5200; x_wconf 90' lang='lat' dir='ltr'>consum-</span> 
     </span>
    </p>
   </div>
   <div class='ocr_carea' id='block_1_105' title="bbox 475 5232 2130 5304">
    <p class='ocr_par' dir='ltr' id='par_1_105' title="bbox 475 5232 2130 5304">
     <span class='ocr_line' id='line_1_106' title="bbox 475 5232 2130 5304; baseline -0.004 -10"><span class='ocrx_word' id='word_1_837' title='bbox 475 5240 794 5294; x_wconf 85' lang='lat' dir='ltr'>mationem</span> <span class='ocrx_word' id='word_1_838' title='bbox 823 5235 1056 5304; x_wconf 71' lang='lat' dir='ltr'>szeculi;</span> <span class='ocrx_word' id='word_1_839' title='bbox 1117 5237 1164 5292; x_wconf 87' lang='lat' dir='ltr'>si</span> <span class='ocrx_word' id='word_1_840' title='bbox 1199 5241 1394 5290; x_wconf 88' lang='lat' dir='ltr'>autem</span> <span class='ocrx_word' id='word_1_841' title='bbox 1447 5235 1615 5290; x_wconf 88' lang='lat' dir='ltr'>cadat</span> <span class='ocrx_word' id='word_1_842' title='bbox 1643 5235 1783 5290; x_wconf 90' lang='lat' dir='ltr'>olim</span> <span class='ocrx_word' id='word_1_843' title='bbox 1815 5232 1966 5304; x_wconf 88' lang='lat' dir='ltr'>lapis</span> <span class='ocrx_word' id='word_1_844' title='bbox 2000 5235 2130 5302; x_wconf 89' lang='lat' dir='ltr'>iste,</span> 
     </span>
    </p>
   </div>
   <div class='ocr_carea' id='block_1_106' title="bbox 475 5325 2132 5398">
    <p class='ocr_par' dir='ltr' id='par_1_106' title="bbox 475 5325 2132 5398">
     <span class='ocr_line' id='line_1_107' title="bbox 475 5325 2132 5398; baseline -0.004 -12"><span class='ocrx_word' id='word_1_845' title='bbox 475 5339 614 5387; x_wconf 91' lang='lat' dir='ltr'>tunc</span> <span class='ocrx_word' id='word_1_846' title='bbox 644 5333 754 5386; x_wconf 88' lang='lat' dir='ltr'>erit</span> <span class='ocrx_word' id='word_1_847' title='bbox 785 5329 1219 5386; x_wconf 89' lang='lat' dir='ltr'>consummatio</span> <span class='ocrx_word' id='word_1_848' title='bbox 1245 5329 1464 5384; x_wconf 69' lang='lat' dir='ltr'>saeculi.</span> <span class='ocrx_word' id='word_1_849' title='bbox 1485 5329 1555 5382; x_wconf 88' lang='lat' dir='ltr'>Et</span> <span class='ocrx_word' id='word_1_850' title='bbox 1585 5343 1690 5398; x_wconf 90' lang='lat' dir='ltr'>ego</span> <span class='ocrx_word' id='word_1_851' title='bbox 1714 5325 1990 5382; x_wconf 90' lang='lat' dir='ltr'>Salomon</span> <span class='ocrx_word' id='word_1_852' title='bbox 2015 5325 2132 5398; x_wconf 85' lang='lat' dir='ltr'>glo-</span> 
     </span>
    </p>
   </div>
   <div class='ocr_carea' id='block_1_107' title="bbox 478 5416 2130 5490">
    <p class='ocr_par' dir='ltr' id='par_1_107' title="bbox 478 5416 2130 5490">
     <span class='ocr_line' id='line_1_108' title="bbox 478 5416 2130 5490; baseline -0.004 -14"><span class='ocrx_word' id='word_1_853' title='bbox 478 5421 696 5476; x_wconf 81' lang='lat' dir='ltr'>riticavi</span> <span class='ocrx_word' id='word_1_854' title='bbox 751 5427 961 5486; x_wconf 90' lang='lat' dir='ltr'>Deum,</span> <span class='ocrx_word' id='word_1_855' title='bbox 1013 5428 1068 5474; x_wconf 90' lang='lat' dir='ltr'>et</span> <span class='ocrx_word' id='word_1_856' title='bbox 1117 5419 1318 5474; x_wconf 88' lang='lat' dir='ltr'>ornavi</span> <span class='ocrx_word' id='word_1_857' title='bbox 1375 5417 1662 5490; x_wconf 90' lang='lat' dir='ltr'>templum</span> <span class='ocrx_word' id='word_1_858' title='bbox 1713 5416 1946 5472; x_wconf 89' lang='lat' dir='ltr'>Domini</span> <span class='ocrx_word' id='word_1_859' title='bbox 1996 5433 2130 5471; x_wconf 90' lang='lat' dir='ltr'>cum</span> 
     </span>
    </p>
   </div>
   <div class='ocr_carea' id='block_1_108' title="bbox 481 5507 2131 5577">
    <p class='ocr_par' dir='ltr' id='par_1_108' title="bbox 481 5507 2131 5577">
     <span class='ocr_line' id='line_1_109' title="bbox 481 5507 2131 5577; baseline -0.004 -11"><span class='ocrx_word' id='word_1_860' title='bbox 481 5511 642 5566; x_wconf 89' lang='lat' dir='ltr'>omni</span> <span class='ocrx_word' id='word_1_861' title='bbox 673 5511 956 5574; x_wconf 85' lang='lat' dir='ltr'>decentia,</span> <span class='ocrx_word' id='word_1_862' title='bbox 994 5515 1050 5565; x_wconf 89' lang='lat' dir='ltr'>et</span> <span class='ocrx_word' id='word_1_863' title='bbox 1079 5509 1354 5565; x_wconf 79' lang='lat' dir='ltr'>sedebam</span> <span class='ocrx_word' id='word_1_864' title='bbox 1407 5507 1544 5563; x_wconf 83' lang='lat' dir='ltr'>felix</span> <span class='ocrx_word' id='word_1_865' title='bbox 1573 5507 1628 5560; x_wconf 89' lang='lat' dir='ltr'>in</span> <span class='ocrx_word' id='word_1_866' title='bbox 1682 5523 1858 5577; x_wconf 83' lang='lat' dir='ltr'>regno</span> <span class='ocrx_word' id='word_1_867' title='bbox 1893 5522 2041 5574; x_wconf 87' lang='lat' dir='ltr'>meo,</span> <span class='ocrx_word' id='word_1_868' title='bbox 2077 5509 2131 5560; x_wconf 90' lang='lat' dir='ltr'>et</span> 
     </span>
    </p>
   </div>
   <div class='ocr_carea' id='block_1_109' title="bbox 483 5595 2130 5672">
    <p class='ocr_par' dir='ltr' id='par_1_109' title="bbox 483 5595 2130 5672">
     <span class='ocr_line' id='line_1_110' title="bbox 483 5595 2130 5672; baseline -0.003 -16"><span class='ocrx_word' id='word_1_869' title='bbox 483 5603 608 5656; x_wconf 86' lang='lat' dir='ltr'>erat</span> <span class='ocrx_word' id='word_1_870' title='bbox 655 5615 766 5672; x_wconf 86' lang='lat' dir='ltr'>pax</span> <span class='ocrx_word' id='word_1_871' title='bbox 821 5601 878 5656; x_wconf 87' lang='lat' dir='ltr'>in</span> <span class='ocrx_word' id='word_1_872' title='bbox 940 5599 1146 5656; x_wconf 83' lang='lat' dir='ltr'>diebus</span> <span class='ocrx_word' id='word_1_873' title='bbox 1205 5599 1372 5654; x_wconf 87' lang='lat' dir='ltr'>meis.</span> <span class='ocrx_word' id='word_1_874' title='bbox 1437 5601 1503 5653; x_wconf 81' lang='lat' dir='ltr'>Et</span> <span class='ocrx_word' id='word_1_875' title='bbox 1551 5595 1744 5669; x_wconf 88' lang='lat' dir='ltr'>accepi</span> <span class='ocrx_word' id='word_1_876' title='bbox 1797 5611 2005 5652; x_wconf 83' lang='lat' dir='ltr'>uxores</span> <span class='ocrx_word' id='word_1_877' title='bbox 2061 5611 2130 5652; x_wconf 86' lang='lat' dir='ltr'>ex</span> 
     </span>
    </p>
   </div>
   <div class='ocr_carea' id='block_1_110' title="bbox 2247 4793 3904 4872">
    <p class='ocr_par' dir='ltr' id='par_1_110' title="bbox 2247 4793 3904 4872">
     <span class='ocr_line' id='line_1_111' title="bbox 2247 4793 3904 4872; baseline -0.001 -22"><span class='ocrx_word' id='word_1_878' title='bbox 2247 4796 2467 4868; x_wconf 83' lang='grc' dir='ltr'>εὑρέοην</span> <span class='ocrx_word' id='word_1_879' title='bbox 2518 4793 2606 4849; x_wconf 76' lang='grc' dir='ltr'>οῦν</span> <span class='ocrx_word' id='word_1_880' title='bbox 2659 4796 2764 4872; x_wconf 84' lang='grc' dir='ltr'>ἐγὼ</span> <span class='ocrx_word' id='word_1_881' title='bbox 2813 4795 2926 4850; x_wconf 82' lang='grc' dir='ltr'>ἐκεῖ</span> <span class='ocrx_word' id='word_1_882' title='bbox 2973 4795 3062 4850; x_wconf 83' lang='grc' dir='ltr'>καὶ</span> <span class='ocrx_word' id='word_1_883' title='bbox 3113 4794 3352 4868; x_wconf 72' lang='grc' dir='ltr'>ὲκάλυψέ</span> <span class='ocrx_word' id='word_1_884' title='bbox 3399 4815 3464 4868; x_wconf 85' lang='grc' dir='ltr'>με</span> <span class='ocrx_word' id='word_1_885' title='bbox 3508 4797 3572 4850; x_wconf 84' lang='grc' dir='ltr'>τὸ</span> <span class='ocrx_word' id='word_1_886' title='bbox 3605 4794 3792 4872; x_wconf 70' lang='grc' dir='ltr'>ὕδωρ·</span> <span class='ocrx_word' id='word_1_887' title='bbox 3823 4799 3904 4852; x_wconf 71' lang='grc' dir='ltr'>καί</span> 
     </span>
    </p>
   </div>
   <div class='ocr_carea' id='block_1_111' title="bbox 2245 4883 3734 4959">
    <p class='ocr_par' dir='ltr' id='par_1_111' title="bbox 2245 4883 3734 4959">
     <span class='ocr_line' id='line_1_112' title="bbox 2245 4883 3734 4959; baseline 0.001 -21"><span class='ocrx_word' id='word_1_888' title='bbox 2245 4883 2430 4956; x_wconf 83' lang='grc' dir='ltr'>ἔμεινα</span> <span class='ocrx_word' id='word_1_889' title='bbox 2487 4884 2538 4938; x_wconf 82' lang='grc' dir='ltr'>ἐν</span> <span class='ocrx_word' id='word_1_890' title='bbox 2593 4883 2662 4959; x_wconf 74' lang='grc' dir='ltr'>τῇ</span> <span class='ocrx_word' id='word_1_891' title='bbox 2731 4883 2974 4959; x_wconf 79' lang='grc' dir='ltr'>θαλάσσῃ</span> <span class='ocrx_word' id='word_1_892' title='bbox 3049 4885 3393 4958; x_wconf 81' lang='grc' dir='ltr'>τηρούμενος</span> <span class='ocrx_word' id='word_1_893' title='bbox 3471 4887 3734 4941; x_wconf 67' lang='grc' dir='ltr'>ὑποκάτω</span> 
     </span>
    </p>
   </div>
   <div class='ocr_carea' id='block_1_112' title="bbox 2241 4971 3904 5050">
    <p class='ocr_par' dir='ltr' id='par_1_112' title="bbox 2241 4971 3904 5050">
     <span class='ocr_line' id='line_1_113' title="bbox 2241 4971 3904 5050; baseline 0.001 -24"><span class='ocrx_word' id='word_1_894' title='bbox 2241 4973 2418 5036; x_wconf 67' lang='grc' dir='ltr'>κίονος</span> <span class='ocrx_word' id='word_1_895' title='bbox 2487 4973 2704 5029; x_wconf 73' lang='grc' dir='ltr'>τούτου.</span> <span class='ocrx_word' id='word_1_896' title='bbox 2766 4973 2852 5035; x_wconf 83' lang='grc' dir='ltr'>Ὡς</span> <span class='ocrx_word' id='word_1_897' title='bbox 2925 4971 2982 5028; x_wconf 72' lang='grc' dir='ltr'>δὲ</span> <span class='ocrx_word' id='word_1_898' title='bbox 3052 4971 3221 5042; x_wconf 77' lang='grc' dir='ltr'>ἦλθεν</span> <span class='ocrx_word' id='word_1_899' title='bbox 3283 4975 3572 5048; x_wconf 73' lang='grc' dir='ltr'>Ἐφιππᾰς,</span> <span class='ocrx_word' id='word_1_900' title='bbox 3633 4977 3904 5050; x_wconf 52' lang='lat' dir='ltr'>tau-.3952:</span> 
     </span>
    </p>
   </div>
   <div class='ocr_carea' id='block_1_113' title="bbox 2241 5059 3902 5136">
    <p class='ocr_par' dir='ltr' id='par_1_113' title="bbox 2241 5059 3902 5136">
     <span class='ocr_line' id='line_1_114' title="bbox 2241 5059 3902 5136; baseline 0.001 -22"><span class='ocrx_word' id='word_1_901' title='bbox 2241 5061 2388 5136; x_wconf 81' lang='grc' dir='ltr'>παρὰ</span> <span class='ocrx_word' id='word_1_902' title='bbox 2445 5065 2540 5116; x_wconf 86' lang='grc' dir='ltr'>σοῦ</span> <span class='ocrx_word' id='word_1_903' title='bbox 2601 5059 2651 5116; x_wconf 85' lang='grc' dir='ltr'>ἐν</span> <span class='ocrx_word' id='word_1_904' title='bbox 2713 5061 2920 5136; x_wconf 74' lang='grc' dir='ltr'>ἀγγείῳ</span> <span class='ocrx_word' id='word_1_905' title='bbox 2966 5061 3133 5116; x_wconf 82' lang='grc' dir='ltr'>ἀσκοῦ</span> <span class='ocrx_word' id='word_1_906' title='bbox 3195 5059 3546 5134; x_wconf 70' lang='grc' dir='ltr'>ἐγκλεισθεὶς,</span> <span class='ocrx_word' id='word_1_907' title='bbox 3575 5063 3668 5116; x_wconf 80' lang='grc' dir='ltr'>καὶ</span> <span class='ocrx_word' id='word_1_908' title='bbox 3731 5059 3902 5118; x_wconf 52' lang='lat' dir='ltr'>suae.</span> 
     </span>
    </p>
   </div>
   <div class='ocr_carea' id='block_1_114' title="bbox 2243 5145 3902 5226">
    <p class='ocr_par' dir='ltr' id='par_1_114' title="bbox 2243 5145 3902 5226">
     <span class='ocr_line' id='line_1_115' title="bbox 2243 5145 3902 5226; baseline 0.002 -23"><span class='ocrx_word' id='word_1_909' title='bbox 2243 5145 2372 5204; x_wconf 72' lang='grc' dir='ltr'>ϐασέ</span> <span class='ocrx_word' id='word_1_910' title='bbox 2407 5171 2472 5222; x_wconf 90' lang='grc' dir='ltr'>με</span> <span class='ocrx_word' id='word_1_911' title='bbox 2497 5151 2633 5226; x_wconf 87' lang='grc' dir='ltr'>πρὸς</span> <span class='ocrx_word' id='word_1_912' title='bbox 2671 5151 2748 5206; x_wconf 79' lang='grc' dir='ltr'>σέ.</span> <span class='ocrx_word' id='word_1_913' title='bbox 2783 5150 2944 5224; x_wconf 82' lang='grc' dir='ltr'>Κάγὼ</span> <span class='ocrx_word' id='word_1_914' title='bbox 2997 5147 3088 5204; x_wconf 79' lang='grc' dir='ltr'>οὖν</span> <span class='ocrx_word' id='word_1_915' title='bbox 3145 5148 3414 5224; x_wconf 80' lang='grc' dir='ltr'>Σολομῶν</span> <span class='ocrx_word' id='word_1_916' title='bbox 3461 5151 3696 5214; x_wconf 68' lang='grc' dir='ltr'>ἀκούσας</span> <span class='ocrx_word' id='word_1_917' title='bbox 3737 5159 3902 5208; x_wconf 71' lang='grc' dir='ltr'>ταῦτα</span> 
     </span>
    </p>
   </div>
   <div class='ocr_carea' id='block_1_115' title="bbox 2243 5236 3900 5315">
    <p class='ocr_par' dir='ltr' id='par_1_115' title="bbox 2243 5236 3900 5315">
     <span class='ocr_line' id='line_1_116' title="bbox 2243 5236 3900 5315; baseline 0.002 -23"><span class='ocrx_word' id='word_1_918' title='bbox 2243 5236 2466 5309; x_wconf 77' lang='grc' dir='ltr'>ἐδόξασα</span> <span class='ocrx_word' id='word_1_919' title='bbox 2519 5240 2610 5294; x_wconf 87' lang='grc' dir='ltr'>τὸν</span> <span class='ocrx_word' id='word_1_920' title='bbox 2663 5239 2810 5310; x_wconf 79' lang='grc' dir='ltr'>Θεὸν,</span> <span class='ocrx_word' id='word_1_921' title='bbox 2853 5241 2942 5293; x_wconf 80' lang='grc' dir='ltr'>καὶ</span> <span class='ocrx_word' id='word_1_922' title='bbox 2994 5237 3200 5315; x_wconf 83' lang='grc' dir='ltr'>ὥρκισα</span> <span class='ocrx_word' id='word_1_923' title='bbox 3247 5239 3374 5301; x_wconf 74' lang='grc' dir='ltr'>τοὺς</span> <span class='ocrx_word' id='word_1_924' title='bbox 3425 5237 3716 5312; x_wconf 68' lang='grc' dir='ltr'>δαίμονας,</span> <span class='ocrx_word' id='word_1_925' title='bbox 3769 5243 3900 5296; x_wconf 71' lang='grc' dir='ltr'>ὥστε</span> 
     </span>
    </p>
   </div>
   <div class='ocr_carea' id='block_1_116' title="bbox 2397 5326 3170 5402">
    <p class='ocr_par' dir='ltr' id='par_1_116' title="bbox 2397 5326 3170 5402">
     <span class='ocr_line' id='line_1_117' title="bbox 2397 5326 3170 5402; baseline 0.001 -20"><span class='ocrx_word' id='word_1_926' title='bbox 2397 5327 2730 5402; x_wconf 78' lang='grc' dir='ltr'>παρακοῦσαί</span> <span class='ocrx_word' id='word_1_927' title='bbox 2811 5349 2914 5401; x_wconf 87' lang='grc' dir='ltr'>μου</span> <span class='ocrx_word' id='word_1_928' title='bbox 2947 5375 2964 5402; x_wconf 73' lang='grc'>,</span> <span class='ocrx_word' id='word_1_929' title='bbox 3022 5326 3170 5383; x_wconf 83' lang='grc' dir='ltr'>ἀλλά</span> 
     </span>
    </p>
   </div>
   <div class='ocr_carea' id='block_1_117' title="bbox 3817 4891 3906 4940">
    <p class='ocr_par' dir='ltr' id='par_1_117' title="bbox 3817 4891 3906 4940">
     <span class='ocr_line' id='line_1_118' title="bbox 3817 4891 3906 4940; baseline -0.011 0"><span class='ocrx_word' id='word_1_930' title='bbox 3817 4891 3906 4940; x_wconf 62' lang='grc' dir='ltr'>τοῦ</span> 
     </span>
    </p>
   </div>
   <div class='ocr_carea' id='block_1_118' title="bbox 2247 5329 3898 5404">
    <p class='ocr_par' dir='ltr' id='par_1_118' title="bbox 2247 5329 3898 5404">
     <span class='ocr_line' id='line_1_119' title="bbox 2247 5329 3898 5404; baseline 0.004 -24"><span class='ocrx_word' id='word_1_931' title='bbox 2247 5329 2321 5400; x_wconf 71' lang='grc' dir='ltr'>μή</span> <span class='ocrx_word' id='word_1_932' title='bbox 2397 5329 2730 5402; x_wconf 78' lang='grc' dir='ltr'>παρακοῦσαί</span> <span class='ocrx_word' id='word_1_933' title='bbox 2811 5349 2964 5402; x_wconf 74' lang='grc' dir='ltr'>μου,</span> <span class='ocrx_word' id='word_1_934' title='bbox 3022 5329 3170 5383; x_wconf 71' lang='grc' dir='ltr'>ἀλλὰ</span> <span class='ocrx_word' id='word_1_935' title='bbox 3261 5334 3440 5402; x_wconf 86' lang='grc' dir='ltr'>μεῖναι</span> <span class='ocrx_word' id='word_1_936' title='bbox 3537 5331 3898 5404; x_wconf 70' lang='grc' dir='ltr'>βαστάζοντας</span> 
     </span>
    </p>
   </div>
   <div class='ocr_carea' id='block_1_119' title="bbox 2239 5411 3896 5494">
    <p class='ocr_par' dir='ltr' id='par_1_119' title="bbox 2239 5411 3896 5494">
     <span class='ocr_line' id='line_1_120' title="bbox 2239 5411 3896 5494; baseline 0 -24"><span class='ocrx_word' id='word_1_937' title='bbox 2239 5419 2337 5484; x_wconf 70' lang='grc' dir='ltr'>τήν</span> <span class='ocrx_word' id='word_1_938' title='bbox 2383 5415 2555 5471; x_wconf 79' lang='grc' dir='ltr'>κίονα·</span> <span class='ocrx_word' id='word_1_939' title='bbox 2589 5416 2678 5471; x_wconf 83' lang='grc' dir='ltr'>καὶ</span> <span class='ocrx_word' id='word_1_940' title='bbox 2729 5411 2947 5489; x_wconf 77' lang='grc' dir='ltr'>ὤμοσαν</span> <span class='ocrx_word' id='word_1_941' title='bbox 2999 5415 3300 5494; x_wconf 77' lang='grc' dir='ltr'>ἀμφότεροι</span> <span class='ocrx_word' id='word_1_942' title='bbox 3349 5415 3634 5493; x_wconf 63' lang='grc' dir='ltr'>λέγοντες·</span> <span class='ocrx_word' id='word_1_943' title='bbox 3803 5419 3896 5474; x_wconf 58' lang='lat' dir='ltr'>lii—</span> 
     </span>
    </p>
   </div>
   <div class='ocr_carea' id='block_1_120' title="bbox 2241 5504 3894 5580">
    <p class='ocr_par' dir='ltr' id='par_1_120' title="bbox 2241 5504 3894 5580">
     <span class='ocr_line' id='line_1_121' title="bbox 2241 5504 3894 5580; baseline -0.001 -22"><span class='ocrx_word' id='word_1_944' title='bbox 2241 5526 2356 5580; x_wconf 85' lang='grc' dir='ltr'>ριος</span> <span class='ocrx_word' id='word_1_945' title='bbox 2387 5507 2414 5560; x_wconf 87' lang='grc' dir='ltr'>ὁ</span> <span class='ocrx_word' id='word_1_946' title='bbox 2447 5507 2576 5567; x_wconf 83' lang='grc' dir='ltr'>Θεός</span> <span class='ocrx_word' id='word_1_947' title='bbox 2627 5527 2742 5574; x_wconf 88' lang='grc' dir='ltr'>σου,</span> <span class='ocrx_word' id='word_1_948' title='bbox 2777 5505 2838 5560; x_wconf 74' lang='grc' dir='ltr'>οὐ</span> <span class='ocrx_word' id='word_1_949' title='bbox 2893 5507 2968 5580; x_wconf 80' lang='grc' dir='ltr'><strong>μή</strong></span> <span class='ocrx_word' id='word_1_950' title='bbox 3025 5504 3356 5577; x_wconf 79' lang='grc' dir='ltr'>ἀποθώμεθα</span> <span class='ocrx_word' id='word_1_951' title='bbox 3381 5507 3502 5578; x_wconf 78' lang='lat' dir='ltr'>(sic)</span> <span class='ocrx_word' id='word_1_952' title='bbox 3553 5507 3647 5560; x_wconf 82' lang='grc' dir='ltr'>τὸν</span> <span class='ocrx_word' id='word_1_953' title='bbox 3699 5507 3894 5562; x_wconf 67' lang='grc' dir='ltr'>στῦλιιν</span> 
     </span>
    </p>
   </div>
   <div class='ocr_carea' id='block_1_121' title="bbox 2237 5591 3890 5670">
    <p class='ocr_par' dir='ltr' id='par_1_121' title="bbox 2237 5591 3890 5670">
     <span class='ocr_line' id='line_1_122' title="bbox 2237 5591 3890 5670; baseline -0.001 -20"><span class='ocrx_word' id='word_1_954' title='bbox 2237 5598 2426 5650; x_wconf 85' lang='grc' dir='ltr'>τοῦτον</span> <span class='ocrx_word' id='word_1_955' title='bbox 2486 5591 2590 5658; x_wconf 77' lang='grc' dir='ltr'>ἕως</span> <span class='ocrx_word' id='word_1_956' title='bbox 2644 5601 2742 5666; x_wconf 83' lang='grc' dir='ltr'>τῆς</span> <span class='ocrx_word' id='word_1_957' title='bbox 2819 5593 3126 5658; x_wconf 81' lang='grc' dir='ltr'>συντελείας</span> <span class='ocrx_word' id='word_1_958' title='bbox 3193 5597 3290 5650; x_wconf 86' lang='grc' dir='ltr'>τοῦ</span> <span class='ocrx_word' id='word_1_959' title='bbox 3347 5593 3582 5660; x_wconf 68' lang='grc' dir='ltr'>αἰῶνος·</span> <span class='ocrx_word' id='word_1_960' title='bbox 3737 5595 3786 5654; x_wconf 75' lang='grc' dir='ltr'>δ’</span> <span class='ocrx_word' id='word_1_961' title='bbox 3831 5596 3890 5652; x_wconf 73' lang='grc' dir='ltr'>ἓν</span> 
     </span>
    </p>
   </div>
  </div>
