  <div class='ocr_page' id='page_1' title='image "/cluster/home/n/w/nwhite01/storage/ocr_20150623/122/hvd.32044073502452/688.png"; bbox 0 0 4046 6338; ppageno 0'>
   <div class='ocr_carea' id='block_1_1' title="bbox 151 310 310 370">
    <p class='ocr_par' dir='ltr' id='par_1_1' title="bbox 151 310 310 370">
     <span class='ocr_line' id='line_1_1' title="bbox 151 310 310 370; baseline 0.019 -3"><span class='ocrx_word' id='word_1_1' title='bbox 151 311 179 367; x_wconf 73' lang='grc'><strong>1</strong></span> <span class='ocrx_word' id='word_1_2' title='bbox 194 310 310 370; x_wconf 78' lang='grc'>357</span> 
     </span>
    </p>
   </div>
   <div class='ocr_carea' id='block_1_2' title="bbox 1345 310 2377 375">
    <p class='ocr_par' dir='ltr' id='par_1_2' title="bbox 1345 310 2377 375">
     <span class='ocr_line' id='line_1_2' title="bbox 1345 310 2377 375; baseline 0 -3"><span class='ocrx_word' id='word_1_3' title='bbox 1345 310 1608 373; x_wconf 83' lang='lat' dir='ltr'><strong>ADDEN</strong></span> <span class='ocrx_word' id='word_1_4' title='bbox 1621 313 1722 372; x_wconf 85' lang='lat' dir='ltr'>DA</span> <span class='ocrx_word' id='word_1_5' title='bbox 1764 311 1866 372; x_wconf 83' lang='lat' dir='ltr'>AD</span> <span class='ocrx_word' id='word_1_6' title='bbox 1912 312 2377 375; x_wconf 78' lang='lat' dir='ltr'>CEDRENUM.</span> 
     </span>
    </p>
   </div>
   <div class='ocr_carea' id='block_1_3' title="bbox 3410 314 3572 379">
    <p class='ocr_par' dir='ltr' id='par_1_3' title="bbox 3410 314 3572 379">
     <span class='ocr_line' id='line_1_3' title="bbox 3410 314 3572 379; baseline 0.019 -3"><span class='ocrx_word' id='word_1_7' title='bbox 3410 314 3572 379; x_wconf 78' lang='grc'><strong>1358</strong></span> 
     </span>
    </p>
   </div>
   <div class='ocr_carea' id='block_1_4' title="bbox 141 437 1790 520">
    <p class='ocr_par' dir='ltr' id='par_1_4' title="bbox 141 437 1790 517">
     <span class='ocr_line' id='line_1_4' title="bbox 141 437 1790 517; baseline -0.001 -20"><span class='ocrx_word' id='word_1_8' title='bbox 141 441 327 515; x_wconf 80' lang='grc' dir='ltr'>ἡμέρᾳ</span> <span class='ocrx_word' id='word_1_9' title='bbox 374 442 511 517; x_wconf 81' lang='grc' dir='ltr'>πέσῃ</span> <span class='ocrx_word' id='word_1_10' title='bbox 564 443 593 498; x_wconf 99' lang='lat'>6</span> <span class='ocrx_word' id='word_1_11' title='bbox 651 439 805 507; x_wconf 88' lang='grc' dir='ltr'>λίθος</span> <span class='ocrx_word' id='word_1_12' title='bbox 859 442 1041 510; x_wconf 77' lang='grc' dir='ltr'>οὗτος,</span> <span class='ocrx_word' id='word_1_13' title='bbox 1070 441 1193 497; x_wconf 87' lang='grc' dir='ltr'>τότε</span> <span class='ocrx_word' id='word_1_14' title='bbox 1249 437 1396 498; x_wconf 82' lang='grc' dir='ltr'>ἔσται</span> <span class='ocrx_word' id='word_1_15' title='bbox 1454 446 1488 513; x_wconf 80' lang='grc' dir='ltr'><strong>ἡ</strong></span> <span class='ocrx_word' id='word_1_16' title='bbox 1521 441 1790 498; x_wconf 73' lang='grc' dir='ltr'>συντέλεια</span> 
     </span>
    </p>
   </div>
   <div class='ocr_carea' id='block_1_5' title="bbox 1901 437 3574 520">
    <p class='ocr_par' dir='ltr' id='par_1_5' title="bbox 1915 445 3574 520">
     <span class='ocr_line' id='line_1_5' title="bbox 1915 445 3574 520; baseline 0.004 -19"><span class='ocrx_word' id='word_1_17' title='bbox 1915 445 2076 502; x_wconf 92' lang='lat' dir='ltr'>omni</span> <span class='ocrx_word' id='word_1_18' title='bbox 2110 447 2366 520; x_wconf 83' lang='lat' dir='ltr'>regione,</span> <span class='ocrx_word' id='word_1_19' title='bbox 2400 462 2652 520; x_wconf 90' lang='lat' dir='ltr'>quarum</span> <span class='ocrx_word' id='word_1_20' title='bbox 2685 464 2801 503; x_wconf 89' lang='lat' dir='ltr'>non</span> <span class='ocrx_word' id='word_1_21' title='bbox 2850 450 2977 504; x_wconf 87' lang='lat' dir='ltr'>erat</span> <span class='ocrx_word' id='word_1_22' title='bbox 3008 463 3333 517; x_wconf 86' lang='lat' dir='ltr'>numerus;</span> <span class='ocrx_word' id='word_1_23' title='bbox 3366 451 3424 505; x_wconf 88' lang='lat' dir='ltr'>et</span> <span class='ocrx_word' id='word_1_24' title='bbox 3454 449 3574 507; x_wconf 84' lang='lat' dir='ltr'>abii</span> 
     </span>
    </p>
   </div>
   <div class='ocr_carea' id='block_1_6' title="bbox 138 526 1801 607">
    <p class='ocr_par' dir='ltr' id='par_1_6' title="bbox 138 526 1801 607">
     <span class='ocr_line' id='line_1_6' title="bbox 138 526 1801 607; baseline 0.001 -22"><span class='ocrx_word' id='word_1_25' title='bbox 138 534 241 585; x_wconf 74' lang='grc' dir='ltr'>τοῦ</span> <span class='ocrx_word' id='word_1_26' title='bbox 272 530 484 595; x_wconf 75' lang='grc' dir='ltr'>αἰῶνος.</span> <span class='ocrx_word' id='word_1_27' title='bbox 547 531 710 607; x_wconf 75' lang='grc' dir='ltr'>Κᾶγὼ</span> <span class='ocrx_word' id='word_1_28' title='bbox 764 528 1034 605; x_wconf 88' lang='grc' dir='ltr'>Σολομῶν</span> <span class='ocrx_word' id='word_1_29' title='bbox 1088 526 1312 605; x_wconf 81' lang='grc' dir='ltr'>ἐδόξασα</span> <span class='ocrx_word' id='word_1_30' title='bbox 1367 532 1458 587; x_wconf 83' lang='grc' dir='ltr'>τὸν</span> <span class='ocrx_word' id='word_1_31' title='bbox 1491 531 1650 605; x_wconf 80' lang='grc' dir='ltr'>Θεὸν,</span> <span class='ocrx_word' id='word_1_32' title='bbox 1709 532 1801 587; x_wconf 85' lang='grc' dir='ltr'>καὶ</span> 
     </span>
    </p>
   </div>
   <div class='ocr_carea' id='block_1_7' title="bbox 139 617 1800 697">
    <p class='ocr_par' dir='ltr' id='par_1_7' title="bbox 139 617 1800 697">
     <span class='ocr_line' id='line_1_7' title="bbox 139 617 1800 697; baseline 0.001 -24"><span class='ocrx_word' id='word_1_33' title='bbox 139 617 428 692; x_wconf 76' lang='grc' dir='ltr'>ἐκόσμησα</span> <span class='ocrx_word' id='word_1_34' title='bbox 475 621 566 675; x_wconf 88' lang='grc' dir='ltr'>τὸν</span> <span class='ocrx_word' id='word_1_35' title='bbox 619 619 744 676; x_wconf 84' lang='grc' dir='ltr'>ναὸν</span> <span class='ocrx_word' id='word_1_36' title='bbox 772 624 868 675; x_wconf 79' lang='grc' dir='ltr'>τοῦ</span> <span class='ocrx_word' id='word_1_37' title='bbox 900 621 1106 695; x_wconf 84' lang='grc' dir='ltr'>Κυρίου</span> <span class='ocrx_word' id='word_1_38' title='bbox 1155 622 1303 697; x_wconf 76' lang='grc' dir='ltr'>πάσῃ</span> <span class='ocrx_word' id='word_1_39' title='bbox 1336 619 1648 696; x_wconf 76' lang='grc' dir='ltr'>εὐπρεπείᾳ·</span> <span class='ocrx_word' id='word_1_40' title='bbox 1709 620 1800 676; x_wconf 85' lang='grc' dir='ltr'>καὶ</span> 
     </span>
    </p>
   </div>
   <div class='ocr_carea' id='block_1_8' title="bbox 138 704 1797 785">
    <p class='ocr_par' dir='ltr' id='par_1_8' title="bbox 138 704 1797 785">
     <span class='ocr_line' id='line_1_8' title="bbox 138 704 1797 785; baseline 0.002 -23"><span class='ocrx_word' id='word_1_41' title='bbox 138 704 297 781; x_wconf 77' lang='grc' dir='ltr'>ἤμην</span> <span class='ocrx_word' id='word_1_42' title='bbox 350 709 598 782; x_wconf 80' lang='grc' dir='ltr'>εὐθυμῶν</span> <span class='ocrx_word' id='word_1_43' title='bbox 661 708 713 764; x_wconf 77' lang='grc' dir='ltr'>έν</span> <span class='ocrx_word' id='word_1_44' title='bbox 771 712 839 784; x_wconf 83' lang='grc' dir='ltr'>τῇ</span> <span class='ocrx_word' id='word_1_45' title='bbox 902 708 1150 785; x_wconf 76' lang='grc' dir='ltr'>βασιλείᾳ</span> <span class='ocrx_word' id='word_1_46' title='bbox 1204 728 1330 783; x_wconf 81' lang='grc' dir='ltr'>μου’</span> <span class='ocrx_word' id='word_1_47' title='bbox 1390 711 1480 765; x_wconf 84' lang='grc' dir='ltr'>καὶ</span> <span class='ocrx_word' id='word_1_48' title='bbox 1524 709 1710 785; x_wconf 75' lang='grc' dir='ltr'>εἰρήνη</span> <span class='ocrx_word' id='word_1_49' title='bbox 1744 708 1797 765; x_wconf 77' lang='grc' dir='ltr'>ἐν</span> 
     </span>
    </p>
   </div>
   <div class='ocr_carea' id='block_1_9' title="bbox 139 796 1801 876">
    <p class='ocr_par' dir='ltr' id='par_1_9' title="bbox 139 796 1801 876">
     <span class='ocr_line' id='line_1_9' title="bbox 139 796 1801 876; baseline 0.001 -22"><span class='ocrx_word' id='word_1_50' title='bbox 139 805 261 861; x_wconf 88' lang='grc' dir='ltr'>ταῖς</span> <span class='ocrx_word' id='word_1_51' title='bbox 316 800 551 876; x_wconf 56' lang='grc' dir='ltr'>⁴ἡμέραις</span> <span class='ocrx_word' id='word_1_52' title='bbox 608 821 713 873; x_wconf 87' lang='grc' dir='ltr'>μου</span> <span class='ocrx_word' id='word_1_53' title='bbox 749 843 761 856; x_wconf 91' lang='grc'><strong>.</strong></span> <span class='ocrx_word' id='word_1_54' title='bbox 842 801 937 855; x_wconf 76' lang='grc' dir='ltr'>Καὶ</span> <span class='ocrx_word' id='word_1_55' title='bbox 996 796 1193 857; x_wconf 74' lang='grc' dir='ltr'>ἔλαϐον</span> <span class='ocrx_word' id='word_1_56' title='bbox 1253 807 1508 876; x_wconf 85' lang='grc' dir='ltr'>γυναῖκας</span> <span class='ocrx_word' id='word_1_57' title='bbox 1562 802 1801 875; x_wconf 76' lang='grc' dir='ltr'>ἐμαυτοῦ</span> 
     </span>
    </p>
   </div>
   <div class='ocr_carea' id='block_1_10' title="bbox 141 889 1796 966">
    <p class='ocr_par' dir='ltr' id='par_1_10' title="bbox 141 889 1796 966">
     <span class='ocr_line' id='line_1_10' title="bbox 141 889 1796 966; baseline 0.002 -23"><span class='ocrx_word' id='word_1_58' title='bbox 141 889 250 943; x_wconf 86' lang='grc' dir='ltr'>ἀπὸ</span> <span class='ocrx_word' id='word_1_59' title='bbox 281 891 461 959; x_wconf 75' lang='grc' dir='ltr'>πάσης</span> <span class='ocrx_word' id='word_1_60' title='bbox 489 890 697 965; x_wconf 84' lang='grc' dir='ltr'>χώρας,</span> <span class='ocrx_word' id='word_1_61' title='bbox 730 891 803 944; x_wconf 86' lang='grc' dir='ltr'>ὧν</span> <span class='ocrx_word' id='word_1_62' title='bbox 837 889 937 945; x_wconf 77' lang='grc' dir='ltr'>οὐκ</span> <span class='ocrx_word' id='word_1_63' title='bbox 963 893 1026 959; x_wconf 72' lang='grc' dir='ltr'>ἦν</span> <span class='ocrx_word' id='word_1_64' title='bbox 1069 891 1320 966; x_wconf 76' lang='grc' dir='ltr'>ἀριθμὸς,</span> <span class='ocrx_word' id='word_1_65' title='bbox 1361 891 1450 947; x_wconf 65' lang='grc' dir='ltr'>καὶ</span> <span class='ocrx_word' id='word_1_66' title='bbox 1496 890 1796 965; x_wconf 73' lang='grc' dir='ltr'>ἐπορεύθην</span> 
     </span>
    </p>
   </div>
   <div class='ocr_carea' id='block_1_11' title="bbox 139 973 1799 1056">
    <p class='ocr_par' dir='ltr' id='par_1_11' title="bbox 139 973 1799 1056">
     <span class='ocr_line' id='line_1_11' title="bbox 139 973 1799 1056; baseline 0.001 -24"><span class='ocrx_word' id='word_1_67' title='bbox 139 978 282 1053; x_wconf 79' lang='grc' dir='ltr'>πρὸς</span> <span class='ocrx_word' id='word_1_68' title='bbox 356 979 446 1033; x_wconf 85' lang='grc' dir='ltr'>τὸν</span> <span class='ocrx_word' id='word_1_69' title='bbox 519 973 909 1047; x_wconf 73' lang='grc' dir='ltr'>Ἱεῦουσσαῖον,</span> <span class='ocrx_word' id='word_1_70' title='bbox 993 982 1083 1034; x_wconf 77' lang='grc' dir='ltr'>καὶ</span> <span class='ocrx_word' id='word_1_71' title='bbox 1153 977 1285 1034; x_wconf 86' lang='grc' dir='ltr'>ἷδῶν</span> <span class='ocrx_word' id='word_1_72' title='bbox 1358 979 1468 1034; x_wconf 81' lang='grc' dir='ltr'>ἐκεῖ</span> <span class='ocrx_word' id='word_1_73' title='bbox 1531 982 1799 1056; x_wconf 90' lang='grc' dir='ltr'>θυγατέρα</span> 
     </span>
    </p>
   </div>
   <div class='ocr_carea' id='block_1_12' title="bbox 142 1061 1794 1145">
    <p class='ocr_par' dir='ltr' id='par_1_12' title="bbox 142 1061 1794 1145">
     <span class='ocr_line' id='line_1_12' title="bbox 142 1061 1794 1145; baseline 0.001 -25"><span class='ocrx_word' id='word_1_74' title='bbox 142 1067 431 1143; x_wconf 76' lang='grc' dir='ltr'>ἀνθρώπου</span> <span class='ocrx_word' id='word_1_75' title='bbox 496 1061 856 1124; x_wconf 78' lang='grc' dir='ltr'>Ἰεϐουσσάίαν</span> <span class='ocrx_word' id='word_1_76' title='bbox 892 1113 907 1139; x_wconf 84' lang='grc'><strong><em>,</em></strong></span> <span class='ocrx_word' id='word_1_77' title='bbox 977 1067 1241 1142; x_wconf 81' lang='grc' dir='ltr'>ἠγάπησα</span> <span class='ocrx_word' id='word_1_78' title='bbox 1300 1068 1466 1138; x_wconf 76' lang='grc' dir='ltr'>αὐτὴν</span> <span class='ocrx_word' id='word_1_79' title='bbox 1539 1066 1745 1145; x_wconf 69' lang='grc' dir='ltr'>σφόδρα</span> <span class='ocrx_word' id='word_1_80' title='bbox 1780 1110 1794 1137; x_wconf 86' lang='grc'><em>,</em></span> 
     </span>
    </p>
   </div>
   <div class='ocr_carea' id='block_1_13' title="bbox 137 1152 1796 1232">
    <p class='ocr_par' dir='ltr' id='par_1_13' title="bbox 137 1152 1796 1232">
     <span class='ocr_line' id='line_1_13' title="bbox 137 1152 1796 1232; baseline 0.001 -22"><span class='ocrx_word' id='word_1_81' title='bbox 137 1158 231 1210; x_wconf 83' lang='grc' dir='ltr'>καὶ</span> <span class='ocrx_word' id='word_1_82' title='bbox 299 1152 629 1231; x_wconf 71' lang='grc' dir='ltr'>ἠϐουλόμην</span> <span class='ocrx_word' id='word_1_83' title='bbox 708 1154 952 1229; x_wconf 78' lang='grc' dir='ltr'>δέξασθαι</span> <span class='ocrx_word' id='word_1_84' title='bbox 1022 1157 1189 1227; x_wconf 72' lang='grc' dir='ltr'>αὐτὴν</span> <span class='ocrx_word' id='word_1_85' title='bbox 1255 1159 1388 1230; x_wconf 80' lang='grc' dir='ltr'>μετά</span> <span class='ocrx_word' id='word_1_86' title='bbox 1443 1164 1562 1221; x_wconf 86' lang='grc' dir='ltr'>ταῖς</span> <span class='ocrx_word' id='word_1_87' title='bbox 1588 1156 1796 1232; x_wconf 83' lang='grc' dir='ltr'>γυναιξί</span> 
     </span>
    </p>
   </div>
   <div class='ocr_carea' id='block_1_14' title="bbox 142 1246 1795 1324">
    <p class='ocr_par' dir='ltr' id='par_1_14' title="bbox 142 1246 1795 1324">
     <span class='ocr_line' id='line_1_14' title="bbox 142 1246 1795 1324; baseline 0.001 -24"><span class='ocrx_word' id='word_1_88' title='bbox 142 1268 253 1318; x_wconf 87' lang='grc' dir='ltr'>μου</span> <span class='ocrx_word' id='word_1_89' title='bbox 285 1249 407 1319; x_wconf 74' lang='lat' dir='ltr'>(sic)</span> <span class='ocrx_word' id='word_1_90' title='bbox 438 1246 515 1309; x_wconf 69' lang='grc' dir='ltr'>εἷς</span> <span class='ocrx_word' id='word_1_91' title='bbox 545 1252 790 1323; x_wconf 84' lang='grc' dir='ltr'>γυναῖκα.</span> <span class='ocrx_word' id='word_1_92' title='bbox 851 1248 947 1303; x_wconf 83' lang='grc' dir='ltr'>Καὶ</span> <span class='ocrx_word' id='word_1_93' title='bbox 1005 1247 1152 1303; x_wconf 79' lang='grc' dir='ltr'>εἶπον</span> <span class='ocrx_word' id='word_1_94' title='bbox 1185 1248 1321 1324; x_wconf 88' lang='grc' dir='ltr'>πρὸς</span> <span class='ocrx_word' id='word_1_95' title='bbox 1347 1246 1475 1310; x_wconf 75' lang='grc' dir='ltr'>τοὺς</span> <span class='ocrx_word' id='word_1_96' title='bbox 1506 1248 1670 1323; x_wconf 79' lang='grc' dir='ltr'>ἱερεῖς</span> <span class='ocrx_word' id='word_1_97' title='bbox 1700 1247 1795 1301; x_wconf 79' lang='grc' dir='ltr'>αὐ-</span> 
     </span>
    </p>
   </div>
   <div class='ocr_carea' id='block_1_15' title="bbox 135 1335 1795 1412">
    <p class='ocr_par' dir='ltr' id='par_1_15' title="bbox 135 1335 1795 1412">
     <span class='ocr_line' id='line_1_15' title="bbox 135 1335 1795 1412; baseline 0.001 -22"><span class='ocrx_word' id='word_1_98' title='bbox 135 1340 271 1390; x_wconf 61' lang='grc' dir='ltr'>τῶν</span> <span class='ocrx_word' id='word_1_99' title='bbox 302 1336 433 1391; x_wconf 87' lang='grc' dir='ltr'>Δότε</span> <span class='ocrx_word' id='word_1_100' title='bbox 463 1357 557 1408; x_wconf 89' lang='grc' dir='ltr'>μοι</span> <span class='ocrx_word' id='word_1_101' title='bbox 588 1336 689 1403; x_wconf 81' lang='grc' dir='ltr'>τήν</span> <span class='ocrx_word' id='word_1_102' title='bbox 751 1341 1083 1409; x_wconf 81' lang='grc' dir='ltr'>Σουμανῖτιν</span> <span class='ocrx_word' id='word_1_103' title='bbox 1140 1340 1253 1411; x_wconf 84' lang='grc'>(15)</span> <span class='ocrx_word' id='word_1_104' title='bbox 1311 1340 1513 1407; x_wconf 81' lang='grc' dir='ltr'>ταύτην</span> <span class='ocrx_word' id='word_1_105' title='bbox 1561 1335 1637 1398; x_wconf 81' lang='grc' dir='ltr'>εἰς</span> <span class='ocrx_word' id='word_1_106' title='bbox 1694 1358 1795 1412; x_wconf 79' lang='grc' dir='ltr'>γυο</span> 
     </span>
    </p>
   </div>
   <div class='ocr_carea' id='block_1_16' title="bbox 134 1424 1790 1499">
    <p class='ocr_par' dir='ltr' id='par_1_16' title="bbox 134 1424 1790 1499">
     <span class='ocr_line' id='line_1_16' title="bbox 134 1424 1790 1499; baseline 0.001 -22"><span class='ocrx_word' id='word_1_107' title='bbox 134 1428 318 1481; x_wconf 83' lang='grc' dir='ltr'>ναῖκα.</span> <span class='ocrx_word' id='word_1_108' title='bbox 381 1424 486 1480; x_wconf 85' lang='grc' dir='ltr'>Καὶ</span> <span class='ocrx_word' id='word_1_109' title='bbox 535 1424 685 1480; x_wconf 75' lang='grc' dir='ltr'>εἶπον</span> <span class='ocrx_word' id='word_1_110' title='bbox 719 1424 856 1498; x_wconf 88' lang='grc' dir='ltr'>πρός</span> <span class='ocrx_word' id='word_1_111' title='bbox 912 1446 979 1497; x_wconf 87' lang='grc' dir='ltr'>με</span> <span class='ocrx_word' id='word_1_112' title='bbox 1010 1426 1060 1479; x_wconf 87' lang='grc' dir='ltr'>οἱ</span> <span class='ocrx_word' id='word_1_113' title='bbox 1093 1426 1254 1499; x_wconf 83' lang='grc' dir='ltr'>ἱερεῖς</span> <span class='ocrx_word' id='word_1_114' title='bbox 1284 1430 1381 1480; x_wconf 82' lang='grc' dir='ltr'>τοῦ</span> <span class='ocrx_word' id='word_1_115' title='bbox 1409 1424 1632 1499; x_wconf 80' lang='grc' dir='ltr'>Μολόχ.</span> <span class='ocrx_word' id='word_1_116' title='bbox 1665 1425 1790 1482; x_wconf 68' lang='grc' dir='ltr'>Ἐὰν</span> 
     </span>
    </p>
   </div>
   <div class='ocr_carea' id='block_1_17' title="bbox 135 1510 1792 1589">
    <p class='ocr_par' dir='ltr' id='par_1_17' title="bbox 135 1510 1792 1589">
     <span class='ocr_line' id='line_1_17' title="bbox 135 1510 1792 1589; baseline 0.001 -22"><span class='ocrx_word' id='word_1_117' title='bbox 135 1513 347 1588; x_wconf 77' lang='grc' dir='ltr'>ἀγαπᾷς</span> <span class='ocrx_word' id='word_1_118' title='bbox 405 1514 505 1582; x_wconf 78' lang='grc' dir='ltr'>τήν</span> <span class='ocrx_word' id='word_1_119' title='bbox 530 1512 817 1588; x_wconf 87' lang='grc' dir='ltr'>παρθένον,</span> <span class='ocrx_word' id='word_1_120' title='bbox 852 1510 1059 1570; x_wconf 82' lang='grc' dir='ltr'>εἷ’σελθε</span> <span class='ocrx_word' id='word_1_121' title='bbox 1109 1514 1199 1569; x_wconf 84' lang='grc' dir='ltr'>καὶ</span> <span class='ocrx_word' id='word_1_122' title='bbox 1245 1513 1621 1589; x_wconf 75' lang='grc' dir='ltr'>προσκύνησον</span> <span class='ocrx_word' id='word_1_123' title='bbox 1662 1513 1792 1579; x_wconf 73' lang='grc' dir='ltr'>τοὺς</span> 
     </span>
    </p>
   </div>
   <div class='ocr_carea' id='block_1_18' title="bbox 137 1600 1790 1681">
    <p class='ocr_par' dir='ltr' id='par_1_18' title="bbox 137 1600 1790 1681">
     <span class='ocr_line' id='line_1_18' title="bbox 137 1600 1790 1681; baseline 0.001 -25"><span class='ocrx_word' id='word_1_124' title='bbox 137 1600 299 1666; x_wconf 69' lang='grc' dir='ltr'>θεοὺς</span> <span class='ocrx_word' id='word_1_125' title='bbox 353 1605 537 1675; x_wconf 83' lang='grc' dir='ltr'>ἡμῶν,</span> <span class='ocrx_word' id='word_1_126' title='bbox 595 1607 674 1674; x_wconf 78' lang='grc' dir='ltr'>τῷ</span> <span class='ocrx_word' id='word_1_127' title='bbox 725 1601 951 1678; x_wconf 80' lang='grc' dir='ltr'>μεγάλῳ</span> <span class='ocrx_word' id='word_1_128' title='bbox 997 1608 1101 1676; x_wconf 80' lang='grc' dir='ltr'>θεῷ</span> <span class='ocrx_word' id='word_1_129' title='bbox 1148 1604 1367 1681; x_wconf 72' lang='grc' dir='ltr'>Ῥαφαν,</span> <span class='ocrx_word' id='word_1_130' title='bbox 1425 1603 1516 1658; x_wconf 81' lang='grc' dir='ltr'>καὶ</span> <span class='ocrx_word' id='word_1_131' title='bbox 1571 1607 1650 1675; x_wconf 78' lang='grc' dir='ltr'>τῷ</span> <span class='ocrx_word' id='word_1_132' title='bbox 1699 1624 1790 1658; x_wconf 75' lang='grc' dir='ltr'>καο</span> 
     </span>
    </p>
   </div>
   <div class='ocr_carea' id='block_1_19' title="bbox 138 1687 1789 1769">
    <p class='ocr_par' dir='ltr' id='par_1_19' title="bbox 138 1687 1789 1769">
     <span class='ocr_line' id='line_1_19' title="bbox 138 1687 1789 1769; baseline 0.001 -25"><span class='ocrx_word' id='word_1_133' title='bbox 138 1688 393 1765; x_wconf 83' lang='grc' dir='ltr'>λουμένῳ</span> <span class='ocrx_word' id='word_1_134' title='bbox 422 1688 538 1764; x_wconf 83' lang='grc' dir='ltr'>Θεῷ</span> <span class='ocrx_word' id='word_1_135' title='bbox 591 1690 817 1766; x_wconf 78' lang='grc' dir='ltr'>Μολόχ.</span> <span class='ocrx_word' id='word_1_136' title='bbox 878 1691 1019 1767; x_wconf 85' lang='grc' dir='ltr'>Ἐγὼ</span> <span class='ocrx_word' id='word_1_137' title='bbox 1069 1690 1159 1747; x_wconf 76' lang='grc' dir='ltr'>οὖν</span> <span class='ocrx_word' id='word_1_138' title='bbox 1202 1687 1460 1769; x_wconf 72' lang='grc' dir='ltr'>φοϐηθεὶς</span> <span class='ocrx_word' id='word_1_139' title='bbox 1501 1693 1601 1761; x_wconf 77' lang='grc' dir='ltr'>τὴν</span> <span class='ocrx_word' id='word_1_140' title='bbox 1636 1688 1789 1765; x_wconf 81' lang='grc' dir='ltr'>δόξαν</span> 
     </span>
    </p>
   </div>
   <div class='ocr_carea' id='block_1_20' title="bbox 136 1779 1784 1856">
    <p class='ocr_par' dir='ltr' id='par_1_20' title="bbox 136 1779 1784 1856">
     <span class='ocr_line' id='line_1_20' title="bbox 136 1779 1784 1856; baseline -0.001 -22"><span class='ocrx_word' id='word_1_141' title='bbox 136 1785 238 1834; x_wconf 76' lang='grc' dir='ltr'>τοῦ</span> <span class='ocrx_word' id='word_1_142' title='bbox 288 1785 462 1850; x_wconf 76' lang='grc' dir='ltr'>Θεοῦ,</span> <span class='ocrx_word' id='word_1_143' title='bbox 508 1779 607 1835; x_wconf 82' lang='grc' dir='ltr'>οὐκ</span> <span class='ocrx_word' id='word_1_144' title='bbox 653 1779 1008 1851; x_wconf 70' lang='grc' dir='ltr'>ἠκολούθησα</span> <span class='ocrx_word' id='word_1_145' title='bbox 1054 1789 1444 1856; x_wconf 81' lang='grc' dir='ltr'>προσκυνῆσαι’</span> <span class='ocrx_word' id='word_1_146' title='bbox 1494 1780 1585 1835; x_wconf 84' lang='grc' dir='ltr'>καὶ</span> <span class='ocrx_word' id='word_1_147' title='bbox 1635 1781 1784 1835; x_wconf 78' lang='grc' dir='ltr'>εἶπον</span> 
     </span>
    </p>
   </div>
   <div class='ocr_carea' id='block_1_21' title="bbox 140 1868 1787 1946">
    <p class='ocr_par' dir='ltr' id='par_1_21' title="bbox 140 1868 1787 1946">
     <span class='ocr_line' id='line_1_21' title="bbox 140 1868 1787 1946; baseline -0.001 -22"><span class='ocrx_word' id='word_1_148' title='bbox 140 1869 327 1931; x_wconf 71' lang='grc' dir='ltr'>αὐτοῖς</span> <span class='ocrx_word' id='word_1_149' title='bbox 354 1868 485 1944; x_wconf 86' lang='grc' dir='ltr'>ἐγώ·</span> <span class='ocrx_word' id='word_1_150' title='bbox 518 1870 595 1927; x_wconf 82' lang='grc' dir='ltr'>Οὐ</span> <span class='ocrx_word' id='word_1_151' title='bbox 615 1874 902 1945; x_wconf 81' lang='grc' dir='ltr'>προσκυνῶ</span> <span class='ocrx_word' id='word_1_152' title='bbox 934 1875 1041 1943; x_wconf 78' lang='grc' dir='ltr'>θεῷ</span> <span class='ocrx_word' id='word_1_153' title='bbox 1068 1868 1350 1946; x_wconf 79' lang='grc' dir='ltr'>ἀλλοτρίῳ</span> <span class='ocrx_word' id='word_1_154' title='bbox 1384 1872 1477 1943; x_wconf 89' lang='lat' dir='ltr'>(ad</span> <span class='ocrx_word' id='word_1_155' title='bbox 1514 1870 1787 1945; x_wconf 62' lang='lat' dir='ltr'>marg-sig</span> 
     </span>
    </p>
   </div>
   <div class='ocr_carea' id='block_1_22' title="bbox 136 1958 1789 2035">
    <p class='ocr_par' dir='ltr' id='par_1_22' title="bbox 136 1958 1789 2035">
     <span class='ocr_line' id='line_1_22' title="bbox 136 1958 1789 2035; baseline 0.001 -22"><span class='ocrx_word' id='word_1_156' title='bbox 136 1958 297 2029; x_wconf 68' lang='grc' dir='ltr'>αὕτη)</span> <span class='ocrx_word' id='word_1_157' title='bbox 333 1960 444 2033; x_wconf 85' lang='grc'>(16)</span> <span class='ocrx_word' id='word_1_158' title='bbox 495 1961 530 2029; x_wconf 84' lang='grc' dir='ltr'>ἡ</span> <span class='ocrx_word' id='word_1_159' title='bbox 593 1960 868 2029; x_wconf 86' lang='grc' dir='ltr'>ὑπόθεσις,</span> <span class='ocrx_word' id='word_1_160' title='bbox 901 1958 983 2015; x_wconf 75' lang='grc' dir='ltr'>ὅτι</span> <span class='ocrx_word' id='word_1_161' title='bbox 1026 1959 1284 2014; x_wconf 72' lang='grc' dir='ltr'>τοσοῦτόν</span> <span class='ocrx_word' id='word_1_162' title='bbox 1346 1980 1412 2031; x_wconf 88' lang='grc' dir='ltr'>με</span> <span class='ocrx_word' id='word_1_163' title='bbox 1468 1958 1789 2035; x_wconf 82' lang='grc' dir='ltr'>ἀναγκάζετε</span> 
     </span>
    </p>
   </div>
   <div class='ocr_carea' id='block_1_23' title="bbox 135 2046 1786 2123">
    <p class='ocr_par' dir='ltr' id='par_1_23' title="bbox 135 2046 1786 2123">
     <span class='ocr_line' id='line_1_23' title="bbox 135 2046 1786 2123; baseline 0.001 -21"><span class='ocrx_word' id='word_1_164' title='bbox 135 2055 386 2118; x_wconf 77' lang='grc' dir='ltr'>ποιῆσαι.</span> <span class='ocrx_word' id='word_1_165' title='bbox 429 2049 497 2106; x_wconf 77' lang='grc' dir='ltr'>Οἱ</span> <span class='ocrx_word' id='word_1_166' title='bbox 528 2046 585 2103; x_wconf 75' lang='grc' dir='ltr'>δὲ</span> <span class='ocrx_word' id='word_1_167' title='bbox 615 2049 763 2103; x_wconf 77' lang='grc' dir='ltr'>εἶπον</span> <span class='ocrx_word' id='word_1_168' title='bbox 796 2051 913 2122; x_wconf 80' lang='grc'>(17)</span> <span class='ocrx_word' id='word_1_169' title='bbox 951 2049 1110 2111; x_wconf 81' lang='grc' dir='ltr'>ωθείς</span> <span class='ocrx_word' id='word_1_170' title='bbox 1138 2050 1265 2123; x_wconf 79' lang='lat' dir='ltr'>(sic)</span> <span class='ocrx_word' id='word_1_171' title='bbox 1293 2050 1483 2118; x_wconf 81' lang='lat' dir='ltr'>(Forte</span> <span class='ocrx_word' id='word_1_172' title='bbox 1509 2068 1522 2104; x_wconf 86' lang='lat'>:</span> <span class='ocrx_word' id='word_1_173' title='bbox 1548 2048 1609 2105; x_wconf 88' lang='grc' dir='ltr'>Ὁ</span> <span class='ocrx_word' id='word_1_174' title='bbox 1640 2049 1786 2122; x_wconf 81' lang='grc' dir='ltr'>Θεὸς)</span> 
     </span>
    </p>
   </div>
   <div class='ocr_carea' id='block_1_24' title="bbox 132 2128 1789 2213">
    <p class='ocr_par' dir='ltr' id='par_1_24' title="bbox 132 2128 1789 2213">
     <span class='ocr_line' id='line_1_24' title="bbox 132 2128 1789 2213; baseline -0.001 -21"><span class='ocrx_word' id='word_1_175' title='bbox 132 2141 244 2192; x_wconf 82' lang='grc' dir='ltr'>τῶν</span> <span class='ocrx_word' id='word_1_176' title='bbox 272 2138 516 2213; x_wconf 81' lang='grc' dir='ltr'>πατέρων</span> <span class='ocrx_word' id='word_1_177' title='bbox 546 2139 728 2211; x_wconf 80' lang='grc' dir='ltr'>ἡμῶν.</span> <span class='ocrx_word' id='word_1_178' title='bbox 773 2142 945 2210; x_wconf 79' lang='grc' dir='ltr'>Ἐμοῦ</span> <span class='ocrx_word' id='word_1_179' title='bbox 976 2135 1033 2192; x_wconf 72' lang='grc' dir='ltr'>δὲ</span> <span class='ocrx_word' id='word_1_180' title='bbox 1062 2138 1375 2210; x_wconf 82' lang='grc' dir='ltr'>πυθομένου</span> <span class='ocrx_word' id='word_1_181' title='bbox 1415 2136 1497 2193; x_wconf 75' lang='grc' dir='ltr'>ὅτι</span> <span class='ocrx_word' id='word_1_182' title='bbox 1531 2128 1789 2209; x_wconf 78' lang='grc' dir='ltr'>οὐδαμῶς</span> 
     </span>
    </p>
   </div>
   <div class='ocr_carea' id='block_1_25' title="bbox 133 2225 1786 2302">
    <p class='ocr_par' dir='ltr' id='par_1_25' title="bbox 133 2225 1786 2302">
     <span class='ocr_line' id='line_1_25' title="bbox 133 2225 1786 2302; baseline 0 -22"><span class='ocrx_word' id='word_1_183' title='bbox 133 2227 498 2300; x_wconf 74' lang='grc' dir='ltr'>προσκυνήσω</span> <span class='ocrx_word' id='word_1_184' title='bbox 572 2227 715 2289; x_wconf 87' lang='grc' dir='ltr'>θεοῖς</span> <span class='ocrx_word' id='word_1_185' title='bbox 801 2225 1142 2302; x_wconf 84' lang='grc' dir='ltr'>ἀλλοτρίοις,</span> <span class='ocrx_word' id='word_1_186' title='bbox 1227 2226 1319 2281; x_wconf 82' lang='grc' dir='ltr'>καὶ</span> <span class='ocrx_word' id='word_1_187' title='bbox 1404 2225 1786 2302; x_wconf 80' lang='grc' dir='ltr'>παρήγγειλαν</span> 
     </span>
    </p>
   </div>
   <div class='ocr_carea' id='block_1_26' title="bbox 130 2314 1788 2391">
    <p class='ocr_par' dir='ltr' id='par_1_26' title="bbox 130 2314 1788 2391">
     <span class='ocr_line' id='line_1_26' title="bbox 130 2314 1788 2391; baseline 0 -20"><span class='ocrx_word' id='word_1_188' title='bbox 130 2316 235 2385; x_wconf 73' lang='grc' dir='ltr'>τὴν</span> <span class='ocrx_word' id='word_1_189' title='bbox 288 2314 550 2391; x_wconf 85' lang='grc' dir='ltr'>παρθένον</span> <span class='ocrx_word' id='word_1_190' title='bbox 593 2319 691 2371; x_wconf 76' lang='grc' dir='ltr'>τοῦ</span> <span class='ocrx_word' id='word_1_191' title='bbox 743 2316 817 2388; x_wconf 85' lang='grc' dir='ltr'>μή</span> <span class='ocrx_word' id='word_1_192' title='bbox 868 2316 1201 2389; x_wconf 82' lang='grc' dir='ltr'>κοιμηθῆναί</span> <span class='ocrx_word' id='word_1_193' title='bbox 1254 2337 1346 2389; x_wconf 86' lang='grc' dir='ltr'>μοι</span> <span class='ocrx_word' id='word_1_194' title='bbox 1391 2314 1478 2370; x_wconf 66' lang='grc' dir='ltr'>ἐὰν</span> <span class='ocrx_word' id='word_1_195' title='bbox 1515 2316 1591 2388; x_wconf 82' lang='grc' dir='ltr'>μὴ</span> <span class='ocrx_word' id='word_1_196' title='bbox 1631 2316 1788 2371; x_wconf 86' lang='grc' dir='ltr'>παθῶ</span> 
     </span>
    </p>
   </div>
   <div class='ocr_carea' id='block_1_27' title="bbox 135 2400 1787 2480">
    <p class='ocr_par' dir='ltr' id='par_1_27' title="bbox 135 2400 1787 2480">
     <span class='ocr_line' id='line_1_27' title="bbox 135 2400 1787 2480; baseline 0.001 -23"><span class='ocrx_word' id='word_1_197' title='bbox 135 2406 295 2459; x_wconf 71' lang='grc' dir='ltr'>θῦσαι</span> <span class='ocrx_word' id='word_1_198' title='bbox 326 2410 444 2480; x_wconf 83' lang='grc' dir='ltr'>τοῖς</span> <span class='ocrx_word' id='word_1_199' title='bbox 500 2409 664 2468; x_wconf 76' lang='grc' dir='ltr'>θεοῖς.</span> <span class='ocrx_word' id='word_1_200' title='bbox 726 2404 888 2480; x_wconf 86' lang='grc' dir='ltr'>Κάγὼ</span> <span class='ocrx_word' id='word_1_201' title='bbox 920 2402 1010 2459; x_wconf 81' lang='grc' dir='ltr'>οὖν</span> <span class='ocrx_word' id='word_1_202' title='bbox 1044 2406 1073 2459; x_wconf 90' lang='lat'>6</span> <span class='ocrx_word' id='word_1_203' title='bbox 1106 2400 1295 2467; x_wconf 79' lang='grc' dir='ltr'>δόλιος</span> <span class='ocrx_word' id='word_1_204' title='bbox 1323 2402 1647 2477; x_wconf 77' lang='grc' dir='ltr'>κινουμένου</span> <span class='ocrx_word' id='word_1_205' title='bbox 1682 2425 1787 2477; x_wconf 90' lang='grc' dir='ltr'>μου</span> 
     </span>
    </p>
   </div>
   <div class='ocr_carea' id='block_1_28' title="bbox 134 2478 1785 2569">
    <p class='ocr_par' dir='ltr' id='par_1_28' title="bbox 134 2478 1785 2569">
     <span class='ocr_line' id='line_1_28' title="bbox 134 2478 1785 2569; baseline 0.001 -23"><span class='ocrx_word' id='word_1_206' title='bbox 134 2487 274 2568; x_wconf 79' lang='grc' dir='ltr'>ἔρως</span> <span class='ocrx_word' id='word_1_207' title='bbox 335 2478 463 2567; x_wconf 78' lang='grc' dir='ltr'>παρ’</span> <span class='ocrx_word' id='word_1_208' title='bbox 532 2491 668 2567; x_wconf 76' lang='grc' dir='ltr'>αὐτῇ</span> <span class='ocrx_word' id='word_1_209' title='bbox 727 2478 882 2568; x_wconf 76' lang='grc' dir='ltr'>ἔφερέ</span> <span class='ocrx_word' id='word_1_210' title='bbox 952 2514 1045 2566; x_wconf 87' lang='grc' dir='ltr'>μοι</span> <span class='ocrx_word' id='word_1_211' title='bbox 1094 2494 1254 2549; x_wconf 87' lang='grc' dir='ltr'>πέντε</span> <span class='ocrx_word' id='word_1_212' title='bbox 1310 2490 1531 2569; x_wconf 83' lang='grc' dir='ltr'>ἀκρίδας</span> <span class='ocrx_word' id='word_1_213' title='bbox 1588 2491 1785 2568; x_wconf 81' lang='grc' dir='ltr'>λέγων’</span> 
     </span>
    </p>
   </div>
   <div class='ocr_carea' id='block_1_29' title="bbox 133 2575 1789 2657">
    <p class='ocr_par' dir='ltr' id='par_1_29' title="bbox 133 2575 1789 2657">
     <span class='ocr_line' id='line_1_29' title="bbox 133 2575 1789 2657; baseline 0 -23"><span class='ocrx_word' id='word_1_214' title='bbox 133 2575 282 2635; x_wconf 74' lang='grc' dir='ltr'>Λάϐε</span> <span class='ocrx_word' id='word_1_215' title='bbox 331 2581 527 2645; x_wconf 69' lang='grc' dir='ltr'>ταύτας</span> <span class='ocrx_word' id='word_1_216' title='bbox 581 2583 677 2643; x_wconf 77' lang='grc' dir='ltr'>τὰς</span> <span class='ocrx_word' id='word_1_217' title='bbox 725 2579 946 2657; x_wconf 71' lang='grc' dir='ltr'>ἀκρίδας</span> <span class='ocrx_word' id='word_1_218' title='bbox 991 2583 1152 2655; x_wconf 89' lang='lat' dir='ltr'>(l8),</span> <span class='ocrx_word' id='word_1_219' title='bbox 1211 2583 1299 2638; x_wconf 76' lang='grc' dir='ltr'>καὶ</span> <span class='ocrx_word' id='word_1_220' title='bbox 1361 2582 1646 2657; x_wconf 66' lang='grc' dir='ltr'>σιόντριψον</span> <span class='ocrx_word' id='word_1_221' title='bbox 1698 2579 1789 2635; x_wconf 84' lang='grc' dir='ltr'>αὐ-</span> 
     </span>
    </p>
   </div>
   <div class='ocr_carea' id='block_1_30' title="bbox 131 2668 1785 2746">
    <p class='ocr_par' dir='ltr' id='par_1_30' title="bbox 131 2668 1785 2746">
     <span class='ocr_line' id='line_1_30' title="bbox 131 2668 1785 2746; baseline -0.001 -22"><span class='ocrx_word' id='word_1_222' title='bbox 131 2671 232 2731; x_wconf 73' lang='grc' dir='ltr'>τας</span> <span class='ocrx_word' id='word_1_223' title='bbox 292 2668 373 2724; x_wconf 80' lang='grc' dir='ltr'>ἐπ’</span> <span class='ocrx_word' id='word_1_224' title='bbox 432 2669 702 2743; x_wconf 84' lang='grc' dir='ltr'>ὀνόματος</span> <span class='ocrx_word' id='word_1_225' title='bbox 753 2675 851 2726; x_wconf 77' lang='grc' dir='ltr'>τοῖ’)</span> <span class='ocrx_word' id='word_1_226' title='bbox 905 2672 1028 2726; x_wconf 72' lang='grc' dir='ltr'>θεοῦ</span> <span class='ocrx_word' id='word_1_227' title='bbox 1062 2670 1288 2746; x_wconf 82' lang='grc' dir='ltr'>Μολὸχ,</span> <span class='ocrx_word' id='word_1_228' title='bbox 1338 2671 1427 2726; x_wconf 83' lang='grc' dir='ltr'>καὶ</span> <span class='ocrx_word' id='word_1_229' title='bbox 1457 2675 1547 2725; x_wconf 76' lang='grc' dir='ltr'>νῦν</span> <span class='ocrx_word' id='word_1_230' title='bbox 1580 2691 1785 2742; x_wconf 84' lang='grc' dir='ltr'>κοιμη-</span> 
     </span>
    </p>
   </div>
   <div class='ocr_carea' id='block_1_31' title="bbox 136 2757 1787 2834">
    <p class='ocr_par' dir='ltr' id='par_1_31' title="bbox 136 2757 1787 2834">
     <span class='ocr_line' id='line_1_31' title="bbox 136 2757 1787 2834; baseline 0 -22"><span class='ocrx_word' id='word_1_231' title='bbox 136 2761 382 2832; x_wconf 59' lang='grc' dir='ltr'>θίσομαι</span> <span class='ocrx_word' id='word_1_232' title='bbox 443 2758 579 2831; x_wconf 83' lang='grc' dir='ltr'>μετά</span> <span class='ocrx_word' id='word_1_233' title='bbox 636 2763 752 2813; x_wconf 82' lang='grc' dir='ltr'>σοῦ·</span> <span class='ocrx_word' id='word_1_234' title='bbox 815 2758 946 2834; x_wconf 79' lang='grc' dir='ltr'>ὅπερ</span> <span class='ocrx_word' id='word_1_235' title='bbox 1010 2761 1099 2815; x_wconf 80' lang='grc' dir='ltr'>καὶ</span> <span class='ocrx_word' id='word_1_236' title='bbox 1160 2759 1412 2815; x_wconf 81' lang='grc' dir='ltr'>ἐτέλεσα·</span> <span class='ocrx_word' id='word_1_237' title='bbox 1478 2760 1563 2815; x_wconf 80' lang='grc' dir='ltr'>καὶ</span> <span class='ocrx_word' id='word_1_238' title='bbox 1628 2757 1787 2823; x_wconf 79' lang='grc' dir='ltr'>εὐθὺς</span> 
     </span>
    </p>
   </div>
   <div class='ocr_carea' id='block_1_32' title="bbox 133 2845 1784 2923">
    <p class='ocr_par' dir='ltr' id='par_1_32' title="bbox 133 2845 1784 2923">
     <span class='ocr_line' id='line_1_32' title="bbox 133 2845 1784 2923; baseline -0.001 -21"><span class='ocrx_word' id='word_1_239' title='bbox 133 2848 340 2917; x_wconf 82' lang='grc' dir='ltr'>ἀπέστη</span> <span class='ocrx_word' id='word_1_240' title='bbox 388 2848 450 2902; x_wconf 83' lang='grc' dir='ltr'>τὸ</span> <span class='ocrx_word' id='word_1_241' title='bbox 510 2852 726 2921; x_wconf 80' lang='grc' dir='ltr'>πνεῦμα</span> <span class='ocrx_word' id='word_1_242' title='bbox 778 2851 876 2903; x_wconf 74' lang='grc' dir='ltr'>τοῦ</span> <span class='ocrx_word' id='word_1_243' title='bbox 933 2852 1065 2903; x_wconf 79' lang='grc' dir='ltr'>Θεοῦ</span> <span class='ocrx_word' id='word_1_244' title='bbox 1119 2847 1211 2903; x_wconf 76' lang='grc' dir='ltr'>ἀπ’</span> <span class='ocrx_word' id='word_1_245' title='bbox 1260 2846 1417 2920; x_wconf 77' lang='grc' dir='ltr'>ἐμοῦ’</span> <span class='ocrx_word' id='word_1_246' title='bbox 1475 2848 1566 2902; x_wconf 83' lang='grc' dir='ltr'>καὶ</span> <span class='ocrx_word' id='word_1_247' title='bbox 1607 2845 1784 2923; x_wconf 79' lang='grc' dir='ltr'>ἐγενό-</span> 
     </span>
    </p>
   </div>
   <div class='ocr_carea' id='block_1_33' title="bbox 136 2935 1785 3014">
    <p class='ocr_par' dir='ltr' id='par_1_33' title="bbox 136 2935 1785 3014">
     <span class='ocr_line' id='line_1_33' title="bbox 136 2935 1785 3014; baseline 0.002 -26"><span class='ocrx_word' id='word_1_248' title='bbox 136 2956 248 3008; x_wconf 87' lang='grc' dir='ltr'>μην</span> <span class='ocrx_word' id='word_1_249' title='bbox 298 2935 522 3006; x_wconf 80' lang='grc' dir='ltr'>ἀσθενής</span> <span class='ocrx_word' id='word_1_250' title='bbox 578 2936 706 2991; x_wconf 85' lang='grc' dir='ltr'>ὡσεῖ</span> <span class='ocrx_word' id='word_1_251' title='bbox 766 2935 943 3013; x_wconf 80' lang='grc' dir='ltr'>λῆρος</span> <span class='ocrx_word' id='word_1_252' title='bbox 972 2942 1089 3001; x_wconf 85' lang='grc' dir='ltr'>τοῖς</span> <span class='ocrx_word' id='word_1_253' title='bbox 1125 2937 1332 3014; x_wconf 73' lang='grc' dir='ltr'>ῥήμασί</span> <span class='ocrx_word' id='word_1_254' title='bbox 1369 2960 1492 3011; x_wconf 89' lang='grc' dir='ltr'>μου·</span> <span class='ocrx_word' id='word_1_255' title='bbox 1528 2938 1578 3013; x_wconf 76' lang='grc' dir='ltr'>ἐξ</span> <span class='ocrx_word' id='word_1_256' title='bbox 1611 2940 1672 2994; x_wconf 78' lang='grc' dir='ltr'>οὗ</span> <span class='ocrx_word' id='word_1_257' title='bbox 1694 2937 1785 2993; x_wconf 77' lang='grc' dir='ltr'>καὶ</span> 
     </span>
    </p>
   </div>
   <div class='ocr_carea' id='block_1_34' title="bbox 1912 535 3570 605">
    <p class='ocr_par' dir='ltr' id='par_1_34' title="bbox 1912 535 3570 605">
     <span class='ocr_line' id='line_1_34' title="bbox 1912 535 3570 605; baseline -0.001 -13"><span class='ocrx_word' id='word_1_258' title='bbox 1912 536 1984 592; x_wconf 89' lang='lat' dir='ltr'>ad</span> <span class='ocrx_word' id='word_1_259' title='bbox 2007 535 2367 604; x_wconf 76' lang='lat' dir='ltr'>Jebusaaum,</span> <span class='ocrx_word' id='word_1_260' title='bbox 2392 540 2448 592; x_wconf 90' lang='lat' dir='ltr'>et</span> <span class='ocrx_word' id='word_1_261' title='bbox 2473 536 2677 592; x_wconf 83' lang='lat' dir='ltr'>videns</span> <span class='ocrx_word' id='word_1_262' title='bbox 2698 536 2778 592; x_wconf 88' lang='lat' dir='ltr'>ibi</span> <span class='ocrx_word' id='word_1_263' title='bbox 2804 535 2989 592; x_wconf 83' lang='lat' dir='ltr'>filiam</span> <span class='ocrx_word' id='word_1_264' title='bbox 3014 536 3269 593; x_wconf 86' lang='lat' dir='ltr'>hominis</span> <span class='ocrx_word' id='word_1_265' title='bbox 3297 537 3570 605; x_wconf 71' lang='lat' dir='ltr'>Jebustei,</span> 
     </span>
    </p>
   </div>
   <div class='ocr_carea' id='block_1_35' title="bbox 1910 623 3575 698">
    <p class='ocr_par' dir='ltr' id='par_1_35' title="bbox 1910 623 3575 698">
     <span class='ocr_line' id='line_1_35' title="bbox 1910 623 3575 698; baseline 0.001 -19"><span class='ocrx_word' id='word_1_266' title='bbox 1910 623 2096 679; x_wconf 83' lang='lat' dir='ltr'>amavi</span> <span class='ocrx_word' id='word_1_267' title='bbox 2128 640 2257 680; x_wconf 89' lang='lat' dir='ltr'>eam</span> <span class='ocrx_word' id='word_1_268' title='bbox 2292 623 2477 693; x_wconf 82' lang='lat' dir='ltr'>valde,</span> <span class='ocrx_word' id='word_1_269' title='bbox 2530 630 2586 681; x_wconf 86' lang='lat' dir='ltr'>ct</span> <span class='ocrx_word' id='word_1_270' title='bbox 2631 624 2895 682; x_wconf 89' lang='lat' dir='ltr'>volebam</span> <span class='ocrx_word' id='word_1_271' title='bbox 2946 624 3208 698; x_wconf 85' lang='lat' dir='ltr'>accipere</span> <span class='ocrx_word' id='word_1_272' title='bbox 3258 642 3388 681; x_wconf 90' lang='lat' dir='ltr'>eam</span> <span class='ocrx_word' id='word_1_273' title='bbox 3420 626 3575 681; x_wconf 85' lang='lat' dir='ltr'>inter</span> 
     </span>
    </p>
   </div>
   <div class='ocr_carea' id='block_1_36' title="bbox 1909 700 3572 786">
    <p class='ocr_par' dir='ltr' id='par_1_36' title="bbox 1909 700 3572 786">
     <span class='ocr_line' id='line_1_36' title="bbox 1909 700 3572 786; baseline 0.002 -18"><span class='ocrx_word' id='word_1_274' title='bbox 1909 715 2192 786; x_wconf 87' lang='lat' dir='ltr'>conjuges</span> <span class='ocrx_word' id='word_1_275' title='bbox 2223 729 2384 770; x_wconf 86' lang='lat' dir='ltr'>meas</span> <span class='ocrx_word' id='word_1_276' title='bbox 2418 713 2478 768; x_wconf 92' lang='lat' dir='ltr'>in</span> <span class='ocrx_word' id='word_1_277' title='bbox 2528 729 2790 769; x_wconf 84' lang='lat' dir='ltr'>uxorem.</span> <span class='ocrx_word' id='word_1_278' title='bbox 2847 714 2918 769; x_wconf 90' lang='lat' dir='ltr'>Et</span> <span class='ocrx_word' id='word_1_279' title='bbox 2963 713 3081 769; x_wconf 81' lang='lat' dir='ltr'>dixi</span> <span class='ocrx_word' id='word_1_280' title='bbox 3113 715 3185 770; x_wconf 89' lang='lat' dir='ltr'>ad</span> <span class='ocrx_word' id='word_1_281' title='bbox 3236 700 3572 772; x_wconf 71' lang='lat' dir='ltr'>sacerdotes</span> 
     </span>
    </p>
   </div>
   <div class='ocr_carea' id='block_1_37' title="bbox 1907 803 3674 888">
    <p class='ocr_par' dir='ltr' id='par_1_37' title="bbox 1907 803 3674 888">
     <span class='ocr_line' id='line_1_37' title="bbox 1907 803 3674 888; baseline 0.001 -29"><span class='ocrx_word' id='word_1_282' title='bbox 1907 819 2110 859; x_wconf 89' lang='lat' dir='ltr'>eorum</span> <span class='ocrx_word' id='word_1_283' title='bbox 2146 819 2160 858; x_wconf 90' lang='lat'><strong>:</strong></span> <span class='ocrx_word' id='word_1_284' title='bbox 2194 807 2337 858; x_wconf 90' lang='lat' dir='ltr'>Date</span> <span class='ocrx_word' id='word_1_285' title='bbox 2370 803 2513 857; x_wconf 88' lang='lat' dir='ltr'>mihi</span> <span class='ocrx_word' id='word_1_286' title='bbox 2544 803 2943 859; x_wconf 87' lang='lat' dir='ltr'>Soumanitem</span> <span class='ocrx_word' id='word_1_287' title='bbox 2977 803 3392 871; x_wconf 84' lang='lat' dir='ltr'>(Suuamitem)</span> <span class='ocrx_word' id='word_1_288' title='bbox 3416 803 3569 860; x_wconf 87' lang='lat' dir='ltr'>hanc</span> <span class='ocrx_word' id='word_1_289' title='bbox 3666 879 3674 888; x_wconf 35' lang='lat'><em>.</em></span> 
     </span>
    </p>
   </div>
   <div class='ocr_carea' id='block_1_38' title="bbox 1909 890 3569 950">
    <p class='ocr_par' dir='ltr' id='par_1_38' title="bbox 1909 890 3569 950">
     <span class='ocr_line' id='line_1_38' title="bbox 1909 890 3569 950; baseline 0.002 -5"><span class='ocrx_word' id='word_1_290' title='bbox 1909 890 1968 946; x_wconf 89' lang='lat' dir='ltr'>in</span> <span class='ocrx_word' id='word_1_291' title='bbox 2002 907 2260 947; x_wconf 85' lang='lat' dir='ltr'>uxorem.</span> <span class='ocrx_word' id='word_1_292' title='bbox 2295 893 2363 947; x_wconf 89' lang='lat' dir='ltr'>Et</span> <span class='ocrx_word' id='word_1_293' title='bbox 2394 892 2671 948; x_wconf 83' lang='lat' dir='ltr'>dixerunt</span> <span class='ocrx_word' id='word_1_294' title='bbox 2700 892 2773 948; x_wconf 92' lang='lat' dir='ltr'>ad</span> <span class='ocrx_word' id='word_1_295' title='bbox 2805 908 2898 948; x_wconf 91' lang='lat' dir='ltr'>me</span> <span class='ocrx_word' id='word_1_296' title='bbox 2924 893 3255 948; x_wconf 81' lang='lat' dir='ltr'>sacerdotes</span> <span class='ocrx_word' id='word_1_297' title='bbox 3289 892 3516 948; x_wconf 90' lang='lat' dir='ltr'>Moloch</span> <span class='ocrx_word' id='word_1_298' title='bbox 3553 909 3569 950; x_wconf 88' lang='lat'><strong>:</strong></span> 
     </span>
    </p>
   </div>
   <div class='ocr_carea' id='block_1_39' title="bbox 1907 980 3573 1054">
    <p class='ocr_par' dir='ltr' id='par_1_39' title="bbox 1907 980 3573 1054">
     <span class='ocr_line' id='line_1_39' title="bbox 1907 980 3573 1054; baseline 0.001 -18"><span class='ocrx_word' id='word_1_299' title='bbox 1907 980 1967 1036; x_wconf 89' lang='lat' dir='ltr'>Si</span> <span class='ocrx_word' id='word_1_300' title='bbox 2001 980 2201 1052; x_wconf 77' lang='lat' dir='ltr'>diligis</span> <span class='ocrx_word' id='word_1_301' title='bbox 2229 980 2546 1054; x_wconf 84' lang='lat' dir='ltr'>virginem,</span> <span class='ocrx_word' id='word_1_302' title='bbox 2579 982 2757 1052; x_wconf 89' lang='lat' dir='ltr'>intra,</span> <span class='ocrx_word' id='word_1_303' title='bbox 2778 985 2835 1037; x_wconf 85' lang='lat' dir='ltr'>et</span> <span class='ocrx_word' id='word_1_304' title='bbox 2855 996 3131 1038; x_wconf 80' lang='lat' dir='ltr'>venerare</span> <span class='ocrx_word' id='word_1_305' title='bbox 3147 983 3289 1038; x_wconf 90' lang='lat' dir='ltr'>deos</span> <span class='ocrx_word' id='word_1_306' title='bbox 3311 984 3573 1050; x_wconf 88' lang='lat' dir='ltr'>nostros,</span> 
     </span>
    </p>
   </div>
   <div class='ocr_carea' id='block_1_40' title="bbox 1906 1069 3568 1143">
    <p class='ocr_par' dir='ltr' id='par_1_40' title="bbox 1906 1069 3568 1143">
     <span class='ocr_line' id='line_1_40' title="bbox 1906 1069 3568 1143; baseline 0.001 -18"><span class='ocrx_word' id='word_1_307' title='bbox 1906 1085 2189 1143; x_wconf 89' lang='lat' dir='ltr'>magnum</span> <span class='ocrx_word' id='word_1_308' title='bbox 2221 1070 2399 1126; x_wconf 89' lang='lat' dir='ltr'>deum</span> <span class='ocrx_word' id='word_1_309' title='bbox 2433 1069 2701 1142; x_wconf 82' lang='lat' dir='ltr'>Rapban,</span> <span class='ocrx_word' id='word_1_310' title='bbox 2727 1077 2783 1126; x_wconf 87' lang='lat' dir='ltr'>et</span> <span class='ocrx_word' id='word_1_311' title='bbox 2812 1074 3085 1126; x_wconf 88' lang='lat' dir='ltr'>vocatum</span> <span class='ocrx_word' id='word_1_312' title='bbox 3119 1072 3294 1126; x_wconf 89' lang='lat' dir='ltr'>deum</span> <span class='ocrx_word' id='word_1_313' title='bbox 3321 1069 3568 1128; x_wconf 84' lang='lat' dir='ltr'>Moloch.</span> 
     </span>
    </p>
   </div>
   <div class='ocr_carea' id='block_1_41' title="bbox 1905 1158 3575 1232">
    <p class='ocr_par' dir='ltr' id='par_1_41' title="bbox 1905 1158 3575 1232">
     <span class='ocr_line' id='line_1_41' title="bbox 1905 1158 3575 1232; baseline 0.001 -19"><span class='ocrx_word' id='word_1_314' title='bbox 1905 1158 2022 1231; x_wconf 88' lang='lat' dir='ltr'>Ego</span> <span class='ocrx_word' id='word_1_315' title='bbox 2070 1175 2203 1215; x_wconf 90' lang='lat' dir='ltr'>vero</span> <span class='ocrx_word' id='word_1_316' title='bbox 2264 1159 2484 1215; x_wconf 89' lang='lat' dir='ltr'>timens</span> <span class='ocrx_word' id='word_1_317' title='bbox 2542 1158 2793 1232; x_wconf 84' lang='lat' dir='ltr'>gloriam</span> <span class='ocrx_word' id='word_1_318' title='bbox 2853 1159 2979 1228; x_wconf 87' lang='lat' dir='ltr'>Dei,</span> <span class='ocrx_word' id='word_1_319' title='bbox 3026 1176 3141 1216; x_wconf 89' lang='lat' dir='ltr'>non</span> <span class='ocrx_word' id='word_1_320' title='bbox 3194 1159 3457 1231; x_wconf 85' lang='lat' dir='ltr'>acquievi</span> <span class='ocrx_word' id='word_1_321' title='bbox 3507 1164 3575 1216; x_wconf 91' lang='lat' dir='ltr'>ut</span> 
     </span>
    </p>
   </div>
   <div class='ocr_carea' id='block_1_42' title="bbox 1905 1247 3566 1314">
    <p class='ocr_par' dir='ltr' id='par_1_42' title="bbox 1905 1247 3566 1314">
     <span class='ocr_line' id='line_1_42' title="bbox 1905 1247 3566 1314; baseline 0.001 -12"><span class='ocrx_word' id='word_1_322' title='bbox 1905 1263 2253 1314; x_wconf 85' lang='lat' dir='ltr'>venerarer;</span> <span class='ocrx_word' id='word_1_323' title='bbox 2306 1252 2364 1304; x_wconf 92' lang='lat' dir='ltr'>et</span> <span class='ocrx_word' id='word_1_324' title='bbox 2406 1248 2526 1304; x_wconf 86' lang='lat' dir='ltr'>dixi</span> <span class='ocrx_word' id='word_1_325' title='bbox 2575 1248 2661 1305; x_wconf 94' lang='lat' dir='ltr'>eis</span> <span class='ocrx_word' id='word_1_326' title='bbox 2708 1266 2722 1305; x_wconf 90' lang='lat'><strong>:</strong></span> <span class='ocrx_word' id='word_1_327' title='bbox 2775 1248 2901 1304; x_wconf 90' lang='lat' dir='ltr'>Non</span> <span class='ocrx_word' id='word_1_328' title='bbox 2956 1248 3145 1305; x_wconf 90' lang='lat' dir='ltr'>servio</span> <span class='ocrx_word' id='word_1_329' title='bbox 3196 1249 3302 1305; x_wconf 91' lang='lat' dir='ltr'>deo</span> <span class='ocrx_word' id='word_1_330' title='bbox 3352 1247 3566 1305; x_wconf 89' lang='lat' dir='ltr'>alieno.</span> 
     </span>
    </p>
   </div>
   <div class='ocr_carea' id='block_1_43' title="bbox 1904 1336 3567 1409">
    <p class='ocr_par' dir='ltr' id='par_1_43' title="bbox 1904 1336 3567 1409">
     <span class='ocr_line' id='line_1_43' title="bbox 1904 1336 3567 1409; baseline 0.002 -17"><span class='ocrx_word' id='word_1_331' title='bbox 1904 1338 2051 1404; x_wconf 86' lang='lat' dir='ltr'>Quid</span> <span class='ocrx_word' id='word_1_332' title='bbox 2084 1346 2173 1394; x_wconf 87' lang='lat' dir='ltr'>est</span> <span class='ocrx_word' id='word_1_333' title='bbox 2216 1339 2322 1395; x_wconf 88' lang='lat' dir='ltr'>hoc</span> <span class='ocrx_word' id='word_1_334' title='bbox 2369 1338 2544 1395; x_wconf 88' lang='lat' dir='ltr'>inane</span> <span class='ocrx_word' id='word_1_335' title='bbox 2595 1336 2980 1395; x_wconf 88' lang='lat' dir='ltr'>simulacrum</span> <span class='ocrx_word' id='word_1_336' title='bbox 3028 1338 3182 1409; x_wconf 90' lang='lat' dir='ltr'>quod</span> <span class='ocrx_word' id='word_1_337' title='bbox 3229 1337 3316 1395; x_wconf 90' lang='lat' dir='ltr'>sic</span> <span class='ocrx_word' id='word_1_338' title='bbox 3368 1354 3463 1394; x_wconf 90' lang='lat' dir='ltr'>me</span> <span class='ocrx_word' id='word_1_339' title='bbox 3492 1338 3567 1395; x_wconf 90' lang='lat' dir='ltr'>ad</span> 
     </span>
    </p>
   </div>
   <div class='ocr_carea' id='block_1_44' title="bbox 1900 1426 3564 1499">
    <p class='ocr_par' dir='ltr' id='par_1_44' title="bbox 1900 1426 3564 1499">
     <span class='ocr_line' id='line_1_44' title="bbox 1900 1426 3564 1499; baseline 0.001 -18"><span class='ocrx_word' id='word_1_340' title='bbox 1900 1427 2267 1483; x_wconf 90' lang='lat' dir='ltr'>adorandum</span> <span class='ocrx_word' id='word_1_341' title='bbox 2318 1426 2579 1499; x_wconf 81' lang='lat' dir='ltr'>cogitis?</span> <span class='ocrx_word' id='word_1_342' title='bbox 2626 1427 2733 1491; x_wconf 90' lang='lat' dir='ltr'>Qui</span> <span class='ocrx_word' id='word_1_343' title='bbox 2784 1427 3063 1482; x_wconf 86' lang='lat' dir='ltr'>dixerunt</span> <span class='ocrx_word' id='word_1_344' title='bbox 3097 1442 3110 1482; x_wconf 77' lang='grc' dir='ltr'>ε</span> <span class='ocrx_word' id='word_1_345' title='bbox 3143 1426 3297 1482; x_wconf 89' lang='lat' dir='ltr'>Deus</span> <span class='ocrx_word' id='word_1_346' title='bbox 3329 1431 3564 1498; x_wconf 82' lang='lat' dir='ltr'>patrum</span> 
     </span>
    </p>
   </div>
   <div class='ocr_carea' id='block_1_45' title="bbox 1900 1512 3566 1585">
    <p class='ocr_par' dir='ltr' id='par_1_45' title="bbox 1900 1512 3566 1585">
     <span class='ocr_line' id='line_1_45' title="bbox 1900 1512 3566 1585; baseline 0 -14"><span class='ocrx_word' id='word_1_347' title='bbox 1900 1520 2256 1571; x_wconf 87' lang='lat' dir='ltr'>nostrorum.</span> <span class='ocrx_word' id='word_1_348' title='bbox 2293 1515 2437 1571; x_wconf 87' lang='lat' dir='ltr'>Mihi</span> <span class='ocrx_word' id='word_1_349' title='bbox 2458 1519 2656 1571; x_wconf 87' lang='lat' dir='ltr'>autem</span> <span class='ocrx_word' id='word_1_350' title='bbox 2683 1514 3009 1571; x_wconf 83' lang='lat' dir='ltr'>afﬁrmanti</span> <span class='ocrx_word' id='word_1_351' title='bbox 3032 1512 3172 1585; x_wconf 85' lang='lat' dir='ltr'>quia</span> <span class='ocrx_word' id='word_1_352' title='bbox 3203 1513 3366 1571; x_wconf 90' lang='lat' dir='ltr'>nullo</span> <span class='ocrx_word' id='word_1_353' title='bbox 3390 1515 3566 1571; x_wconf 90' lang='lat' dir='ltr'>modo</span> 
     </span>
    </p>
   </div>
   <div class='ocr_carea' id='block_1_46' title="bbox 1900 1603 3565 1677">
    <p class='ocr_par' dir='ltr' id='par_1_46' title="bbox 1900 1603 3565 1677">
     <span class='ocr_line' id='line_1_46' title="bbox 1900 1603 3565 1677; baseline 0.001 -17"><span class='ocrx_word' id='word_1_354' title='bbox 1900 1604 2205 1660; x_wconf 86' lang='lat' dir='ltr'>adorarem</span> <span class='ocrx_word' id='word_1_355' title='bbox 2283 1605 2425 1660; x_wconf 86' lang='lat' dir='ltr'>deos</span> <span class='ocrx_word' id='word_1_356' title='bbox 2482 1604 2705 1661; x_wconf 83' lang='lat' dir='ltr'>alienos</span> <span class='ocrx_word' id='word_1_357' title='bbox 2784 1604 3203 1660; x_wconf 85' lang='lat' dir='ltr'>renuntiarunt</span> <span class='ocrx_word' id='word_1_358' title='bbox 3272 1603 3565 1677; x_wconf 85' lang='lat' dir='ltr'>virginem</span> 
     </span>
    </p>
   </div>
   <div class='ocr_carea' id='block_1_47' title="bbox 1899 1691 3564 1765">
    <p class='ocr_par' dir='ltr' id='par_1_47' title="bbox 1899 1691 3564 1765">
     <span class='ocr_line' id='line_1_47' title="bbox 1899 1691 3564 1765; baseline 0.001 -17"><span class='ocrx_word' id='word_1_359' title='bbox 1899 1708 2204 1765; x_wconf 87' lang='lat' dir='ltr'>nunquam</span> <span class='ocrx_word' id='word_1_360' title='bbox 2237 1709 2464 1749; x_wconf 90' lang='lat' dir='ltr'>mecum</span> <span class='ocrx_word' id='word_1_361' title='bbox 2488 1694 2903 1760; x_wconf 75' lang='lat' dir='ltr'>dormiturum,</span> <span class='ocrx_word' id='word_1_362' title='bbox 2940 1692 3057 1749; x_wconf 89' lang='lat' dir='ltr'>nisi</span> <span class='ocrx_word' id='word_1_363' title='bbox 3086 1691 3278 1749; x_wconf 90' lang='lat' dir='ltr'>libens</span> <span class='ocrx_word' id='word_1_364' title='bbox 3308 1692 3424 1749; x_wconf 88' lang='lat' dir='ltr'>diis</span> <span class='ocrx_word' id='word_1_365' title='bbox 3454 1693 3564 1750; x_wconf 85' lang='lat' dir='ltr'>im-</span> 
     </span>
    </p>
   </div>
   <div class='ocr_carea' id='block_1_48' title="bbox 1898 1781 3567 1860">
    <p class='ocr_par' dir='ltr' id='par_1_48' title="bbox 1898 1781 3567 1860">
     <span class='ocr_line' id='line_1_48' title="bbox 1898 1781 3567 1860; baseline 0.001 -24"><span class='ocrx_word' id='word_1_366' title='bbox 1898 1781 2202 1838; x_wconf 88' lang='lat' dir='ltr'>molarem.</span> <span class='ocrx_word' id='word_1_367' title='bbox 2236 1783 2305 1838; x_wconf 88' lang='lat' dir='ltr'>Et</span> <span class='ocrx_word' id='word_1_368' title='bbox 2333 1798 2467 1838; x_wconf 92' lang='lat' dir='ltr'>cum</span> <span class='ocrx_word' id='word_1_369' title='bbox 2499 1799 2628 1838; x_wconf 74' lang='lat' dir='ltr'>eam</span> <span class='ocrx_word' id='word_1_370' title='bbox 2660 1783 3010 1853; x_wconf 88' lang='lat' dir='ltr'>deperirem,</span> <span class='ocrx_word' id='word_1_371' title='bbox 3040 1781 3239 1860; x_wconf 80' lang='lat' dir='ltr'>attulit</span> <span class='ocrx_word' id='word_1_372' title='bbox 3270 1781 3416 1838; x_wconf 85' lang='lat' dir='ltr'>mihi</span> <span class='ocrx_word' id='word_1_373' title='bbox 3450 1782 3567 1838; x_wconf 91' lang='lat' dir='ltr'>cal-</span> 
     </span>
    </p>
   </div>
   <div class='ocr_carea' id='block_1_49' title="bbox 1899 1870 3563 1943">
    <p class='ocr_par' dir='ltr' id='par_1_49' title="bbox 1899 1870 3563 1943">
     <span class='ocr_line' id='line_1_49' title="bbox 1899 1870 3563 1943; baseline 0.002 -18"><span class='ocrx_word' id='word_1_374' title='bbox 1899 1870 2052 1926; x_wconf 88' lang='lat' dir='ltr'>lidus</span> <span class='ocrx_word' id='word_1_375' title='bbox 2083 1888 2249 1927; x_wconf 87' lang='lat' dir='ltr'>amor</span> <span class='ocrx_word' id='word_1_376' title='bbox 2276 1870 2810 1943; x_wconf 88' lang='lat' dir='ltr'>quinquelocustas</span> <span class='ocrx_word' id='word_1_377' title='bbox 2834 1871 3039 1928; x_wconf 90' lang='lat' dir='ltr'>dicens</span> <span class='ocrx_word' id='word_1_378' title='bbox 3071 1871 3265 1942; x_wconf 89' lang='lat' dir='ltr'>ipsius</span> <span class='ocrx_word' id='word_1_379' title='bbox 3287 1872 3563 1928; x_wconf 79' lang='lat' dir='ltr'>nomine:</span> 
     </span>
    </p>
   </div>
   <div class='ocr_carea' id='block_1_50' title="bbox 1899 1959 3564 2028">
    <p class='ocr_par' dir='ltr' id='par_1_50' title="bbox 1899 1959 3564 2028">
     <span class='ocr_line' id='line_1_50' title="bbox 1899 1959 3564 2028; baseline -0.001 -12"><span class='ocrx_word' id='word_1_380' title='bbox 1899 1960 2077 2016; x_wconf 90' lang='lat' dir='ltr'>Sume</span> <span class='ocrx_word' id='word_1_381' title='bbox 2107 1960 2214 2016; x_wconf 89' lang='lat' dir='ltr'>has</span> <span class='ocrx_word' id='word_1_382' title='bbox 2244 1959 2525 2028; x_wconf 80' lang='lat' dir='ltr'>locustae,</span> <span class='ocrx_word' id='word_1_383' title='bbox 2558 1965 2617 2016; x_wconf 90' lang='lat' dir='ltr'>et</span> <span class='ocrx_word' id='word_1_384' title='bbox 2664 1966 2898 2016; x_wconf 89' lang='lat' dir='ltr'>contere</span> <span class='ocrx_word' id='word_1_385' title='bbox 2945 1975 3045 2017; x_wconf 88' lang='lat' dir='ltr'>eas</span> <span class='ocrx_word' id='word_1_386' title='bbox 3096 1961 3156 2015; x_wconf 89' lang='lat' dir='ltr'>in</span> <span class='ocrx_word' id='word_1_387' title='bbox 3200 1960 3438 2017; x_wconf 90' lang='lat' dir='ltr'>nomine</span> <span class='ocrx_word' id='word_1_388' title='bbox 3469 1960 3564 2016; x_wconf 91' lang='lat' dir='ltr'>dei</span> 
     </span>
    </p>
   </div>
   <div class='ocr_carea' id='block_1_51' title="bbox 1897 2048 3566 2121">
    <p class='ocr_par' dir='ltr' id='par_1_51' title="bbox 1897 2048 3566 2121">
     <span class='ocr_line' id='line_1_51' title="bbox 1897 2048 3566 2121; baseline 0.001 -17"><span class='ocrx_word' id='word_1_389' title='bbox 1897 2048 2146 2118; x_wconf 89' lang='lat' dir='ltr'>Moloch,</span> <span class='ocrx_word' id='word_1_390' title='bbox 2179 2053 2236 2104; x_wconf 92' lang='lat' dir='ltr'>et</span> <span class='ocrx_word' id='word_1_391' title='bbox 2265 2053 2407 2106; x_wconf 89' lang='lat' dir='ltr'>tunc</span> <span class='ocrx_word' id='word_1_392' title='bbox 2439 2049 2729 2105; x_wconf 90' lang='lat' dir='ltr'>dormiam</span> <span class='ocrx_word' id='word_1_393' title='bbox 2780 2054 2973 2106; x_wconf 88' lang='lat' dir='ltr'>tecum</span> <span class='ocrx_word' id='word_1_394' title='bbox 3000 2075 3014 2116; x_wconf 82' lang='lat'><strong>;</strong></span> <span class='ocrx_word' id='word_1_395' title='bbox 3053 2050 3206 2121; x_wconf 92' lang='lat' dir='ltr'>quod</span> <span class='ocrx_word' id='word_1_396' title='bbox 3239 2053 3297 2107; x_wconf 90' lang='lat' dir='ltr'>et</span> <span class='ocrx_word' id='word_1_397' title='bbox 3328 2050 3459 2106; x_wconf 84' lang='lat' dir='ltr'>feci.</span> <span class='ocrx_word' id='word_1_398' title='bbox 3494 2050 3566 2106; x_wconf 88' lang='lat' dir='ltr'>Et</span> 
     </span>
    </p>
   </div>
   <div class='ocr_carea' id='block_1_52' title="bbox 1898 2137 3563 2212">
    <p class='ocr_par' dir='ltr' id='par_1_52' title="bbox 1898 2137 3563 2212">
     <span class='ocr_line' id='line_1_52' title="bbox 1898 2137 3563 2212; baseline 0.001 -19"><span class='ocrx_word' id='word_1_399' title='bbox 1898 2138 2098 2194; x_wconf 84' lang='lat' dir='ltr'>statim</span> <span class='ocrx_word' id='word_1_400' title='bbox 2131 2137 2304 2194; x_wconf 89' lang='lat' dir='ltr'>exivit</span> <span class='ocrx_word' id='word_1_401' title='bbox 2333 2155 2367 2195; x_wconf 88' lang='lat' dir='ltr'>a</span> <span class='ocrx_word' id='word_1_402' title='bbox 2398 2154 2491 2195; x_wconf 90' lang='lat' dir='ltr'>me</span> <span class='ocrx_word' id='word_1_403' title='bbox 2522 2138 2767 2212; x_wconf 88' lang='lat' dir='ltr'>spiritus</span> <span class='ocrx_word' id='word_1_404' title='bbox 2791 2139 2912 2194; x_wconf 89' lang='lat' dir='ltr'>Dei.</span> <span class='ocrx_word' id='word_1_405' title='bbox 2941 2140 3009 2194; x_wconf 86' lang='lat' dir='ltr'>Et</span> <span class='ocrx_word' id='word_1_406' title='bbox 3031 2139 3221 2195; x_wconf 85' lang='lat' dir='ltr'>factus</span> <span class='ocrx_word' id='word_1_407' title='bbox 3243 2155 3377 2195; x_wconf 91' lang='lat' dir='ltr'>sum</span> <span class='ocrx_word' id='word_1_408' title='bbox 3404 2138 3563 2196; x_wconf 83' lang='lat' dir='ltr'>inﬁr-</span> 
     </span>
    </p>
   </div>
   <div class='ocr_carea' id='block_1_53' title="bbox 1899 2227 3556 2300">
    <p class='ocr_par' dir='ltr' id='par_1_53' title="bbox 1899 2227 3556 2300">
     <span class='ocr_line' id='line_1_53' title="bbox 1899 2227 3556 2300; baseline 0.001 -17"><span class='ocrx_word' id='word_1_409' title='bbox 1899 2244 2054 2295; x_wconf 88' lang='lat' dir='ltr'>mus,</span> <span class='ocrx_word' id='word_1_410' title='bbox 2079 2227 2321 2300; x_wconf 81' lang='lat' dir='ltr'>etquasi</span> <span class='ocrx_word' id='word_1_411' title='bbox 2345 2227 2568 2283; x_wconf 87' lang='lat' dir='ltr'>stultus</span> <span class='ocrx_word' id='word_1_412' title='bbox 2585 2228 2645 2283; x_wconf 90' lang='lat' dir='ltr'>in</span> <span class='ocrx_word' id='word_1_413' title='bbox 2666 2227 2860 2284; x_wconf 88' lang='lat' dir='ltr'>verbis</span> <span class='ocrx_word' id='word_1_414' title='bbox 2884 2228 3063 2296; x_wconf 87' lang='lat' dir='ltr'>meis;</span> <span class='ocrx_word' id='word_1_415' title='bbox 3090 2228 3296 2284; x_wconf 81' lang='lat' dir='ltr'>exinde</span> <span class='ocrx_word' id='word_1_416' title='bbox 3318 2232 3556 2284; x_wconf 88' lang='lat' dir='ltr'>coactus</span> 
     </span>
    </p>
   </div>
   <div class='ocr_carea' id='block_1_54' title="bbox 1897 2314 3556 2388">
    <p class='ocr_par' dir='ltr' id='par_1_54' title="bbox 1897 2314 3556 2388">
     <span class='ocr_line' id='line_1_54' title="bbox 1897 2314 3556 2388; baseline -0.001 -15"><span class='ocrx_word' id='word_1_417' title='bbox 1897 2332 2030 2373; x_wconf 89' lang='lat' dir='ltr'>sum</span> <span class='ocrx_word' id='word_1_418' title='bbox 2063 2316 2135 2372; x_wconf 89' lang='lat' dir='ltr'>ab</span> <span class='ocrx_word' id='word_1_419' title='bbox 2165 2332 2233 2372; x_wconf 88' lang='lat' dir='ltr'>ea</span> <span class='ocrx_word' id='word_1_420' title='bbox 2262 2317 2335 2373; x_wconf 90' lang='lat' dir='ltr'>ad</span> <span class='ocrx_word' id='word_1_421' title='bbox 2380 2317 2793 2372; x_wconf 70' lang='lat' dir='ltr'>mditicandum</span> <span class='ocrx_word' id='word_1_422' title='bbox 2845 2314 3133 2388; x_wconf 88' lang='lat' dir='ltr'>templum</span> <span class='ocrx_word' id='word_1_423' title='bbox 3163 2315 3359 2383; x_wconf 88' lang='lat' dir='ltr'>idolis,</span> <span class='ocrx_word' id='word_1_424' title='bbox 3395 2316 3556 2373; x_wconf 88' lang='lat' dir='ltr'>Baali</span> 
     </span>
    </p>
   </div>
   <div class='ocr_carea' id='block_1_55' title="bbox 1898 2403 3558 2478">
    <p class='ocr_par' dir='ltr' id='par_1_55' title="bbox 1898 2403 3558 2478">
     <span class='ocr_line' id='line_1_55' title="bbox 1898 2403 3558 2478; baseline -0.001 -16"><span class='ocrx_word' id='word_1_425' title='bbox 1898 2410 1957 2462; x_wconf 91' lang='lat' dir='ltr'>et</span> <span class='ocrx_word' id='word_1_426' title='bbox 1986 2405 2184 2478; x_wconf 80' lang='lat' dir='ltr'>Rapha</span> <span class='ocrx_word' id='word_1_427' title='bbox 2226 2409 2283 2462; x_wconf 90' lang='lat' dir='ltr'>et</span> <span class='ocrx_word' id='word_1_428' title='bbox 2314 2405 2571 2471; x_wconf 89' lang='lat' dir='ltr'>Moloch,</span> <span class='ocrx_word' id='word_1_429' title='bbox 2596 2409 2654 2460; x_wconf 87' lang='lat' dir='ltr'>et</span> <span class='ocrx_word' id='word_1_430' title='bbox 2701 2403 2965 2473; x_wconf 71' lang='lat' dir='ltr'>steteris;</span> <span class='ocrx_word' id='word_1_431' title='bbox 3018 2410 3076 2461; x_wconf 89' lang='lat' dir='ltr'>et</span> <span class='ocrx_word' id='word_1_432' title='bbox 3103 2420 3209 2477; x_wconf 89' lang='lat' dir='ltr'>ego</span> <span class='ocrx_word' id='word_1_433' title='bbox 3240 2404 3421 2461; x_wconf 89' lang='lat' dir='ltr'>miser</span> <span class='ocrx_word' id='word_1_434' title='bbox 3450 2404 3558 2462; x_wconf 89' lang='lat' dir='ltr'>feci</span> 
     </span>
    </p>
   </div>
   <div class='ocr_carea' id='block_1_56' title="bbox 1895 2492 3559 2566">
    <p class='ocr_par' dir='ltr' id='par_1_56' title="bbox 1895 2492 3559 2566">
     <span class='ocr_line' id='line_1_56' title="bbox 1895 2492 3559 2566; baseline -0.001 -16"><span class='ocrx_word' id='word_1_435' title='bbox 1895 2494 2256 2550; x_wconf 87' lang='lat' dir='ltr'>voluntatem</span> <span class='ocrx_word' id='word_1_436' title='bbox 2315 2495 2467 2565; x_wconf 86' lang='lat' dir='ltr'>ejus,</span> <span class='ocrx_word' id='word_1_437' title='bbox 2532 2498 2590 2548; x_wconf 90' lang='lat' dir='ltr'>et</span> <span class='ocrx_word' id='word_1_438' title='bbox 2637 2493 2876 2549; x_wconf 87' lang='lat' dir='ltr'>tandem</span> <span class='ocrx_word' id='word_1_439' title='bbox 2934 2493 3177 2549; x_wconf 81' lang='lat' dir='ltr'>recessit</span> <span class='ocrx_word' id='word_1_440' title='bbox 3225 2493 3412 2566; x_wconf 85' lang='lat' dir='ltr'>gloria</span> <span class='ocrx_word' id='word_1_441' title='bbox 3463 2492 3559 2550; x_wconf 88' lang='lat' dir='ltr'>Dei</span> 
     </span>
    </p>
   </div>
   <div class='ocr_carea' id='block_1_57' title="bbox 1897 2582 3559 2654">
    <p class='ocr_par' dir='ltr' id='par_1_57' title="bbox 1897 2582 3559 2654">
     <span class='ocr_line' id='line_1_57' title="bbox 1897 2582 3559 2654; baseline -0.001 -15"><span class='ocrx_word' id='word_1_442' title='bbox 1897 2599 1931 2639; x_wconf 90' lang='lat' dir='ltr'>a</span> <span class='ocrx_word' id='word_1_443' title='bbox 1961 2600 2094 2652; x_wconf 87' lang='lat' dir='ltr'>me;</span> <span class='ocrx_word' id='word_1_444' title='bbox 2128 2588 2185 2639; x_wconf 88' lang='lat' dir='ltr'>et</span> <span class='ocrx_word' id='word_1_445' title='bbox 2213 2584 2559 2639; x_wconf 87' lang='lat' dir='ltr'>obscuratus</span> <span class='ocrx_word' id='word_1_446' title='bbox 2606 2587 2695 2638; x_wconf 88' lang='lat' dir='ltr'>est</span> <span class='ocrx_word' id='word_1_447' title='bbox 2726 2582 2970 2654; x_wconf 86' lang='lat' dir='ltr'>spiritus</span> <span class='ocrx_word' id='word_1_448' title='bbox 3004 2599 3173 2638; x_wconf 84' lang='lat' dir='ltr'>meus</span> <span class='ocrx_word' id='word_1_449' title='bbox 3208 2600 3222 2650; x_wconf 91' lang='lat'><strong>;</strong></span> <span class='ocrx_word' id='word_1_450' title='bbox 3279 2588 3336 2639; x_wconf 90' lang='lat' dir='ltr'>et</span> <span class='ocrx_word' id='word_1_451' title='bbox 3367 2583 3559 2639; x_wconf 84' lang='lat' dir='ltr'>tactus</span> 
     </span>
    </p>
   </div>
   <div class='ocr_carea' id='block_1_58' title="bbox 1896 2672 3557 2745">
    <p class='ocr_par' dir='ltr' id='par_1_58' title="bbox 1896 2672 3557 2745">
     <span class='ocr_line' id='line_1_58' title="bbox 1896 2672 3557 2745; baseline -0.002 -15"><span class='ocrx_word' id='word_1_452' title='bbox 1896 2690 2029 2730; x_wconf 90' lang='lat' dir='ltr'>sum</span> <span class='ocrx_word' id='word_1_453' title='bbox 2065 2673 2433 2744; x_wconf 88' lang='lat' dir='ltr'>proverbium</span> <span class='ocrx_word' id='word_1_454' title='bbox 2460 2672 2633 2729; x_wconf 89' lang='lat' dir='ltr'>idolis</span> <span class='ocrx_word' id='word_1_455' title='bbox 2663 2677 2721 2728; x_wconf 88' lang='lat' dir='ltr'>et</span> <span class='ocrx_word' id='word_1_456' title='bbox 2742 2672 3110 2728; x_wconf 67' lang='lat' dir='ltr'>daemonibus</span> <span class='ocrx_word' id='word_1_457' title='bbox 3145 2688 3160 2727; x_wconf 89' lang='lat'><strong>:</strong></span> <span class='ocrx_word' id='word_1_458' title='bbox 3194 2672 3323 2728; x_wconf 90' lang='lat' dir='ltr'>ideo</span> <span class='ocrx_word' id='word_1_459' title='bbox 3345 2672 3557 2745; x_wconf 89' lang='lat' dir='ltr'>scripsi</span> 
     </span>
    </p>
   </div>
   <div class='ocr_carea' id='block_1_59' title="bbox 1893 2763 3560 2836">
    <p class='ocr_par' dir='ltr' id='par_1_59' title="bbox 1893 2763 3560 2836">
     <span class='ocr_line' id='line_1_59' title="bbox 1893 2763 3560 2836; baseline -0.001 -15"><span class='ocrx_word' id='word_1_460' title='bbox 1893 2765 2004 2821; x_wconf 89' lang='lat' dir='ltr'>hoc</span> <span class='ocrx_word' id='word_1_461' title='bbox 2036 2771 2457 2822; x_wconf 86' lang='lat' dir='ltr'>testamentum</span> <span class='ocrx_word' id='word_1_462' title='bbox 2494 2781 2718 2831; x_wconf 89' lang='lat' dir='ltr'>meum,</span> <span class='ocrx_word' id='word_1_463' title='bbox 2749 2770 2813 2820; x_wconf 89' lang='lat' dir='ltr'>ut</span> <span class='ocrx_word' id='word_1_464' title='bbox 2843 2763 3058 2835; x_wconf 89' lang='lat' dir='ltr'>quibus</span> <span class='ocrx_word' id='word_1_465' title='bbox 3100 2763 3397 2836; x_wconf 89' lang='lat' dir='ltr'>obtigerit,</span> <span class='ocrx_word' id='word_1_466' title='bbox 3431 2780 3560 2819; x_wconf 91' lang='lat' dir='ltr'>ore-</span> 
     </span>
    </p>
   </div>
   <div class='ocr_carea' id='block_1_60' title="bbox 1894 2852 3554 2924">
    <p class='ocr_par' dir='ltr' id='par_1_60' title="bbox 1894 2852 3554 2924">
     <span class='ocr_line' id='line_1_60' title="bbox 1894 2852 3554 2924; baseline -0.001 -15"><span class='ocrx_word' id='word_1_467' title='bbox 1894 2854 1991 2916; x_wconf 80' lang='lat' dir='ltr'>tis,</span> <span class='ocrx_word' id='word_1_468' title='bbox 2023 2858 2081 2911; x_wconf 89' lang='lat' dir='ltr'>et</span> <span class='ocrx_word' id='word_1_469' title='bbox 2112 2854 2434 2910; x_wconf 87' lang='lat' dir='ltr'>attendatis</span> <span class='ocrx_word' id='word_1_470' title='bbox 2487 2853 2710 2910; x_wconf 89' lang='lat' dir='ltr'>ultimis</span> <span class='ocrx_word' id='word_1_471' title='bbox 2739 2858 2797 2909; x_wconf 90' lang='lat' dir='ltr'>et</span> <span class='ocrx_word' id='word_1_472' title='bbox 2827 2870 2942 2909; x_wconf 90' lang='lat' dir='ltr'>non</span> <span class='ocrx_word' id='word_1_473' title='bbox 2978 2852 3294 2924; x_wconf 88' lang='lat' dir='ltr'>prioribus,</span> <span class='ocrx_word' id='word_1_474' title='bbox 3334 2857 3392 2909; x_wconf 87' lang='lat' dir='ltr'>et</span> <span class='ocrx_word' id='word_1_475' title='bbox 3420 2856 3554 2909; x_wconf 88' lang='lat' dir='ltr'>tan-</span> 
     </span>
    </p>
   </div>
   <div class='ocr_carea' id='block_1_61' title="bbox 1899 2940 3259 3016">
    <p class='ocr_par' dir='ltr' id='par_1_61' title="bbox 1899 2940 3259 3016">
     <span class='ocr_line' id='line_1_61' title="bbox 1899 2940 3259 3016; baseline -0.003 -16"><span class='ocrx_word' id='word_1_476' title='bbox 1899 2945 2033 3000; x_wconf 91' lang='lat' dir='ltr'>dem</span> <span class='ocrx_word' id='word_1_477' title='bbox 2065 2945 2315 3016; x_wconf 86' lang='lat' dir='ltr'>gratiam</span> <span class='ocrx_word' id='word_1_478' title='bbox 2349 2942 2662 2999; x_wconf 89' lang='lat' dir='ltr'>inveniatis</span> <span class='ocrx_word' id='word_1_479' title='bbox 2692 2942 2750 2997; x_wconf 91' lang='lat' dir='ltr'>in</span> <span class='ocrx_word' id='word_1_480' title='bbox 2783 2940 3016 2998; x_wconf 67' lang='lat' dir='ltr'>saecula.</span> <span class='ocrx_word' id='word_1_481' title='bbox 3052 2948 3259 2998; x_wconf 86' lang='lat' dir='ltr'>Amen.</span> 
     </span>
    </p>
   </div>
   <div class='ocr_carea' id='block_1_62' title="bbox 130 3026 3547 3106">
    <p class='ocr_par' dir='ltr' id='par_1_62' title="bbox 130 3026 3547 3106">
     <span class='ocr_line' id='line_1_62' title="bbox 130 3026 3547 3106; baseline 0.001 -28"><span class='ocrx_word' id='word_1_482' title='bbox 130 3026 437 3099; x_wconf 76' lang='grc' dir='ltr'>ἠνεγκαοθη</span> <span class='ocrx_word' id='word_1_483' title='bbox 476 3026 601 3099; x_wconf 78' lang='lat' dir='ltr'>(sic)</span> <span class='ocrx_word' id='word_1_484' title='bbox 628 3026 756 3102; x_wconf 87' lang='grc' dir='ltr'>παρ’</span> <span class='ocrx_word' id='word_1_485' title='bbox 785 3026 953 3095; x_wconf 78' lang='grc' dir='ltr'>αὐτῆς</span> <span class='ocrx_word' id='word_1_486' title='bbox 976 3027 1150 3083; x_wconf 84' lang='grc' dir='ltr'>κτίσαι</span> <span class='ocrx_word' id='word_1_487' title='bbox 1181 3029 1306 3083; x_wconf 87' lang='grc' dir='ltr'>ναὸν</span> <span class='ocrx_word' id='word_1_488' title='bbox 1333 3033 1440 3083; x_wconf 89' lang='grc' dir='ltr'>τῶν</span> <span class='ocrx_word' id='word_1_489' title='bbox 1472 3027 1737 3084; x_wconf 65' lang='grc' dir='ltr'>εῗδώλων·</span> <span class='ocrx_word' id='word_1_490' title='bbox 1770 3032 1851 3100; x_wconf 77' lang='grc' dir='ltr'>τῷ</span> <span class='ocrx_word' id='word_1_491' title='bbox 1880 3029 2052 3103; x_wconf 69' lang='grc' dir='ltr'>Βαὰλ,</span> <span class='ocrx_word' id='word_1_492' title='bbox 2083 3031 2171 3086; x_wconf 80' lang='grc' dir='ltr'>καὶ</span> <span class='ocrx_word' id='word_1_493' title='bbox 2201 3029 2281 3104; x_wconf 81' lang='grc' dir='ltr'>τῷ</span> <span class='ocrx_word' id='word_1_494' title='bbox 2306 3029 2494 3106; x_wconf 74' lang='grc' dir='ltr'>Ῥαφᾶ,</span> <span class='ocrx_word' id='word_1_495' title='bbox 2525 3030 2615 3085; x_wconf 84' lang='grc' dir='ltr'>καὶ</span> <span class='ocrx_word' id='word_1_496' title='bbox 2639 3029 2702 3085; x_wconf 87' lang='grc' dir='ltr'>τὸ</span> <span class='ocrx_word' id='word_1_497' title='bbox 2746 3026 2966 3103; x_wconf 81' lang='grc' dir='ltr'>Μολὸχ,</span> <span class='ocrx_word' id='word_1_498' title='bbox 3016 3027 3106 3083; x_wconf 80' lang='grc' dir='ltr'>καὶ</span> <span class='ocrx_word' id='word_1_499' title='bbox 3156 3033 3274 3091; x_wconf 91' lang='grc' dir='ltr'>τοῖς</span> <span class='ocrx_word' id='word_1_500' title='bbox 3325 3032 3547 3091; x_wconf 78' lang='grc' dir='ltr'>Λοιποῖς</span> 
     </span>
    </p>
   </div>
   <div class='ocr_carea' id='block_1_63' title="bbox 131 3111 3549 3190">
    <p class='ocr_par' dir='ltr' id='par_1_63' title="bbox 131 3111 3549 3190">
     <span class='ocr_line' id='line_1_63' title="bbox 131 3111 3549 3190; baseline 0.001 -22"><span class='ocrx_word' id='word_1_501' title='bbox 131 3111 413 3176; x_wconf 72' lang='grc' dir='ltr'>εἶ’δώλοις*</span> <span class='ocrx_word' id='word_1_502' title='bbox 444 3113 594 3189; x_wconf 81' lang='grc' dir='ltr'>κάγὼ</span> <span class='ocrx_word' id='word_1_503' title='bbox 626 3112 720 3169; x_wconf 75' lang='grc' dir='ltr'>οὖν</span> <span class='ocrx_word' id='word_1_504' title='bbox 752 3116 781 3171; x_wconf 89' lang='lat'>6</span> <span class='ocrx_word' id='word_1_505' title='bbox 812 3111 1076 3187; x_wconf 76' lang='grc' dir='ltr'>δύστηνος</span> <span class='ocrx_word' id='word_1_506' title='bbox 1105 3114 1336 3187; x_wconf 77' lang='grc' dir='ltr'>ἐποίησα</span> <span class='ocrx_word' id='word_1_507' title='bbox 1362 3118 1464 3186; x_wconf 78' lang='grc' dir='ltr'>τήν</span> <span class='ocrx_word' id='word_1_508' title='bbox 1496 3113 1817 3190; x_wconf 75' lang='grc' dir='ltr'>συμϐουλὴν</span> <span class='ocrx_word' id='word_1_509' title='bbox 1848 3119 2038 3189; x_wconf 80' lang='grc' dir='ltr'>αὐτῆς,</span> <span class='ocrx_word' id='word_1_510' title='bbox 2069 3121 2160 3174; x_wconf 86' lang='grc' dir='ltr'>καὶ</span> <span class='ocrx_word' id='word_1_511' title='bbox 2191 3117 2416 3181; x_wconf 79' lang='grc' dir='ltr'>τελείως</span> <span class='ocrx_word' id='word_1_512' title='bbox 2449 3117 2650 3187; x_wconf 81' lang='grc' dir='ltr'>ἀπέστη</span> <span class='ocrx_word' id='word_1_513' title='bbox 2701 3119 2736 3187; x_wconf 73' lang='grc' dir='ltr'><strong>ἡ</strong></span> <span class='ocrx_word' id='word_1_514' title='bbox 2770 3114 2898 3188; x_wconf 83' lang='grc' dir='ltr'>δόξα</span> <span class='ocrx_word' id='word_1_515' title='bbox 2938 3121 3035 3172; x_wconf 79' lang='grc' dir='ltr'>τοῦ</span> <span class='ocrx_word' id='word_1_516' title='bbox 3067 3120 3200 3172; x_wconf 69' lang='grc' dir='ltr'>Θεοῦ</span> <span class='ocrx_word' id='word_1_517' title='bbox 3246 3115 3338 3171; x_wconf 67' lang='grc' dir='ltr'>ἀπ²</span> <span class='ocrx_word' id='word_1_518' title='bbox 3386 3117 3549 3189; x_wconf 78' lang='grc' dir='ltr'>ὲμοῦ’</span> 
     </span>
    </p>
   </div>
   <div class='ocr_carea' id='block_1_64' title="bbox 128 3202 3555 3282">
    <p class='ocr_par' dir='ltr' id='par_1_64' title="bbox 128 3202 3555 3282">
     <span class='ocr_line' id='line_1_64' title="bbox 128 3202 3555 3282; baseline 0.001 -25"><span class='ocrx_word' id='word_1_519' title='bbox 128 3203 223 3257; x_wconf 85' lang='grc' dir='ltr'>καὶ</span> <span class='ocrx_word' id='word_1_520' title='bbox 249 3202 565 3274; x_wconf 73' lang='grc' dir='ltr'>ἒσκοστίσθη</span> <span class='ocrx_word' id='word_1_521' title='bbox 596 3203 660 3259; x_wconf 86' lang='grc' dir='ltr'>τὸ</span> <span class='ocrx_word' id='word_1_522' title='bbox 684 3205 897 3276; x_wconf 73' lang='grc' dir='ltr'>πνεῦμά</span> <span class='ocrx_word' id='word_1_523' title='bbox 930 3222 1055 3278; x_wconf 75' lang='grc' dir='ltr'>μου*</span> <span class='ocrx_word' id='word_1_524' title='bbox 1106 3203 1195 3260; x_wconf 77' lang='grc' dir='ltr'>καί</span> <span class='ocrx_word' id='word_1_525' title='bbox 1224 3205 1492 3281; x_wconf 72' lang='grc' dir='ltr'>ἐγενόμην</span> <span class='ocrx_word' id='word_1_526' title='bbox 1523 3206 1700 3282; x_wconf 86' lang='grc' dir='ltr'>γέλως</span> <span class='ocrx_word' id='word_1_527' title='bbox 1726 3215 1843 3272; x_wconf 87' lang='grc' dir='ltr'>τοῖς</span> <span class='ocrx_word' id='word_1_528' title='bbox 1876 3206 2130 3271; x_wconf 68' lang='grc' dir='ltr'>εἰδώλοις</span> <span class='ocrx_word' id='word_1_529' title='bbox 2155 3208 2244 3263; x_wconf 81' lang='grc' dir='ltr'>καὶ</span> <span class='ocrx_word' id='word_1_530' title='bbox 2277 3204 2520 3281; x_wconf 86' lang='grc' dir='ltr'>δαίμοσι·</span> <span class='ocrx_word' id='word_1_531' title='bbox 2556 3204 2646 3262; x_wconf 71' lang='grc' dir='ltr'>διὰ</span> <span class='ocrx_word' id='word_1_532' title='bbox 2675 3211 2838 3261; x_wconf 80' lang='grc' dir='ltr'>τοῦτο</span> <span class='ocrx_word' id='word_1_533' title='bbox 2870 3204 3160 3282; x_wconf 80' lang='grc' dir='ltr'>ἀπέγραψα</span> <span class='ocrx_word' id='word_1_534' title='bbox 3189 3205 3390 3275; x_wconf 72' lang='grc' dir='ltr'>ταύτην</span> <span class='ocrx_word' id='word_1_535' title='bbox 3416 3206 3555 3278; x_wconf 70' lang='grc' dir='ltr'>ἐμοῦ</span> 
     </span>
    </p>
   </div>
   <div class='ocr_carea' id='block_1_65' title="bbox 134 3288 3555 3373">
    <p class='ocr_par' dir='ltr' id='par_1_65' title="bbox 134 3288 3555 3373">
     <span class='ocr_line' id='line_1_65' title="bbox 134 3288 3555 3373; baseline 0.001 -27"><span class='ocrx_word' id='word_1_536' title='bbox 134 3292 242 3361; x_wconf 75' lang='grc' dir='ltr'>τὴν</span> <span class='ocrx_word' id='word_1_537' title='bbox 276 3288 563 3364; x_wconf 80' lang='grc' dir='ltr'>διαθήκην,</span> <span class='ocrx_word' id='word_1_538' title='bbox 586 3289 678 3347; x_wconf 68' lang='grc' dir='ltr'>’ἱνα</span> <span class='ocrx_word' id='word_1_539' title='bbox 711 3293 763 3348; x_wconf 88' lang='grc' dir='ltr'>οἱ</span> <span class='ocrx_word' id='word_1_540' title='bbox 795 3292 1062 3368; x_wconf 81' lang='grc' dir='ltr'>λαχόντες</span> <span class='ocrx_word' id='word_1_541' title='bbox 1096 3291 1333 3370; x_wconf 77' lang='grc' dir='ltr'>εὕχησθε</span> <span class='ocrx_word' id='word_1_542' title='bbox 1364 3296 1453 3350; x_wconf 86' lang='grc' dir='ltr'>καὶ</span> <span class='ocrx_word' id='word_1_543' title='bbox 1484 3295 1795 3373; x_wconf 87' lang='grc' dir='ltr'>προσέχητε</span> <span class='ocrx_word' id='word_1_544' title='bbox 1821 3302 1938 3361; x_wconf 80' lang='grc' dir='ltr'>τοῖς</span> <span class='ocrx_word' id='word_1_545' title='bbox 1969 3297 2244 3373; x_wconf 70' lang='grc' dir='ltr'>ἐσχάτοις,</span> <span class='ocrx_word' id='word_1_546' title='bbox 2274 3297 2363 3352; x_wconf 83' lang='grc' dir='ltr'>καὶ</span> <span class='ocrx_word' id='word_1_547' title='bbox 2399 3298 2475 3370; x_wconf 80' lang='grc' dir='ltr'>μή</span> <span class='ocrx_word' id='word_1_548' title='bbox 2505 3301 2623 3359; x_wconf 87' lang='grc' dir='ltr'>τοῖς</span> <span class='ocrx_word' id='word_1_549' title='bbox 2656 3295 2924 3370; x_wconf 81' lang='grc' dir='ltr'>πρώτοις,</span> <span class='ocrx_word' id='word_1_550' title='bbox 2947 3292 3041 3350; x_wconf 71' lang='grc' dir='ltr'>⁹ίνα</span> <span class='ocrx_word' id='word_1_551' title='bbox 3081 3294 3309 3358; x_wconf 77' lang='grc' dir='ltr'>τελείως</span> <span class='ocrx_word' id='word_1_552' title='bbox 3357 3293 3555 3370; x_wconf 80' lang='grc' dir='ltr'>εὕρωσι</span> 
     </span>
    </p>
   </div>
   <div class='ocr_carea' id='block_1_66' title="bbox 127 3379 1055 3457">
    <p class='ocr_par' dir='ltr' id='par_1_66' title="bbox 127 3379 1055 3457">
     <span class='ocr_line' id='line_1_66' title="bbox 127 3379 1055 3457; baseline 0.002 -23"><span class='ocrx_word' id='word_1_553' title='bbox 127 3381 295 3457; x_wconf 81' lang='grc' dir='ltr'>χάριν</span> <span class='ocrx_word' id='word_1_554' title='bbox 327 3379 404 3443; x_wconf 85' lang='grc' dir='ltr'>εἰς</span> <span class='ocrx_word' id='word_1_555' title='bbox 430 3379 559 3443; x_wconf 77' lang='grc' dir='ltr'>τοὺς</span> <span class='ocrx_word' id='word_1_556' title='bbox 591 3381 811 3446; x_wconf 84' lang='grc' dir='ltr'>αἰῶνας.</span> <span class='ocrx_word' id='word_1_557' title='bbox 845 3382 907 3438; x_wconf 81' lang='grc' dir='ltr'>Ἀ</span> <span class='ocrx_word' id='word_1_558' title='bbox 924 3381 1055 3456; x_wconf 70' lang='grc' dir='ltr'>μήν.</span> 
     </span>
    </p>
   </div>
   <div class='ocr_carea' id='block_1_67' title="bbox 1455 3485 2218 3550">
    <p class='ocr_par' dir='ltr' id='par_1_67' title="bbox 1455 3485 2218 3550">
     <span class='ocr_line' id='line_1_67' title="bbox 1455 3485 2218 3550; baseline -0.007 0"><span class='ocrx_word' id='word_1_559' title='bbox 1455 3488 1724 3550; x_wconf 73' lang='grc' dir='ltr'>νΑιιΙιΕ</span> <span class='ocrx_word' id='word_1_560' title='bbox 1763 3487 2093 3549; x_wconf 85' lang='lat' dir='ltr'>LECTION</span> <span class='ocrx_word' id='word_1_561' title='bbox 2106 3485 2218 3546; x_wconf 89' lang='lat' dir='ltr'>ES.</span> 
     </span>
    </p>
   </div>
   <div class='ocr_carea' id='block_1_68' title="bbox 204 3585 832 3730">
    <p class='ocr_par' dir='ltr' id='par_1_68' title="bbox 204 3585 832 3730">
     <span class='ocr_line' id='line_1_68' title="bbox 204 3585 832 3730; baseline 0.002 -89"><span class='ocrx_word' id='word_1_562' title='bbox 204 3585 320 3730; x_wconf 52' lang='lat' dir='ltr'>(l5;</span> <span class='ocrx_word' id='word_1_563' title='bbox 346 3587 569 3644; x_wconf 89' lang='lat' dir='ltr'>Nomen</span> <span class='ocrx_word' id='word_1_564' title='bbox 604 3586 832 3660; x_wconf 65' lang='lat' dir='ltr'>puella.</span> 
     </span>
     <span class='ocr_line' id='line_1_69' title="bbox 206 3659 832 3730; baseline 0.01 -19"><span class='ocrx_word' id='word_1_565' title='bbox 206 3659 296 3725; x_wconf 83' lang='grc'>(16</span> <span class='ocrx_word' id='word_1_566' title='bbox 377 3662 441 3716; x_wconf 90' lang='lat' dir='ltr'>In</span> <span class='ocrx_word' id='word_1_567' title='bbox 514 3664 675 3717; x_wconf 84' lang='lat' dir='ltr'>textu</span> <span class='ocrx_word' id='word_1_568' title='bbox 746 3677 832 3730; x_wconf 73' lang='lat' dir='ltr'>sp:</span> 
     </span>
    </p>
   </div>
   <div class='ocr_carea' id='block_1_69' title="bbox 133 3659 1791 3791">
    <p class='ocr_par' dir='ltr' id='par_1_69' title="bbox 133 3659 1791 3791">
     <span class='ocr_line' id='line_1_70' title="bbox 133 3659 1791 3791; baseline 0.001 -75"><span class='ocrx_word' id='word_1_569' title='bbox 133 3659 317 3791; x_wconf 39' lang='lat' dir='ltr'>es((31?)</span> <span class='ocrx_word' id='word_1_570' title='bbox 377 3662 441 3716; x_wconf 90' lang='lat' dir='ltr'>In</span> <span class='ocrx_word' id='word_1_571' title='bbox 514 3659 675 3717; x_wconf 81' lang='lat' dir='ltr'>textu</span> <span class='ocrx_word' id='word_1_572' title='bbox 746 3660 1005 3732; x_wconf 88' lang='lat' dir='ltr'>spatium</span> <span class='ocrx_word' id='word_1_573' title='bbox 1079 3678 1287 3719; x_wconf 89' lang='lat' dir='ltr'>vacum</span> <span class='ocrx_word' id='word_1_574' title='bbox 1361 3666 1495 3719; x_wconf 89' lang='lat' dir='ltr'>ante</span> <span class='ocrx_word' id='word_1_575' title='bbox 1559 3664 1595 3733; x_wconf 79' lang='grc' dir='ltr'>ἡ</span> <span class='ocrx_word' id='word_1_576' title='bbox 1659 3659 1791 3719; x_wconf 69' lang='lat'>61:6-</span> 
     </span>
     <span class='ocr_line' id='line_1_71' title="bbox 236 3749 303 3784; baseline 0.045 -3"><span class='ocrx_word' id='word_1_577' title='bbox 236 3749 251 3781; x_wconf 90' lang='grc' dir='ltr'>ι</span> <span class='ocrx_word' id='word_1_578' title='bbox 289 3770 303 3784; x_wconf 77' lang='grc' dir='ltr'><strong>ο</strong></span> 
     </span>
    </p>
   </div>
   <div class='ocr_carea' id='block_1_70' title="bbox 236 3749 303 3784">
    <p class='ocr_par' dir='ltr' id='par_1_70' title="bbox 236 3749 303 3784">
     <span class='ocr_line' id='line_1_72' title="bbox 236 3749 303 3784; baseline 0.06 -3"><span class='ocrx_word' id='word_1_579' title='bbox 236 3749 303 3784; x_wconf 83' lang='grc' dir='ltr'>ις.</span> 
     </span>
    </p>
   </div>
   <div class='ocr_carea' id='block_1_71' title="bbox 124 3854 559 3885">
    <p class='ocr_par' dir='ltr' id='par_1_71' title="bbox 124 3854 559 3885">
     <span class='ocr_line' id='line_1_73' title="bbox 124 3854 559 3885; baseline 0.011 -5"><span class='ocrx_word' id='word_1_580' title='bbox 124 3854 559 3885; x_wconf 49' lang='grc' dir='ltr'>επ</span> 
     </span>
    </p>
   </div>
   <div class='ocr_carea' id='block_1_72' title="bbox 1997 3589 3058 3660">
    <p class='ocr_par' dir='ltr' id='par_1_72' title="bbox 1997 3589 3058 3660">
     <span class='ocr_line' id='line_1_74' title="bbox 1997 3589 3058 3660; baseline -0.003 -14"><span class='ocrx_word' id='word_1_581' title='bbox 1997 3592 2082 3660; x_wconf 88' lang='grc'>17)</span> <span class='ocrx_word' id='word_1_582' title='bbox 2113 3591 2217 3646; x_wconf 88' lang='lat' dir='ltr'>Hic</span> <span class='ocrx_word' id='word_1_583' title='bbox 2248 3591 2461 3646; x_wconf 88' lang='lat' dir='ltr'>iterum</span> <span class='ocrx_word' id='word_1_584' title='bbox 2496 3605 2745 3645; x_wconf 85' lang='lat' dir='ltr'>vacuum</span> <span class='ocrx_word' id='word_1_585' title='bbox 2777 3589 3058 3660; x_wconf 89' lang='lat' dir='ltr'>spatium.</span> 
     </span>
    </p>
   </div>
   <div class='ocr_carea' id='block_1_73' title="bbox 1970 3592 3553 3736">
    <p class='ocr_par' dir='ltr' id='par_1_73' title="bbox 1970 3592 3553 3736">
     <span class='ocr_line' id='line_1_75' title="bbox 1997 3592 3058 3660; baseline -0.003 -14"><span class='ocrx_word' id='word_1_586' title='bbox 1997 3592 2062 3646; x_wconf 88' lang='grc'>17</span> <span class='ocrx_word' id='word_1_587' title='bbox 2113 3592 2217 3646; x_wconf 88' lang='lat' dir='ltr'>Hic</span> <span class='ocrx_word' id='word_1_588' title='bbox 2248 3592 2461 3646; x_wconf 88' lang='lat' dir='ltr'>iterum</span> <span class='ocrx_word' id='word_1_589' title='bbox 2496 3605 2745 3645; x_wconf 85' lang='lat' dir='ltr'>vacuum</span> <span class='ocrx_word' id='word_1_590' title='bbox 2777 3592 3058 3660; x_wconf 89' lang='lat' dir='ltr'>spatium.</span> 
     </span>
     <span class='ocr_line' id='line_1_76' title="bbox 1970 3592 3553 3736; baseline -0.003 -17"><span class='ocrx_word' id='word_1_591' title='bbox 1970 3592 2082 3736; x_wconf 61' lang='grc' dir='ltr'>ίίὸί</span> <span class='ocrx_word' id='word_1_592' title='bbox 2111 3662 2313 3719; x_wconf 86' lang='lat' dir='ltr'>Cultus</span> <span class='ocrx_word' id='word_1_593' title='bbox 2344 3662 2731 3732; x_wconf 88' lang='lat' dir='ltr'>locustarum,</span> <span class='ocrx_word' id='word_1_594' title='bbox 2762 3661 2918 3733; x_wconf 89' lang='lat' dir='ltr'>apud</span> <span class='ocrx_word' id='word_1_595' title='bbox 2950 3658 3278 3731; x_wconf 88' lang='lat' dir='ltr'>discipulos</span> <span class='ocrx_word' id='word_1_596' title='bbox 3305 3656 3553 3715; x_wconf 88' lang='lat' dir='ltr'>Joannis</span> 
     </span>
    </p>
   </div>
   <div class='ocr_carea' id='block_1_74' title="bbox 1898 3735 2199 3808">
    <p class='ocr_par' dir='ltr' id='par_1_74' title="bbox 1898 3735 2199 3808">
     <span class='ocr_line' id='line_1_77' title="bbox 1898 3735 2199 3808; baseline 0 -18"><span class='ocrx_word' id='word_1_597' title='bbox 1898 3735 2199 3808; x_wconf 62' lang='lat' dir='ltr'>Baptista.</span> 
     </span>
    </p>
   </div>
   <div class='ocr_carea' id='block_1_75' title="bbox 519 4019 3155 4189">
    <p class='ocr_par' dir='ltr' id='par_1_75' title="bbox 519 4019 3155 4189">
     <span class='ocr_line' id='line_1_78' title="bbox 519 4019 3155 4189; baseline 0 -8"><span class='ocrx_word' id='word_1_598' title='bbox 519 4019 1213 4184; x_wconf 88' lang='lat' dir='ltr'>ADDEN</span> <span class='ocrx_word' id='word_1_599' title='bbox 1221 4023 1494 4187; x_wconf 86' lang='lat' dir='ltr'>DA</span> <span class='ocrx_word' id='word_1_600' title='bbox 1606 4024 1875 4185; x_wconf 82' lang='lat' dir='ltr'>AD</span> <span class='ocrx_word' id='word_1_601' title='bbox 1994 4019 3155 4189; x_wconf 81' lang='lat' dir='ltr'>CEDRENUM.</span> 
     </span>
    </p>
   </div>
   <div class='ocr_carea' id='block_1_76' title="bbox 1316 4265 2359 4328">
    <p class='ocr_par' dir='ltr' id='par_1_76' title="bbox 1316 4265 2359 4328">
     <span class='ocr_line' id='line_1_79' title="bbox 1316 4265 2359 4328; baseline 0 -3"><span class='ocrx_word' id='word_1_602' title='bbox 1316 4265 1506 4325; x_wconf 78' lang='lat' dir='ltr'>TOM.</span> <span class='ocrx_word' id='word_1_603' title='bbox 1551 4266 1576 4325; x_wconf 92' lang='grc' dir='ltr'>Ι</span> <span class='ocrx_word' id='word_1_604' title='bbox 1622 4266 1947 4328; x_wconf 82' lang='lat' dir='ltr'>OPERUM</span> <span class='ocrx_word' id='word_1_605' title='bbox 1992 4265 2359 4326; x_wconf 82' lang='lat' dir='ltr'>CEDRENI.</span> 
     </span>
    </p>
   </div>
   <div class='ocr_carea' id='block_1_77' title="bbox 198 4391 3544 4478">
    <p class='ocr_par' dir='ltr' id='par_1_77' title="bbox 198 4391 3544 4478">
     <span class='ocr_line' id='line_1_80' title="bbox 198 4391 3544 4478; baseline -0.002 -21"><span class='ocrx_word' id='word_1_606' title='bbox 198 4398 268 4478; x_wconf 80' lang='lat' dir='ltr'>lu</span> <span class='ocrx_word' id='word_1_607' title='bbox 299 4395 514 4457; x_wconf 87' lang='lat' dir='ltr'>codice</span> <span class='ocrx_word' id='word_1_608' title='bbox 541 4395 918 4478; x_wconf 9' lang='lat' dir='ltr'>rCoisliuiano</span> <span class='ocrx_word' id='word_1_609' title='bbox 949 4398 1064 4458; x_wconf 83' lang='grc'>136</span> <span class='ocrx_word' id='word_1_610' title='bbox 1095 4398 1364 4459; x_wconf 80' lang='lat' dir='ltr'>Historia</span> <span class='ocrx_word' id='word_1_611' title='bbox 1393 4399 1648 4461; x_wconf 86' lang='lat' dir='ltr'>Joannis</span> <span class='ocrx_word' id='word_1_612' title='bbox 1679 4399 1961 4478; x_wconf 81' lang='lat' dir='ltr'>Scylitzae</span> <span class='ocrx_word' id='word_1_613' title='bbox 1994 4399 2394 4477; x_wconf 80' lang='lat' dir='ltr'>praemittitur</span> <span class='ocrx_word' id='word_1_614' title='bbox 2423 4397 2715 4459; x_wconf 72' lang='lat' dir='ltr'>Praefatio</span> <span class='ocrx_word' id='word_1_615' title='bbox 2748 4414 2822 4455; x_wconf 85' lang='lat' dir='ltr'>ea</span> <span class='ocrx_word' id='word_1_616' title='bbox 2851 4394 3035 4478; x_wconf 77' lang='lat' dir='ltr'>longe</span> <span class='ocrx_word' id='word_1_617' title='bbox 3073 4391 3374 4473; x_wconf 85' lang='lat' dir='ltr'>prolixior</span> <span class='ocrx_word' id='word_1_618' title='bbox 3403 4410 3544 4473; x_wconf 63' lang='lat' dir='ltr'>quae</span> 
     </span>
    </p>
   </div>
   <div class='ocr_carea' id='block_1_78' title="bbox 105 4477 3546 4560">
    <p class='ocr_par' dir='ltr' id='par_1_78' title="bbox 105 4477 3546 4560">
     <span class='ocr_line' id='line_1_81' title="bbox 105 4477 3546 4560; baseline -0.001 -23"><span class='ocrx_word' id='word_1_619' title='bbox 105 4477 579 4560; x_wconf 67' lang='lat' dir='ltr'>praeitGeorgii</span> <span class='ocrx_word' id='word_1_620' title='bbox 609 4477 869 4560; x_wconf 81' lang='lat' dir='ltr'>Gedreni</span> <span class='ocrx_word' id='word_1_621' title='bbox 901 4478 1306 4560; x_wconf 29' lang='lat' dir='ltr'>Historieehet</span> <span class='ocrx_word' id='word_1_622' title='bbox 1336 4497 1455 4539; x_wconf 90' lang='lat' dir='ltr'>non</span> <span class='ocrx_word' id='word_1_623' title='bbox 1486 4498 1684 4558; x_wconf 86' lang='lat' dir='ltr'>pauca</span> <span class='ocrx_word' id='word_1_624' title='bbox 1721 4477 1798 4542; x_wconf 87' lang='lat' dir='ltr'>de</span> <span class='ocrx_word' id='word_1_625' title='bbox 1838 4480 2257 4560; x_wconf 87' lang='lat' dir='ltr'>Scriptoribus</span> <span class='ocrx_word' id='word_1_626' title='bbox 2302 4480 2579 4540; x_wconf 59' lang='lat' dir='ltr'>historice</span> <span class='ocrx_word' id='word_1_627' title='bbox 2624 4477 2983 4555; x_wconf 70' lang='lat' dir='ltr'>Byzantina:</span> <span class='ocrx_word' id='word_1_628' title='bbox 3034 4492 3193 4535; x_wconf 89' lang='lat' dir='ltr'>nova</span> <span class='ocrx_word' id='word_1_629' title='bbox 3223 4492 3295 4535; x_wconf 88' lang='lat' dir='ltr'>ac</span> <span class='ocrx_word' id='word_1_630' title='bbox 3324 4479 3546 4534; x_wconf 79' lang='lat' dir='ltr'>notata</span> 
     </span>
    </p>
   </div>
   <div class='ocr_carea' id='block_1_79' title="bbox 106 4558 1727 4636">
    <p class='ocr_par' dir='ltr' id='par_1_79' title="bbox 106 4558 1727 4636">
     <span class='ocr_line' id='line_1_82' title="bbox 106 4558 1727 4636; baseline 0.002 -18"><span class='ocrx_word' id='word_1_631' title='bbox 106 4558 308 4636; x_wconf 87' lang='lat' dir='ltr'>digna</span> <span class='ocrx_word' id='word_1_632' title='bbox 336 4559 630 4619; x_wconf 86' lang='lat' dir='ltr'>continet.</span> <span class='ocrx_word' id='word_1_633' title='bbox 664 4559 818 4618; x_wconf 84' lang='lat' dir='ltr'>Eam</span> <span class='ocrx_word' id='word_1_634' title='bbox 849 4561 1054 4618; x_wconf 87' lang='lat' dir='ltr'>visum</span> <span class='ocrx_word' id='word_1_635' title='bbox 1088 4568 1179 4620; x_wconf 85' lang='lat' dir='ltr'>est</span> <span class='ocrx_word' id='word_1_636' title='bbox 1216 4558 1319 4619; x_wconf 79' lang='lat' dir='ltr'>hic</span> <span class='ocrx_word' id='word_1_637' title='bbox 1348 4560 1727 4622; x_wconf 85' lang='lat' dir='ltr'>describere.</span> 
     </span>
    </p>
   </div>
   <div class='ocr_carea' id='block_1_80' title="bbox 103 4815 1839 4943">
    <p class='ocr_par' dir='ltr' id='par_1_80' title="bbox 103 4815 1839 4943">
     <span class='ocr_line' id='line_1_83' title="bbox 103 4815 1839 4943; baseline -0.001 -70"><span class='ocrx_word' id='word_1_638' title='bbox 103 4816 354 4943; x_wconf 44' lang='grc' dir='ltr'>Σῦνοιῖις</span> <span class='ocrx_word' id='word_1_639' title='bbox 395 4815 649 4890; x_wconf 77' lang='grc' dir='ltr'>ἱστοριῶν</span> <span class='ocrx_word' id='word_1_640' title='bbox 694 4820 1065 4893; x_wconf 71' lang='grc' dir='ltr'>συγγραφεῖσα</span> <span class='ocrx_word' id='word_1_641' title='bbox 1099 4819 1244 4891; x_wconf 82' lang='grc' dir='ltr'>παρά</span> <span class='ocrx_word' id='word_1_642' title='bbox 1284 4815 1535 4876; x_wconf 73' lang='grc' dir='ltr'>Ἰωᾶἱννου</span> <span class='ocrx_word' id='word_1_643' title='bbox 1566 4837 1762 4892; x_wconf 88' lang='grc' dir='ltr'>κουρο-</span> <span class='ocrx_word' id='word_1_644' title='bbox 1796 4818 1839 4885; x_wconf 79' lang='lat' dir='ltr'>C,</span> 
     </span>
     <span class='ocr_line' id='line_1_84' title="bbox 183 4885 1766 4943; baseline 0 0"><span class='ocrx_word' id='word_1_645' title='bbox 183 4908 260 4943; x_wconf 85' lang='grc' dir='ltr'>πα</span> <span class='ocrx_word' id='word_1_646' title='bbox 304 4889 432 4941; x_wconf 73' lang='grc' dir='ltr'>ἄτου</span> <span class='ocrx_word' id='word_1_647' title='bbox 460 4888 551 4942; x_wconf 82' lang='grc' dir='ltr'>καὶ</span> <span class='ocrx_word' id='word_1_648' title='bbox 588 4886 826 4943; x_wconf 73' lang='grc' dir='ltr'>μεγάλου</span> <span class='ocrx_word' id='word_1_649' title='bbox 857 4885 1215 4943; x_wconf 76' lang='grc' dir='ltr'>δοουγγαοίου</span> <span class='ocrx_word' id='word_1_650' title='bbox 1246 4897 1347 4943; x_wconf 76' lang='grc' dir='ltr'>τῆς</span> <span class='ocrx_word' id='word_1_651' title='bbox 1403 4889 1626 4943; x_wconf 80' lang='grc' dir='ltr'>Βίγλας.</span> <span class='ocrx_word' id='word_1_652' title='bbox 1668 4887 1766 4943; x_wconf 79' lang='grc' dir='ltr'>τοῖ’)</span> 
     </span>
    </p>
   </div>
   <div class='ocr_carea' id='block_1_81' title="bbox 183 4885 1766 4966">
    <p class='ocr_par' dir='ltr' id='par_1_81' title="bbox 183 4885 1766 4966">
     <span class='ocr_line' id='line_1_85' title="bbox 183 4885 1766 4966; baseline 0 -23"><span class='ocrx_word' id='word_1_653' title='bbox 183 4885 432 4966; x_wconf 70' lang='grc' dir='ltr'>παλᾷτου</span> <span class='ocrx_word' id='word_1_654' title='bbox 460 4885 551 4942; x_wconf 82' lang='grc' dir='ltr'>καὶ</span> <span class='ocrx_word' id='word_1_655' title='bbox 588 4885 1215 4965; x_wconf 62' lang='grc' dir='ltr'>μεγάλὸόδρόυγγαρίού</span> <span class='ocrx_word' id='word_1_656' title='bbox 1246 4897 1347 4959; x_wconf 84' lang='grc' dir='ltr'>τῆς</span> <span class='ocrx_word' id='word_1_657' title='bbox 1403 4889 1627 4966; x_wconf 79' lang='grc' dir='ltr'>βίγλας,</span> <span class='ocrx_word' id='word_1_658' title='bbox 1668 4885 1766 4945; x_wconf 79' lang='grc' dir='ltr'>τοῖ’)</span> 
     </span>
    </p>
   </div>
   <div class='ocr_carea' id='block_1_82' title="bbox 191 4958 493 5030">
    <p class='ocr_par' dir='ltr' id='par_1_82' title="bbox 191 4958 493 5030">
     <span class='ocr_line' id='line_1_86' title="bbox 191 4958 493 5030; baseline 0 -16"><span class='ocrx_word' id='word_1_659' title='bbox 191 4958 466 5030; x_wconf 82' lang='grc' dir='ltr'>Σκυλίτζη</span> <span class='ocrx_word' id='word_1_660' title='bbox 481 5002 493 5014; x_wconf 92' lang='grc'><strong>.</strong></span> 
     </span>
    </p>
   </div>
   <div class='ocr_carea' id='block_1_83' title="bbox 183 5081 1771 5161">
    <p class='ocr_par' dir='ltr' id='par_1_83' title="bbox 183 5081 1771 5161">
     <span class='ocr_line' id='line_1_87' title="bbox 183 5081 1771 5161; baseline 0.003 -24"><span class='ocrx_word' id='word_1_661' title='bbox 183 5083 292 5151; x_wconf 79' lang='grc' dir='ltr'>Τὴν</span> <span class='ocrx_word' id='word_1_662' title='bbox 369 5081 637 5154; x_wconf 69' lang='grc' dir='ltr'>ἐπιτομὴν</span> <span class='ocrx_word' id='word_1_663' title='bbox 708 5089 809 5152; x_wconf 79' lang='grc' dir='ltr'>τῆς</span> <span class='ocrx_word' id='word_1_664' title='bbox 885 5082 1126 5158; x_wconf 87' lang='grc' dir='ltr'>ἱστορίας</span> <span class='ocrx_word' id='word_1_665' title='bbox 1195 5082 1384 5161; x_wconf 73' lang='grc' dir='ltr'>ἄριστα</span> <span class='ocrx_word' id='word_1_666' title='bbox 1446 5086 1580 5159; x_wconf 83' lang='grc' dir='ltr'>μετᾶ</span> <span class='ocrx_word' id='word_1_667' title='bbox 1644 5085 1771 5149; x_wconf 67' lang='grc' dir='ltr'>τοὺς</span> 
     </span>
    </p>
   </div>
   <div class='ocr_carea' id='block_1_84' title="bbox 96 5170 1769 5251">
    <p class='ocr_par' dir='ltr' id='par_1_84' title="bbox 96 5170 1769 5251">
     <span class='ocr_line' id='line_1_88' title="bbox 96 5170 1769 5251; baseline 0.001 -22"><span class='ocrx_word' id='word_1_668' title='bbox 96 5170 381 5234; x_wconf 67' lang='grc' dir='ltr'>παλαιοὺς</span> <span class='ocrx_word' id='word_1_669' title='bbox 438 5170 917 5246; x_wconf 77' lang='grc' dir='ltr'>ἐπραγματεύσατο</span> <span class='ocrx_word' id='word_1_670' title='bbox 987 5177 1206 5246; x_wconf 88' lang='grc' dir='ltr'>πρῶτον</span> <span class='ocrx_word' id='word_1_671' title='bbox 1278 5175 1373 5248; x_wconf 76' lang='grc' dir='ltr'>μὲν</span> <span class='ocrx_word' id='word_1_672' title='bbox 1430 5175 1457 5229; x_wconf 90' lang='lat'>6</span> <span class='ocrx_word' id='word_1_673' title='bbox 1518 5176 1769 5251; x_wconf 85' lang='grc' dir='ltr'>μοναχὸς</span> 
     </span>
    </p>
   </div>
   <div class='ocr_carea' id='block_1_85' title="bbox 100 5257 1767 5339">
    <p class='ocr_par' dir='ltr' id='par_1_85' title="bbox 100 5257 1767 5339">
     <span class='ocr_line' id='line_1_89' title="bbox 100 5257 1767 5339; baseline 0.004 -26"><span class='ocrx_word' id='word_1_674' title='bbox 100 5257 387 5334; x_wconf 82' lang='grc' dir='ltr'>Γεώργιος</span> <span class='ocrx_word' id='word_1_675' title='bbox 433 5260 522 5313; x_wconf 76' lang='grc' dir='ltr'>καὶ</span> <span class='ocrx_word' id='word_1_676' title='bbox 570 5257 892 5334; x_wconf 82' lang='grc' dir='ltr'>Σόγγελλος</span> <span class='ocrx_word' id='word_1_677' title='bbox 954 5262 1301 5336; x_wconf 85' lang='grc' dir='ltr'>χρηματίσας</span> <span class='ocrx_word' id='word_1_678' title='bbox 1345 5264 1615 5339; x_wconf 86' lang='grc' dir='ltr'>Ταρασίου</span> <span class='ocrx_word' id='word_1_679' title='bbox 1671 5269 1767 5320; x_wconf 78' lang='grc' dir='ltr'>τοῦ</span> 
     </span>
    </p>
   </div>
   <div class='ocr_carea' id='block_1_86' title="bbox 99 5347 1767 5428">
    <p class='ocr_par' dir='ltr' id='par_1_86' title="bbox 99 5347 1767 5428">
     <span class='ocr_line' id='line_1_90' title="bbox 99 5347 1767 5428; baseline 0.003 -24"><span class='ocrx_word' id='word_1_680' title='bbox 99 5348 421 5423; x_wconf 81' lang='grc' dir='ltr'>ἀγιωτάτου</span> <span class='ocrx_word' id='word_1_681' title='bbox 471 5347 836 5424; x_wconf 79' lang='grc' dir='ltr'>πατριάρχου·</span> <span class='ocrx_word' id='word_1_682' title='bbox 897 5353 1009 5420; x_wconf 83' lang='grc' dir='ltr'>μετ’</span> <span class='ocrx_word' id='word_1_683' title='bbox 1058 5350 1259 5406; x_wconf 76' lang='grc' dir='ltr'>ἐκεῖνον</span> <span class='ocrx_word' id='word_1_684' title='bbox 1310 5350 1367 5407; x_wconf 72' lang='grc' dir='ltr'>δὲ</span> <span class='ocrx_word' id='word_1_685' title='bbox 1412 5354 1440 5408; x_wconf 92' lang='lat'>6</span> <span class='ocrx_word' id='word_1_686' title='bbox 1482 5350 1767 5428; x_wconf 79' lang='grc' dir='ltr'>ὁμολογη-</span> 
     </span>
    </p>
   </div>
   <div class='ocr_carea' id='block_1_87' title="bbox 96 5436 1765 5516">
    <p class='ocr_par' dir='ltr' id='par_1_87' title="bbox 96 5436 1765 5516">
     <span class='ocr_line' id='line_1_91' title="bbox 96 5436 1765 5516; baseline 0.003 -25"><span class='ocrx_word' id='word_1_687' title='bbox 96 5439 211 5506; x_wconf 74' lang='grc' dir='ltr'>τής</span> <span class='ocrx_word' id='word_1_688' title='bbox 273 5436 547 5512; x_wconf 78' lang='grc' dir='ltr'>Θεοφάνης</span> <span class='ocrx_word' id='word_1_689' title='bbox 593 5437 681 5491; x_wconf 78' lang='grc' dir='ltr'>καὶ</span> <span class='ocrx_word' id='word_1_690' title='bbox 730 5437 827 5490; x_wconf 72' lang='grc' dir='ltr'>τοῦ</span> <span class='ocrx_word' id='word_1_691' title='bbox 876 5438 1073 5514; x_wconf 85' lang='grc' dir='ltr'>Ἀγροῦ</span> <span class='ocrx_word' id='word_1_692' title='bbox 1119 5440 1452 5516; x_wconf 76' lang='grc' dir='ltr'>ἡγούμενος,</span> <span class='ocrx_word' id='word_1_693' title='bbox 1492 5440 1765 5498; x_wconf 84' lang='grc' dir='ltr'>ἐπιστατι-</span> 
     </span>
    </p>
   </div>
   <div class='ocr_carea' id='block_1_88' title="bbox 97 5524 1765 5608">
    <p class='ocr_par' dir='ltr' id='par_1_88' title="bbox 97 5524 1765 5608">
     <span class='ocr_line' id='line_1_92' title="bbox 97 5524 1765 5608; baseline 0.003 -26"><span class='ocrx_word' id='word_1_694' title='bbox 97 5527 350 5601; x_wconf 82' lang='grc' dir='ltr'>κώτερον</span> <span class='ocrx_word' id='word_1_695' title='bbox 412 5527 508 5589; x_wconf 73' lang='grc' dir='ltr'>τὰς</span> <span class='ocrx_word' id='word_1_696' title='bbox 575 5525 851 5603; x_wconf 69' lang='grc' dir='ltr'>ἱστορικὰς</span> <span class='ocrx_word' id='word_1_697' title='bbox 915 5524 1308 5603; x_wconf 79' lang='grc' dir='ltr'>ἐπιδραμόντες</span> <span class='ocrx_word' id='word_1_698' title='bbox 1379 5527 1606 5608; x_wconf 76' lang='grc' dir='ltr'>βίϐλους</span> <span class='ocrx_word' id='word_1_699' title='bbox 1674 5532 1765 5587; x_wconf 83' lang='grc' dir='ltr'>καὶ</span> 
     </span>
    </p>
   </div>
   <div class='ocr_carea' id='block_1_89' title="bbox 95 5614 1763 5697">
    <p class='ocr_par' dir='ltr' id='par_1_89' title="bbox 95 5614 1763 5697">
     <span class='ocr_line' id='line_1_93' title="bbox 95 5614 1763 5697; baseline 0.002 -25"><span class='ocrx_word' id='word_1_700' title='bbox 95 5614 493 5690; x_wconf 80' lang='grc' dir='ltr'>συνοψίσαντες</span> <span class='ocrx_word' id='word_1_701' title='bbox 527 5614 680 5691; x_wconf 83' lang='grc' dir='ltr'>λόγῳ</span> <span class='ocrx_word' id='word_1_702' title='bbox 714 5617 807 5688; x_wconf 77' lang='grc' dir='ltr'>μὲν</span> <span class='ocrx_word' id='word_1_703' title='bbox 859 5615 1049 5693; x_wconf 78' lang='grc' dir='ltr'>ἀφελεῖ</span> <span class='ocrx_word' id='word_1_704' title='bbox 1075 5616 1164 5673; x_wconf 82' lang='grc' dir='ltr'>καὶ</span> <span class='ocrx_word' id='word_1_705' title='bbox 1206 5619 1531 5697; x_wconf 77' lang='grc' dir='ltr'>ἀπεριέργῳ,</span> <span class='ocrx_word' id='word_1_706' title='bbox 1567 5641 1763 5694; x_wconf 90' lang='grc' dir='ltr'>μονον-</span> 
     </span>
    </p>
   </div>
   <div class='ocr_carea' id='block_1_90' title="bbox 1969 4811 3445 4892">
    <p class='ocr_par' dir='ltr' id='par_1_90' title="bbox 1969 4811 3445 4892">
     <span class='ocr_line' id='line_1_94' title="bbox 1969 4811 3445 4892; baseline -0.006 -16"><span class='ocrx_word' id='word_1_707' title='bbox 1969 4819 2236 4892; x_wconf 75' lang='lat' dir='ltr'>Synppsis</span> <span class='ocrx_word' id='word_1_708' title='bbox 2264 4819 2629 4874; x_wconf 77' lang='lat' dir='ltr'>Historiarum</span> <span class='ocrx_word' id='word_1_709' title='bbox 2658 4816 2875 4892; x_wconf 66' lang='lat' dir='ltr'>scripta</span> <span class='ocrx_word' id='word_1_710' title='bbox 2902 4831 2939 4870; x_wconf 91' lang='lat' dir='ltr'>a</span> <span class='ocrx_word' id='word_1_711' title='bbox 2965 4815 3183 4892; x_wconf 65' lang='lat' dir='ltr'>Joanne</span> <span class='ocrx_word' id='word_1_712' title='bbox 3206 4811 3445 4892; x_wconf 62' lang='lat' dir='ltr'>Sgylitze</span> 
     </span>
    </p>
   </div>
   <div class='ocr_carea' id='block_1_91' title="bbox 2056 4885 3360 4962">
    <p class='ocr_par' dir='ltr' id='par_1_91' title="bbox 2056 4885 3360 4962">
     <span class='ocr_line' id='line_1_95' title="bbox 2056 4885 3360 4962; baseline -0.005 -17"><span class='ocrx_word' id='word_1_713' title='bbox 2056 4885 2430 4962; x_wconf 75' lang='grc' dir='ltr'>ϐιὶνοριιιαια,</span> <span class='ocrx_word' id='word_1_714' title='bbox 2462 4893 2517 4944; x_wconf 87' lang='lat' dir='ltr'>et</span> <span class='ocrx_word' id='word_1_715' title='bbox 2546 4903 2743 4959; x_wconf 85' lang='lat' dir='ltr'>magno</span> <span class='ocrx_word' id='word_1_716' title='bbox 2772 4885 3092 4957; x_wconf 40' lang='lat' dir='ltr'>&#39;drungarz’o</span> <span class='ocrx_word' id='word_1_717' title='bbox 3124 4885 3360 4954; x_wconf 68' lang='lat' dir='ltr'>vigiliae.</span> 
     </span>
    </p>
   </div>
   <div class='ocr_carea' id='block_1_92' title="bbox 1951 5081 3545 5156">
    <p class='ocr_par' dir='ltr' id='par_1_92' title="bbox 1951 5081 3545 5156">
     <span class='ocr_line' id='line_1_96' title="bbox 1951 5081 3545 5156; baseline -0.006 -13"><span class='ocrx_word' id='word_1_718' title='bbox 1951 5084 2215 5144; x_wconf 70' lang='lat' dir='ltr'>Historiae</span> <span class='ocrx_word' id='word_1_719' title='bbox 2244 5084 2661 5156; x_wconf 89' lang='lat' dir='ltr'>compendium</span> <span class='ocrx_word' id='word_1_720' title='bbox 2714 5082 2936 5154; x_wconf 90' lang='lat' dir='ltr'>optime</span> <span class='ocrx_word' id='word_1_721' title='bbox 2988 5083 3124 5153; x_wconf 84' lang='lat' dir='ltr'>post</span> <span class='ocrx_word' id='word_1_722' title='bbox 3151 5081 3372 5135; x_wconf 88' lang='lat' dir='ltr'>veteres</span> <span class='ocrx_word' id='word_1_723' title='bbox 3402 5093 3545 5134; x_wconf 87' lang='lat' dir='ltr'>con-</span> 
     </span>
    </p>
   </div>
   <div class='ocr_carea' id='block_1_93' title="bbox 1879 5166 3544 5248">
    <p class='ocr_par' dir='ltr' id='par_1_93' title="bbox 1879 5166 3544 5248">
     <span class='ocr_line' id='line_1_97' title="bbox 1879 5166 3544 5248; baseline -0.007 -15"><span class='ocrx_word' id='word_1_724' title='bbox 1879 5176 2141 5234; x_wconf 89' lang='lat' dir='ltr'>cinnavit</span> <span class='ocrx_word' id='word_1_725' title='bbox 2180 5175 2370 5248; x_wconf 89' lang='lat' dir='ltr'>primo</span> <span class='ocrx_word' id='word_1_726' title='bbox 2414 5174 2655 5245; x_wconf 88' lang='lat' dir='ltr'>quidem</span> <span class='ocrx_word' id='word_1_727' title='bbox 2710 5172 2998 5243; x_wconf 85' lang='lat' dir='ltr'>Georgius</span> <span class='ocrx_word' id='word_1_728' title='bbox 3058 5167 3407 5233; x_wconf 84' lang='lat' dir='ltr'>monachus,</span> <span class='ocrx_word' id='word_1_729' title='bbox 3441 5166 3544 5237; x_wconf 91' lang='lat' dir='ltr'>qui</span> 
     </span>
    </p>
   </div>
   <div class='ocr_carea' id='block_1_94' title="bbox 1878 5256 3546 5340">
    <p class='ocr_par' dir='ltr' id='par_1_94' title="bbox 1878 5256 3546 5340">
     <span class='ocr_line' id='line_1_98' title="bbox 1878 5256 3546 5340; baseline -0.007 -16"><span class='ocrx_word' id='word_1_730' title='bbox 1878 5265 2173 5340; x_wconf 85' lang='lat' dir='ltr'>syncellus</span> <span class='ocrx_word' id='word_1_731' title='bbox 2205 5264 2314 5321; x_wconf 80' lang='lat' dir='ltr'>fuit</span> <span class='ocrx_word' id='word_1_732' title='bbox 2342 5261 2564 5318; x_wconf 87' lang='lat' dir='ltr'>Tarasii</span> <span class='ocrx_word' id='word_1_733' title='bbox 2598 5259 2965 5317; x_wconf 87' lang='lat' dir='ltr'>sanctissimi</span> <span class='ocrx_word' id='word_1_734' title='bbox 2998 5256 3380 5330; x_wconf 68' lang='lat' dir='ltr'>patriarchae;</span> <span class='ocrx_word' id='word_1_735' title='bbox 3409 5258 3546 5327; x_wconf 82' lang='lat' dir='ltr'>post</span> 
     </span>
    </p>
   </div>
   <div class='ocr_carea' id='block_1_95' title="bbox 1875 5346 3544 5422">
    <p class='ocr_par' dir='ltr' id='par_1_95' title="bbox 1875 5346 3544 5422">
     <span class='ocr_line' id='line_1_99' title="bbox 1875 5346 3544 5422; baseline -0.007 -10"><span class='ocrx_word' id='word_1_736' title='bbox 1875 5356 2045 5412; x_wconf 89' lang='lat' dir='ltr'>illum</span> <span class='ocrx_word' id='word_1_737' title='bbox 2105 5359 2300 5410; x_wconf 87' lang='lat' dir='ltr'>autem</span> <span class='ocrx_word' id='word_1_738' title='bbox 2356 5351 2748 5422; x_wconf 88' lang='lat' dir='ltr'>Theophanes</span> <span class='ocrx_word' id='word_1_739' title='bbox 2804 5348 3107 5405; x_wconf 81' lang='lat' dir='ltr'>confessor</span> <span class='ocrx_word' id='word_1_740' title='bbox 3172 5346 3544 5419; x_wconf 88' lang='lat' dir='ltr'>hegumenus</span> 
     </span>
    </p>
   </div>
   <div class='ocr_carea' id='block_1_96' title="bbox 1874 5436 3543 5518">
    <p class='ocr_par' dir='ltr' id='par_1_96' title="bbox 1874 5436 3543 5518">
     <span class='ocr_line' id='line_1_100' title="bbox 1874 5436 3543 5518; baseline -0.007 -18"><span class='ocrx_word' id='word_1_741' title='bbox 1874 5444 2033 5518; x_wconf 85' lang='lat' dir='ltr'>Agri,</span> <span class='ocrx_word' id='word_1_742' title='bbox 2068 5442 2170 5516; x_wconf 92' lang='lat' dir='ltr'>qui</span> <span class='ocrx_word' id='word_1_743' title='bbox 2202 5442 2374 5498; x_wconf 89' lang='lat' dir='ltr'>ambo</span> <span class='ocrx_word' id='word_1_744' title='bbox 2407 5441 2630 5513; x_wconf 89' lang='lat' dir='ltr'>peritus</span> <span class='ocrx_word' id='word_1_745' title='bbox 2672 5438 2988 5494; x_wconf 88' lang='lat' dir='ltr'>historicos</span> <span class='ocrx_word' id='word_1_746' title='bbox 3021 5436 3203 5493; x_wconf 89' lang='lat' dir='ltr'>libros</span> <span class='ocrx_word' id='word_1_747' title='bbox 3239 5450 3543 5507; x_wconf 89' lang='lat' dir='ltr'>percurre-</span> 
     </span>
    </p>
   </div>
   <div class='ocr_carea' id='block_1_97' title="bbox 1875 5522 3541 5603">
    <p class='ocr_par' dir='ltr' id='par_1_97' title="bbox 1875 5522 3541 5603">
     <span class='ocr_line' id='line_1_101' title="bbox 1875 5522 3541 5603; baseline -0.008 -12"><span class='ocrx_word' id='word_1_748' title='bbox 1875 5539 2016 5591; x_wconf 90' lang='lat' dir='ltr'>runt</span> <span class='ocrx_word' id='word_1_749' title='bbox 2043 5538 2100 5589; x_wconf 94' lang='lat' dir='ltr'>et</span> <span class='ocrx_word' id='word_1_750' title='bbox 2126 5533 2188 5588; x_wconf 91' lang='lat' dir='ltr'>in</span> <span class='ocrx_word' id='word_1_751' title='bbox 2227 5529 2640 5603; x_wconf 88' lang='lat' dir='ltr'>compendium</span> <span class='ocrx_word' id='word_1_752' title='bbox 2690 5528 3060 5598; x_wconf 86' lang='lat' dir='ltr'>redegerunt,</span> <span class='ocrx_word' id='word_1_753' title='bbox 3099 5540 3374 5582; x_wconf 89' lang='lat' dir='ltr'>sermone</span> <span class='ocrx_word' id='word_1_754' title='bbox 3407 5522 3541 5594; x_wconf 87' lang='lat' dir='ltr'>qui-</span> 
     </span>
    </p>
   </div>
   <div class='ocr_carea' id='block_1_98' title="bbox 1875 5615 3537 5694">
    <p class='ocr_par' dir='ltr' id='par_1_98' title="bbox 1875 5615 3537 5694">
     <span class='ocr_line' id='line_1_102' title="bbox 1875 5615 3537 5694; baseline -0.008 -13"><span class='ocrx_word' id='word_1_755' title='bbox 1875 5626 2008 5681; x_wconf 86' lang='lat' dir='ltr'>dem</span> <span class='ocrx_word' id='word_1_756' title='bbox 2058 5621 2312 5694; x_wconf 89' lang='lat' dir='ltr'>simplici</span> <span class='ocrx_word' id='word_1_757' title='bbox 2362 5637 2466 5677; x_wconf 88' lang='lat' dir='ltr'>nec</span> <span class='ocrx_word' id='word_1_758' title='bbox 2513 5619 2805 5684; x_wconf 81' lang='lat' dir='ltr'>ati‘cctato,</span> <span class='ocrx_word' id='word_1_759' title='bbox 2840 5617 2939 5673; x_wconf 86' lang='lat' dir='ltr'>sed</span> <span class='ocrx_word' id='word_1_760' title='bbox 2990 5615 3104 5688; x_wconf 90' lang='lat' dir='ltr'>ipsi</span> <span class='ocrx_word' id='word_1_761' title='bbox 3153 5629 3303 5687; x_wconf 88' lang='lat' dir='ltr'>pene</span> <span class='ocrx_word' id='word_1_762' title='bbox 3336 5627 3537 5670; x_wconf 88' lang='lat' dir='ltr'>rerum</span> 
     </span>
    </p>
   </div>
  </div>
