4046 6338
494 276 652 338 1359

1685 267 2059 334 ADDENDA
2101 264 2205 324 AD
2252 258 2716 322 CEDRENUM.

3754 257 3904 317 i360

487 418 710 468 natura:
744 411 1085 467 adhaerenti.
1121 410 1334 465 Verum
1380 410 1663 482 Georgius
1697 427 1727 463 ιι
1764 407 1977 463 mundo
2012 420 2143 456 ron-

2266 393 2392 468 οὐχὶ
2474 390 2530 447 δὲ
2604 400 2700 462 τῆς
2760 390 2944 454 οὐσίας
3008 392 3177 461 αὐτῆς
3240 390 3598 466 ἐφαπτομένῳ
3656 394 3765 444 τῶν
3821 413 3902 445 κε’

487 502 610 557 dito
638 519 827 570 orsus,
863 501 919 555 in
954 505 1233 572 tyrannos
1265 500 1459 563 desiit,
1493 499 1913 556 Maximianum
1942 508 2145 563 nempe

488 596 546 647 et
581 591 960 646 Maximinum
995 591 1054 661 (ι.
1090 590 1476 660 Maxentium)
1523 590 1651 659 ejus
1685 587 1868 642 ﬁlium
1906 602 1919 640 :
1956 583 2144 639 Theo-

491 683 714 752 phanes
744 697 874 734 vero
908 680 980 734 ab
1012 679 1172 734 illius
1208 681 1321 733 fine
1353 679 1654 734 exordium
1690 679 1931 744 ducens,
1966 678 2022 727 et
2057 688 2144 725 re-

490 770 715 840 liquam
757 769 1288 841 chronographiam
1343 769 1631 840 epitomes
1676 783 1835 821 more
1867 765 2146 837 referens,

489 875 677 928 usque
700 859 770 912 ad
791 857 1013 913 obitum
1040 858 1345 929 Nicephori
1377 856 1745 929 imperatoris
1766 854 1862 926 qui
1885 871 1952 908 ex
1973 852 2143 906 Geni-

487 948 570 1002 cis
604 963 706 1002 seu
764 947 1082 1018 Logothela
1136 947 1484 1001 Genicorum
1538 947 1746 1015 fuerat,
1803 957 2147 1016 progressus

489 1036 666 1090 ﬁnem
702 1037 976 1090 narrandi
1017 1036 1170 1090 fecit.
1226 1037 1361 1090 Post
1410 1036 1564 1090 hunc
1595 1034 1796 1089 nullus
1828 1033 1982 1088 alius
2015 1031 2148 1086 huic

489 1142 549 1180 se
581 1126 779 1180 studio
811 1125 1052 1180 dedidit.
1089 1125 1339 1186 Quidam
1374 1129 1569 1178 tamen
1619 1129 1930 1191 tentavere,
1967 1127 2029 1175 ut
2055 1120 2141 1171 Si-

486 1215 654 1270 culus
687 1214 781 1269 ille
815 1216 1035 1280 doctor,
1061 1232 1123 1268 ac
1145 1220 1344 1268 nostro
1377 1220 1489 1268 tcm
1504 1231 1636 1286 pore
1659 1211 2144 1284 philosophorum

485 1304 756 1376 princeps
809 1308 864 1358 et
915 1303 1256 1375 hypertinus
1310 1301 1555 1358 Psellus.
1611 1302 1819 1356 Prmter
1869 1299 1976 1354 hos
2009 1299 2144 1352 item

486 1391 604 1447 alii.
637 1392 746 1446 Sed
779 1391 819 1445 ii
854 1390 1244 1463 perfunctorie
1277 1391 1438 1463 operi
1472 1407 1712 1445 manum
1738 1391 2146 1478 admoverunt,

483 1495 540 1544 et
570 1491 642 1544 ab
676 1498 945 1544 accurata
997 1489 1330 1544 narratione
1380 1489 1551 1561 lapsi,
1589 1489 1901 1543 maximam
1949 1503 2142 1543 rerum

483 1579 725 1650 majoris
779 1578 1062 1634 momenti
1113 1584 1335 1650 partem
1390 1579 1834 1651 praetermisere,
1869 1577 2143 1649 posteris-

485 1685 595 1737 que
638 1667 877 1724 inutilcs
930 1667 1111 1739 fuere,
1143 1669 1360 1723 nudam
1411 1672 1671 1722 texentes
1720 1667 2138 1738 imperatorum

486 1758 1011 1827 enumerationem,
1048 1762 1112 1811 ut
1153 1758 1427 1814 docerent
1457 1757 1589 1829 quis
1623 1773 1794 1828 quem
1827 1756 2140 1827 imperato-

488 1863 610 1901 rem
651 1847 962 1918 exceperit,
997 1853 1053 1901 et
1102 1846 1249 1901 nihil
1304 1852 1606 1918 praeterea.
1665 1846 1877 1901 Verum
1926 1846 2022 1916 qui
2059 1848 2144 1900 sic

488 1935 760 1991 historias
804 1953 915 1990 non
969 1940 1124 1991 recto
1177 1953 1351 2008 scopo
1402 1936 1824 2007 conscripsere,
1860 1934 1988 2005 plus
2039 1951 2143 1988 no-

487 2041 657 2081 cuere
688 2024 1023 2092 lectoribus,
1061 2042 1235 2097 quam
1289 2026 1572 2096 profuere.
1608 2029 1750 2078 Nam
1803 2024 2144 2079 Theodorus

489 2115 918 2185 Daphnopates,
951 2115 1185 2168 Niretas
1238 2114 1601 2186 Paphlagon,
1632 2113 1926 2184 Josephus
1956 2112 2143 2168 Gene-

485 2205 609 2258 sius
657 2208 714 2258 et
774 2202 1023 2271 Manuel,
1085 2204 1372 2275 Byzantii,
1424 2203 1788 2276 Nicephorus
1838 2203 2139 2265 diaconus,

485 2302 695 2374 Phryx,
729 2302 838 2356 Leo
871 2302 1106 2364 Asinus,
1141 2302 1483 2356 Theodorus
1516 2301 1615 2374 qui
1662 2302 1772 2357 fuit
1815 2301 1964 2355 Sidae
1999 2319 2142 2372 prae-

485 2407 598 2458 ses,
633 2390 878 2460 ejusque
909 2391 1300 2446 consobrinus
1334 2397 1389 2446 et
1434 2390 1801 2462 cognominis
1835 2390 1932 2463 qui
1963 2391 2143 2445 Seba—

487 2485 664 2534 stenze
725 2480 952 2550 praefuit
1008 2479 1301 2546 Ecclesiae,
1381 2481 1742 2552 insupcrque
1821 2480 2144 2535 Demetrius

488 2567 803 2639 Cyzicenus
837 2585 902 2623 ac
931 2569 1186 2624 Joannes
1215 2570 1409 2641 Lydus
1443 2569 1786 2638 monachus,
1822 2585 1995 2623 suum
2022 2569 2143 2623 sin-

489 2656 609 2728 guli
636 2657 744 2712 sibi
769 2663 1152 2729 proponentes
1180 2664 1621 2728 argumentum;
1653 2658 1804 2712 alius
1828 2657 2142 2730 imperato-

491 2747 573 2802 ris
631 2745 888 2818 laudem,
945 2747 1096 2802 alius
1155 2747 1500 2819 patriarcha:
1555 2746 1934 2818 vituperium,
1993 2746 2145 2802 alius

493 2835 664 2893 amici
697 2835 1053 2905 encomium,
1086 2839 1262 2907 atque
1283 2835 1542 2890 historiae
1569 2835 1802 2890 nomine
1823 2853 1995 2891 suum
2021 2835 2144 2891 εἰη-

493 2925 614 2997 guli
649 2925 830 2980 secuti
881 2941 1147 2996 scopum,
1181 2941 1212 2978 a
1247 2923 1614 2980 laudatorum
1661 2925 1919 2979 virorum
1956 2930 2147 2980 mente

493 3019 549 3071 et
596 3015 868 3069 instituto
920 3013 1091 3086 longe
1139 3015 1505 3070 aberrarunt.
1560 3014 1639 3068 Ea
1687 3013 1842 3068 enim
1883 3030 2007 3085 qua:
2039 3030 2144 3068 suo

491 3108 754 3174 tempore
785 3109 948 3174 gesta
981 3106 1121 3158 sunt
1151 3103 1610 3171 conscribentes,
1646 3103 1937 3174 pauloque
1969 3102 2146 3158 altius

493 3195 876 3260 resumentes,
909 3191 1060 3246 alius
1111 3192 1317 3246 affectu
1351 3192 1585 3254 ductus,
1621 3190 1772 3247 alius
1804 3192 1959 3258 odio,
1993 3191 2147 3247 alius

491 3281 559 3334 ad
595 3279 865 3352 gratiam,
901 3279 1051 3334 alius
1084 3285 1254 3351 prout
1279 3279 1388 3334 sibi
1422 3283 1710 3334 statutum
1736 3281 1946 3349 fuerat,
1971 3280 2151 3335 histo-

493 3369 639 3423 riam
675 3369 936 3433 edentes,
969 3368 1121 3424 inter
1151 3386 1212 3424 se
1259 3369 1318 3423 in
1353 3371 1686 3424 narratione
1719 3370 2148 3438 dissenserunt,

494 3474 559 3513 ac
591 3458 840 3530 caligine
866 3459 1420 3529 perturbationeque
1447 3458 1743 3514 auditores
1762 3457 2151 3540 repleverunt.

494 3556 610 3611 Nos
647 3563 840 3610 autem
879 3562 1335 3611 memoratorum
1369 3556 1623 3611 virorum
1660 3557 1823 3612 lectis
1855 3557 2150 3629 operibus,

501 3645 762 3700 historia:
796 3646 1160 3700 amatoribus
1210 3663 1410 3700 eorum
1463 3646 1761 3718 synopsim
1797 3664 1908 3701 non
1944 3663 2150 3716 parum

502 3734 700 3790 utilem
738 3736 856 3790 fore
906 3740 1234 3806 sperantes,
1271 3736 1637 3805 maximeque
1673 3735 1740 3789 iis
1774 3735 1873 3806 qui
1910 3734 2154 3790 facilita-

504 3830 618 3878 tem
668 3823 851 3878 labori
905 3830 1304 3896 anteponunt;
1363 3830 1559 3895 utpote
1610 3841 1733 3895 qua:
1786 3824 1958 3879 variis
1991 3829 2156 3896 gesta

505 3915 871 3985 temporibus
905 3914 1250 3968 brevissime
1283 3918 1680 3984 repraesentet,
1714 3918 1770 3967 et.
1801 3931 1834 3968 a
1862 3929 2154 3968 commen-

501 4005 786 4058 tariorum
821 4003 972 4058 mole
1021 4002 1271 4059 liberet:
1307 4019 1486 4074 supra
1536 4003 1827 4057 dictorum
1879 4001 2154 4056 historias

499 4092 809 4162 diligenter
839 4093 1220 4160 excutientes,
1269 4091 1471 4161 ejectis
1501 4091 1573 4146 iis
1606 4109 1731 4162 qua:
1763 4108 1828 4145 ex
1863 4091 2066 4145 affectu
2100 4095 2156 4146 et

499 4181 566 4234 ad
603 4181 848 4251 gratiam
875 4181 1030 4235 dicta
1053 4185 1214 4246 sunt,
1242 4182 1440 4236 missis
1474 4181 1545 4234 iis
1578 4198 1703 4251 quae
1728 4180 2153 4236 dissensionem

498 4274 553 4324 et
589 4270 1039 4340 repugnantiam
1077 4270 1336 4336 olebant,
1369 4269 1674 4340 expunctis
1707 4270 1881 4324 etiam
1925 4270 1994 4325 iis
2026 4287 2154 4340 quae

494 4355 757 4411 fabulam
791 4374 996 4428 sapere
1047 4357 1239 4412 visum
1289 4363 1394 4424 est,
1431 4357 1866 4413 narrationibus
1898 4358 2154 4414 collectis

496 4463 623 4516 qua:
674 4445 1011 4501 verisimilia
1045 4452 1101 4501 et
1151 4447 1478 4516 probabilia
1510 4447 1892 4518 putabantur,
1935 4447 2153 4502 additis

2253 483 2606 558 πραγμὲνων.
2665 480 2880 538 Ἀλλ’ὁ
2943 482 3036 554 μὶν
3083 481 3379 556 Γεώργιος,
3439 481 3545 535 ἀπὸ
3601 475 3906 547 καταϐολῆς
3989 475 3995 540 ἶ

2256 571 2553 647 ἀρξάμενος
2625 565 2856 643 κόσμου,
2934 571 2989 632 ἐς
3073 569 3207 631 τοὺς
3281 572 3574 646 τυράννους
3626 568 3908 640 κατέληξε,

2257 661 2596 734 Μαξιμιανόν
2671 681 2813 737 φημι
2890 659 2977 715 καὶ
3033 661 3125 714 τὸν
3184 661 3379 715 τούτου
3440 661 3557 714 υἱὸν
3612 661 3906 730 ΜαξιμΜν

2256 752 2318 824 (ι.
2371 749 2680 819 Μαξὲντιονο
2743 751 2772 804 6
2830 746 2887 803 δὲ
2943 751 3241 823 Θεοφάνης,
3291 750 3355 804 τὸ
3413 748 3620 803 ἐκείνου
3651 747 3818 811 τέλος
3846 749 3914 802 0':-

2254 838 2402 894 κείαν
2449 839 2630 913 ἀρχὴν
2661 837 3048 910 ποιησάμενος,
3094 839 3185 892 καὶ
3243 840 3342 908 τὴν
3375 836 3671 891 ἐπίλοιπον
3728 857 3915 890 συντε-

2261 931 2375 1002 μὼν
2424 928 2829 1005 χρονογραφίαν
2879 928 2968 982 καὶ
3023 927 3100 990 εἷς
3141 929 3241 996 τήν
3284 926 3542 995 τελευτήν
3600 931 3701 982 τοῦ
3764 928 3917 1001 βασι-

2257 1015 2400 1079 λέως
2431 1017 2750 1096 Νικηιρόρου
2803 1021 2900 1072 τοῦ
2960 1016 3066 1071 ἀπὸ
3095 1020 3325 1092 γενικῶν
3369 1018 3729 1086 καταντήσας,
3792 1014 3913 1084 ἔστη

2254 1113 2351 1161 τοῦ
2383 1103 2612 1181 δρόμου.
2665 1107 2812 1161 Μετὰ
2856 1103 2912 1161 δι
2959 1111 3150 1161 τοῦτον
3185 1103 3366 1166 οὐδεὶς
3423 1104 3592 1166 ἄλλος
3648 1103 3916 1160 ἐπέδωκεν

2257 1196 2444 1250 ἑαυτὸν
2514 1197 2594 1267 τῴ
2675 1194 2911 1268 τοιούτῳ
2999 1193 3380 1267 σπουδάσματι
3415 1238 3428 1251 .
3510 1194 3914 1269 Ἐπεχείρησαν

2262 1285 2354 1357 μὲν
2412 1285 2512 1359 γάρ
2563 1305 2727 1356 τινες,
2787 1285 2901 1338 οἷον
2937 1286 2966 1339 6
3023 1281 3365 1352 Σικελιώτης
3400 1281 3735 1344 διδάσκαλος
3769 1283 3860 1336 καὶ
3891 1286 3915 1335 6

2255 1375 2374 1427 καθ’
2429 1375 2575 1444 ἡμᾶς
2631 1373 2834 1434 ὕπατος
2885 1377 2991 1426 τῶν
3061 1372 3378 1450 φιλοσόφων
3430 1372 3518 1426 καὶ
3555 1373 3918 1446 ὑπὲρτιμοςὸ

2258 1469 2506 1539 Ψελλὸς,
2559 1472 2646 1525 καὶ
2707 1471 2844 1546 πρὸς
2893 1470 3113 1532 τούτοις
3177 1468 3379 1542 ἕτερον
3437 1468 3583 1526 ἀλλὰ
3638 1469 3915 1545 πάρεργον

2255 1559 2521 1634 ἁψάμενοι
2570 1565 2664 1616 τοῦ
2707 1556 2890 1637 ἔργου,
2938 1567 3037 1630 τῆς
3069 1581 3127 1615 τε
3175 1554 3450 1636 ἀκριϐείας
3503 1559 3916 1615 ἐπιπεπτώκασι

2252 1648 2317 1702 τὰ
2373 1648 2602 1704 πλεῖστα
2655 1653 2763 1703 τῶν
2814 1649 3182 1724 καιριωτέρων
3244 1649 3524 1724 παρέντες,
3591 1648 3684 1702 καὶ
3719 1649 3917 1716 ἀνόνη·

2250 1758 2334 1790 τοι
2377 1744 2493 1801 τοῖς
2546 1738 2660 1810 μετ’
2708 1737 2901 1800 αὐτοὺς
2952 1739 3257 1814 γεγόνασιν,
3309 1737 3682 1812 ἀπαρίθμησιν
3752 1737 3918 1810 μόνην

2258 1828 2621 1899 ποιησάμενοι
2652 1832 2760 1882 τῶν
2815 1826 3104 1902 βασιλέων,
3155 1827 3245 1882 καὶ
3299 1824 3608 1900 διδάξαντες
3659 1827 3750 1888 τίς
3786 1828 3920 1898 μετὰ

2251 1916 2370 1969 τίνει
2427 1921 2532 1970 τῶν
2590 1918 2881 1991 σκήπτρων
2935 1919 3157 1992 γέγονεν
3215 1914 3520 1991 ἐγκρατής,
3567 1915 3660 1970 καὶ
3724 1913 3916 1969 πλεῖον

2253 2002 2427 2062 οὐδέν.
2485 2004 2660 2061 Ἀλλά
2700 2005 2790 2059 καὶ
2842 2004 3038 2067 ταύτας
3072 2005 3170 2060 οὐκ
3217 2004 3633 2079 ἐστοχασμένως
3683 2025 3919 2079 συγγραι

2252 2096 2516 2167 φάμενοι,
2567 2089 2804 2168 ἔϐλαψαν
2851 2093 2980 2156 τοὺς
3033 2093 3475 2169 ἐντυγχάνοντας,
3539 2092 3638 2147 οὐκ
3691 2093 3918 2171 ὠφέλη-

2253 2205 2368 2240 σαν.
2420 2184 2482 2240 Ὀ
2539 2184 2641 2258 γὰρ
2701 2182 3060 2258 Δαφνοπᾶτης
3108 2181 3411 2255 Θεόδωρος,
3444 2184 3690 2251 Νικήτας
3749 2184 3777 2236 6
3813 2189 3918 2237 Πα-

2253 2270 2498 2348 φλαγὼν,
2559 2273 2756 2350 Ἰωσὴφ
2816 2272 3054 2334 Γενέσιος
3121 2273 3208 2327 καὶ
3269 2270 3534 2338 Μανουήλ
3596 2272 3646 2325 oi
3713 2273 3917 2340 Βυζάν-

2251 2382 2381 2426 τιοι,
2415 2361 2729 2438 Νικηφόρος
2764 2363 2792 2416 6
2825 2359 3074 2424 διάκονος
3105 2363 3132 2416 6
3167 2362 3335 2436 Φρὺξ,
3397 2362 3425 2415 6
3485 2362 3705 2423 ’Λσινὸς
3744 2361 3916 2426 Λέων,

2254 2446 2536 2525 Θεόδωρος
2593 2451 2620 2504 ὁ
2677 2453 2774 2519 τῆς
2839 2449 3007 2522 Σίδης
3063 2449 3356 2525 γενόμενος
3411 2447 3684 2524 πρόεδρος
3741 2451 3832 2503 καὶ
3893 2451 3917 2502 6

2252 2549 2446 2604 τούτου
2495 2549 2714 2623 ἀνεψιὸς
2774 2551 2862 2604 καὶ
2922 2551 3220 2623 ὁμώνυμος
3279 2551 3307 2605 6
3360 2556 3460 2618 τῆς
3510 2548 3561 2604 ἐν
3623 2546 3919 2617 Σεὸαστεὲᾳ

2254 2641 2709 2714 καθηγησ-ὶμενος
2770 2638 3121 2711 Ἐκκλησίας,
3181 2639 3269 2694 καὶ
3332 2639 3418 2694 ἐπὶ
3472 2638 3654 2711 τούτῳ
3720 2641 3918 2711 Δημή-

2252 2749 2404 2804 τριος
2438 2730 2465 2783 ὁ
2526 2735 2626 2798 τῆς
2683 2729 2916 2798 Κυζίκου
2963 2730 3050 2784 καὶ
3105 2729 3132 2784 6
3175 2731 3421 2804 μοναχὸς
3464 2729 3723 2800 Ἰωάννης
3755 2731 3786 2783 6
3819 2738 3914 2784 Λυο

2257 2815 2346 2882 διὸς
2433 2817 2634 2872 οἰκείαν
2705 2815 2929 2880 ἕκαστος
3008 2817 3255 2881 ὑπόθεσιν
3338 2817 3915 2893 προστησάμενοςοὸ

2261 2909 2354 2980 μὲν
2435 2903 2654 2962 ἔπαινον
2727 2907 3016 2982 βασιλέως,
3091 2908 3119 2962 6
3179 2904 3237 2961 δὶ
3303 2908 3470 2982 ψόγον
3538 2909 3913 2982 πατριάρχου·

2252 2993 2437 3072 ἕτερος
2496 2994 2553 3050 δὶ
2610 2994 2774 3071 φίλου
2829 2996 3131 3072 ἐγκώμιον,
3162 2997 3252 3051 καὶ
3283 2996 3334 3051 ἐν
3386 2996 3629 3072 ἱστορίας
3662 2999 3914 3070 σχήματι

2256 3086 2346 3140 τὸν
2408 3086 2596 3140 ἑαυτοῦ
2653 3082 2879 3148 ἕκαστος
2933 3084 3386 3160 ἀποπληροῦντες
3442 3086 3666 3156 σκοπὸν,
3723 3085 3914 3162 πόρρω

2179 3149 2357 3244 Οτῆς
2433 3178 2540 3228 τῶν
2613 3174 2918 3250 εἰρημένων
2988 3171 3194 3251 ἀνδρῶν
3269 3174 3582 3230 πεπτώκασι
3646 3172 3916 3235 διανοίας.

2261 3269 2572 3343 Ἀποτάδηη
2625 3274 2747 3344 (εἰς)
2795 3273 2896 3348 γὰρ
2954 3273 3023 3327 τὰ
3068 3273 3203 3327 κατὰ
3257 3273 3386 3334 τοὺς
3437 3272 3612 3327 αὐτῶν
3675 3273 3920 3347 χρόνους

2263 3361 2646 3435 συνενεχθέντα
2693 3361 2783 3415 καὶ
2836 3362 3027 3436 μικρὸν
3077 3360 3278 3425 ἄνωθεν
3331 3362 3618 3437 ἱστορικίίκ
3677 3383 3921 3438 συγγρα-

2262 3450 2515 3524 ψάμενοι,
2563 3451 2649 3505 καὶ
2685 3453 2712 3506 6
2764 3451 2858 3524 μὶν
2907 3453 3223 3524 συμπαθῶς,
3276 3453 3304 3506 6
3359 3449 3406 3506 δ’
3436 3453 3773 3519 ἀντιπαθῶς,
3808 3455 3837 3507 6
3868 3453 3920 3508 δί

2261 3539 2350 3594 καὶ
2399 3541 2534 3594 κατὰ
2578 3539 2760 3615 χάριν,
2816 3538 2987 3602 ἄλλος
3045 3537 3102 3595 δὲ
3140 3540 3229 3594 καὶ
3263 3541 3339 3602 ὡς
3385 3542 3790 3616 προσετέτακτο
3821 3546 3920 3610 τήν

2263 3629 2452 3684 ἑαυτοῦ
2520 3629 2729 3692 συνθεὶς
2778 3629 3038 3703 ἱστορίαν,
3089 3629 3177 3683 καὶ
3232 3630 3368 3705 πρὸς
3429 3629 3714 3699 ἀλλήλους
3767 3631 3922 3705 ἐντῇ

2261 3723 2368 3773 τῶν
2431 3717 2603 3772 αὐτῶν
2681 3717 2954 3795 ἀφηγήσει
3027 3715 3446 3795 διαφερόμενοι,
3523 3717 3747 3794 ἰλίγγου
3830 3724 3918 3775 καὶ

2261 3814 2510 3884 ταραχῆς
2563 3805 2691 3868 τοὺς
2758 3807 3023 3882 ἀκροατὰς
3079 3805 3493 3878 ἐμπεπλήκασιν
3531 3850 3544 3864 .
3599 3808 3803 3880 Ἱίμεῖς
3863 3809 3918 3864 δὲ

2260 3902 2341 3968 τῷ
2398 3895 2552 3968 πόνῳ
2623 3899 2730 3948 τῶν
2806 3893 3110 3967 εἰρημένως
3167 3891 3372 3970 ἀνδρῶν
3433 3893 3543 3949 ἐκεῖ
3598 3894 3923 3972 ἐντυχόντες

2261 3988 2349 4043 καὶ
2402 3986 2778 4055 λυσιτελήσειν
2839 3985 2900 4040 o6
2962 3985 3128 4060 μικρά
3176 3987 3276 4054 τὴν
3323 3985 3547 4059 σύνοψιν
3579 3991 3695 4047 τοῖς
3732 3994 3922 4061 φιλοῖ-

2263 4073 2543 4150 στοροῦσιν
2594 4073 2929 4141 ἐλπίσαντες,
2977 4074 3068 4128 καὶ
3129 4072 3368 4146 μάλιστα
3423 4079 3541 4137 τοῖς
3592 4076 3656 4129 τὸ
3715 4075 3918 4150 ῥᾷστον

2261 4170 2360 4220 τοῦ
2397 4163 2802 4237 ἐπιπονιοτὲρου
2855 4161 3288 4235 προτιθεμένοις,
3348 4165 3777 4236 συντομωτάτην
3853 4163 3926 4219 δι-

2264 4251 2454 4308 δοῦσαν
2509 4249 2816 4324 κατάληψιν
2874 4255 2982 4304 τῶν
3043 4249 3094 4304 ἐν
3155 4247 3436 4327 διαφόροις
3485 4247 3923 4324 συμϐεϐηκότων

2261 4347 2475 4418 καιροῖς
2524 4340 2613 4395 καὶ
2669 4338 2765 4394 τοῦ
2829 4339 3032 4414 βάρους
3085 4344 3194 4394 τῶν
3248 4341 3656 4413 ὑπομνημάτων
3716 4340 3927 4406 ἐλευθε-

2265 4432 2494 4507 ροῦσαν,
2569 4431 2663 4492 τάς
2720 4433 2827 4483 τῶν
2887 4425 3090 4491 ἄνωθεν
3151 4427 3457 4503 λεχθέντων
3512 4431 3920 4508 συγγραφείσας

494 4535 670 4590 etiam
703 4535 774 4590 iis
794 4553 920 4607 qua:
955 4537 1216 4590 nondum
1248 4537 1467 4608 scripta
1487 4537 1557 4592 ab
1580 4536 1840 4607 antiquis
1875 4536 2011 4590 viris
2035 4536 2145 4592 edi-

2261 4518 2342 4575 ἐπ’
2393 4513 2610 4593 ἀκριϐὲς
2666 4518 2907 4592 ἱστορίας
2966 4517 3385 4590 ἀναμαξάμενοι,
3420 4517 3511 4571 καὶ
3555 4519 3624 4572 τὰ
3656 4519 3922 4592 ἐμπαθῶς

493 4625 767 4694 dicimus,
801 4625 990 4696 iisque
1034 4626 1093 4680 in
1126 4643 1307 4680 unum
1361 4642 1573 4696 corpus
1605 4625 1950 4698 compendio
1983 4627 2148 4680 reda-

491 4715 620 4785 ctis,
661 4719 932 4770 tenerum
983 4714 1179 4770 cibum
1215 4715 1370 4771 mola
1419 4715 1708 4770 sermonis
1757 4719 2145 4787 prazparatum

488 4804 739 4875 posteris
770 4803 1158 4876 reliquimus;
1196 4810 1258 4858 ut
1285 4804 1385 4875 qui
1420 4809 1873 4859 memoratorum
1910 4803 2144 4859 histori-

487 4910 685 4948 corum
718 4893 898 4949 libros
949 4899 1380 4965 percurrerunt,
1415 4893 1838 4949 commentaria
1870 4892 2142 4956 habeant,

483 5006 684 5046 secum
730 4991 815 5045 vel
869 4991 925 5045 in
984 4991 1074 5045 via
1126 4991 1375 5046 ferentes
1435 4990 1591 5045 hunc
1652 4989 1938 5044 libellum.
1990 4989 2144 5044 Solet

482 5080 700 5150 quippe
733 5079 904 5135 lectio
955 5080 1415 5134 recordationem
1469 5079 1765 5142 inducere,
1816 5077 2140 5132 recordatio

480 5184 612 5223 vero
646 5169 989 5224 memoriam
1023 5168 1175 5222 alerc
1229 5172 1286 5222 et
1338 5184 1555 5239 augere
1585 5185 1598 5234 ;
1633 5167 2138 5238 quemadmodum

482 5263 687 5312 contra
717 5257 1071 5328 negligentia
1089 5262 1143 5311 et
1169 5257 1390 5312 incuria
1412 5262 1738 5328 gestorum,
1760 5255 2140 5310 reminiscen-

483 5345 622 5400 tiam
656 5349 903 5412 auferre,
956 5345 1106 5400 unde
1159 5361 1396 5416 prorsus
1425 5344 1636 5399 oblivio
1686 5344 1973 5415 sequitur,
2008 5360 2135 5414 qua

482 5440 776 5505 gestorum
838 5434 1183 5490 memoriam
1254 5435 1528 5489 obscurat
1582 5439 1751 5504 atque
1810 5433 2135 5488 confundit.

481 5523 584 5586 Qui
615 5541 748 5579 vero
781 5526 1041 5579 nondum
1084 5523 1364 5578 historias
1397 5521 1682 5596 legerunt,
1717 5522 1827 5578 hoc
1857 5538 2133 5593 compen-

481 5612 575 5667 dio
634 5614 895 5669 ductoris
953 5613 1078 5668 loco
1127 5618 1387 5682 utantur,
1438 5619 1495 5667 et
1543 5612 1843 5684 requisitis
1891 5611 1962 5667 iis
2009 5628 2132 5682 qua;

2258 4621 2292 4690 ἢ
2345 4619 2434 4672 καὶ
2487 4617 2620 4692 πρὸς
2660 4617 2822 4692 χάριν
2857 4615 3120 4690 λεχθὲντα
3171 4613 3797 4688 ἀποδιαπομπήσαντες,
3829 4619 3918 4671 καὶ

2253 4708 2347 4770 τᾶς
2399 4704 2656 4784 διαφοράς
2703 4707 2791 4759 καὶ
2857 4702 3148 4782 διαφωνίας
3207 4704 3486 4779 παρέντες,
3551 4706 3916 4776 ἀποξέσαντες

2257 4794 2313 4850 δὶ
2368 4795 2456 4850 καὶ
2516 4794 2613 4848 ὅσα
2663 4791 2821 4869 ἔγγὺς
2877 4791 3153 4868 ἐρχόμενα
3182 4792 3408 4866 εὕρομεν
3439 4797 3536 4847 τοῦ
3594 4791 3911 4865 μυθώδους·

2250 4887 2319 4940 τὰ
2375 4882 2431 4938 δὲ
2490 4883 2672 4938 εἷ’κότα
2717 4882 2807 4936 καὶ
2851 4882 3025 4936 ὁπόσα
3081 4885 3176 4936 τοῦ
3235 4886 3463 4944 πιθανοῦ
3499 4883 3576 4954 μὴ
3637 4882 3911 4938 iui-mm

2252 4971 2664 5044 συλλεξάμενοι,
2738 4970 3056 5043 προσθέντες
3124 4966 3180 5024 δὲ
3241 4970 3332 5024 καὶ
3401 4969 3578 5024 ὁπόσα
3654 4972 3913 5049 ἀγράφως

2250 5063 2306 5119 ἐκ
2355 5060 2606 5117 παλαιῶν
2665 5058 2874 5136 ἀνδρῶν
2934 5058 3331 5135 ἐδιδάχθημεν,
3361 5061 3454 5114 καὶ
3487 5061 3577 5136 τφ’
3607 5056 3664 5114 ἓν
3698 5060 3914 5135 ἐπιδροο

2253 5152 2426 5228 μάδην
2493 5151 2802 5223 συνθέμενοι
2877 5154 2995 5214 τοῖς
3055 5147 3524 5222 μεταγενεστέροις
3579 5150 3913 5206 καταλελοί-

2246 5263 2421 5314 παμεν
2474 5241 2680 5317 τροφὴν
2741 5237 2955 5308 ἁπαλὴν
3005 5239 3093 5294 καὶ
3153 5237 3331 5310 τούτῷ
3390 5236 3446 5294 δὲ
3495 5243 3577 5310 τῷ
3606 5243 3708 5294 τοῦ
3740 5239 3910 5314 λόγου

2245 5329 2643 5402 ἆληλεσμένην,
2699 5326 2768 5382 i'v'
2828 5329 2880 5382 oi
2944 5330 3039 5401 μὲν
3095 5328 3188 5388 τὰς
3222 5332 3328 5382 τῶν
3389 5327 3664 5404 ῥηθέντων
3703 5331 3910 5405 15-109:-

2244 5426 2352 5476 κῶν
2399 5413 2628 5493 βίϐλους
2686 5415 3006 5478 ἐπελθόντες
3050 5417 3418 5488 ὑπομνήματα
3478 5412 3662 5491 ἔχοιεν
3725 5417 3914 5472 συνὲκ-

2245 5511 2420 5583 δημον
2481 5507 2729 5584 φέροντες
2777 5504 2866 5560 καὶ
2924 5505 3167 5567 ἱπιόντις
3197 5509 3359 5560 τοῦτο
3416 5506 3480 5561 τὸ
3514 5501 3758 5580 βιϐλίον·
3790 5504 3912 5561 οἶδε

2243 5601 2345 5677 γὰρ
2393 5599 2430 5667 ἡ
2477 5596 2775 5670 ἀνάγνωσις
2799 5594 3100 5669 ἀνάμνησιν
3136 5593 3408 5667 ἐμποιεῖν,
3466 5596 3500 5665 ἡ
3557 5591 3616 5650 δὶ
3666 5595 3912 5668 ἀνάμνηο
