  <div class='ocr_page' id='page_1' title='image "/cluster/home/n/w/nwhite01/storage/ocr_20150623/122/hvd.32044054759840/010.png"; bbox 0 0 3952 6152; ppageno 0'>
   <div class='ocr_carea' id='block_1_1' title="bbox 1348 356 1382 367">
    <p class='ocr_par' dir='ltr' id='par_1_1' title="bbox 1348 356 1382 367">
     <span class='ocr_line' id='line_1_1' title="bbox 1348 356 1382 367; baseline 0 0"><span class='ocrx_word' id='word_1_1' title='bbox 1348 356 1382 367; x_wconf 54' lang='lat' dir='ltr'><strong>ua</strong></span> 
     </span>
    </p>
   </div>
   <div class='ocr_carea' id='block_1_2' title="bbox 1180 510 2570 669">
    <p class='ocr_par' dir='ltr' id='par_1_2' title="bbox 1180 510 2570 669">
     <span class='ocr_line' id='line_1_2' title="bbox 1180 510 2570 669; baseline -0.012 0"><span class='ocrx_word' id='word_1_2' title='bbox 1180 510 2570 669; x_wconf 80' lang='lat' dir='ltr'><strong>PROOEMIUM.</strong></span> 
     </span>
    </p>
   </div>
   <div class='ocr_carea' id='block_1_3' title="bbox 1850 794 1914 886">
    <p class='ocr_par' dir='ltr' id='par_1_3' title="bbox 1850 794 1914 886">
     <span class='ocr_line' id='line_1_3' title="bbox 1850 794 1914 886; baseline -0.031 0"><span class='ocrx_word' id='word_1_3' title='bbox 1850 794 1914 886; x_wconf 86' lang='grc' dir='ltr'><strong>Ι.</strong></span> 
     </span>
    </p>
   </div>
   <div class='ocr_carea' id='block_1_4' title="bbox 1335 1007 2416 1073">
    <p class='ocr_par' dir='ltr' id='par_1_4' title="bbox 1335 1007 2416 1073">
     <span class='ocr_line' id='line_1_4' title="bbox 1335 1007 2416 1073; baseline -0.006 0"><span class='ocrx_word' id='word_1_4' title='bbox 1335 1011 1826 1073; x_wconf 80' lang='lat' dir='ltr'><strong>EDITIONIS</strong></span> <span class='ocrx_word' id='word_1_5' title='bbox 1884 1007 2416 1071; x_wconf 79' lang='lat' dir='ltr'><strong>CONSILIUM.</strong></span> 
     </span>
    </p>
   </div>
   <div class='ocr_carea' id='block_1_5' title="bbox 243 338 3494 392">
    <p class='ocr_par' dir='ltr' id='par_1_5' title="bbox 243 338 3494 392">
     <span class='ocr_line' id='line_1_5' title="bbox 243 338 3494 392; baseline 0 -20"><span class='ocrx_word' id='word_1_6' title='bbox 243 338 3494 392; x_wconf 56' lang='lat' dir='ltr'><strong>MM</strong></span> 
     </span>
    </p>
   </div>
   <div class='ocr_carea' id='block_1_6' title="bbox 319 1168 3492 1288">
    <p class='ocr_par' dir='ltr' id='par_1_6' title="bbox 319 1168 3492 1288">
     <span class='ocr_line' id='line_1_6' title="bbox 319 1168 3492 1288; baseline -0.003 -16"><span class='ocrx_word' id='word_1_7' title='bbox 319 1215 348 1288; x_wconf 65' lang='grc' dir='ltr'>ᾗ</span> <span class='ocrx_word' id='word_1_8' title='bbox 386 1192 445 1273; x_wconf 71' lang='grc'><strong>1.</strong></span> <span class='ocrx_word' id='word_1_9' title='bbox 485 1203 824 1282; x_wconf 80' lang='lat' dir='ltr'><strong>Quaenam</strong></span> <span class='ocrx_word' id='word_1_10' title='bbox 857 1202 1259 1284; x_wconf 89' lang='lat' dir='ltr'><strong>potissimum</strong></span> <span class='ocrx_word' id='word_1_11' title='bbox 1292 1217 1481 1262; x_wconf 88' lang='lat' dir='ltr'><strong>causa</strong></span> <span class='ocrx_word' id='word_1_12' title='bbox 1516 1198 1591 1261; x_wconf 91' lang='lat' dir='ltr'><strong>ad</strong></span> <span class='ocrx_word' id='word_1_13' title='bbox 1638 1199 1901 1259; x_wconf 84' lang='lat' dir='ltr'><strong>Joannis</strong></span> <span class='ocrx_word' id='word_1_14' title='bbox 1947 1196 2111 1260; x_wconf 90' lang='lat' dir='ltr'><strong>Scoti</strong></span> <span class='ocrx_word' id='word_1_15' title='bbox 2156 1195 2435 1273; x_wconf 76' lang='lat' dir='ltr'><strong>theologi</strong></span> <span class='ocrx_word' id='word_1_16' title='bbox 2486 1193 2683 1256; x_wconf 88' lang='lat' dir='ltr'><strong>libros</strong></span> <span class='ocrx_word' id='word_1_17' title='bbox 2718 1168 3127 1273; x_wconf 81' lang='lat' dir='ltr'><strong>colligendos</strong></span> <span class='ocrx_word' id='word_1_18' title='bbox 3157 1215 3229 1261; x_wconf 88' lang='lat' dir='ltr'><strong>ac</strong></span> <span class='ocrx_word' id='word_1_19' title='bbox 3261 1216 3492 1280; x_wconf 74' lang='lat' dir='ltr'><strong>perpo-</strong></span> 
     </span>
    </p>
   </div>
   <div class='ocr_carea' id='block_1_7' title="bbox 244 1324 3500 1416">
    <p class='ocr_par' dir='ltr' id='par_1_7' title="bbox 244 1324 3500 1416">
     <span class='ocr_line' id='line_1_7' title="bbox 244 1324 3500 1416; baseline -0.004 -11"><span class='ocrx_word' id='word_1_20' title='bbox 244 1341 497 1405; x_wconf 88' lang='lat' dir='ltr'><strong>liendos</strong></span> <span class='ocrx_word' id='word_1_21' title='bbox 532 1356 639 1400; x_wconf 89' lang='lat' dir='ltr'><strong>me</strong></span> <span class='ocrx_word' id='word_1_22' title='bbox 666 1336 1020 1416; x_wconf 84' lang='lat' dir='ltr'><strong>impulerit,</strong></span> <span class='ocrx_word' id='word_1_23' title='bbox 1054 1333 1107 1395; x_wconf 90' lang='lat' dir='ltr'><strong>si</strong></span> <span class='ocrx_word' id='word_1_24' title='bbox 1139 1332 1427 1411; x_wconf 66' lang='lat' dir='ltr'><strong>quaeris;</strong></span> <span class='ocrx_word' id='word_1_25' title='bbox 1459 1330 1658 1392; x_wconf 78' lang='lat' dir='ltr'><strong>lector</strong></span> <span class='ocrx_word' id='word_1_26' title='bbox 1682 1328 2019 1401; x_wconf 82' lang='lat' dir='ltr'><strong>benevole,</strong></span> <span class='ocrx_word' id='word_1_27' title='bbox 2050 1346 2129 1391; x_wconf 90' lang='lat' dir='ltr'><strong>en</strong></span> <span class='ocrx_word' id='word_1_28' title='bbox 2170 1326 2388 1407; x_wconf 82' lang='lat' dir='ltr'><strong>paucis</strong></span> <span class='ocrx_word' id='word_1_29' title='bbox 2423 1326 2533 1387; x_wconf 89' lang='lat' dir='ltr'><strong>tibi</strong></span> <span class='ocrx_word' id='word_1_30' title='bbox 2566 1324 2820 1387; x_wconf 84' lang='lat' dir='ltr'><strong>consilii</strong></span> <span class='ocrx_word' id='word_1_31' title='bbox 2850 1325 2985 1387; x_wconf 85' lang='lat' dir='ltr'><strong>mei</strong></span> <span class='ocrx_word' id='word_1_32' title='bbox 3012 1327 3320 1390; x_wconf 85' lang='lat' dir='ltr'><strong>rationem</strong></span> <span class='ocrx_word' id='word_1_33' title='bbox 3350 1348 3500 1411; x_wconf 86' lang='lat' dir='ltr'><strong>ape-</strong></span> 
     </span>
    </p>
   </div>
   <div class='ocr_carea' id='block_1_8' title="bbox 247 1456 3498 1538">
    <p class='ocr_par' dir='ltr' id='par_1_8' title="bbox 247 1456 3498 1538">
     <span class='ocr_line' id='line_1_8' title="bbox 247 1456 3498 1538; baseline -0.003 -6"><span class='ocrx_word' id='word_1_34' title='bbox 247 1472 426 1533; x_wconf 73' lang='lat' dir='ltr'><strong>riam.</strong></span> <span class='ocrx_word' id='word_1_35' title='bbox 463 1468 723 1530; x_wconf 87' lang='lat' dir='ltr'><strong>Etenim</strong></span> <span class='ocrx_word' id='word_1_36' title='bbox 755 1474 902 1527; x_wconf 91' lang='lat' dir='ltr'><strong>ante</strong></span> <span class='ocrx_word' id='word_1_37' title='bbox 931 1464 1050 1527; x_wconf 92' lang='lat' dir='ltr'><strong>hos</strong></span> <span class='ocrx_word' id='word_1_38' title='bbox 1084 1462 1216 1525; x_wconf 89' lang='lat' dir='ltr'><strong>fere</strong></span> <span class='ocrx_word' id='word_1_39' title='bbox 1248 1461 1553 1523; x_wconf 90' lang='lat' dir='ltr'><strong>tredecim</strong></span> <span class='ocrx_word' id='word_1_40' title='bbox 1591 1478 1819 1533; x_wconf 85' lang='lat' dir='ltr'><strong>annos,</strong></span> <span class='ocrx_word' id='word_1_41' title='bbox 1850 1476 2051 1538; x_wconf 89' lang='lat' dir='ltr'><strong>quum</strong></span> <span class='ocrx_word' id='word_1_42' title='bbox 2092 1456 2594 1535; x_wconf 76' lang='lat' dir='ltr'><strong>theologiearum</strong></span> <span class='ocrx_word' id='word_1_43' title='bbox 2629 1474 2699 1518; x_wconf 89' lang='lat' dir='ltr'><strong>ac</strong></span> <span class='ocrx_word' id='word_1_44' title='bbox 2736 1456 3326 1536; x_wconf 88' lang='lat' dir='ltr'><strong>philosophicarum</strong></span> <span class='ocrx_word' id='word_1_45' title='bbox 3358 1458 3498 1522; x_wconf 64' lang='lat' dir='ltr'><strong>lite«</strong></span> 
     </span>
    </p>
   </div>
   <div class='ocr_carea' id='block_1_9' title="bbox 252 1587 3493 1673">
    <p class='ocr_par' dir='ltr' id='par_1_9' title="bbox 252 1587 3493 1673">
     <span class='ocr_line' id='line_1_9' title="bbox 252 1587 3493 1673; baseline -0.003 -11"><span class='ocrx_word' id='word_1_46' title='bbox 252 1618 459 1665; x_wconf 88' lang='lat' dir='ltr'><strong>rarum</strong></span> <span class='ocrx_word' id='word_1_47' title='bbox 494 1599 675 1662; x_wconf 91' lang='lat' dir='ltr'><strong>rudis</strong></span> <span class='ocrx_word' id='word_1_48' title='bbox 706 1596 839 1659; x_wconf 81' lang='lat' dir='ltr'><strong>fere</strong></span> <span class='ocrx_word' id='word_1_49' title='bbox 868 1612 940 1656; x_wconf 87' lang='lat' dir='ltr'><strong>ac</strong></span> <span class='ocrx_word' id='word_1_50' title='bbox 970 1591 1308 1673; x_wconf 90' lang='lat' dir='ltr'><strong>imperitus</strong></span> <span class='ocrx_word' id='word_1_51' title='bbox 1338 1592 1406 1652; x_wconf 91' lang='lat' dir='ltr'><strong>in</strong></span> <span class='ocrx_word' id='word_1_52' title='bbox 1431 1590 1607 1653; x_wconf 86' lang='lat' dir='ltr'><strong>illius</strong></span> <span class='ocrx_word' id='word_1_53' title='bbox 1636 1590 1901 1652; x_wconf 85' lang='lat' dir='ltr'><strong>Joannis</strong></span> <span class='ocrx_word' id='word_1_54' title='bbox 1935 1590 2132 1651; x_wconf 88' lang='lat' dir='ltr'><strong>libros</strong></span> <span class='ocrx_word' id='word_1_55' title='bbox 2164 1587 2558 1661; x_wconf 72' lang='lat' dir='ltr'><strong>incidissem,</strong></span> <span class='ocrx_word' id='word_1_56' title='bbox 2586 1588 2777 1666; x_wconf 83' lang='lat' dir='ltr'><strong>hujus</strong></span> <span class='ocrx_word' id='word_1_57' title='bbox 2808 1588 3136 1669; x_wconf 80' lang='lat' dir='ltr'><strong>scriptoris</strong></span> <span class='ocrx_word' id='word_1_58' title='bbox 3161 1590 3383 1652; x_wconf 89' lang='lat' dir='ltr'><strong>seculo</strong></span> <span class='ocrx_word' id='word_1_59' title='bbox 3407 1593 3493 1653; x_wconf 79' lang='lat' dir='ltr'><strong>tX</strong></span> 
     </span>
    </p>
   </div>
   <div class='ocr_carea' id='block_1_10' title="bbox 252 1718 3492 1806">
    <p class='ocr_par' dir='ltr' id='par_1_10' title="bbox 252 1718 3492 1806">
     <span class='ocr_line' id='line_1_10' title="bbox 252 1718 3492 1806; baseline -0.001 -17"><span class='ocrx_word' id='word_1_60' title='bbox 252 1731 523 1793; x_wconf 85' lang='lat' dir='ltr'><strong>viventis</strong></span> <span class='ocrx_word' id='word_1_61' title='bbox 552 1728 722 1791; x_wconf 88' lang='lat' dir='ltr'><strong>haud</strong></span> <span class='ocrx_word' id='word_1_62' title='bbox 760 1744 980 1806; x_wconf 89' lang='lat' dir='ltr'><strong>parum</strong></span> <span class='ocrx_word' id='word_1_63' title='bbox 1018 1741 1123 1787; x_wconf 86' lang='lat' dir='ltr'><strong>me</strong></span> <span class='ocrx_word' id='word_1_64' title='bbox 1157 1724 1437 1785; x_wconf 88' lang='lat' dir='ltr'><strong>movisse</strong></span> <span class='ocrx_word' id='word_1_65' title='bbox 1486 1720 1841 1802; x_wconf 81' lang='lat' dir='ltr'><strong>speciosam</strong></span> <span class='ocrx_word' id='word_1_66' title='bbox 1881 1740 1951 1782; x_wconf 87' lang='lat' dir='ltr'><strong>ac</strong></span> <span class='ocrx_word' id='word_1_67' title='bbox 1986 1736 2190 1800; x_wconf 89' lang='lat' dir='ltr'><strong>paene</strong></span> <span class='ocrx_word' id='word_1_68' title='bbox 2226 1718 2616 1798; x_wconf 81' lang='lat' dir='ltr'><strong>singularem</strong></span> <span class='ocrx_word' id='word_1_69' title='bbox 2666 1719 3035 1798; x_wconf 85' lang='lat' dir='ltr'><strong>disputandi</strong></span> <span class='ocrx_word' id='word_1_70' title='bbox 3077 1722 3492 1786; x_wconf 82' lang='lat' dir='ltr'><strong>subtilitatem</strong></span> 
     </span>
    </p>
   </div>
   <div class='ocr_carea' id='block_1_11' title="bbox 251 1848 3496 1932">
    <p class='ocr_par' dir='ltr' id='par_1_11' title="bbox 251 1848 3496 1932">
     <span class='ocr_line' id='line_1_11' title="bbox 251 1848 3496 1932; baseline -0.002 -13"><span class='ocrx_word' id='word_1_71' title='bbox 251 1860 583 1921; x_wconf 84' lang='lat' dir='ltr'><strong>conﬁteor.</strong></span> <span class='ocrx_word' id='word_1_72' title='bbox 615 1856 745 1918; x_wconf 90' lang='lat' dir='ltr'><strong>Nec</strong></span> <span class='ocrx_word' id='word_1_73' title='bbox 774 1863 981 1917; x_wconf 84' lang='lat' dir='ltr'><strong>tamen</strong></span> <span class='ocrx_word' id='word_1_74' title='bbox 1019 1870 1149 1916; x_wconf 91' lang='lat' dir='ltr'><strong>non</strong></span> <span class='ocrx_word' id='word_1_75' title='bbox 1181 1870 1284 1915; x_wconf 91' lang='lat' dir='ltr'><strong>me</strong></span> <span class='ocrx_word' id='word_1_76' title='bbox 1311 1852 1579 1915; x_wconf 80' lang='lat' dir='ltr'><strong>oﬂ‘endit</strong></span> <span class='ocrx_word' id='word_1_77' title='bbox 1614 1848 2038 1932; x_wconf 86' lang='lat' dir='ltr'><strong>quorumdam</strong></span> <span class='ocrx_word' id='word_1_78' title='bbox 2084 1866 2162 1910; x_wconf 80' lang='lat' dir='ltr'><strong>ex</strong></span> <span class='ocrx_word' id='word_1_79' title='bbox 2218 1848 2608 1911; x_wconf 87' lang='lat' dir='ltr'><strong>nostratibus</strong></span> <span class='ocrx_word' id='word_1_80' title='bbox 2660 1850 3002 1923; x_wconf 86' lang='lat' dir='ltr'><strong>temeritas,</strong></span> <span class='ocrx_word' id='word_1_81' title='bbox 3054 1850 3496 1913; x_wconf 79' lang='lat' dir='ltr'><strong>extollentium</strong></span> 
     </span>
    </p>
   </div>
   <div class='ocr_carea' id='block_1_12' title="bbox 251 1966 3495 2067">
    <p class='ocr_par' dir='ltr' id='par_1_12' title="bbox 251 1966 3495 2067">
     <span class='ocr_line' id='line_1_12' title="bbox 251 1966 3495 2067; baseline -0.003 -17"><span class='ocrx_word' id='word_1_82' title='bbox 251 2006 318 2050; x_wconf 87' lang='lat' dir='ltr'><strong>ac</strong></span> <span class='ocrx_word' id='word_1_83' title='bbox 348 1966 855 2067; x_wconf 71' lang='lat' dir='ltr'><strong>praedicantiutn</strong></span> <span class='ocrx_word' id='word_1_84' title='bbox 887 1983 1026 2062; x_wconf 88' lang='lat' dir='ltr'><strong>ejus</strong></span> <span class='ocrx_word' id='word_1_85' title='bbox 1068 1980 1537 2062; x_wconf 82' lang='lat' dir='ltr'><strong>philosophicas</strong></span> <span class='ocrx_word' id='word_1_86' title='bbox 1568 1981 2087 2062; x_wconf 83' lang='lat' dir='ltr'><strong>theologicasque</strong></span> <span class='ocrx_word' id='word_1_87' title='bbox 2141 1980 2445 2052; x_wconf 89' lang='lat' dir='ltr'><strong>theorias,</strong></span> <span class='ocrx_word' id='word_1_88' title='bbox 2497 1981 2733 2060; x_wconf 82' lang='lat' dir='ltr'><strong>quippe</strong></span> <span class='ocrx_word' id='word_1_89' title='bbox 2768 1998 2910 2043; x_wconf 89' lang='lat' dir='ltr'><strong>cum</strong></span> <span class='ocrx_word' id='word_1_90' title='bbox 2948 1981 3086 2060; x_wconf 85' lang='lat' dir='ltr'><strong>ejus</strong></span> <span class='ocrx_word' id='word_1_91' title='bbox 3124 1982 3495 2058; x_wconf 85' lang='lat' dir='ltr'><strong>primarium</strong></span> 
     </span>
    </p>
   </div>
   <div class='ocr_carea' id='block_1_13' title="bbox 249 2110 3497 2197">
    <p class='ocr_par' dir='ltr' id='par_1_13' title="bbox 249 2110 3497 2197">
     <span class='ocr_line' id='line_1_13' title="bbox 249 2110 3497 2197; baseline -0.001 -20"><span class='ocrx_word' id='word_1_92' title='bbox 249 2134 433 2197; x_wconf 85' lang='lat' dir='ltr'><strong>Opus,</strong></span> <span class='ocrx_word' id='word_1_93' title='bbox 472 2113 646 2195; x_wconf 90' lang='lat' dir='ltr'><strong>quod</strong></span> <span class='ocrx_word' id='word_1_94' title='bbox 682 2136 711 2170; x_wconf 75' lang='grc' dir='ltr'><strong>α</strong></span> <span class='ocrx_word' id='word_1_95' title='bbox 746 2112 826 2173; x_wconf 93' lang='lat' dir='ltr'><strong>de</strong></span> <span class='ocrx_word' id='word_1_96' title='bbox 870 2110 1191 2174; x_wconf 85' lang='lat' dir='ltr'><strong>divisione</strong></span> <span class='ocrx_word' id='word_1_97' title='bbox 1220 2111 1492 2173; x_wconf 84' lang='lat' dir='ltr'><strong>Naturae</strong></span> <span class='ocrx_word' id='word_1_98' title='bbox 1546 2136 1573 2167; x_wconf 88' lang='lat'>»</span> <span class='ocrx_word' id='word_1_99' title='bbox 1632 2111 2027 2184; x_wconf 86' lang='lat' dir='ltr'><strong>inscribitur,</strong></span> <span class='ocrx_word' id='word_1_100' title='bbox 2060 2110 2138 2172; x_wconf 88' lang='lat' dir='ltr'><strong>ab</strong></span> <span class='ocrx_word' id='word_1_101' title='bbox 2170 2110 2458 2171; x_wconf 87' lang='lat' dir='ltr'><strong>Honorio</strong></span> <span class='ocrx_word' id='word_1_102' title='bbox 2502 2111 2571 2170; x_wconf 89' lang='lat' dir='ltr'><strong>P.</strong></span> <span class='ocrx_word' id='word_1_103' title='bbox 2604 2110 2714 2172; x_wconf 89' lang='lat' dir='ltr'><strong>lll.</strong></span> <span class='ocrx_word' id='word_1_104' title='bbox 2770 2110 2896 2187; x_wconf 75' lang='lat' dir='ltr'><strong>igni</strong></span> <span class='ocrx_word' id='word_1_105' title='bbox 2949 2110 3400 2188; x_wconf 77' lang='lat' dir='ltr'><strong>adjudiratum,</strong></span> <span class='ocrx_word' id='word_1_106' title='bbox 3437 2119 3497 2175; x_wconf 82' lang='lat' dir='ltr'><strong>et</strong></span> 
     </span>
    </p>
   </div>
   <div class='ocr_carea' id='block_1_14' title="bbox 250 2238 3496 2321">
    <p class='ocr_par' dir='ltr' id='par_1_14' title="bbox 250 2238 3496 2321">
     <span class='ocr_line' id='line_1_14' title="bbox 250 2238 3496 2321; baseline -0.001 -15"><span class='ocrx_word' id='word_1_107' title='bbox 250 2252 394 2307; x_wconf 85' lang='lat' dir='ltr'><strong>ante</strong></span> <span class='ocrx_word' id='word_1_108' title='bbox 421 2243 557 2305; x_wconf 82' lang='lat' dir='ltr'><strong>fere</strong></span> <span class='ocrx_word' id='word_1_109' title='bbox 592 2243 904 2304; x_wconf 88' lang='lat' dir='ltr'><strong>ducentos</strong></span> <span class='ocrx_word' id='word_1_110' title='bbox 946 2257 1147 2302; x_wconf 90' lang='lat' dir='ltr'><strong>annos</strong></span> <span class='ocrx_word' id='word_1_111' title='bbox 1186 2257 1385 2319; x_wconf 90' lang='lat' dir='ltr'><strong>quum</strong></span> <span class='ocrx_word' id='word_1_112' title='bbox 1420 2240 1486 2302; x_wconf 90' lang='lat' dir='ltr'><strong>in</strong></span> <span class='ocrx_word' id='word_1_113' title='bbox 1509 2240 1733 2320; x_wconf 84' lang='lat' dir='ltr'><strong>Anglia</strong></span> <span class='ocrx_word' id='word_1_114' title='bbox 1766 2240 1934 2321; x_wconf 80' lang='lat' dir='ltr'><strong>typis</strong></span> <span class='ocrx_word' id='word_1_115' title='bbox 1957 2246 2123 2302; x_wconf 85' lang='lat' dir='ltr'><strong>esset</strong></span> <span class='ocrx_word' id='word_1_116' title='bbox 2161 2256 2559 2320; x_wconf 83' lang='lat' dir='ltr'><strong>expressum,</strong></span> <span class='ocrx_word' id='word_1_117' title='bbox 2597 2241 2657 2301; x_wconf 92' lang='lat' dir='ltr'><strong>in</strong></span> <span class='ocrx_word' id='word_1_118' title='bbox 2694 2238 3317 2303; x_wconf 80' lang='lat' dir='ltr'><strong>indicemlibrorunt</strong></span> <span class='ocrx_word' id='word_1_119' title='bbox 3352 2260 3496 2319; x_wconf 84' lang='lat' dir='ltr'><strong>pro-</strong></span> 
     </span>
    </p>
   </div>
   <div class='ocr_carea' id='block_1_15' title="bbox 249 2365 3495 2453">
    <p class='ocr_par' dir='ltr' id='par_1_15' title="bbox 249 2365 3495 2453">
     <span class='ocr_line' id='line_1_15' title="bbox 249 2365 3495 2453; baseline 0.002 -22"><span class='ocrx_word' id='word_1_120' title='bbox 249 2370 600 2434; x_wconf 88' lang='lat' dir='ltr'><strong>hibitorum</strong></span> <span class='ocrx_word' id='word_1_121' title='bbox 651 2371 918 2433; x_wconf 84' lang='lat' dir='ltr'><strong>relatum</strong></span> <span class='ocrx_word' id='word_1_122' title='bbox 957 2387 1098 2432; x_wconf 90' lang='lat' dir='ltr'><strong>esse</strong></span> <span class='ocrx_word' id='word_1_123' title='bbox 1136 2365 1304 2431; x_wconf 86' lang='lat' dir='ltr'><strong>inter</strong></span> <span class='ocrx_word' id='word_1_124' title='bbox 1347 2386 1571 2432; x_wconf 89' lang='lat' dir='ltr'><strong>omnes</strong></span> <span class='ocrx_word' id='word_1_125' title='bbox 1602 2378 1869 2432; x_wconf 88' lang='lat' dir='ltr'><strong>constet.</strong></span> <span class='ocrx_word' id='word_1_126' title='bbox 1904 2372 2114 2449; x_wconf 82' lang='lat' dir='ltr'><strong>Atque</strong></span> <span class='ocrx_word' id='word_1_127' title='bbox 2139 2367 2273 2448; x_wconf 88' lang='lat' dir='ltr'><strong>jam</strong></span> <span class='ocrx_word' id='word_1_128' title='bbox 2328 2376 2462 2431; x_wconf 87' lang='lat' dir='ltr'><strong>tum</strong></span> <span class='ocrx_word' id='word_1_129' title='bbox 2504 2369 2661 2430; x_wconf 89' lang='lat' dir='ltr'><strong>mihi</strong></span> <span class='ocrx_word' id='word_1_130' title='bbox 2700 2386 3176 2450; x_wconf 86' lang='lat' dir='ltr'><strong>preposueram,</strong></span> <span class='ocrx_word' id='word_1_131' title='bbox 3229 2380 3288 2435; x_wconf 91' lang='lat' dir='ltr'><strong>et</strong></span> <span class='ocrx_word' id='word_1_132' title='bbox 3337 2375 3495 2453; x_wconf 88' lang='lat' dir='ltr'><strong>quid</strong></span> 
     </span>
    </p>
   </div>
   <div class='ocr_carea' id='block_1_16' title="bbox 251 2497 3493 2584">
    <p class='ocr_par' dir='ltr' id='par_1_16' title="bbox 251 2497 3493 2584">
     <span class='ocr_line' id='line_1_16' title="bbox 251 2497 3493 2584; baseline 0.003 -23"><span class='ocrx_word' id='word_1_133' title='bbox 251 2503 527 2563; x_wconf 80' lang='lat' dir='ltr'><strong>Joannes</strong></span> <span class='ocrx_word' id='word_1_134' title='bbox 556 2502 783 2563; x_wconf 89' lang='lat' dir='ltr'><strong>Scotus</strong></span> <span class='ocrx_word' id='word_1_135' title='bbox 812 2497 1063 2576; x_wconf 85' lang='lat' dir='ltr'><strong>scriptis</strong></span> <span class='ocrx_word' id='word_1_136' title='bbox 1094 2499 1229 2559; x_wconf 91' lang='lat' dir='ltr'><strong>suis</strong></span> <span class='ocrx_word' id='word_1_137' title='bbox 1266 2497 1622 2576; x_wconf 84' lang='lat' dir='ltr'><strong>profecerit,</strong></span> <span class='ocrx_word' id='word_1_138' title='bbox 1653 2504 1714 2560; x_wconf 93' lang='lat' dir='ltr'><strong>et</strong></span> <span class='ocrx_word' id='word_1_139' title='bbox 1750 2498 1814 2559; x_wconf 88' lang='lat' dir='ltr'><strong>in</strong></span> <span class='ocrx_word' id='word_1_140' title='bbox 1857 2498 2096 2577; x_wconf 85' lang='lat' dir='ltr'><strong>quibus</strong></span> <span class='ocrx_word' id='word_1_141' title='bbox 2133 2498 2290 2561; x_wconf 90' lang='lat' dir='ltr'><strong>locis</strong></span> <span class='ocrx_word' id='word_1_142' title='bbox 2313 2499 2641 2575; x_wconf 87' lang='lat' dir='ltr'><strong>erraverit,</strong></span> <span class='ocrx_word' id='word_1_143' title='bbox 2673 2499 3051 2579; x_wconf 80' lang='lat' dir='ltr'><strong>diligentius</strong></span> <span class='ocrx_word' id='word_1_144' title='bbox 3080 2504 3402 2584; x_wconf 83' lang='lat' dir='ltr'><strong>indagare,</strong></span> <span class='ocrx_word' id='word_1_145' title='bbox 3430 2516 3493 2570; x_wconf 90' lang='lat' dir='ltr'><strong>et</strong></span> 
     </span>
    </p>
   </div>
   <div class='ocr_carea' id='block_1_17' title="bbox 248 2632 3495 2717">
    <p class='ocr_par' dir='ltr' id='par_1_17' title="bbox 248 2632 3495 2717">
     <span class='ocr_line' id='line_1_17' title="bbox 248 2632 3495 2717; baseline -0.002 -16"><span class='ocrx_word' id='word_1_146' title='bbox 248 2635 789 2717; x_wconf 84' lang='lat' dir='ltr'><strong>aliquandojusta</strong></span> <span class='ocrx_word' id='word_1_147' title='bbox 828 2634 983 2695; x_wconf 87' lang='lat' dir='ltr'><strong>libra</strong></span> <span class='ocrx_word' id='word_1_148' title='bbox 1021 2642 1365 2713; x_wconf 85' lang='lat' dir='ltr'><strong>utrumque</strong></span> <span class='ocrx_word' id='word_1_149' title='bbox 1397 2650 1776 2710; x_wconf 80' lang='lat' dir='ltr'><strong>expensum,</strong></span> <span class='ocrx_word' id='word_1_150' title='bbox 1808 2633 1871 2693; x_wconf 92' lang='lat' dir='ltr'><strong>in</strong></span> <span class='ocrx_word' id='word_1_151' title='bbox 1906 2634 2217 2695; x_wconf 84' lang='lat' dir='ltr'><strong>honorem</strong></span> <span class='ocrx_word' id='word_1_152' title='bbox 2247 2651 2320 2696; x_wconf 87' lang='lat' dir='ltr'><strong>ac</strong></span> <span class='ocrx_word' id='word_1_153' title='bbox 2342 2633 2622 2695; x_wconf 80' lang='lat' dir='ltr'><strong>fructum</strong></span> <span class='ocrx_word' id='word_1_154' title='bbox 2652 2641 2907 2696; x_wconf 89' lang='lat' dir='ltr'><strong>sanctae</strong></span> <span class='ocrx_word' id='word_1_155' title='bbox 2934 2632 3257 2697; x_wconf 85' lang='lat' dir='ltr'><strong>Ecclesiae</strong></span> <span class='ocrx_word' id='word_1_156' title='bbox 3289 2652 3495 2713; x_wconf 79' lang='lat' dir='ltr'><strong>expo-</strong></span> 
     </span>
    </p>
   </div>
   <div class='ocr_carea' id='block_1_18' title="bbox 250 2762 3488 2844">
    <p class='ocr_par' dir='ltr' id='par_1_18' title="bbox 250 2762 3488 2844">
     <span class='ocr_line' id='line_1_18' title="bbox 250 2762 3488 2844; baseline -0.002 -13"><span class='ocrx_word' id='word_1_157' title='bbox 250 2787 427 2831; x_wconf 87' lang='lat' dir='ltr'><strong>nere.</strong></span> <span class='ocrx_word' id='word_1_158' title='bbox 456 2770 595 2830; x_wconf 91' lang='lat' dir='ltr'><strong>Non</strong></span> <span class='ocrx_word' id='word_1_159' title='bbox 646 2768 732 2829; x_wconf 89' lang='lat' dir='ltr'><strong>ita</strong></span> <span class='ocrx_word' id='word_1_160' title='bbox 768 2767 967 2828; x_wconf 90' lang='lat' dir='ltr'><strong>multo</strong></span> <span class='ocrx_word' id='word_1_161' title='bbox 1002 2774 1144 2844; x_wconf 92' lang='lat' dir='ltr'><strong>post</strong></span> <span class='ocrx_word' id='word_1_162' title='bbox 1190 2765 1258 2825; x_wconf 90' lang='lat' dir='ltr'><strong>in</strong></span> <span class='ocrx_word' id='word_1_163' title='bbox 1307 2764 1539 2825; x_wconf 88' lang='lat' dir='ltr'><strong>itinere</strong></span> <span class='ocrx_word' id='word_1_164' title='bbox 1596 2762 1901 2837; x_wconf 89' lang='lat' dir='ltr'><strong>literario,</strong></span> <span class='ocrx_word' id='word_1_165' title='bbox 1951 2764 2124 2843; x_wconf 90' lang='lat' dir='ltr'><strong>quod</strong></span> <span class='ocrx_word' id='word_1_166' title='bbox 2158 2782 2272 2841; x_wconf 85' lang='lat' dir='ltr'><strong>per</strong></span> <span class='ocrx_word' id='word_1_167' title='bbox 2318 2763 2748 2839; x_wconf 87' lang='lat' dir='ltr'><strong>Germaniam,</strong></span> <span class='ocrx_word' id='word_1_168' title='bbox 2798 2763 3179 2840; x_wconf 82' lang='lat' dir='ltr'><strong>Helvetiam,</strong></span> <span class='ocrx_word' id='word_1_169' title='bbox 3220 2764 3488 2838; x_wconf 83' lang='lat' dir='ltr'><strong>Italiam,</strong></span> 
     </span>
    </p>
   </div>
   <div class='ocr_carea' id='block_1_19' title="bbox 250 2890 3490 2974">
    <p class='ocr_par' dir='ltr' id='par_1_19' title="bbox 250 2890 3490 2974">
     <span class='ocr_line' id='line_1_19' title="bbox 250 2890 3490 2974; baseline 0 -18"><span class='ocrx_word' id='word_1_170' title='bbox 250 2897 537 2974; x_wconf 77' lang='lat' dir='ltr'><strong>Belgium</strong></span> <span class='ocrx_word' id='word_1_171' title='bbox 572 2895 1010 2966; x_wconf 87' lang='lat' dir='ltr'><strong>instituebam,</strong></span> <span class='ocrx_word' id='word_1_172' title='bbox 1042 2892 1292 2954; x_wconf 85' lang='lat' dir='ltr'><strong>occasio</strong></span> <span class='ocrx_word' id='word_1_173' title='bbox 1328 2891 1490 2953; x_wconf 88' lang='lat' dir='ltr'><strong>mihi</strong></span> <span class='ocrx_word' id='word_1_174' title='bbox 1527 2890 1736 2953; x_wconf 86' lang='lat' dir='ltr'><strong>oblata</strong></span> <span class='ocrx_word' id='word_1_175' title='bbox 1786 2897 1943 2965; x_wconf 86' lang='lat' dir='ltr'><strong>erat,</strong></span> <span class='ocrx_word' id='word_1_176' title='bbox 1982 2891 2149 2953; x_wconf 89' lang='lat' dir='ltr'><strong>inter</strong></span> <span class='ocrx_word' id='word_1_177' title='bbox 2179 2899 2410 2966; x_wconf 88' lang='lat' dir='ltr'><strong>cetera,</strong></span> <span class='ocrx_word' id='word_1_178' title='bbox 2444 2892 2509 2953; x_wconf 93' lang='lat' dir='ltr'><strong>in</strong></span> <span class='ocrx_word' id='word_1_179' title='bbox 2558 2909 2723 2972; x_wconf 89' lang='lat' dir='ltr'><strong>quae</strong></span> <span class='ocrx_word' id='word_1_180' title='bbox 2770 2892 3246 2968; x_wconf 88' lang='lat' dir='ltr'><strong>incumbebam,</strong></span> <span class='ocrx_word' id='word_1_181' title='bbox 3280 2896 3490 2958; x_wconf 88' lang='lat' dir='ltr'><strong>studia</strong></span> 
     </span>
    </p>
   </div>
   <div class='ocr_carea' id='block_1_20' title="bbox 251 3018 3492 3101">
    <p class='ocr_par' dir='ltr' id='par_1_20' title="bbox 251 3018 3492 3101">
     <span class='ocr_line' id='line_1_20' title="bbox 251 3018 3492 3101; baseline 0 -15"><span class='ocrx_word' id='word_1_182' title='bbox 251 3025 487 3098; x_wconf 87' lang='lat' dir='ltr'><strong>critica,</strong></span> <span class='ocrx_word' id='word_1_183' title='bbox 520 3031 581 3086; x_wconf 91' lang='lat' dir='ltr'><strong>et</strong></span> <span class='ocrx_word' id='word_1_184' title='bbox 612 3042 687 3084; x_wconf 83' lang='lat' dir='ltr'><strong>ex</strong></span> <span class='ocrx_word' id='word_1_185' title='bbox 726 3022 991 3085; x_wconf 88' lang='lat' dir='ltr'><strong>Joannis</strong></span> <span class='ocrx_word' id='word_1_186' title='bbox 1022 3022 1183 3084; x_wconf 89' lang='lat' dir='ltr'><strong>Scoti</strong></span> <span class='ocrx_word' id='word_1_187' title='bbox 1223 3020 1402 3083; x_wconf 82' lang='lat' dir='ltr'><strong>libris</strong></span> <span class='ocrx_word' id='word_1_188' title='bbox 1429 3021 1694 3101; x_wconf 85' lang='lat' dir='ltr'><strong>quinam</strong></span> <span class='ocrx_word' id='word_1_189' title='bbox 1722 3029 2134 3099; x_wconf 71' lang='lat' dir='ltr'><strong>superessent</strong></span> <span class='ocrx_word' id='word_1_190' title='bbox 2163 3021 2231 3082; x_wconf 89' lang='lat' dir='ltr'><strong>in</strong></span> <span class='ocrx_word' id='word_1_191' title='bbox 2267 3018 2675 3083; x_wconf 88' lang='lat' dir='ltr'><strong>bibliothecis</strong></span> <span class='ocrx_word' id='word_1_192' title='bbox 2710 3019 3190 3095; x_wconf 86' lang='lat' dir='ltr'><strong>delitescentes,</strong></span> <span class='ocrx_word' id='word_1_193' title='bbox 3226 3023 3492 3087; x_wconf 89' lang='lat' dir='ltr'><strong>investi-</strong></span> 
     </span>
    </p>
   </div>
   <div class='ocr_carea' id='block_1_21' title="bbox 250 3118 3480 3234">
    <p class='ocr_par' dir='ltr' id='par_1_21' title="bbox 250 3118 3480 3234">
     <span class='ocr_line' id='line_1_21' title="bbox 250 3118 3480 3234; baseline 0 -19"><span class='ocrx_word' id='word_1_194' title='bbox 250 3155 461 3234; x_wconf 81' lang='lat' dir='ltr'><strong>gandi,</strong></span> <span class='ocrx_word' id='word_1_195' title='bbox 486 3160 547 3216; x_wconf 89' lang='lat' dir='ltr'><strong>et</strong></span> <span class='ocrx_word' id='word_1_196' title='bbox 569 3152 882 3233; x_wconf 87' lang='lat' dir='ltr'><strong>quidquid</strong></span> <span class='ocrx_word' id='word_1_197' title='bbox 917 3153 1322 3231; x_wconf 88' lang='lat' dir='ltr'><strong>reperissem,</strong></span> <span class='ocrx_word' id='word_1_198' title='bbox 1344 3151 1422 3213; x_wconf 91' lang='lat' dir='ltr'><strong>ad</strong></span> <span class='ocrx_word' id='word_1_199' title='bbox 1454 3151 1707 3231; x_wconf 90' lang='lat' dir='ltr'><strong>plenius</strong></span> <span class='ocrx_word' id='word_1_200' title='bbox 1717 3149 2037 3230; x_wconf 88' lang='lat' dir='ltr'><strong>judicium</strong></span> <span class='ocrx_word' id='word_1_201' title='bbox 2068 3150 2148 3212; x_wconf 93' lang='lat' dir='ltr'><strong>de</strong></span> <span class='ocrx_word' id='word_1_202' title='bbox 2177 3149 2319 3228; x_wconf 89' lang='lat' dir='ltr'><strong>ipso</strong></span> <span class='ocrx_word' id='word_1_203' title='bbox 2350 3147 2685 3212; x_wconf 84' lang='lat' dir='ltr'><strong>ferendum</strong></span> <span class='ocrx_word' id='word_1_204' title='bbox 2709 3149 2777 3211; x_wconf 90' lang='lat' dir='ltr'><strong>in</strong></span> <span class='ocrx_word' id='word_1_205' title='bbox 2802 3149 3008 3212; x_wconf 90' lang='lat' dir='ltr'><strong>lucem</strong></span> <span class='ocrx_word' id='word_1_206' title='bbox 3044 3118 3480 3229; x_wconf 73' lang='lat' dir='ltr'><strong>protrahendi.</strong></span> 
     </span>
    </p>
   </div>
   <div class='ocr_carea' id='block_1_22' title="bbox 254 3277 3483 3366">
    <p class='ocr_par' dir='ltr' id='par_1_22' title="bbox 254 3277 3483 3366">
     <span class='ocr_line' id='line_1_22' title="bbox 254 3277 3483 3366; baseline 0 -19"><span class='ocrx_word' id='word_1_207' title='bbox 254 3288 320 3347; x_wconf 87' lang='lat' dir='ltr'><strong>in</strong></span> <span class='ocrx_word' id='word_1_208' title='bbox 349 3301 545 3366; x_wconf 90' lang='lat' dir='ltr'><strong>quam</strong></span> <span class='ocrx_word' id='word_1_209' title='bbox 584 3300 717 3344; x_wconf 91' lang='lat' dir='ltr'><strong>rem</strong></span> <span class='ocrx_word' id='word_1_210' title='bbox 742 3282 887 3344; x_wconf 89' lang='lat' dir='ltr'><strong>licet</strong></span> <span class='ocrx_word' id='word_1_211' title='bbox 920 3281 1223 3359; x_wconf 89' lang='lat' dir='ltr'><strong>plurimas</strong></span> <span class='ocrx_word' id='word_1_212' title='bbox 1254 3279 1675 3342; x_wconf 84' lang='lat' dir='ltr'><strong>bibliothecas</strong></span> <span class='ocrx_word' id='word_1_213' title='bbox 1698 3278 2206 3359; x_wconf 87' lang='lat' dir='ltr'><strong>perlustrassem,</strong></span> <span class='ocrx_word' id='word_1_214' title='bbox 2246 3286 2458 3339; x_wconf 88' lang='lat' dir='ltr'><strong>tamen</strong></span> <span class='ocrx_word' id='word_1_215' title='bbox 2494 3277 2801 3339; x_wconf 72' lang='lat' dir='ltr'><strong>librorum</strong></span> <span class='ocrx_word' id='word_1_216' title='bbox 2828 3278 3035 3357; x_wconf 89' lang='lat' dir='ltr'><strong>ipsius</strong></span> <span class='ocrx_word' id='word_1_217' title='bbox 3056 3280 3306 3345; x_wconf 89' lang='lat' dir='ltr'><strong>codices</strong></span> <span class='ocrx_word' id='word_1_218' title='bbox 3332 3302 3483 3348; x_wconf 82' lang='lat' dir='ltr'><strong>mss.</strong></span> 
     </span>
    </p>
   </div>
   <div class='ocr_carea' id='block_1_23' title="bbox 247 3405 3486 3493">
    <p class='ocr_par' dir='ltr' id='par_1_23' title="bbox 247 3405 3486 3493">
     <span class='ocr_line' id='line_1_23' title="bbox 247 3405 3486 3493; baseline 0.001 -18"><span class='ocrx_word' id='word_1_219' title='bbox 247 3414 411 3475; x_wconf 86' lang='lat' dir='ltr'><strong>haud</strong></span> <span class='ocrx_word' id='word_1_220' title='bbox 442 3414 531 3475; x_wconf 88' lang='lat' dir='ltr'><strong>ita</strong></span> <span class='ocrx_word' id='word_1_221' title='bbox 569 3411 808 3474; x_wconf 88' lang='lat' dir='ltr'><strong>multos</strong></span> <span class='ocrx_word' id='word_1_222' title='bbox 860 3410 1137 3490; x_wconf 90' lang='lat' dir='ltr'><strong>reperire</strong></span> <span class='ocrx_word' id='word_1_223' title='bbox 1184 3409 1343 3471; x_wconf 87' lang='lat' dir='ltr'><strong>mihi</strong></span> <span class='ocrx_word' id='word_1_224' title='bbox 1397 3408 1684 3493; x_wconf 83' lang='lat' dir='ltr'><strong>contigit.</strong></span> <span class='ocrx_word' id='word_1_225' title='bbox 1731 3410 1822 3469; x_wconf 80' lang='lat' dir='ltr'><strong>Ex</strong></span> <span class='ocrx_word' id='word_1_226' title='bbox 1852 3407 1956 3468; x_wconf 85' lang='lat' dir='ltr'><strong>his</strong></span> <span class='ocrx_word' id='word_1_227' title='bbox 1990 3405 2321 3468; x_wconf 86' lang='lat' dir='ltr'><strong>codicibus</strong></span> <span class='ocrx_word' id='word_1_228' title='bbox 2358 3421 2524 3486; x_wconf 90' lang='lat' dir='ltr'><strong>quae</strong></span> <span class='ocrx_word' id='word_1_229' title='bbox 2561 3405 2872 3486; x_wconf 87' lang='lat' dir='ltr'><strong>descripsi</strong></span> <span class='ocrx_word' id='word_1_230' title='bbox 2910 3405 3261 3486; x_wconf 79' lang='lat' dir='ltr'><strong>fragmenta</strong></span> <span class='ocrx_word' id='word_1_231' title='bbox 3316 3414 3486 3479; x_wconf 86' lang='lat' dir='ltr'><strong>haud</strong></span> 
     </span>
    </p>
   </div>
   <div class='ocr_carea' id='block_1_24' title="bbox 246 3541 3482 3625">
    <p class='ocr_par' dir='ltr' id='par_1_24' title="bbox 246 3541 3482 3625">
     <span class='ocr_line' id='line_1_24' title="bbox 246 3541 3482 3625; baseline 0.002 -19"><span class='ocrx_word' id='word_1_232' title='bbox 246 3562 401 3608; x_wconf 88' lang='lat' dir='ltr'><strong>sane</strong></span> <span class='ocrx_word' id='word_1_233' title='bbox 436 3546 819 3625; x_wconf 89' lang='lat' dir='ltr'><strong>spernenda,</strong></span> <span class='ocrx_word' id='word_1_234' title='bbox 856 3562 1025 3609; x_wconf 89' lang='lat' dir='ltr'><strong>nunc</strong></span> <span class='ocrx_word' id='word_1_235' title='bbox 1055 3546 1329 3625; x_wconf 90' lang='lat' dir='ltr'><strong>primum</strong></span> <span class='ocrx_word' id='word_1_236' title='bbox 1383 3563 1415 3607; x_wconf 92' lang='lat' dir='ltr'><strong>a</strong></span> <span class='ocrx_word' id='word_1_237' title='bbox 1450 3544 1639 3606; x_wconf 90' lang='lat' dir='ltr'><strong>nobis</strong></span> <span class='ocrx_word' id='word_1_238' title='bbox 1687 3544 1753 3605; x_wconf 88' lang='lat' dir='ltr'><strong>in</strong></span> <span class='ocrx_word' id='word_1_239' title='bbox 1791 3544 1997 3605; x_wconf 89' lang='lat' dir='ltr'><strong>lucem</strong></span> <span class='ocrx_word' id='word_1_240' title='bbox 2031 3541 2432 3605; x_wconf 77' lang='lat' dir='ltr'><strong>emittuntur.</strong></span> <span class='ocrx_word' id='word_1_241' title='bbox 2465 3542 2760 3623; x_wconf 86' lang='lat' dir='ltr'><strong>Denique</strong></span> <span class='ocrx_word' id='word_1_242' title='bbox 2810 3542 3033 3622; x_wconf 80' lang='lat' dir='ltr'><strong>majori</strong></span> <span class='ocrx_word' id='word_1_243' title='bbox 3079 3561 3224 3605; x_wconf 91' lang='lat' dir='ltr'><strong>cum</strong></span> <span class='ocrx_word' id='word_1_244' title='bbox 3277 3542 3482 3611; x_wconf 81' lang='lat' dir='ltr'><strong>fructu</strong></span> 
     </span>
    </p>
   </div>
   <div class='ocr_carea' id='block_1_25' title="bbox 244 3670 3481 3755">
    <p class='ocr_par' dir='ltr' id='par_1_25' title="bbox 244 3670 3481 3755">
     <span class='ocr_line' id='line_1_25' title="bbox 244 3670 3481 3755; baseline 0.002 -19"><span class='ocrx_word' id='word_1_245' title='bbox 244 3692 451 3754; x_wconf 87' lang='lat' dir='ltr'><strong>nuper</strong></span> <span class='ocrx_word' id='word_1_246' title='bbox 479 3675 928 3739; x_wconf 82' lang='lat' dir='ltr'><strong>bibliothecam</strong></span> <span class='ocrx_word' id='word_1_247' title='bbox 960 3677 1219 3755; x_wconf 80' lang='lat' dir='ltr'><strong>Regiam</strong></span> <span class='ocrx_word' id='word_1_248' title='bbox 1253 3674 1677 3738; x_wconf 85' lang='lat' dir='ltr'><strong>Parisiensem</strong></span> <span class='ocrx_word' id='word_1_249' title='bbox 1715 3674 1868 3738; x_wconf 87' lang='lat' dir='ltr'><strong>adii.</strong></span> <span class='ocrx_word' id='word_1_250' title='bbox 1901 3674 2018 3737; x_wconf 87' lang='lat' dir='ltr'><strong>Ubi</strong></span> <span class='ocrx_word' id='word_1_251' title='bbox 2057 3691 2261 3755; x_wconf 90' lang='lat' dir='ltr'><strong>quum</strong></span> <span class='ocrx_word' id='word_1_252' title='bbox 2313 3672 2527 3753; x_wconf 87' lang='lat' dir='ltr'><strong>plures</strong></span> <span class='ocrx_word' id='word_1_253' title='bbox 2558 3670 2810 3736; x_wconf 89' lang='lat' dir='ltr'><strong>codices</strong></span> <span class='ocrx_word' id='word_1_254' title='bbox 2856 3674 3167 3738; x_wconf 90' lang='lat' dir='ltr'><strong>librorum</strong></span> <span class='ocrx_word' id='word_1_255' title='bbox 3210 3676 3481 3741; x_wconf 90' lang='lat' dir='ltr'><strong>Joannis</strong></span> 
     </span>
    </p>
   </div>
   <div class='ocr_carea' id='block_1_26' title="bbox 248 3803 3486 3887">
    <p class='ocr_par' dir='ltr' id='par_1_26' title="bbox 248 3803 3486 3887">
     <span class='ocr_line' id='line_1_26' title="bbox 248 3803 3486 3887; baseline 0 -18"><span class='ocrx_word' id='word_1_256' title='bbox 248 3808 415 3871; x_wconf 87' lang='lat' dir='ltr'><strong>Scoti</strong></span> <span class='ocrx_word' id='word_1_257' title='bbox 450 3808 871 3883; x_wconf 85' lang='lat' dir='ltr'><strong>invenissem,</strong></span> <span class='ocrx_word' id='word_1_258' title='bbox 904 3824 1014 3870; x_wconf 90' lang='lat' dir='ltr'><strong>eos</strong></span> <span class='ocrx_word' id='word_1_259' title='bbox 1052 3823 1312 3887; x_wconf 88' lang='lat' dir='ltr'><strong>quoque</strong></span> <span class='ocrx_word' id='word_1_260' title='bbox 1346 3807 1409 3868; x_wconf 91' lang='lat' dir='ltr'><strong>in</strong></span> <span class='ocrx_word' id='word_1_261' title='bbox 1443 3823 1598 3868; x_wconf 89' lang='lat' dir='ltr'><strong>usus</strong></span> <span class='ocrx_word' id='word_1_262' title='bbox 1630 3822 1809 3867; x_wconf 91' lang='lat' dir='ltr'><strong>meos</strong></span> <span class='ocrx_word' id='word_1_263' title='bbox 1841 3803 2303 3866; x_wconf 88' lang='lat' dir='ltr'><strong>convertendos</strong></span> <span class='ocrx_word' id='word_1_264' title='bbox 2342 3820 2480 3865; x_wconf 90' lang='lat' dir='ltr'><strong>esse</strong></span> <span class='ocrx_word' id='word_1_265' title='bbox 2513 3803 2752 3884; x_wconf 89' lang='lat' dir='ltr'><strong>putavi.</strong></span> <span class='ocrx_word' id='word_1_266' title='bbox 2791 3803 2885 3867; x_wconf 82' lang='lat' dir='ltr'><strong>Ad</strong></span> <span class='ocrx_word' id='word_1_267' title='bbox 2918 3821 3139 3867; x_wconf 91' lang='lat' dir='ltr'><strong>eorum</strong></span> <span class='ocrx_word' id='word_1_268' title='bbox 3177 3805 3373 3884; x_wconf 82' lang='lat' dir='ltr'><strong>igitur</strong></span> <span class='ocrx_word' id='word_1_269' title='bbox 3409 3808 3486 3868; x_wconf 84' lang='lat' dir='ltr'><strong>ti-</strong></span> 
     </span>
    </p>
   </div>
   <div class='ocr_carea' id='block_1_27' title="bbox 244 3927 3485 4007">
    <p class='ocr_par' dir='ltr' id='par_1_27' title="bbox 244 3927 3485 4007">
     <span class='ocr_line' id='line_1_27' title="bbox 244 3927 3485 4007; baseline -0.001 -8"><span class='ocrx_word' id='word_1_270' title='bbox 244 3936 389 4000; x_wconf 89' lang='lat' dir='ltr'><strong>dem</strong></span> <span class='ocrx_word' id='word_1_271' title='bbox 434 3943 497 3998; x_wconf 90' lang='lat' dir='ltr'><strong>et</strong></span> <span class='ocrx_word' id='word_1_272' title='bbox 538 3958 568 3992; x_wconf 79' lang='grc' dir='ltr'><strong>α</strong></span> <span class='ocrx_word' id='word_1_273' title='bbox 607 3936 685 3998; x_wconf 88' lang='lat' dir='ltr'><strong>de</strong></span> <span class='ocrx_word' id='word_1_274' title='bbox 715 3935 1297 3998; x_wconf 88' lang='lat' dir='ltr'><strong>Praedestinatione</strong></span> <span class='ocrx_word' id='word_1_275' title='bbox 1332 3957 1361 3991; x_wconf 84' lang='grc'><strong>››</strong></span> <span class='ocrx_word' id='word_1_276' title='bbox 1397 3940 1457 3996; x_wconf 90' lang='lat' dir='ltr'><strong>et</strong></span> <span class='ocrx_word' id='word_1_277' title='bbox 1490 3955 1519 3989; x_wconf 76' lang='grc' dir='ltr'><strong>α</strong></span> <span class='ocrx_word' id='word_1_278' title='bbox 1552 3931 1631 3993; x_wconf 91' lang='lat' dir='ltr'><strong>de</strong></span> <span class='ocrx_word' id='word_1_279' title='bbox 1664 3930 1984 3993; x_wconf 83' lang='lat' dir='ltr'><strong>divisione</strong></span> <span class='ocrx_word' id='word_1_280' title='bbox 2032 3929 2302 3992; x_wconf 88' lang='lat' dir='ltr'><strong>Naturae</strong></span> <span class='ocrx_word' id='word_1_281' title='bbox 2341 3952 2370 3985; x_wconf 84' lang='lat'><strong>»</strong></span> <span class='ocrx_word' id='word_1_282' title='bbox 2403 3927 2603 3991; x_wconf 89' lang='lat' dir='ltr'><strong>libros</strong></span> <span class='ocrx_word' id='word_1_283' title='bbox 2650 3929 2992 4007; x_wconf 86' lang='lat' dir='ltr'><strong>diligenter</strong></span> <span class='ocrx_word' id='word_1_284' title='bbox 3029 3933 3305 3995; x_wconf 80' lang='lat' dir='ltr'><strong>excussi.</strong></span> <span class='ocrx_word' id='word_1_285' title='bbox 3356 3934 3485 3995; x_wconf 84' lang='lat' dir='ltr'><strong>Co-</strong></span> 
     </span>
    </p>
   </div>
   <div class='ocr_carea' id='block_1_28' title="bbox 242 4058 3482 4155">
    <p class='ocr_par' dir='ltr' id='par_1_28' title="bbox 242 4058 3482 4141">
     <span class='ocr_line' id='line_1_28' title="bbox 242 4058 3482 4141; baseline 0.001 -17"><span class='ocrx_word' id='word_1_286' title='bbox 242 4063 449 4126; x_wconf 90' lang='lat' dir='ltr'><strong>dicem</strong></span> <span class='ocrx_word' id='word_1_287' title='bbox 489 4079 752 4141; x_wconf 88' lang='lat' dir='ltr'><strong>quoque</strong></span> <span class='ocrx_word' id='word_1_288' title='bbox 786 4062 1277 4122; x_wconf 89' lang='lat' dir='ltr'><strong>Laudunensem</strong></span> <span class='ocrx_word' id='word_1_289' title='bbox 1308 4061 1465 4121; x_wconf 91' lang='lat' dir='ltr'><strong>mihi</strong></span> <span class='ocrx_word' id='word_1_290' title='bbox 1494 4060 1844 4121; x_wconf 77' lang='lat' dir='ltr'><strong>liberaliter</strong></span> <span class='ocrx_word' id='word_1_291' title='bbox 1868 4058 2146 4121; x_wconf 88' lang='lat' dir='ltr'><strong>Parisios</strong></span> <span class='ocrx_word' id='word_1_292' title='bbox 2174 4059 2645 4134; x_wconf 88' lang='lat' dir='ltr'><strong>transmissum,</strong></span> <span class='ocrx_word' id='word_1_293' title='bbox 2690 4060 2857 4123; x_wconf 90' lang='lat' dir='ltr'><strong>haud</strong></span> <span class='ocrx_word' id='word_1_294' title='bbox 2895 4062 3037 4125; x_wconf 86' lang='lat' dir='ltr'><strong>sine</strong></span> <span class='ocrx_word' id='word_1_295' title='bbox 3066 4061 3279 4126; x_wconf 82' lang='lat' dir='ltr'><strong>fructu</strong></span> <span class='ocrx_word' id='word_1_296' title='bbox 3337 4084 3482 4129; x_wconf 82' lang='lat' dir='ltr'><strong>exa-</strong></span> 
     </span>
    </p>
   </div>
   <div class='ocr_carea' id='block_1_29' title="bbox 242 4189 3483 4269">
    <p class='ocr_par' dir='ltr' id='par_1_29' title="bbox 242 4189 3483 4269">
     <span class='ocr_line' id='line_1_29' title="bbox 242 4189 3483 4269; baseline 0.002 -15"><span class='ocrx_word' id='word_1_297' title='bbox 242 4193 511 4255; x_wconf 83' lang='lat' dir='ltr'><strong>minavi.</strong></span> <span class='ocrx_word' id='word_1_298' title='bbox 542 4191 728 4266; x_wconf 88' lang='lat' dir='ltr'><strong>Quod</strong></span> <span class='ocrx_word' id='word_1_299' title='bbox 766 4208 915 4252; x_wconf 88' lang='lat' dir='ltr'><strong>vero</strong></span> <span class='ocrx_word' id='word_1_300' title='bbox 942 4189 1261 4267; x_wconf 80' lang='lat' dir='ltr'><strong>integrum</strong></span> <span class='ocrx_word' id='word_1_301' title='bbox 1294 4190 1459 4251; x_wconf 90' lang='lat' dir='ltr'><strong>Scoti</strong></span> <span class='ocrx_word' id='word_1_302' title='bbox 1497 4205 1787 4269; x_wconf 86' lang='lat' dir='ltr'><strong>Operum,</strong></span> <span class='ocrx_word' id='word_1_303' title='bbox 1826 4205 1990 4267; x_wconf 86' lang='lat' dir='ltr'><strong>quae</strong></span> <span class='ocrx_word' id='word_1_304' title='bbox 2040 4195 2412 4266; x_wconf 89' lang='lat' dir='ltr'><strong>supersunt,</strong></span> <span class='ocrx_word' id='word_1_305' title='bbox 2473 4190 2843 4269; x_wconf 80' lang='lat' dir='ltr'><strong>editionem,</strong></span> <span class='ocrx_word' id='word_1_306' title='bbox 2903 4209 3032 4255; x_wconf 88' lang='lat' dir='ltr'><strong>non</strong></span> <span class='ocrx_word' id='word_1_307' title='bbox 3084 4195 3324 4259; x_wconf 91' lang='lat' dir='ltr'><strong>omisso</strong></span> <span class='ocrx_word' id='word_1_308' title='bbox 3363 4215 3483 4259; x_wconf 89' lang='lat' dir='ltr'><strong>su-</strong></span> 
     </span>
    </p>
   </div>
   <div class='ocr_carea' id='block_1_30' title="bbox 237 4319 3479 4408">
    <p class='ocr_par' dir='ltr' id='par_1_30' title="bbox 237 4319 3479 4408">
     <span class='ocr_line' id='line_1_30' title="bbox 237 4319 3479 4408; baseline 0.001 -19"><span class='ocrx_word' id='word_1_309' title='bbox 237 4335 495 4408; x_wconf 76' lang='lat' dir='ltr'><strong>Spectae</strong></span> <span class='ocrx_word' id='word_1_310' title='bbox 526 4326 673 4389; x_wconf 82' lang='lat' dir='ltr'><strong>ﬁdei</strong></span> <span class='ocrx_word' id='word_1_311' title='bbox 709 4326 871 4387; x_wconf 88' lang='lat' dir='ltr'><strong>libro</strong></span> <span class='ocrx_word' id='word_1_312' title='bbox 901 4323 979 4385; x_wconf 88' lang='lat' dir='ltr'><strong>de</strong></span> <span class='ocrx_word' id='word_1_313' title='bbox 1011 4322 1368 4403; x_wconf 83' lang='lat' dir='ltr'><strong>principiis,</strong></span> <span class='ocrx_word' id='word_1_314' title='bbox 1402 4339 1593 4403; x_wconf 87' lang='lat' dir='ltr'><strong>quem</strong></span> <span class='ocrx_word' id='word_1_315' title='bbox 1634 4345 1661 4378; x_wconf 81' lang='grc' dir='ltr'><strong>ι(</strong></span> <span class='ocrx_word' id='word_1_316' title='bbox 1695 4320 1773 4383; x_wconf 91' lang='lat' dir='ltr'><strong>de</strong></span> <span class='ocrx_word' id='word_1_317' title='bbox 1804 4321 2127 4384; x_wconf 84' lang='lat' dir='ltr'><strong>divisione</strong></span> <span class='ocrx_word' id='word_1_318' title='bbox 2168 4321 2439 4381; x_wconf 88' lang='lat' dir='ltr'><strong>Naturae</strong></span> <span class='ocrx_word' id='word_1_319' title='bbox 2474 4340 2501 4375; x_wconf 70' lang='grc' dir='ltr'><strong>ι)</strong></span> <span class='ocrx_word' id='word_1_320' title='bbox 2540 4319 2887 4398; x_wconf 86' lang='lat' dir='ltr'><strong>inscripsit,</strong></span> <span class='ocrx_word' id='word_1_321' title='bbox 2915 4320 3064 4384; x_wconf 89' lang='lat' dir='ltr'><strong>huic</strong></span> <span class='ocrx_word' id='word_1_322' title='bbox 3084 4324 3479 4406; x_wconf 84' lang='lat' dir='ltr'><strong>Patrologiae</strong></span> 
     </span>
    </p>
   </div>
   <div class='ocr_carea' id='block_1_31' title="bbox 234 4450 3473 4543">
    <p class='ocr_par' dir='ltr' id='par_1_31' title="bbox 234 4450 3473 4543">
     <span class='ocr_line' id='line_1_31' title="bbox 234 4450 3473 4543; baseline -0 -24"><span class='ocrx_word' id='word_1_323' title='bbox 234 4457 659 4527; x_wconf 84' lang='lat' dir='ltr'><strong>iuseruimus,</strong></span> <span class='ocrx_word' id='word_1_324' title='bbox 694 4455 865 4517; x_wconf 90' lang='lat' dir='ltr'><strong>haud</strong></span> <span class='ocrx_word' id='word_1_325' title='bbox 888 4453 1070 4517; x_wconf 83' lang='lat' dir='ltr'><strong>facile</strong></span> <span class='ocrx_word' id='word_1_326' title='bbox 1104 4470 1490 4543; x_wconf 72' lang='lat' dir='ltr'><strong>quamquam</strong></span> <span class='ocrx_word' id='word_1_327' title='bbox 1532 4454 1908 4516; x_wconf 87' lang='lat' dir='ltr'><strong>miraturum</strong></span> <span class='ocrx_word' id='word_1_328' title='bbox 1940 4451 2263 4524; x_wconf 78' lang='lat' dir='ltr'><strong>existimo,</strong></span> <span class='ocrx_word' id='word_1_329' title='bbox 2287 4450 2401 4529; x_wconf 88' lang='lat' dir='ltr'><strong>qui</strong></span> <span class='ocrx_word' id='word_1_330' title='bbox 2426 4450 2832 4529; x_wconf 88' lang='lat' dir='ltr'><strong>reputaverit,</strong></span> <span class='ocrx_word' id='word_1_331' title='bbox 2867 4454 3132 4517; x_wconf 84' lang='lat' dir='ltr'><strong>omnino</strong></span> <span class='ocrx_word' id='word_1_332' title='bbox 3156 4456 3473 4520; x_wconf 86' lang='lat' dir='ltr'><strong>Joannem</strong></span> 
     </span>
    </p>
   </div>
   <div class='ocr_carea' id='block_1_32' title="bbox 234 4579 3476 4663">
    <p class='ocr_par' dir='ltr' id='par_1_32' title="bbox 234 4579 3476 4663">
     <span class='ocr_line' id='line_1_32' title="bbox 234 4579 3476 4663; baseline 0.002 -18"><span class='ocrx_word' id='word_1_333' title='bbox 234 4587 495 4647; x_wconf 86' lang='lat' dir='ltr'><strong>Scotum</strong></span> <span class='ocrx_word' id='word_1_334' title='bbox 527 4601 672 4663; x_wconf 82' lang='lat' dir='ltr'><strong>cum</strong></span> <span class='ocrx_word' id='word_1_335' title='bbox 708 4581 1101 4645; x_wconf 87' lang='lat' dir='ltr'><strong>acutissimis</strong></span> <span class='ocrx_word' id='word_1_336' title='bbox 1129 4580 1266 4643; x_wconf 91' lang='lat' dir='ltr'><strong>suis</strong></span> <span class='ocrx_word' id='word_1_337' title='bbox 1307 4579 1953 4660; x_wconf 83' lang='lat' dir='ltr'><strong>profundissimisque</strong></span> <span class='ocrx_word' id='word_1_338' title='bbox 2002 4579 2571 4660; x_wconf 86' lang='lat' dir='ltr'><strong>disputationibus,</strong></span> <span class='ocrx_word' id='word_1_339' title='bbox 2612 4597 2882 4660; x_wconf 88' lang='lat' dir='ltr'><strong>quarum</strong></span> <span class='ocrx_word' id='word_1_340' title='bbox 2933 4590 2995 4645; x_wconf 88' lang='lat' dir='ltr'><strong>et</strong></span> <span class='ocrx_word' id='word_1_341' title='bbox 3038 4583 3177 4663; x_wconf 91' lang='lat' dir='ltr'><strong>ipse</strong></span> <span class='ocrx_word' id='word_1_342' title='bbox 3227 4604 3305 4648; x_wconf 78' lang='lat' dir='ltr'><strong>ex</strong></span> <span class='ocrx_word' id='word_1_343' title='bbox 3339 4589 3476 4653; x_wconf 88' lang='lat' dir='ltr'><strong>Pla-</strong></span> 
     </span>
    </p>
   </div>
   <div class='ocr_carea' id='block_1_33' title="bbox 236 4709 3473 4801">
    <p class='ocr_par' dir='ltr' id='par_1_33' title="bbox 236 4709 3473 4801">
     <span class='ocr_line' id='line_1_33' title="bbox 236 4709 3473 4801; baseline 0.004 -28"><span class='ocrx_word' id='word_1_344' title='bbox 236 4722 390 4775; x_wconf 78' lang='lat' dir='ltr'><strong>tone</strong></span> <span class='ocrx_word' id='word_1_345' title='bbox 421 4712 892 4790; x_wconf 80' lang='lat' dir='ltr'><strong>Aristoteleque</strong></span> <span class='ocrx_word' id='word_1_346' title='bbox 922 4710 1089 4772; x_wconf 90' lang='lat' dir='ltr'><strong>haud</strong></span> <span class='ocrx_word' id='word_1_347' title='bbox 1120 4726 1261 4772; x_wconf 89' lang='lat' dir='ltr'><strong>raro</strong></span> <span class='ocrx_word' id='word_1_348' title='bbox 1290 4717 1662 4787; x_wconf 82' lang='lat' dir='ltr'><strong>argumenta</strong></span> <span class='ocrx_word' id='word_1_349' title='bbox 1692 4710 1940 4789; x_wconf 87' lang='lat' dir='ltr'><strong>petivit,</strong></span> <span class='ocrx_word' id='word_1_350' title='bbox 1973 4728 2171 4773; x_wconf 82' lang='lat' dir='ltr'><strong>sensu</strong></span> <span class='ocrx_word' id='word_1_351' title='bbox 2216 4709 2495 4793; x_wconf 88' lang='lat' dir='ltr'><strong>quodam</strong></span> <span class='ocrx_word' id='word_1_352' title='bbox 2544 4710 2751 4774; x_wconf 87' lang='lat' dir='ltr'><strong>Ialiori</strong></span> <span class='ocrx_word' id='word_1_353' title='bbox 2782 4712 3231 4792; x_wconf 81' lang='lat' dir='ltr'><strong>Scholasticae,</strong></span> <span class='ocrx_word' id='word_1_354' title='bbox 3281 4740 3473 4801; x_wconf 84' lang='lat' dir='ltr'><strong>quam</strong></span> 
     </span>
    </p>
   </div>
   <div class='ocr_carea' id='block_1_34' title="bbox 229 4839 3470 4934">
    <p class='ocr_par' dir='ltr' id='par_1_34' title="bbox 229 4839 3470 4934">
     <span class='ocr_line' id='line_1_34' title="bbox 229 4839 3470 4934; baseline 0.006 -33"><span class='ocrx_word' id='word_1_355' title='bbox 229 4840 482 4916; x_wconf 87' lang='lat' dir='ltr'><strong>dicunt,</strong></span> <span class='ocrx_word' id='word_1_356' title='bbox 514 4839 905 4919; x_wconf 80' lang='lat' dir='ltr'><strong>Theologiae</strong></span> <span class='ocrx_word' id='word_1_357' title='bbox 940 4842 1455 4920; x_wconf 84' lang='lat' dir='ltr'><strong>praeambulum,</strong></span> <span class='ocrx_word' id='word_1_358' title='bbox 1489 4848 1620 4904; x_wconf 90' lang='lat' dir='ltr'><strong>tum</strong></span> <span class='ocrx_word' id='word_1_359' title='bbox 1650 4841 1947 4907; x_wconf 82' lang='lat' dir='ltr'><strong>versione</strong></span> <span class='ocrx_word' id='word_1_360' title='bbox 1974 4860 2088 4905; x_wconf 85' lang='lat' dir='ltr'><strong>sua</strong></span> <span class='ocrx_word' id='word_1_361' title='bbox 2123 4859 2411 4924; x_wconf 55' lang='lat' dir='ltr'><strong>operum~</strong></span> <span class='ocrx_word' id='word_1_362' title='bbox 2432 4843 3005 4923; x_wconf 86' lang='lat' dir='ltr'><strong>Pseudo-Dionysii</strong></span> <span class='ocrx_word' id='word_1_363' title='bbox 3034 4850 3470 4934; x_wconf 74' lang='lat' dir='ltr'><strong>Areopagitae,</strong></span> 
     </span>
    </p>
   </div>
   <div class='ocr_carea' id='block_1_35' title="bbox 233 4969 3470 5062">
    <p class='ocr_par' dir='ltr' id='par_1_35' title="bbox 233 4969 3470 5062">
     <span class='ocr_line' id='line_1_35' title="bbox 233 4969 3470 5062; baseline 0.005 -29"><span class='ocrx_word' id='word_1_364' title='bbox 233 4973 505 5052; x_wconf 73' lang='lat' dir='ltr'><strong>suisque</strong></span> <span class='ocrx_word' id='word_1_365' title='bbox 550 4987 776 5033; x_wconf 88' lang='lat' dir='ltr'><strong>eorum</strong></span> <span class='ocrx_word' id='word_1_366' title='bbox 813 4971 1344 5049; x_wconf 80' lang='lat' dir='ltr'><strong>expositionibus,</strong></span> <span class='ocrx_word' id='word_1_367' title='bbox 1381 4976 1740 5050; x_wconf 83' lang='lat' dir='ltr'><strong>cetensque</strong></span> <span class='ocrx_word' id='word_1_368' title='bbox 1786 4988 1923 5034; x_wconf 69' lang='lat' dir='ltr'><strong>suis</strong></span> <span class='ocrx_word' id='word_1_369' title='bbox 1954 4971 2177 5033; x_wconf 89' lang='lat' dir='ltr'><strong>crebro</strong></span> <span class='ocrx_word' id='word_1_370' title='bbox 2210 4969 2574 5048; x_wconf 80' lang='lat' dir='ltr'><strong>allegoricis</strong></span> <span class='ocrx_word' id='word_1_371' title='bbox 2609 4969 2899 5046; x_wconf 86' lang='lat' dir='ltr'><strong>theoriis,</strong></span> <span class='ocrx_word' id='word_1_372' title='bbox 2935 4977 3242 5055; x_wconf 84' lang='lat' dir='ltr'><strong>mysticae</strong></span> <span class='ocrx_word' id='word_1_373' title='bbox 3277 5000 3470 5062; x_wconf 81' lang='lat' dir='ltr'><strong>quam</strong></span> 
     </span>
    </p>
   </div>
   <div class='ocr_carea' id='block_1_36' title="bbox 221 5091 3470 5183">
    <p class='ocr_par' dir='ltr' id='par_1_36' title="bbox 221 5091 3470 5183">
     <span class='ocr_line' id='line_1_36' title="bbox 221 5091 3470 5183; baseline 0.003 -27"><span class='ocrx_word' id='word_1_374' title='bbox 221 5100 462 5156; x_wconf 72' lang='lat' dir='ltr'><strong>vocant</strong></span> <span class='ocrx_word' id='word_1_375' title='bbox 498 5091 851 5167; x_wconf 77' lang='lat' dir='ltr'><strong>theologiae</strong></span> <span class='ocrx_word' id='word_1_376' title='bbox 879 5096 1180 5172; x_wconf 80' lang='lat' dir='ltr'><strong>tanquam</strong></span> <span class='ocrx_word' id='word_1_377' title='bbox 1215 5110 1692 5171; x_wconf 87' lang='lat' dir='ltr'><strong>praecursorem</strong></span> <span class='ocrx_word' id='word_1_378' title='bbox 1724 5095 1893 5157; x_wconf 86' lang='lat' dir='ltr'><strong>haud</strong></span> <span class='ocrx_word' id='word_1_379' title='bbox 1926 5096 2248 5158; x_wconf 89' lang='lat' dir='ltr'><strong>immerito</strong></span> <span class='ocrx_word' id='word_1_380' title='bbox 2284 5110 2318 5157; x_wconf 95' lang='lat' dir='ltr'><strong>a</strong></span> <span class='ocrx_word' id='word_1_381' title='bbox 2349 5094 2505 5156; x_wconf 81' lang='lat' dir='ltr'><strong>viris</strong></span> <span class='ocrx_word' id='word_1_382' title='bbox 2552 5093 2759 5158; x_wconf 90' lang='lat' dir='ltr'><strong>doctis</strong></span> <span class='ocrx_word' id='word_1_383' title='bbox 2804 5094 3102 5174; x_wconf 85' lang='lat' dir='ltr'><strong>judicari.</strong></span> <span class='ocrx_word' id='word_1_384' title='bbox 3148 5100 3470 5183; x_wconf 84' lang='lat' dir='ltr'><strong>Imprimis</strong></span> 
     </span>
    </p>
   </div>
   <div class='ocr_carea' id='block_1_37' title="bbox 116 5217 3469 5316">
    <p class='ocr_par' dir='ltr' id='par_1_37' title="bbox 116 5217 3469 5316">
     <span class='ocr_line' id='line_1_37' title="bbox 116 5217 3469 5316; baseline 0.003 -30"><span class='ocrx_word' id='word_1_385' title='bbox 116 5308 125 5316; x_wconf 25' lang='grc' dir='ltr'><strong><em>ο</em></strong></span> <span class='ocrx_word' id='word_1_386' title='bbox 222 5240 383 5287; x_wconf 74' lang='lat' dir='ltr'><strong>vero</strong></span> <span class='ocrx_word' id='word_1_387' title='bbox 412 5221 685 5284; x_wconf 88' lang='lat' dir='ltr'><strong>Joannis</strong></span> <span class='ocrx_word' id='word_1_388' title='bbox 715 5217 881 5279; x_wconf 89' lang='lat' dir='ltr'><strong>Scoti</strong></span> <span class='ocrx_word' id='word_1_389' title='bbox 913 5218 1208 5282; x_wconf 88' lang='lat' dir='ltr'><strong>versione</strong></span> <span class='ocrx_word' id='word_1_390' title='bbox 1243 5238 1535 5300; x_wconf 90' lang='lat' dir='ltr'><strong>operum,</strong></span> <span class='ocrx_word' id='word_1_391' title='bbox 1571 5239 1736 5302; x_wconf 87' lang='lat' dir='ltr'><strong>quae</strong></span> <span class='ocrx_word' id='word_1_392' title='bbox 1785 5224 1905 5286; x_wconf 92' lang='lat' dir='ltr'><strong>sub</strong></span> <span class='ocrx_word' id='word_1_393' title='bbox 1935 5224 1997 5284; x_wconf 92' lang='lat' dir='ltr'><strong>S.</strong></span> <span class='ocrx_word' id='word_1_394' title='bbox 2039 5224 2333 5303; x_wconf 84' lang='lat' dir='ltr'><strong>Dionysii</strong></span> <span class='ocrx_word' id='word_1_395' title='bbox 2368 5224 2785 5304; x_wconf 81' lang='lat' dir='ltr'><strong>Areopagitae</strong></span> <span class='ocrx_word' id='word_1_396' title='bbox 2841 5226 3102 5290; x_wconf 88' lang='lat' dir='ltr'><strong>nomine</strong></span> <span class='ocrx_word' id='word_1_397' title='bbox 3151 5229 3469 5310; x_wconf 85' lang='lat' dir='ltr'><strong>feruntur,</strong></span> 
     </span>
    </p>
   </div>
   <div class='ocr_carea' id='block_1_38' title="bbox 218 5347 3472 5442">
    <p class='ocr_par' dir='ltr' id='par_1_38' title="bbox 218 5347 3472 5442">
     <span class='ocr_line' id='line_1_38' title="bbox 218 5347 3472 5442; baseline -0.001 -11"><span class='ocrx_word' id='word_1_398' title='bbox 218 5355 576 5417; x_wconf 67' lang='grc' dir='ltr'><strong>υῐοικιοῑεΐ</strong></span> <span class='ocrx_word' id='word_1_399' title='bbox 605 5347 803 5411; x_wconf 69' lang='lat' dir='ltr'><strong>medii</strong></span> <span class='ocrx_word' id='word_1_400' title='bbox 829 5348 967 5410; x_wconf 74' lang='lat' dir='ltr'><strong>aeVi</strong></span> <span class='ocrx_word' id='word_1_401' title='bbox 1004 5347 1482 5428; x_wconf 80' lang='lat' dir='ltr'><strong>Theologi.Qui</strong></span> <span class='ocrx_word' id='word_1_402' title='bbox 1523 5354 1827 5434; x_wconf 90' lang='lat' dir='ltr'><strong>quoniam</strong></span> <span class='ocrx_word' id='word_1_403' title='bbox 1872 5372 2157 5435; x_wconf 77' lang='lat' dir='ltr'><strong>graecam</strong></span> <span class='ocrx_word' id='word_1_404' title='bbox 2191 5354 2472 5435; x_wconf 79' lang='lat' dir='ltr'><strong>linguam</strong></span> <span class='ocrx_word' id='word_1_405' title='bbox 2524 5355 2650 5435; x_wconf 88' lang='lat' dir='ltr'><strong>ipsi</strong></span> <span class='ocrx_word' id='word_1_406' title='bbox 2700 5373 2828 5419; x_wconf 91' lang='lat' dir='ltr'><strong>non</strong></span> <span class='ocrx_word' id='word_1_407' title='bbox 2862 5357 3195 5435; x_wconf 83' lang='lat' dir='ltr'><strong>callebant,</strong></span> <span class='ocrx_word' id='word_1_408' title='bbox 3246 5362 3472 5442; x_wconf 76' lang='lat' dir='ltr'><strong>libros,</strong></span> 
     </span>
    </p>
   </div>
   <div class='ocr_carea' id='block_1_39' title="bbox 214 5478 3469 5565">
    <p class='ocr_par' dir='ltr' id='par_1_39' title="bbox 214 5478 3469 5565">
     <span class='ocr_line' id='line_1_39' title="bbox 214 5478 3469 5565; baseline 0.006 -26"><span class='ocrx_word' id='word_1_409' title='bbox 214 5496 505 5559; x_wconf 81' lang='lat' dir='ltr'><strong>quorum</strong></span> <span class='ocrx_word' id='word_1_410' title='bbox 543 5483 868 5540; x_wconf 90' lang='lat' dir='ltr'><strong>auctorem</strong></span> <span class='ocrx_word' id='word_1_411' title='bbox 898 5478 959 5541; x_wconf 88' lang='lat' dir='ltr'><strong>S.</strong></span> <span class='ocrx_word' id='word_1_412' title='bbox 989 5479 1869 5564; x_wconf 79' lang='lat' dir='ltr'><strong>DionysiumAreopagitam</strong></span> <span class='ocrx_word' id='word_1_413' title='bbox 1916 5491 1986 5547; x_wconf 89' lang='lat' dir='ltr'><strong>ut</strong></span> <span class='ocrx_word' id='word_1_414' title='bbox 2041 5486 2289 5547; x_wconf 89' lang='lat' dir='ltr'><strong>Patrem</strong></span> <span class='ocrx_word' id='word_1_415' title='bbox 2324 5484 2741 5565; x_wconf 86' lang='lat' dir='ltr'><strong>apostolicum</strong></span> <span class='ocrx_word' id='word_1_416' title='bbox 2801 5486 3093 5548; x_wconf 89' lang='lat' dir='ltr'><strong>colebant</strong></span> <span class='ocrx_word' id='word_1_417' title='bbox 3140 5490 3216 5554; x_wconf 90' lang='lat' dir='ltr'><strong>ad</strong></span> <span class='ocrx_word' id='word_1_418' title='bbox 3266 5511 3469 5558; x_wconf 87' lang='lat' dir='ltr'><strong>unum</strong></span> 
     </span>
    </p>
   </div>
   <div class='ocr_carea' id='block_1_40' title="bbox 211 5598 3471 5685">
    <p class='ocr_par' dir='ltr' id='par_1_40' title="bbox 211 5598 3471 5685">
     <span class='ocr_line' id='line_1_40' title="bbox 211 5598 3471 5685; baseline 0.005 -24"><span class='ocrx_word' id='word_1_419' title='bbox 211 5617 474 5673; x_wconf 85' lang='lat' dir='ltr'><strong>omnes,</strong></span> <span class='ocrx_word' id='word_1_420' title='bbox 512 5599 594 5662; x_wconf 90' lang='lat' dir='ltr'><strong>ab</strong></span> <span class='ocrx_word' id='word_1_421' title='bbox 625 5598 868 5659; x_wconf 82' lang='lat' dir='ltr'><strong>Joanne</strong></span> <span class='ocrx_word' id='word_1_422' title='bbox 903 5598 1085 5660; x_wconf 89' lang='lat' dir='ltr'><strong>Scoto</strong></span> <span class='ocrx_word' id='word_1_423' title='bbox 1121 5598 1315 5664; x_wconf 74' lang='lat' dir='ltr'><strong>latine</strong></span> <span class='ocrx_word' id='word_1_424' title='bbox 1362 5616 1704 5665; x_wconf 82' lang='lat' dir='ltr'><strong>conversos</strong></span> <span class='ocrx_word' id='word_1_425' title='bbox 1754 5603 2070 5683; x_wconf 80' lang='lat' dir='ltr'><strong>legebant,</strong></span> <span class='ocrx_word' id='word_1_426' title='bbox 2103 5621 2371 5685; x_wconf 89' lang='lat' dir='ltr'><strong>eamque</strong></span> <span class='ocrx_word' id='word_1_427' title='bbox 2409 5605 2771 5669; x_wconf 82' lang='lat' dir='ltr'><strong>versionem</strong></span> <span class='ocrx_word' id='word_1_428' title='bbox 2808 5609 3287 5674; x_wconf 87' lang='lat' dir='ltr'><strong>commentariis</strong></span> <span class='ocrx_word' id='word_1_429' title='bbox 3335 5616 3471 5676; x_wconf 85' lang='lat' dir='ltr'><strong>suis</strong></span> 
     </span>
    </p>
   </div>
   <div class='ocr_carea' id='block_1_41' title="bbox 391 5728 1952 5815">
    <p class='ocr_par' dir='ltr' id='par_1_41' title="bbox 391 5728 1861 5815">
     <span class='ocr_line' id='line_1_41' title="bbox 391 5728 1861 5815; baseline 0.01 -36"><span class='ocrx_word' id='word_1_430' title='bbox 391 5800 403 5815; x_wconf 45' lang='grc'><strong><em>⁵</em></strong></span> <span class='ocrx_word' id='word_1_431' title='bbox 508 5728 750 5785; x_wconf 65' lang='grc' dir='ltr'><strong>ΡΑτΜει.</strong></span> <span class='ocrx_word' id='word_1_432' title='bbox 788 5730 873 5784; x_wconf 76' lang='lat' dir='ltr'><strong>CX</strong></span> <span class='ocrx_word' id='word_1_433' title='bbox 885 5730 991 5786; x_wconf 78' lang='lat' dir='ltr'><strong>XII.</strong></span> <span class='ocrx_word' id='word_1_434' title='bbox 1860 5782 1861 5785; x_wconf 58' lang='grc' dir='ltr'><strong>η</strong></span> 
     </span>
    </p>
   </div>
   <div class='ocr_carea' id='block_1_42' title="bbox 1488 5728 3049 5815">
    <p class='ocr_par' dir='ltr' id='par_1_42' title="bbox 1860 5750 3049 5798">
     <span class='ocr_line' id='line_1_42' title="bbox 1860 5750 3049 5798; baseline 0.005 -13"><span class='ocrx_word' id='word_1_435' title='bbox 1860 5782 1861 5785; x_wconf 44' lang='grc' dir='ltr'><strong>η</strong></span> <span class='ocrx_word' id='word_1_436' title='bbox 2074 5792 2081 5798; x_wconf 58' lang='grc'><em>,</em></span> <span class='ocrx_word' id='word_1_437' title='bbox 3007 5750 3049 5791; x_wconf 76' lang='grc' dir='ltr'><strong><em>α</em></strong></span> 
     </span>
    </p>
   </div>
   <div class='ocr_carea' id='block_1_43' title="bbox 155 5892 410 6085">
    <p class='ocr_par' dir='ltr' id='par_1_43' title="bbox 155 5892 410 6085">
     <span class='ocr_line' id='line_1_43' title="bbox 155 5892 410 6085; baseline 0 0"><span class='ocrx_word' id='word_1_438' title='bbox 155 5892 410 6085; x_wconf 48' lang='grc' dir='ltr'><strong>διδῇ</strong></span> 
     </span>
    </p>
   </div>
  </div>
