3952 6152
389 217 432 260 tt
1805 199 2227 265 PROOEMIUM.

395 332 824 395 illustrabant.
858 334 1070 408 Quare
1125 354 1323 416 quum
1379 336 1643 397 omnino
1679 337 1958 400 Joannes
2001 341 2224 402 Scotus
2272 341 2588 419 ejusmodi
2625 342 2893 419 scriptor
2939 341 3064 416 sit,
3096 344 3280 420 cujus
3334 359 3528 422 Opera
3577 344 3648 408 in
3751 319 3768 334 ’

400 484 428 516 α
461 462 668 524 Cursu
707 464 1022 543 completo
1069 487 1096 521 ιο
1148 464 1536 542 Scriptorum
1577 463 2154 528 ecclesiasticorum
2188 467 2533 528 desiderari
2569 470 2670 528 vix
2708 468 3004 542 debeant,
3037 470 3345 549 integram
3378 492 3650 556 operum

397 592 535 668 ejus
569 590 914 652 editionem
948 589 1239 651 adornari
1271 597 1331 652 et
1359 591 1605 669 justum
1643 600 1704 652 et
1751 593 1828 653 ab
1867 592 2057 671 hujus
2101 595 2503 657 collectionis
2535 597 2805 658 consilio
2839 597 3004 659 haud
3043 615 3309 677 prorsus
3359 602 3648 666 alienum

395 737 534 782 esse
567 721 890 782 duximus.
929 724 997 782 In
1035 720 1134 782 his
1163 729 1376 783 autem
1413 723 1681 784 Joannis
1726 725 1894 786 Scoti
1929 727 2235 804 operibus
2267 729 2323 788 si
2357 746 2522 808 quae
2561 739 2922 805 occurrant,
2955 723 3402 811 quibusljuste
3432 731 3650 796 oﬂ‘en-

392 849 587 924 daris,
620 866 747 912 non
786 848 1128 910 omisimus
1162 873 1189 906 α
1229 851 1492 912 Monitis
1528 851 1604 912 ad
1669 853 1995 915 Lectorem
2035 879 2062 912 »
2099 858 2488 935 praemissis,
2523 860 2630 921 ubi
2675 877 2839 938 Opus
2871 869 3026 934 erat,
3059 862 3440 941 principales
3473 881 3650 928 erro-

392 997 493 1040 res
526 990 770 1054 notare,
810 997 926 1042 nec
973 997 1098 1040 non
1135 981 1237 1042 hic
1269 980 1402 1042 illic
1453 983 1618 1044 notis
1651 985 1979 1063 subjectis,
2019 1006 2182 1068 quae
2213 987 2374 1050 falso
2414 995 2522 1050 aut
2559 991 2774 1050 minus
2829 1000 2996 1055 recte
3033 993 3466 1070 disputantur,
3501 1013 3648 1058 cor-

395 1111 625 1189 rigere.
670 1113 992 1174 Praeterea
1030 1111 1094 1171 in
1155 1113 1690 1174 commentatione
1723 1138 1750 1169 α
1785 1115 1863 1177 de
1909 1117 2030 1177 vita
2069 1127 2128 1179 et
2174 1121 2529 1199 praeceptis
2571 1122 2837 1183 Joannis
2872 1123 3038 1184 Scoti
3099 1148 3128 1181 ιν
3170 1124 3323 1188 huic
3377 1097 3642 1206 Operum

391 1240 659 1303 editioni
712 1241 1080 1319 praemissa,
1131 1259 1382 1303 errores
1434 1242 1638 1320 ipsius
1682 1245 1909 1307 acriter
1965 1248 2499 1326 perstringuntur.
2540 1249 2599 1310 Si
2633 1250 2736 1311 cui
2789 1249 3214 1313 nihilominus
3247 1255 3310 1317 in
3346 1257 3641 1322 notandis

389 1371 654 1432 Joannis
690 1370 857 1432 Scoti
891 1371 1219 1433 erroribus
1250 1370 1493 1450 aliquid
1534 1389 1566 1433 a
1604 1373 1794 1434 nobis
1832 1375 2190 1453 neglectum
2246 1395 2387 1440 esse
2433 1379 2748 1452 videatur,
2788 1382 3187 1443 excusabunt
3218 1399 3336 1444 nos
3368 1401 3512 1445 cum
3551 1387 3642 1446 rei

389 1499 758 1572 difﬁcultas,
795 1506 928 1563 tum
959 1501 1286 1580 temporis,
1333 1503 1503 1582 quod
1542 1503 1726 1564 nobis
1761 1503 1826 1565 in
1880 1507 2150 1582 paranda
2185 1507 2467 1570 editione
2503 1508 2766 1576 concedi
2805 1515 3071 1589 poterat,
3116 1513 3474 1589 angustiae.

487 1623 514 1696 §
548 1621 608 1681 2.
641 1621 718 1681 Et
749 1619 828 1682 de
857 1622 982 1682 ﬁne
1019 1619 1213 1699 hujus
1249 1620 1553 1682 editionis
1584 1621 1738 1683 haec
1768 1621 2024 1700 quidem
2065 1628 2398 1686 hactenus.
2429 1625 2761 1687 Praeterea
2792 1625 2921 1688 duo
2955 1627 3142 1689 nobis
3173 1627 3416 1708 reliqua
3449 1636 3639 1691 sunt:

397 1741 700 1821 primum,
733 1746 804 1801 ut
837 1728 1090 1802 codices
1121 1786 1137 1816 ,
1166 1756 1329 1818 quos
1359 1739 1774 1801 adhibuimus
1798 1783 1815 1813 ,
1877 1756 2332 1802 enumeremus
2362 1785 2378 1812 ,
2421 1739 2654 1802 deinde
2679 1784 2694 1812 ,
2753 1748 2820 1802 ut
2872 1744 2949 1804 de
2995 1743 3261 1805 Joannis
3291 1745 3461 1807 Scoti
3517 1746 3644 1807 vita

395 1863 550 1944 quid
580 1870 980 1941 compertum
1018 1859 1398 1934 habeamus,
1435 1877 1854 1940 exponamus.
1887 1860 2006 1923 Ubi
2058 1859 2366 1922 tamenin
2397 1877 2557 1921 usus
2590 1877 2768 1922 meos
2794 1874 3163 1923 convertere
3191 1878 3319 1924 non
3355 1861 3644 1924 dubitavi

393 1981 571 2044 illam
605 1981 1178 2042 commentationem
1232 1979 1306 2040 de
1335 1981 1468 2040 vita
1513 1988 1568 2040 et
1619 1988 1968 2059 praeceptis
2008 1979 2276 2040 Joannis
2320 1979 2534 2054 Scoti,
2587 1979 2820 2042 abhinc
2868 1979 3114 2061 aliquot
3165 1981 3351 2042 annis
3407 1981 3640 2045 editam

394 2107 664 2164 auctore
702 2117 1048 2180 anonymo,
1083 2117 1274 2179 quam
1326 2099 1628 2178 operibus
1659 2097 2063 2179 praemittere
2085 2097 2448 2160 statuimus.
2477 2097 2657 2172 Quae
2706 2114 2907 2177 quum
2944 2097 3009 2158 in
3047 2099 3361 2179 capitibus
3397 2101 3645 2178 gravio-

396 2225 580 2288 ribus
623 2225 706 2287 sit
749 2227 915 2288 bene
949 2226 1279 2300 adornata,
1312 2226 1520 2288 solum
1552 2224 1612 2286 id
1645 2223 1988 2303 supererit,
2025 2228 2090 2285 ut
2115 2220 2450 2298 nonnulla,
2481 2222 2550 2284 in
2586 2221 2823 2302 quibus
2869 2220 2948 2283 ab
2997 2219 3137 2300 ejus
3187 2219 3493 2298 scriptore
3529 2235 3643 2281 no-

395 2349 495 2412 bis
533 2349 1048 2412 dissentiendum
1081 2354 1175 2412 cst
1201 2391 1217 2422 ,
1251 2345 1704 2410 dilucidemus.

1972 2501 2082 2579 ΙΙ.

1804 2681 2224 2744 CODICES.

479 2833 506 2904 §
535 2829 598 2890 3.
632 2829 707 2889 Et
740 2826 1015 2905 primum
1052 2824 1312 2904 quidem
1347 2827 1423 2888 ad
1455 2828 1706 2892 codices
1736 2829 1908 2908 quod
1941 2829 2190 2902 attinet,
2226 2828 2295 2890 in
2350 2827 2617 2892 edendis
2651 2826 3184 2906 Expositionibus
3213 2841 3398 2905 super
3424 2825 3639 2886 Ierar-

403 2951 602 3012 rhiam
655 2949 966 3012 caelestem
1022 2947 1089 3009 S.
1141 2947 1476 3027 Dionysii,
1529 2948 1866 3030 hucusque
1910 2950 2176 3012 ineditis
2224 2966 2294 3012 ac
2341 2965 2545 3028 paene
2593 2945 2980 3026 incognitis,
3029 2945 3444 3008 adhibuimus
3491 2949 3638 3006 tres.

397 3073 448 3131 E
481 3071 719 3151 quibus
753 3068 955 3130 codex
983 3069 1330 3130 Vaticanus
1359 3069 1478 3130 652
1502 3115 1518 3144 ,
1550 3070 1740 3164 initio
1773 3070 1979 3134 seculi
2005 3071 2096 3133 XI
2130 3070 2454 3149 eleganter
2499 3069 2776 3149 scriptus
2802 3113 2818 3141 ,
2858 3071 3104 3131 constat
3139 3065 3218 3126 58
3249 3063 3639 3126 membranis

396 3196 461 3256 in
497 3194 651 3255 folio
689 3189 946 3252 minori.
977 3189 1278 3252 Continet
1310 3207 1460 3253 vero
1494 3191 1662 3254 solas
1711 3191 1856 3255 illas
1903 3194 2169 3257 Joannis
2205 3193 2373 3256 Scoti
2421 3192 2880 3272 expositiones.
2921 3191 2994 3252 In
3024 3187 3227 3268 prima
3273 3187 3644 3250 membrana

400 3329 629 3374 manus
677 3309 881 3371 seculi
920 3310 1089 3380 XIV,
1130 3314 1200 3368 ut
1239 3306 1513 3380 videtur,
1563 3307 2100 3388 adscripsit:1ste
2147 3308 2395 3372 libellus
2698 3328 2776 3371 ea:
2819 3308 2926 3370 vix
2963 3304 3091 3385 legi
3137 3311 3388 3384 potest,
3438 3311 3646 3365 cetera

409 3434 678 3496 omnino
716 3431 1051 3493 obliterata
1098 3435 1272 3490 sunt.
1309 3428 1467 3491 Item
1501 3446 1728 3492 manus
1762 3430 1967 3492 seculi
2012 3430 2166 3492 XIII
2197 3430 2493 3494 exeuntis
2517 3475 2534 3504 ,
2580 3435 2654 3492 ut
2706 3429 2982 3502 videtur,
3009 3427 3080 3489 in
3123 3425 3411 3489 inferiori
3449 3443 3646 3486 mem-

403 3554 635 3614 branae
675 3558 851 3631 parte
883 3548 1138 3628 scripsit
1173 3570 1188 3609 :
1227 3569 1440 3612 sumus
1474 3552 1587 3631 (sic
1613 3553 1654 3630 ι)
1714 3553 1985 3614 omnium
2018 3552 2445 3633 theologorum
2481 3554 2598 3615 iste
2621 3597 2638 3628 ,
2685 3569 2852 3632 quae
2898 3551 3092 3614 verba
3140 3567 3508 3632 quanquam
3544 3550 3647 3610 di-

405 3678 586 3737 luere
618 3674 878 3760 quidam
920 3671 1190 3746 studuit,
1224 3680 1433 3734 tamen
1465 3672 1631 3736 bene
1660 3682 1932 3754 possunt
1963 3675 2172 3740 adhuc
2226 3677 2566 3756 distingui.
2598 3676 2835 3750 Quater
2861 3672 2959 3736 vel
2991 3670 3341 3750 quinquies
3373 3669 3446 3731 ad
3484 3687 3646 3731 mar-

405 3798 620 3875 ginem
654 3794 1228 3872 deprehenduntur
1279 3791 1528 3869 glossae
1582 3791 1774 3855 trium
1827 3792 1926 3854 vel
1978 3799 2284 3874 quattuor
2335 3794 2674 3856 verborum
2709 3840 2725 3868 ,
2757 3810 2916 3874 quas
2946 3807 3147 3870 quum
3187 3790 3289 3850 vix
3329 3792 3642 3868 potuerim

402 3915 806 3992 dignoscere,
844 3911 1121 3990 neglexi.
1156 3912 1241 3985 Is,
1269 3911 1381 3990 qui
1430 3911 1660 3972 librum
1699 3912 2076 3992 descripsit,
2132 3929 2392 3975 sensum
2443 3913 2552 3974 vix
2607 3929 2884 3994 unquam
2944 3911 3190 3991 attigit;
3226 3931 3421 3992 quare
3453 3914 3649 3977 inter-

406 4035 668 4115 punctio
695 4032 1036 4095 falsissima
1064 4037 1200 4101 est;
1233 4027 1390 4106 quin
1427 4028 1560 4091 imo
1590 4029 1718 4093 duo
1755 4030 1944 4094 verba
1969 4031 2134 4096 haud
2168 4051 2308 4096 raro
2338 4033 2405 4096 in
2442 4050 2641 4096 unum
2678 4032 3163 4105 contrahuntur,
3197 4031 3314 4094 alia
3343 4032 3647 4096 dismem-

407 4159 685 4218 brantur.
721 4155 944 4216 Finem
982 4165 1206 4212 versus
1239 4151 1467 4212 menda
1503 4157 1653 4211 sunt
1690 4152 2033 4216 crebriora.
2067 4155 2303 4218 Graeca
2343 4155 2559 4228 verba,
2592 4172 2756 4234 quae
2793 4161 3136 4216 occurrunt
3171 4197 3186 4226 ,
3224 4151 3384 4214 male
3414 4153 3647 4233 scripta

405 4285 580 4338 sunt.
621 4277 712 4335 Ex
745 4274 864 4335 hoc
893 4271 1090 4349 igitur
1121 4269 1340 4332 codice
1368 4287 1567 4350 quum
1601 4269 1865 4333 Carolus
1901 4272 2139 4350 Greith,
2173 4274 2453 4338 ecclesiae
2479 4274 2543 4336 S.
2578 4265 2746 4335 Galli
2779 4273 2847 4334 in
2875 4271 3159 4334 Helvetia
3192 4291 3355 4334 nunc
3371 4291 3649 4352 pracpo-

403 4399 565 4457 situs
600 4413 670 4455 ac
709 4391 1002 4473 ofﬁcialis
1026 4434 1042 4463 ,
1076 4390 1516 4469 expositiones
1561 4391 1702 4454 illas
1737 4394 2222 4476 descripsisset,
2270 4397 2618 4460 liberaliter
2669 4394 2824 4457 mihi
2859 4388 3104 4472 copiam
3145 4396 3249 4457 sui
3297 4395 3652 4476 apographi

405 4520 577 4590 fecit,
609 4514 780 4596 quod
812 4510 1046 4573 deinde
1075 4511 1312 4572 Romae
1335 4512 1550 4575 denuo
1580 4514 1655 4575 ad
1686 4515 1922 4577 codicis
1953 4515 2140 4577 ﬁdem
2179 4525 2242 4579 et
2271 4515 2408 4594 ipse
2439 4516 2782 4594 diligenter
2809 4517 3078 4580 contuli.

489 4644 516 4716 δ
551 4640 611 4699 ιι,
644 4634 818 4696 Alter
853 4637 949 4694 est
986 4630 1186 4693 codex
1217 4647 1334 4692 ms.
1373 4629 1480 4691 lat.
1511 4630 1629 4694 380
1659 4631 2083 4697 bibliothecae
2114 4634 2348 4713 Begiae
2383 4635 2806 4710 Monacensis,
2846 4635 3000 4698 olim
3031 4635 3397 4698 Electoralis
3425 4637 3658 4700 biblio-

410 4763 624 4822 thecae
657 4750 1219 4817 serenissimorum
1263 4752 1601 4832 utriusque
1649 4755 1950 4819 Bavariae
2009 4757 2244 4820 ducum
2279 4803 2294 4832 ,
2327 4763 2397 4818 ut
2432 4774 2506 4819 ex
2542 4756 2776 4836 insigni
2805 4773 3028 4819 eorum
3065 4800 3082 4830 ,
3141 4754 3434 4816 interiori
3480 4765 3658 4835 parte

408 4885 692 4967 Operculi
724 4881 909 4943 aﬂixo
941 4924 956 4952 ,
995 4877 1430 4955 cognoscitur,
1465 4879 1991 4942 membranaceus
2019 4923 2036 4953 ,
2068 4879 2273 4942 seculi
2304 4878 2457 4941 XIII
2486 4921 2503 4954 ,
2536 4878 2621 4954 Iv,
2668 4877 2875 4941 literis
2928 4862 3220 4941 exarat‘us
3274 4875 3658 4938 minusculis

407 5007 562 5071 satis
590 5001 792 5065 nitide
819 5044 835 5072 ,
886 5003 1122 5060 etcum
1173 4992 1618 5056 abbreviatura
1677 4996 1966 5075 vulgari,
1998 4996 2064 5057 in
2101 4995 2416 5074 principio
2489 4995 2797 5070 mutilus;
2844 5011 3019 5056 nunc
3066 4999 3315 5056 constat
3355 4991 3527 5054 foliis
3556 4994 3658 5054 96.

407 5130 605 5198 'I‘ituli
641 5134 703 5188 et
735 5118 986 5185 numeri
1013 5116 1292 5196 capitum
1329 5124 1483 5179 sunt
1525 5118 1801 5181 miniati.
1854 5117 2141 5180 Initiales
2190 5118 2391 5180 minio
2445 5135 2588 5180 cum
2635 5116 2961 5197 pigmento
3023 5111 3318 5176 caeruleo
3373 5109 3658 5173 adhibito

410 5262 561 5315 sunt
598 5250 922 5326 eleganter
953 5249 1313 5315 elaboratae
1341 5290 1358 5320 ,
1395 5245 1724 5322 ductuque
1780 5239 1952 5303 haud
2001 5255 2143 5302 raro
2182 5257 2390 5318 usque
2448 5239 2526 5301 ad
2581 5239 2773 5301 ﬁnem
2811 5236 3221 5300 membranae
3260 5233 3663 5314 pertingente

415 5372 756 5450 praeditae.
796 5373 848 5432 Α
881 5373 1072 5446 variis
1108 5370 1404 5434 manibus
1437 5364 1678 5445 passim
1733 5362 2047 5443 scriptura
2081 5361 2361 5425 radendo
2415 5361 2515 5425 vel
2565 5358 2946 5440 corrigendo
2977 5358 3043 5420 in
3075 5357 3211 5436 ipsa
3245 5360 3459 5417 textus
3495 5354 3664 5416 linea

415 5502 674 5566 mutata,
710 5495 878 5557 haud
911 5511 1111 5573 pauca
1140 5509 1334 5572 supra
1378 5488 1476 5552 vel
1515 5487 1593 5550 ad
1625 5486 1976 5565 marginem
2004 5485 2320 5565 adscripta
2359 5491 2526 5546 sunt.
2560 5483 2992 5547 Continentur
3021 5495 3096 5542 eo
3127 5476 3279 5538 haec
3315 5499 3330 5536 :

499 5620 550 5678 I.
615 5617 724 5679 fol.
783 5619 887 5692 1,1
926 5651 998 5662 -
1035 5616 1147 5690 Ιι,2
1200 5613 1627 5690 fragmentum
1691 5607 1997 5670 versionis
2058 5605 2333 5668 caelestis
2397 5601 2774 5666 Ierarchiae.
2830 5598 3018 5675 Quod
3076 5596 3302 5678 incipit
3374 5617 3389 5657 :
3451 5613 3670 5674 supcr-

3461 5853 3483 5890 τ
3541 5858 3568 5876 ρ

3585 5943 3650 6000 Ι.
