3952 6152
1800 250 2143 310 Ρηοοεδιιυ
2155 250 2217 304 Μ.
2584 258 2611 267 ”
3566 256 3624 299 ιιι

376 390 552 483 pleni
642 393 902 458 luminis
974 387 1429 470 praeperfectae
1488 384 1940 464 perfectionis:
2014 383 2231 441 etenim
2306 377 2466 439 nihil
2544 379 2885 458 peifectum
2955 387 3063 440 aut
3144 398 3268 440 non
3349 378 3629 457 indigens

376 513 821 580 universaliter
863 508 1274 589 perfectionis
1304 549 1323 581 ,
1381 506 1510 567 nisi
1572 522 1709 565 vere
1760 521 1876 583 per
1918 521 1982 562 se
2034 504 2380 582 perfectum
2436 508 2489 562 et
2543 503 3057 583 praeperfectum.
3115 502 3265 582 Cap.
3322 504 3438 563 XI.
3480 503 3633 564 Istis

376 651 593 705 autem
642 632 1070 699 determinatis
1140 623 1306 687 illud
1372 624 1631 704 dignum
1705 620 2019 684 attendere
2049 664 2068 695 ,
2136 620 2403 699 propter
2472 637 2655 698 quam
2725 637 2973 681 causam
3051 623 3370 694 universas
3428 608 3635 686 “simul

378 757 695 838 angelicas
728 752 1110 815 substantias
1163 748 1443 812 caelestes
1508 748 1773 808 virtutes
1835 754 2057 807 vocare
2103 741 2555 816 consuevimus,
2607 750 2727 804 cet.
2783 741 3037 805 Finitur
3098 746 3309 829 verbis
3341 766 3356 804 :
3391 745 3634 806 eandem

378 883 590 935 autem
632 870 930 932 virtutem
1007 864 1353 947 praedictis
1428 864 1716 927 habentia
1784 864 2319 945 praetermisimus
2365 871 2420 925 et
2477 860 3129 927 commensuratianem
3177 867 3260 948 (a.
3320 886 3405 931 m.
3469 885 3633 932 corr.

380 984 935 1067 comensurationi)
996 987 1293 1047 sermonis
1346 985 1787 1066 providentes,
1848 992 1903 1046 et
1966 992 2156 1065 super
2212 1000 2326 1045 nos
2385 983 2698 1046 occultum
2755 984 3004 1047 silentio
3058 1001 3431 1053 venerantes.
3491 990 3641 1052 Ea:-

377 1110 574 1193 plicit
635 1106 794 1169 liber
839 1104 1005 1168 beati
1065 1105 1359 1185 Dionysii
1403 1106 1682 1186 episcopi
1724 1107 2110 1168 Athenarum
2158 1127 2236 1168 ea:
2287 1108 2694 1187 Areopagitis
2754 1107 2827 1169 de
2883 1108 3129 1171 caelesti
3154 1108 3495 1175 Ierarchia.

462 1241 528 1302 2.
578 1236 692 1302 fol.
748 1233 1158 1307 5,1-19,1.
1205 1228 1474 1292 Joannis
1523 1228 1819 1291 Saraceni
1870 1227 2073 1289 versio
2127 1226 2572 1291 ecclesiasticae
2625 1228 2999 1291 lerarchiae.
3052 1228 3318 1291 Orditur
3358 1248 3394 1294 a
3446 1232 3635 1294 titulo

382 1355 663 1419 miniata
722 1371 738 1411 :
804 1351 897 1412 De
951 1346 1367 1411 ecclesiastica
1414 1343 1766 1438 Ierarchia.
1804 1344 2047 1422 Incipit
2088 1343 2397 1423 prologue
2453 1345 2722 1407 Joannis
2785 1346 3083 1407 Saraceni
3136 1345 3220 1407 ad
3271 1316 3639 1427 magistrum

379 1473 695 1534 Joannem
734 1469 808 1530 de
858 1467 1211 1531 Saraberiis
1268 1465 1343 1528 de
1400 1464 1817 1528 ecclesiastica
1875 1464 2220 1527 Ierarchia.
2303 1465 2455 1527 Post
2528 1466 3005 1530 translationem
3067 1469 3379 1549 angelicae
3426 1475 3640 1537 Ierar-

381 1594 564 1656 ehiae
612 1591 1085 1654 translationem
1126 1585 1845 1659 ecclesiasticae‘distuli,
1891 1593 2012 1649 cet.
2040 1586 2383 1667 Prologum
2441 1587 2675 1669 excipit
2708 1591 2943 1665 versio,
3003 1608 3167 1671 quae
3224 1593 3317 1657 sic
3370 1596 3634 1667 ﬁnitur;

385 1715 599 1780 Trade
628 1708 854 1795 igitur,
891 1712 1168 1784 oamice,
1225 1715 1281 1771 et
1337 1709 1471 1789 ipse
1515 1706 1668 1768 mihi
1692 1706 2121 1787 perfectiorem
2176 1704 2718 1780 illuminationem,
2781 1715 2837 1768 et
2889 1718 3170 1770 monstra
3215 1711 3361 1773 meis
3415 1714 3639 1788 oculis,

385 1857 546 1919 quas
570 1835 782 1898 videre
807 1834 1013 1915 possis
1040 1830 1563 1895 convenientiores
1591 1824 2096 1908 pulchritudines
2127 1834 2182 1888 et
2215 1829 2701 1909 uniformiores;
2734 1831 2977 1911 conﬁdo
3034 1834 3215 1907 enim,
3247 1835 3418 1915 quod
3451 1856 3645 1917 prae-

395 1955 575 2017 dicta
606 1972 714 2034 ego
744 1953 1054 2035 repositas
1108 1948 1177 2013 in
1202 1958 1261 2013 te
1301 1948 1504 2011 divini
1558 1947 1725 2028 ignis
1774 1946 2099 2009 accendam
2134 1946 2465 2011 scintillas.
2503 1948 2796 2029 Explicit
2827 1950 2986 2017 liber
3013 1952 3306 2040 Dionysii
3355 1966 3633 2042 Areopa-

386 2079 561 2158 gitae
586 2075 869 2156 episcopi
922 2062 1305 2137 Athenarum
1380 2069 1463 2131 ad
1547 2066 1933 2131 Timotheum
1993 2046 2633 2151 episcopum'Ephesi
2690 2071 2763 2134 de
2817 2064 3233 2139 ecclesiastica
3300 2079 3636 2141 ierarchia.

470 2197 532 2257 3.
563 2192 681 2256 fol.
708 2189 925 2268 19,2—
960 2192 1114 2265 25,1
1160 2190 1362 2254 literis
1393 2188 1595 2252 multo
1621 2184 1979 2251 minoribus
2011 2192 2073 2250 et
2106 2187 2403 2281 plurimis
2440 2190 2905 2256 abbreviaturis
2945 2202 3253 2260 tractatus
3276 2201 3587 2280 auonymi
3625 2250 3640 2275 ,

390 2324 509 2407 qui
534 2314 762 2404 incipit
782 2339 820 2385 a
842 2321 1030 2385 titulo
1061 2319 1324 2383 miniato
1352 2341 1367 2380 :
1394 2314 1635 2398 Incipit
1666 2312 1922 2398 quidam
1954 2321 2263 2379 tractatus
2287 2316 2509 2396 bonus,
2538 2321 2647 2400 qui
2673 2338 2799 2382 non
2820 2329 2906 2383 est
2933 2322 3007 2385 de
3032 2320 3212 2388 libris
3243 2328 3557 2410 Dionysii,
3584 2343 3641 2392 et

392 2454 587 2516 durat
616 2472 811 2535 usque
860 2450 942 2513 ad
977 2450 1105 2514 VII
1153 2449 1379 2533 folium
1408 2448 1498 2513 ibi
1530 2467 1760 2511 memor
1800 2454 1962 2549 esto,
1993 2454 2114 2513 cet.
2151 2448 2296 2531 (alia
2328 2466 2556 2514 manus
2588 2460 2732 2531 post
2770 2466 2984 2516 vocem
3020 2474 3252 2517 memor
3289 2466 3644 2523 atramento

395 2586 583 2665 nigro
638 2600 827 2662 supra
874 2580 1080 2646 adscr.
1138 2577 1449 2664 hospitii),
1498 2586 1561 2643 et
1602 2579 1852 2642 orditur
1883 2598 1918 2642 a
1946 2574 2160 2644 verbis
2193 2601 2211 2642 :
2254 2578 2468 2644 Omnis
2500 2575 2776 2664 cognitio
2812 2594 2921 2648 aut
2952 2572 3039 2649 est
3079 2589 3372 2664 initialis,
3412 2600 3523 2653 aut
3561 2612 3639 2655 ea:

390 2713 846 2794 praeexistenti
873 2711 1122 2793 aliqua:
1159 2706 1355 2772 omnis
1383 2712 1589 2771 autem
1644 2707 1916 2770 initialis
1947 2712 2056 2770 aut
2089 2716 2177 2771 est
2208 2708 2575 2790 singularis,
2610 2720 2723 2774 aut
2758 2714 3130 2779 universalis
3157 2739 3178 2788 ;
3209 2722 3267 2782 si
3295 2720 3642 2801 singularis

393 2853 510 2922 est,
541 2846 662 2906 erit
695 2863 909 2906 sensus
942 2844 1070 2904 sive
1103 2836 1488 2922 experientia
1506 2840 1633 2904 sive
1660 2835 1975 2915 memoria,
2012 2843 2070 2903 si
2104 2834 2504 2918 universalis,
2536 2845 2655 2906 erit
2678 2844 3024 2909 intellectus
3055 2858 3175 2913 cet.
3217 2853 3467 2916 Finitur
3510 2855 3602 2919 sic
3630 2878 3644 2915 :

395 2976 559 3036 Sunt
589 2970 747 3033 enim
779 2972 1006 3054 angeli,
1039 2975 1148 3055 qui
1175 2970 1291 3036 hoc
1321 2973 1541 3036 habent
1571 2975 1639 3036 in
1681 2989 1951 3047 munere,
1989 2973 2061 3033 ut
2100 2990 2312 3033 eorum
2344 2966 2694 3034 ministerio
2724 2974 2880 3053 ﬁant
2924 2978 3264 3056 miracula,
3298 2989 3356 3043 et
3390 2985 3476 3045 eis
3529 3005 3647 3047 me-

396 3100 724 3164 diantibus
774 3100 928 3182 ﬁant
962 3104 1226 3165 virtutes
1271 3103 1341 3164 in
1384 3101 1760 3165 hominibus.
1813 3099 1904 3163 Hi
1949 3101 2341 3163 constituunt
2383 3098 2697 3175 ordinem,
2759 3102 2868 3182 qui
2926 3100 3166 3166 dicitur
3212 3106 3497 3169 virtutes.
3548 3113 3641 3173 Hi

396 3232 610 3294 adesse
639 3229 981 3294 traduntur
1010 3233 1078 3295 in
1106 3233 1323 3309 altari,
1354 3251 1492 3295 cum
1520 3233 1704 3313 panis
1749 3236 2033 3293 mutatur
2057 3231 2125 3292 in
2171 3247 2403 3311 corpus
2432 3227 2695 3294 Christi.
2726 3226 2813 3293 De
2848 3250 3060 3295 eorum
3091 3238 3410 3299 consortio
3466 3251 3649 3302 erunt

402 3363 531 3433 illi,
559 3362 786 3443 quibus
820 3358 1247 3441 spiritualiter
1280 3358 1493 3421 datum
1524 3360 1705 3441 quasi
1741 3354 2072 3441 spirituali
2104 3378 2374 3434 munere,
2408 3359 2610 3443 facere
2629 3361 2959 3425 miracula.
2989 3326 3160 3428 Huic
3196 3366 3415 3431 ordini
3446 3389 3645 3451 oppo-

396 3500 593 3562 situm
649 3502 737 3556 est
795 3488 960 3556 illud
1004 3488 1331 3572 collegium
1403 3489 1786 3568 daemonum,
1858 3487 2203 3555 ministerio
2258 3511 2526 3574 quorum
2589 3494 2749 3574 ﬁunt
2814 3498 3164 3577 praestigia
3229 3500 3314 3561 ad
3375 3502 3650 3567 homines

398 3626 782 3691 illudendos.
810 3627 909 3687 'De
958 3643 1169 3688 eorum
1219 3627 1537 3689 consortio
1586 3624 1680 3688 vel
1730 3635 2036 3690 conventu
2074 3631 2253 3688 erunt
2314 3624 2438 3702 illi,
2475 3627 2586 3709 qui
2636 3630 3005 3710 praestigiis
3051 3640 3109 3715 et
3153 3631 3650 3700 divinationibus

399 3759 781 3827 intendunt;
811 3754 1099 3819 ordinate
1128 3764 1332 3819 autem
1358 3755 1751 3837 praedictum
1781 3757 2063 3819 insinuat
2101 3752 2352 3837 primus
2386 3754 2697 3819 articulus
2745 3758 3211 3842 descriptionis,
3243 3783 3381 3826 cum
3413 3765 3653 3832 dicitur

398 3908 514 3951 nec
568 3887 807 3968 legibus
868 3903 1224 3948 occurrens.
1283 3885 1602 3949 Praedicti
1655 3896 1858 3948 autem
1916 3883 2121 3965 angeli
2191 3904 2301 3947 nec
2356 3884 2592 3966 legibus
2657 3897 3027 3966 occurrunt,
3090 3895 3321 3978 quippe
3382 3910 3651 3981 propter

405 4017 622 4096 legem,
656 4034 764 4078 nec
808 4013 1005 4075 multa
1039 4012 1348 4076 miracula
1372 4015 1639 4096 faciunt.
1669 4014 1832 4077 Sunt
1868 4022 1921 4075 et
1960 4012 2076 4075 alii
2115 4011 2344 4093 angeli,
2386 4013 2496 4093 qui
2527 4014 2641 4077 hoc
2697 4025 3064 4097 acceperunt
3126 4020 3193 4081 in
3244 4041 3509 4086 munere.
3548 4027 3647 4090 Ad

406 4143 761 4222 marginem
796 4141 1182 4223 adscriptum
1220 4141 1490 4222 legitur:
1529 4142 1733 4224 deﬁcit
1761 4142 2027 4225 aliquid.
2061 4140 2068 4147 ’

488 4293 759 4374 Reliqua
790 4309 933 4373 pars
965 4290 1076 4355 fol.
1107 4291 1213 4366 Ωιι,
1245 4293 1279 4353 1
1317 4291 1552 4371 legitur
1596 4292 1787 4355 rebus
1845 4291 2087 4355 nullius
2149 4293 2489 4369 momenti,
2525 4311 2560 4357 a
2598 4295 2940 4360 recentiori
2988 4314 3180 4363 manu
3224 4303 3460 4383 pallido
3490 4314 3655 4374 atra-
3691 4285 3696 4289 ’

407 4429 631 4487 mento
677 4420 956 4501 pessime
994 4418 1270 4484 exaratis
1301 4442 1319 4495 ;
1352 4419 1463 4484 t'ol.
1516 4421 1619 4495 2h,
1649 4422 1690 4483 2
1736 4418 1923 4483 dictis
1952 4421 2318 4502 Augustini,
2348 4424 2688 4489 recentiori
2725 4425 2851 4490 alia
2897 4445 3090 4494 manu
3124 4439 3475 4500 atramento
3498 4441 3654 4503 satis

407 4551 598 4631 nigro
628 4549 862 4613 melius
891 4547 1168 4630 scriptis.

490 4747 553 4809 Ε.
590 4744 703 4809 fol.
731 4745 1088 4818 25,1—52,
1109 4746 1142 4808 1
1170 4744 1434 4809 Joannis
1460 4745 1753 4811 Saraceni
1790 4737 1952 4809 liber
1975 4746 2055 4810 de
2085 4747 2326 4810 divinis
2357 4745 2753 4810 nominibus.
2788 4748 3021 4830 Incipit
3055 4769 3087 4815 a
3115 4754 3300 4818 titulo
3332 4758 3598 4824 miniata
3628 4783 3643 4822 :

408 4866 653 4945 Incipit
673 4864 832 4926 liber
854 4865 1099 4945 primus
1128 4864 1201 4926 de
1233 4864 1467 4928 divinis
1509 4865 1885 4928 nominibus.
1912 4865 2064 4947 Cap.
2090 4866 2147 4929 1.
2211 4865 2524 4946 Prologus
2581 4867 2848 4931 Joannis
2881 4870 3178 4935 Saraceni
3221 4873 3307 4937 ad
3357 4876 3650 4949 Odonem.

407 4991 618 5051 sancti
646 4989 937 5069 Dionysii
964 4989 1359 5053 reverendum
1385 4991 1685 5066 abbatem,
1722 4994 1791 5054 in
1828 4992 2025 5057 libros
2057 4993 2222 5056 beati
2241 4996 2533 5075 Dionysii
2579 4997 2993 5079 Areopagitae
3020 5000 3094 5063 de
3122 5000 3361 5067 divinis
3384 5009 3655 5069 nomini-

409 5118 555 5191 bus,
585 5125 648 5180 et
682 5116 961 5180 orditur:
992 5118 1232 5182 Memor
1261 5120 1529 5201 hospitii
1557 5129 1614 5183 et
1646 5141 1809 5185 meae
1849 5124 2206 5204 sponsionis
2240 5123 2354 5189 diu
2418 5125 2634 5188 literas
2688 5138 2926 5192 vestrae
2961 5133 3366 5199 sublimitatis
3420 5156 3671 5218 exspec-

415 5248 573 5321 tavi,
615 5265 770 5328 quas
798 5245 1090 5327 quoniam
1145 5247 1363 5310 multis
1422 5248 1494 5311 de
1543 5252 1750 5314 causis
1788 5270 1915 5314 non
1968 5253 2205 5316 misisse
2256 5257 2545 5334 potestis,
2600 5260 2927 5337 sponsioni
2996 5282 3158 5327 meae
3206 5267 3482 5348 satisfeci
3534 5280 3656 5334 cet.

418 5380 671 5442 Finitur
708 5376 955 5441 verbis:
1075 5356 1457 5440 tradidimus
1485 5364 1542 5441 et
1576 5379 1915 5461 trademus,
1951 5385 2113 5446 sicut
2147 5383 2396 5466 quidem
2440 5393 2498 5446 et
2541 5404 2657 5448 nos
2701 5408 2913 5451 sumus
2945 5394 3315 5474 sufﬁcientes
3345 5397 3571 5476 dicere,
3604 5414 3658 5462 ιι

419 5504 645 5584 quibus
678 5503 920 5567 dicitur
950 5507 1172 5569 audire
1202 5514 1258 5569 et
1278 5508 1462 5583 nihil,
1500 5510 1838 5576 traditioni
1884 5514 2188 5577 iniuriam
2226 5515 2542 5597 facientes,
2570 5517 2699 5579 nisi
2738 5520 3008 5599 forsitan
3062 5522 3146 5584 ad
3190 5526 3660 5610 intelligentiam

418 5641 527 5694 aut
558 5635 1014 5714 expositionem
1050 5636 1331 5717 ipsorum
1370 5639 1782 5729 inﬁrmemur:
1815 5646 1921 5710 sed
1958 5648 2070 5715 hae
2093 5649 2358 5731 quidem,
2396 5648 2667 5729 qualiter
2700 5649 2822 5710 Deo
2856 5651 2973 5713 erit
3020 5655 3306 5732 amicum,
3346 5660 3434 5721 ita
3462 5670 3515 5721 et
3537 5660 3650 5721 ha-
