3952 6152
344 252 413 297 ’Π
1752 248 2172 309 PROOEMIUM.

363 382 625 446 beantur
650 394 703 447 et
741 386 1059 463 dicantur,
1086 397 1140 450 et
1176 390 1264 449 sic
1294 360 1534 468 quidem
1572 387 1687 448 iste
1708 388 2214 467 intelligibilibus
2247 391 2359 452 Dei
2385 392 2918 455 nominationibus
2945 394 3277 457 secundum
3296 416 3410 460 nos
3432 402 3603 480 ﬁnis.

362 541 463 601 Ad
485 523 886 619 symbolicam
919 554 1119 608 autem
1147 543 1521 624 theologiam
1573 541 1726 605 duce
1768 544 1889 606 Deo
1948 533 2378 608 transibimus.
2412 547 2686 625 Margini
2747 548 2936 610 verba
2974 546 3238 610 miniata
3291 553 3606 633 adscripta

358 680 552 735 sunt:
587 675 878 754 Dionysii
910 676 1321 753 Areopagitae
1346 673 1502 735 liber
1537 671 1609 734 de
1632 671 1866 734 divinis
1885 673 2242 734 nominibus
2279 673 2564 751 explicit.

436 797 631 861 5.1'01.
657 799 799 870 152,1
822 797 1064 870 -Ιι3,2
1088 795 1562 877 Ejusdemliber
1583 795 1661 858 de
1684 796 1949 875 mystica
1970 796 2312 875 theologia.
2339 798 2571 876 Incipit
2592 816 2623 860 a
2644 797 2827 860 titulo
2852 797 3117 861 miniato
3134 800 3211 860 ad
3244 799 3595 879 marginem

356 924 715 1004 adscripta:
747 927 986 1006 Incipit
1034 925 1347 1007 prologus
1377 924 1644 1007 ejusdem
1685 926 1958 988 Joannis
2004 928 2302 991 Saraceni
2344 929 2427 990 ad
2462 912 2712 991 eunde‘m
2751 928 3023 991 Odonem
3062 931 3266 991 sancti
3311 931 3604 1009 Dionysii

344 1056 625 1119 abbatem
644 1059 712 1119 in
734 1056 966 1120 librum
986 1059 1058 1119 de
1078 1058 1337 1138 mystica
1365 1057 1699 1138 theologia,
1722 1067 1785 1122 et
1816 1058 2065 1121 orditur
2086 1079 2120 1122 a
2144 1050 2355 1123 verbis
2380 1082 2395 1121 :
2428 1061 2587 1122 Ante
2612 1061 2933 1140 mysticam
2954 1059 3328 1140 theologiam
3356 1028 3600 1138 symbo-

344 1184 475 1249 lica
516 1184 829 1268 theologia
861 1195 1011 1249 esset
1046 1185 1494 1268 transferenda.
1519 1186 1678 1250 Nam
1705 1196 1826 1250 cet.
1860 1186 2110 1249 Finitur
2150 1187 2361 1251 verbis
2387 1210 2400 1249 :
2434 1188 2741 1264 Quoniam
2775 1196 2831 1247 et
2861 1205 3049 1266 super
3074 1204 3306 1247 omnem
3330 1187 3599 1265 positios

344 1333 484 1376 nem
503 1324 590 1377 est
615 1319 888 1397 perfecta
917 1325 972 1378 et
1007 1318 1186 1378 unita
1218 1317 1490 1378 omnium
1515 1335 1724 1389 causa,
1762 1325 1815 1377 et
1849 1335 2038 1396 super
2067 1336 2298 1379 omnem
2323 1317 2693 1378 oblationem
2725 1337 3007 1379 excessus
3036 1317 3111 1378 ab
3150 1318 3433 1380 omnibus
3452 1320 3599 1380 sime

346 1448 605 1528 pliciter
627 1448 902 1511 absoluti
922 1456 976 1510 et
996 1467 1192 1528 supra
1220 1456 1375 1510 tota.
1393 1447 1682 1527 Explicit
1703 1446 1861 1509 liber
1886 1449 2095 1526 magni
2121 1448 2536 1527 Areopagitae
2564 1447 2856 1526 Dionysii
2875 1446 2947 1508 de
2967 1450 3229 1528 mystica
3257 1449 3590 1529 theologia.

437 1582 499 1641 6.
527 1579 640 1641 fol.
670 1579 823 1654 53,2
848 1617 889 1624 —
918 1579 1077 1655 h8,2
1104 1579 1330 1642 Versio
1366 1577 1801 1658 epistolarum.
1829 1577 2059 1657 Incipit
2080 1596 2117 1641 a
2142 1578 2323 1641 tittth
2348 1577 2617 1657 margini
2642 1577 2960 1656 adscripto
2980 1598 2994 1638 :
3018 1577 3344 1658 Incipiunt
3367 1581 3598 1658 episto-

352 1709 464 1772 ὼε.
496 1709 788 1790 Epistola
813 1710 1020 1790 prima
1048 1709 1205 1792 Gajo
1237 1710 1556 1785 monacho,
1589 1718 1654 1774 et
1678 1710 1926 1773 orditur
1957 1729 1991 1775 a
2015 1711 2224 1773 verbis
2250 1733 2265 1772 :
2304 1711 2611 1773 Tenebrae
2641 1710 3043 1773 occultantur
3068 1710 3297 1772 lumine
3317 1720 3374 1770 et
3394 1711 3591 1792 magis

347 1842 542 1904 multo
574 1843 836 1914 lumine;
868 1845 1289 1927 ignorantiam
1321 1844 1636 1907 occultant
1667 1845 2050 1925 cognitiones
2107 1853 2162 1907 et
2198 1847 2394 1926 magis
2456 1845 2688 1907 multae
2727 1844 3155 1924 cognitiones:
3210 1847 3356 1908 haec
3387 1866 3595 1910 exces-

348 1976 495 2051 sive,
523 1976 628 2038 sed
674 1997 801 2039 non
843 1975 1176 2037 secundum
1225 1975 1647 2055 privationem
1692 1982 1812 2038 cet.
1859 1976 2112 2038 Finitur
2161 1976 2382 2039 ultima
2446 1975 2718 2056 epistola
2776 1975 2988 2038 verbis
3032 1997 3048 2035 :
3090 1977 3332 2056 Dignus
3384 1987 3586 2039 autem

349 2103 638 2168 credendi
663 2123 799 2166 sum
834 2105 1083 2167 omnino
1110 2105 1517 2185 praecognita
1553 2105 1692 2179 tibi,
1727 2112 1781 2167 et
1825 2105 2064 2168 discens
2095 2127 2170 2168 ea:
2192 2109 2340 2182 Deo,
2375 2114 2428 2167 et
2472 2106 2703 2181 dicens,
2735 2107 2885 2187 quia
2921 2115 2975 2167 et
3018 2126 3057 2166 a
3100 2106 3410 2181 custodia,
3442 2127 3597 2188 quae

346 2242 434 2298 est
454 2235 522 2298 in
547 2234 833 2312 Pathmo,
856 2231 1214 2309 dimitteris,
1243 2241 1298 2295 et
1331 2232 1414 2295 ad
1440 2242 1670 2297 terram
1687 2236 1873 2299 Asiae
1888 2237 2240 2313 reverteris,
2264 2244 2320 2299 et
2339 2237 2528 2308 facies
2541 2236 2631 2299 ibi
2651 2237 3055 2311 imitationes,
3080 2243 3136 2297 et
3161 2235 3261 2297 his
3289 2235 3595 2317 quierunt

346 2376 493 2447 post
524 2374 604 2441 te,
635 2365 865 2431 trades.
899 2366 1212 2448 Emplicit.

424 2493 485 2551 7.
509 2490 617 2555 fol.
655 2492 755 2563 49,
774 2493 802 2551 1
820 2491 1004 2563 -95,
1022 2492 1061 2551 2
1080 2491 1519 2554 JoannisScoti
1547 2493 2005 2571 expositiones.
2034 2497 2358 2574 Incipiunt
2391 2515 2423 2559 a
2453 2496 2638 2559 titulo
2663 2496 2927 2559 miniato
2952 2517 2966 2555 :
2992 2494 3317 2576 Incipiunt
3341 2497 3592 2576 exposi-

350 2619 548 2679 tiones
576 2618 845 2679 Joannis
878 2619 1057 2680 Scoti
1078 2638 1264 2698 super
1282 2620 1632 2682 Ierarchias
1667 2624 1870 2683 sancti
1894 2624 2207 2703 Dionysii,
2247 2634 2305 2688 et
2333 2626 2676 2688 ordiuntur
2712 2641 2745 2686 a
2782 2625 3267 2690 verbis:Sancti
3303 2629 3589 2709 Dionysii

346 2746 763 2824 Areopagitae
788 2746 1033 2825 primus
1053 2746 1208 2808 liber
1242 2754 1361 2811 cet.
1385 2748 1729 2812 Finiuntur
1754 2752 1963 2815 verbis
1989 2774 2004 2814 :
2037 2760 2094 2814 et
2125 2772 2251 2814 non
2270 2754 2398 2816 nisi
2419 2754 2486 2816 in
2514 2755 2744 2816 animo.
2769 2755 2906 2816 Hae
2930 2754 3124 2832 igitur
3145 2757 3581 2836 expositiones

345 2883 494 2938 sunt
522 2875 796 2939 nitidius
823 2877 1248 2958 aliquantum,
1280 2898 1471 2960 quam
1506 2890 1753 2947 ceterae
1789 2886 2025 2948 codicis
2059 2894 2294 2967 partes,
2319 2888 2615 2968 scriptae.
2646 2886 2843 2949 Tituli
2868 2893 3018 2950 sunt
3048 2886 3322 2961 miniati,
3347 2893 3407 2949 et
3442 2905 3588 2949 ver-

344 3006 548 3069 sionis
572 3004 759 3069 verba
788 3006 855 3068 in
903 3008 1108 3087 primo
1143 3009 1350 3090 capite
1386 3009 1548 3075 linea
1584 3013 1865 3088 miniata,
1894 3015 1959 3075 in
1989 3015 2219 3078 ceteris
2252 3014 2570 3095 capitibus
2602 3016 2768 3079 linea
2800 3006 3154 3078 atramento
3186 3015 3369 3093 nigro
3397 3014 3585 3080 ducta

340 3139 676 3218 insigniti:
715 3139 885 3200 idem
922 3138 1002 3201 de
1038 3138 1311 3217 singulis
1342 3156 1603 3221 quoque
1640 3143 1956 3205 versionis
2020 3144 2254 3218 verbis,
2289 3145 2342 3206 si
2400 3152 2800 3224 repetuntur,
2844 3144 3028 3207 valet.
3064 3147 3298 3209 Graeca
3351 3146 3541 3209 verba
3567 3193 3585 3222 ,

343 3285 508 3346 quae
539 3272 908 3341 occurrunt,
941 3273 1091 3328 sunt
1136 3266 1552 3331 vitiosissime
1605 3271 1861 3352 scripta.
1896 3274 1994 3335 Ab
2027 3274 2145 3337 alia
2184 3273 2381 3338 seculi
2414 3272 2585 3348 XIV,
2620 3282 2690 3338 ut
2720 3275 2971 3356 Opinor,
3018 3293 3234 3349 manu,
3270 3293 3462 3356 quam
3500 3278 3585 3337 Β*

342 3397 673 3475 insignivi,
721 3396 1033 3475 scriptura
1086 3414 1276 3476 saepe
1324 3399 1600 3462 radendo
1634 3401 1726 3462 vel
1761 3403 2140 3482 corrigendo
2174 3405 2241 3466 in
2294 3404 2431 3484 ipsa
2490 3410 2702 3467 textus
2745 3402 2936 3479 linea,
2978 3403 3074 3466 vel
3127 3421 3321 3484 supra
3351 3406 3586 3468 adscri-

350 3532 562 3595 bendo
578 3539 812 3594 mutata
831 3535 950 3602 est,
969 3545 1085 3590 nec
1100 3546 1292 3608 pauca
1307 3530 1380 3591 ad
1406 3532 1758 3610 marginem
1776 3534 2089 3615 adscripta
2104 3542 2277 3600 sunt.
2295 3537 2506 3600 Tertia
2523 3536 2834 3618 quaedam
2849 3551 3101 3608 manus,
3121 3534 3365 3614 primae
3384 3542 3587 3599 aetate

338 3652 474 3717 fere
504 3670 762 3732 supper,
796 3668 986 3731 quam
1027 3651 1149 3710 B"
1186 3651 1670 3729 insignivimus,
1706 3672 2171 3735 nonnunquam
2206 3658 2393 3719 verba
2416 3657 2725 3738 quaedam
2756 3655 2832 3717 ad
2856 3652 3213 3732 marginem
3247 3654 3583 3734 adscripsit

337 3782 689 3839 atramento
710 3770 1103 3853 aliquantum
1127 3770 1484 3850 pallidiore.
1502 3773 1660 3834 Raro
1692 3773 1879 3836 etiam
1911 3775 2232 3837 recentior
2268 3790 2494 3837 manus
2529 3773 2605 3834 ad
2629 3770 2981 3849 marginem
3007 3771 3369 3850 adscripsit,
3392 3789 3583 3853 quam

336 3893 797 3977 insignivimus
862 3908 985 3955 rec.
1043 3910 1123 3953 m.
1159 3893 1221 3955 Si
1272 3893 1475 3973 prima
1508 3911 1737 3958 manus
1784 3895 1921 3972 ipsa
1961 3895 2318 3959 correxisse
2358 3893 2717 3965 videbatur,
2753 3890 2817 3953 id
2866 3891 3229 3953 notavimus
3273 3909 3441 3953 corr.
3506 3892 3580 3968 Β,

336 4016 697 4083 Notandum
738 4016 1024 4094 insuper,
1054 4012 1227 4076 foliis
1256 4017 1357 4087 71,
1395 4017 1459 4077 2.
1487 4016 1591 4090 72,
1619 4014 1681 4077 2.
1712 4016 1814 4089 73,
1852 4017 1912 4077 2.
1944 4016 2048 4089 Ἧι,
2078 4016 2139 4078 2.
2164 4017 2265 4089 75,
2301 4016 2363 4078 2.
2386 4015 2489 4089 77,
2512 4012 2573 4073 2.
2599 4012 2702 4088 78,
2732 4012 2793 4072 2.
2830 4009 2932 4084 83,
2954 4011 3013 4071 2.
3038 4009 3138 4083 8’s,
3171 4010 3230 4071 2.
3270 4009 3372 4083 85,
3396 4012 3455 4071 2.
3479 4010 3583 4086 87,

341 4144 401 4206 2.
439 4145 544 4219 89,
570 4144 632 4205 2.
655 4143 758 4213 90,
780 4141 841 4201 2.
865 4140 966 4211 91,
990 4138 1052 4200 2.
1083 4135 1183 4206 95,
1211 4134 1252 4193 2
1284 4132 1350 4194 in
1376 4139 1658 4196 extrema
1689 4133 2094 4196 membranae
2118 4133 2482 4196 summitate
2510 4149 2612 4194 res
2645 4129 2953 4210 quasdam
2983 4128 3225 4193 nullius
3275 4131 3581 4193 momenti

335 4282 477 4328 esse
498 4263 871 4341 adscriptas.
894 4260 1224 4320 Praeterea
1256 4254 1321 4314 in
1348 4252 1681 4316 nonnullis
1703 4251 1878 4316 foliis
1902 4254 2217 4317 recentior
2245 4270 2474 4316 manus
2503 4252 2703 4315 seculi
2730 4253 2846 4312 XV
2873 4251 2967 4313 vel
3002 4251 3170 4325 XVI,
3198 4251 3347 4314 stilo
3369 4269 3576 4315 cerus-

336 4390 472 4447 sata
505 4382 705 4445 multa
727 4380 1065 4459 adscripsit
1096 4396 1161 4441 in
1193 4377 1502 4457 margine,
1525 4394 1692 4457 quae
1727 4385 1941 4440 tamen
1980 4378 2065 4440 ita
2094 4385 2244 4440 sunt
2268 4377 2623 4448 obliterata,
2660 4383 2729 4439 ut
2756 4374 2881 4453 legi
2913 4375 3188 4455 amplius
3232 4383 3576 4457 nequeant.

419 4505 679 4584 Reliqua
716 4519 861 4582 pars
914 4500 1026 4562 fol.
1064 4501 1162 4575 95,
1196 4500 1236 4560 2
1270 4505 1328 4560 et
1363 4496 1473 4561 fol.
1511 4497 1589 4559 96
1622 4498 1812 4560 rebus
1839 4499 2009 4560 lectu
2046 4498 2439 4561 difﬁcillimis
2476 4497 2851 4580 nulliusque
2877 4503 3187 4564 momenti
3218 4503 3478 4581 tegitur.

416 4630 655 4697 Restat,
689 4632 758 4685 ut
781 4636 1182 4694 moneamus,
1214 4618 1292 4680 ad
1322 4619 1482 4683 illud
1508 4619 1827 4683 versionis
1854 4618 2310 4697 fragmentum,
2335 4618 2510 4699 quod
2545 4617 2657 4681 fol.
2695 4618 3024 4693 1,ι-1ι,2
3050 4624 3288 4686 codicis
3319 4625 3583 4703 legitur,

332 4756 444 4810 aut
473 4746 695 4810 eadem
725 4751 831 4807 aut
862 4741 986 4806 alia
1013 4738 1274 4819 suppari
1306 4755 1497 4800 manu
1527 4737 1731 4801 literis
1762 4737 2215 4801 minutissimis
2238 4738 2585 4820 fragmenta
2611 4735 2880 4797 Joannis
2905 4735 3085 4799 Scoti
3115 4739 3583 4817 expositionum

335 4872 399 4932 in
429 4868 739 4932 caelestem
759 4863 1140 4928 Ierarchiam
1162 4862 1238 4924 ad
1261 4861 1615 4940 marginem
1639 4860 1954 4940 adscripta
1977 4877 2142 4924 esse.
2164 4860 2342 4934 Quae
2367 4860 2486 4924 etsi
2513 4852 2853 4924 maximam
2881 4870 3117 4945 partem
3142 4860 3209 4922 in
3231 4859 3585 4939 expositio-

330 4992 549 5065 nibus,
574 5008 733 5071 quas
766 4990 1111 5063 edidimus,
1144 4989 1309 5052 infra
1340 4989 1671 5068 leguntur,
1687 4992 1905 5049 tamen
1939 4984 2280 5066 capitibus,
2310 4986 2387 5049 ad
2416 5002 2583 5066 quae
2613 4984 2960 5065 pertinent,
2985 4978 3303 5045 adnotatis
3327 4978 3583 5057 singula

331 5113 583 5189 ordine,
618 5127 750 5191 quo
788 5111 854 5172 in
886 5112 1105 5174 codice
1137 5118 1382 5185 extant,
1419 5110 1527 5173 hic
1586 5106 1965 5189 peoferenda
2002 5124 2146 5171 esse
2202 5106 2534 5171 duximus.
2583 5107 3074 5173 Columnarum,
3124 5100 3367 5183 quibus
3415 5097 3579 5162 infra

331 5238 702 5304 occurrunt,
736 5248 1078 5294 numerum
1118 5228 1455 5309 subjunxi.

399 5424 525 5478 Cn.
562 5418 647 5475 ιω.
685 5419 894 5475 Scotus.
944 5410 1223 5484 Quomodo
1256 5407 1888 5484 intellectnsessentiae,
1914 5410 2054 5484 ratio
2082 5408 2508 5484 virtutiLsensus
2547 5407 2779 5484 interior
2815 5408 3118 5484 oper-edoni
3151 5407 3585 5484 gdunetuanee

330 5476 437 5551 non
462 5476 600 5548 duae
626 5490 894 5545 trinitate:
928 5476 1162 5542 liminis
1192 5489 1248 5534 et
1275 5481 1470 5549 angeli.
1501 5478 1599 5537 sed
1621 5496 1726 5551 una
1750 5480 1842 5551 sit,
1870 5476 1931 5535 in
1957 5480 2097 5537 libro
2130 5481 2243 5551 peri
2272 5479 2594 5551 ﬁsion_satis
2622 5476 2886 5551 aperitur.
2927 5477 3057 5533 Vide
3082 5478 3224 5547 infra
3254 5477 3354 5532 col.
3382 5476 3511 5533 230.

402 5563 531 5619 Car.
565 5557 703 5613 XIII.
741 5555 1077 5627 Apologiam,
1109 5551 1251 5627 quod
1278 5548 1665 5627 interpretatur
1688 5548 1932 5627 defensio
1964 5552 2048 5606 vel
2074 5549 2394 5627 satisfactio.
2425 5548 2581 5619 Intra
2614 5548 2867 5627 causas.

400 5615 642 5700 iner
673 5628 740 5684 de
768 5615 890 5684 n'ive
908 5615 963 5683 ἔι
995 5615 1184 5697 glacie,
1216 5635 1353 5690 quae
1386 5615 1537 5694 piius
1564 5620 1926 5689 resolvuntur,
1957 5634 2119 5692 quam
2156 5621 2210 5676 in
2246 5619 2326 5676 eis
2357 5615 2613 5692 appareat
2643 5620 2917 5684 calidius,
2944 5615 3031 5671 vel
3068 5616 3202 5674 tales
3240 5616 3588 5673 substantias
