4002 6148
1760 279 2192 338 PROOEMIUMZ.
3515 301 3589 338 νη

348 419 515 482 Scoti
571 416 936 480 versionem
981 431 1245 495 operum
1299 413 1879 492 Pseudo-Dionysii
1945 414 2252 490 integram
2316 417 2621 491 continet,
2674 415 3016 492 Prologum
3063 412 3243 475 illum
3301 413 3466 475 libro
3515 416 3595 474 de

346 541 661 605 Ierarchia
715 539 1146 604 ecclesiastica
1193 538 1544 618 praeﬁxum
1593 538 1872 601 exhibet.
1927 541 1998 600 In
2053 541 2270 604 codice
2329 544 2658 618 Vaticano,
2709 544 2822 623 qui
2864 544 2942 604 de
2988 540 3303 603 Ierarchia
3336 538 3594 600 caelesti

345 659 514 725 libro
569 662 1010 742 expositiones
1069 661 1415 735 variorum,
1476 677 1593 724 nec
1654 675 1785 722 non
1827 661 2094 722 Joannis
2149 663 2341 734 Scoli,
2402 662 2645 723 additas
2693 665 3003 737 continet,
3046 664 3211 725 libro
3269 661 3347 724 de
3397 662 3598 721 Ierar-

343 781 491 843 chia
555 780 986 843 ecclesiastica
1048 779 1218 841 idem
1277 777 1388 840 ille
1445 776 1758 856 Prologus
1817 777 2006 838 initio
2054 776 2320 838 mutilus
2381 777 2769 856 praemissus
2827 785 2943 838 est.
3011 779 3214 839 Etiam
3277 775 3598 838 Parisien-

342 899 435 959 sis
492 897 837 975 Prologum
891 895 1108 958 eidem.
1153 895 1733 973 Pseudo-Dionysii
1787 894 1953 956 libro
2017 897 2364 974 praefixum
2430 897 2642 957 habet.
2710 897 2806 958 Ad
2864 895 3094 955 horum
3151 894 3348 971 igitur
3405 892 3597 953 trium

343 1019 636 1081 codicum
685 1019 874 1080 ﬁdem
920 1017 1041 1078 iste
1090 1011 1407 1091 Prologus
1451 1029 1622 1073 nunc
1662 1013 1934 1090 primum
1974 1013 2041 1073 in
2094 1015 2303 1076 lucem
2354 1014 2585 1093 prodit.
2641 1015 2878 1083 Restat,
2931 1018 3002 1072 ut
3050 1026 3369 1081 moneam,
3410 1009 3598 1070 etiam
3643 1003 3645 1005 ’

351 1135 415 1196 ω
455 1132 674 1195 codice
728 1129 1262 1200 Darmstadiensi,
1307 1128 1459 1191 olim
1513 1126 1887 1191 Coloniensi
1937 1131 2046 1204 30,
2107 1133 2485 1204 membran.,
2520 1132 2721 1194 seculi
2771 1132 2924 1203 XII,
2967 1149 3084 1193 nec
3119 1148 3248 1192 non
3282 1132 3349 1192 in
3380 1131 3600 1193 codice

347 1259 723 1322 Monacensi
777 1241 1078 1320 Otlilonis
1117 1255 1319 1318 seculi
1375 1257 1500 1330 XI,
1552 1256 1667 1335 qui
1721 1256 1885 1318 infra
1943 1259 1970 1332 §
2022 1259 2095 1319 13
2129 1259 2606 1333 describentur,
2664 1260 2919 1338 Prologi
2977 1259 3168 1320 verba
3212 1281 3226 1319 :
3277 1258 3608 1320 Praecum-

344 1381 621 1442 Dentium
668 1380 1093 1461 capitulorum
1143 1376 1491 1438 doctrinam
1543 1384 1663 1440 cet.
1724 1396 1914 1457 usque
1957 1376 2038 1437 ad
2089 1378 2314 1439 iterum
2365 1379 2646 1458 mysterii
2680 1397 2986 1456 synaxeos
3031 1375 3344 1455 exposito,
3383 1372 3600 1434 deinde

355 1500 625 1563 Theoria
647 1499 778 1579 ejus
803 1496 976 1578 (vide
1004 1497 1165 1559 infra
1200 1498 1324 1561 col.
1357 1500 1496 1562 268.
1528 1500 1646 1562 col.
1681 1499 1855 1580 1071)
1889 1499 1954 1560 in
1983 1498 2192 1560 fronte
2217 1499 2361 1560 libri
2390 1499 2468 1562 de
2491 1499 2804 1561 Ierarchia
2827 1499 3255 1562 ecclesiastica
3285 1496 3596 1561 exhiberi.

427 1627 456 1699 §
498 1625 561 1682 7.
607 1623 872 1685 Joannis
925 1623 1092 1686 Scoti
1132 1623 1620 1702 Expositionum
1668 1622 1735 1682 in
1778 1621 2010 1685 librum
2052 1622 2133 1685 de
2173 1622 2410 1684 divinis
2453 1623 2832 1686 Nominibus
2875 1620 3049 1683 nulla
3084 1635 3355 1699 usquam
3403 1617 3602 1678 vesti-

340 1742 450 1820 gia
493 1741 736 1803 inveni.
779 1743 1019 1805 Verum
1057 1743 1195 1823 ejus
1236 1744 1685 1823 Expositiones
1722 1762 1829 1804 seu
1872 1742 2112 1822 glossas
2154 1745 2222 1804 in
2257 1744 2576 1820 mysticam
2621 1743 3020 1822 Theologiam
3063 1740 3593 1818 Pseudo-Diony-

344 1859 430 1918 sii
484 1857 879 1936 deprehendi
938 1857 1005 1918 in
1047 1859 1274 1926 codice
1319 1859 1809 1924 Vindobonensi
1857 1876 1978 1921 ms.
2029 1850 2183 1921 hist.
2234 1860 2462 1924 eccles.
2516 1870 2582 1922 n°
2635 1859 2998 1933 CXXXVI,
3051 1858 3441 1930 membran.,
3498 1874 3599 1917 se-

346 1983 472 2044 culi
517 1983 688 2056 XIV,
738 1981 824 2056 lt',
864 1979 1168 2044 foliorum
1215 1981 1327 2053 51,
1384 1979 1496 2041 ubi
1546 1982 1798 2041 exstant
1849 1975 2286 2057 expositiones
2337 1973 2450 2036 fol.
2509 1975 2696 2036 33-39
2747 1980 2870 2036 tam
2925 1973 3089 2036 male
3147 1978 3479 2043 exaratae,
3533 1978 3601 2031 ut

347 2101 740 2181 permultum
789 2100 1095 2180 temporis
1135 2119 1206 2164 ac
1245 2099 1478 2163 laboris
1527 2099 1596 2160 in
1635 2097 1718 2158 iis
1769 2094 2209 2158 describendis
2254 2101 2448 2174 atque
2495 2093 2885 2158 adornandis
2932 2110 3312 2156 consumere
3365 2093 3600 2154 debue~

348 2230 492 2290 rim.
541 2229 670 2291 Nec
717 2235 928 2292 tamen
981 2237 1239 2306 Operam
1287 2216 1571 2299 perdidi,
1611 2231 1812 2297 quum
1875 2219 2118 2276 textum
2173 2212 2308 2276 fere
2351 2212 2592 2294 ubique
2639 2213 2982 2276 restituere
3028 2210 3188 2274 mihi
3227 2212 3590 2289 contigerit.

346 2344 776 2408 Coutinentur
819 2351 1032 2407 autem
1088 2339 1309 2404 codice
1364 2335 1594 2418 haecce
1635 2354 1652 2395 :

427 2465 562 2528 Fol.
602 2465 704 2525 1-5
734 2441 1172 2544 Indulgentiae
1203 2467 1258 2523 et
1290 2458 1594 2539 reliquiae
1631 2454 2025 2519 ecclesiarum
2067 2453 2244 2516 urbis
2293 2453 2542 2530 Romae,
2585 2453 2696 2518 fol.
2750 2455 2906 2519 ἴεν-19.
2949 2460 3257 2517 tractatus
3308 2449 3598 2531 magistri

345 2587 648 2651 Samuelis
696 2583 1044 2657 Israelitac,
1081 2598 1196 2660 per
1235 2595 1409 2660 quem
1463 2574 1612 2636 dare
1647 2571 1961 2652 probatur
2007 2571 2356 2646 adventum,
2402 2571 2515 2636 fol.
2563 2574 2754 2636 20-22
2789 2573 3110 2636 Clementis
3155 2572 3230 2636 Ρ.
3270 2573 3354 2634 VI
3382 2571 3599 2632 literae

346 2735 538 2797 super
587 2734 746 2776 anno
799 2713 1080 2777 Jubi-laei-
1123 2709 1415 2773 Romanis
1467 2706 1707 2779 missae,
1758 2703 1871 2768 fol.
1926 2699 2114 2768 22-25
2168 2703 2431 2785 epistola
2469 2705 2831 2767 transmissa
2872 2725 2910 2766 α
2947 2705 3238 2796 Lucifero
3295 2702 3502 2783 Papae
3539 2712 3597 2762 et

347 2844 751 2925 Principibus
797 2841 1248 2914 ecclesiasticis,
1293 2837 1415 2905 fol.
1440 2836 1628 2899 21t-26
1683 2835 2116 2898 Precatorium
2164 2837 2470 2916 scriptum
2521 2804 2603 2898 ad
2653 2837 3012 2899 Clementem
3056 2839 3131 2901 P.
3177 2835 3262 2897 VI
3301 2853 3378 2894 ea:
3416 2843 3600 2914 parte

347 2976 600 3036 Domini
615 2935 620 2940 ν
655 2971 978 3037 Ludowici
1030 2971 1441 3051 Imperatoris
1487 2987 1546 3031 a.
1587 2967 1741 3031 1353
1779 2976 1932 3047 sept.
1993 2969 2090 3041 18,
2130 2967 2241 3030 fol.
2285 2969 2479 3030 26-27
2526 2969 2725 3049 Copia
2777 2967 3098 3047 cujusdam
3152 2967 3367 3027 literae
3410 2966 3595 3043 Regis

346 3103 608 3184 Anglice
640 3103 1033 3165 transmissae
1063 3118 1297 3166 summa
1326 3083 1625 3179 Pontiﬁci
1655 3097 1716 3161 ά.
1752 3096 1814 3160 d.
1851 3105 2005 3176 sept.
2047 3115 2209 3158 anno
2243 3098 2419 3177 regni
2462 3097 2765 3158 Franciae
2798 3095 2908 3170 IV,
2939 3092 3134 3178 Regni
3155 3074 3304 3152 vero
3334 3091 3596 3170 Angliae

343 3235 526 3297 XVII
562 3236 803 3313 (extant
833 3231 1002 3312 apud
1039 3229 1482 3312 Raynaldum),
1517 3227 1629 3291 fol.
1677 3229 1877 3289 27-29
1924 3227 2122 3306 Copia
2173 3226 2494 3288 citationis
2551 3223 2817 3287 Tribuni
2869 3222 3044 3284 electi
3094 3241 3208 3303 per
3249 3223 3592 3284 Romanum

341 3365 673 3446 populum,
711 3365 818 3444 qui
847 3363 1065 3425 citavit
1092 3362 1423 3424 Dominum
1452 3357 1876 3433 Ludowicum,
1914 3359 2022 3438 qui
2055 3377 2117 3419 se
2151 3357 2304 3420 dicit
2341 3358 2791 3437 imperatorem,
2831 3362 2884 3414 et
2915 3356 3244 3417 Dominum
3272 3353 3607 3418 Karutum

343 3514 543 3573 regem
594 3492 937 3564 Bohemiae,
988 3498 1043 3553 et
1089 3509 1292 3553 omnes
1326 3490 1648 3571 principes
1703 3496 1757 3549 et
1803 3487 2308 3567 archiepiscopos
2374 3489 2662 3548 electores
2707 3488 2872 3566 regis
2924 3487 3210 3560 Romani,
3257 3487 3366 3550 fol.
3406 3491 3596 3552 29-33

350 3624 664 3702 Prologus
698 3621 996 3702 Sibyllae,
1028 3621 1140 3685 fol.
1177 3622 1365 3686 33-39
1393 3623 1660 3684 Joannis
1686 3621 1860 3683 Scoti
1896 3619 2319 3698 expositiones
2350 3636 2389 3676 a
2435 3616 2616 3678 nobis
2653 3614 2870 3690 editae,
2923 3615 3034 3678 fol.
3075 3617 3258 3679 39-51
3301 3617 3484 3678 Liber
3526 3619 3593 3684 in

343 3779 467 3839 quo
495 3758 892 3820 continentur
918 3751 1104 3814 multi
1135 3750 1466 3814 horribiles
1497 3757 1740 3810 eventus
1779 3748 1847 3809 in
1876 3755 2148 3826 tempore
2182 3745 2544 3825 propinquo
2568 3767 2588 3805 :
2623 3743 2780 3804 Vade
2817 3763 3048 3806 mecum
3077 3745 3142 3806 in
3179 3745 3590 3810 tribulatione

347 3895 576 3948 contra
618 3894 672 3947 et
705 3884 998 3946 adversus
1037 3879 1492 3942 Antichristum
1518 3879 1941 3959 propinquum
1971 3885 2093 3942 cet.
2127 3880 2452 3940 Praeterea
2481 3876 2592 3939 fol.
2627 3877 2807 3938 28-29
2841 3877 3156 3939 insertum
3191 3883 3286 3942 est
3312 3880 3585 3942 Examer.

341 4018 853 4080 Manichaeorum
911 4010 1098 4075 medii
1154 4013 1284 4072 aevi
1343 4011 1514 4074 haud
1566 4010 2034 4091 spernendum,
2097 4011 2270 4091 quod
2321 4010 2462 4073 data
2517 3975 2632 4072 hac
2691 4011 3170 4090 Opportunitate
3207 4009 3278 4074 in
3325 4018 3587 4090 gratiam

347 4154 657 4218 tectorum
699 4147 805 4210 hic
841 4165 876 4211 a
925 4146 1112 4210 nobis
1165 4142 1691 4208 communicatur.
1727 4145 1836 4204 Est
1872 4149 2087 4208 autem
2137 4143 2277 4205 talis
2312 4165 2326 4203 :

1595 4285 1662 4341 In
1695 4287 2076 4342 examinatione
2100 4287 2345 4357 alicujus.

413 4397 658 4468 Primum
690 4397 934 4453 iubeatur
957 4398 1155 4464 iurare,
1182 4396 1576 4468 scilicet,iquod
1605 4395 1724 4468 sine
1749 4397 1896 4450 omni
1926 4396 2135 4468 fallacia
2165 4404 2220 4450 et
2244 4398 2556 4468 deceptione
2587 4407 2644 4454 et
2669 4413 2860 4455 sensus
2885 4398 3270 4468 duplicatione,
3297 4408 3350 4455 et
3385 4415 3584 4456 secuti.

341 4467 474 4520 dum
527 4466 850 4522 intellectum
892 4477 948 4523 et
985 4467 1439 4536 audientiam,iad
1471 4469 1651 4521 omnia
1696 4467 2076 4536 interrogantis
2121 4469 2457 4536 respondeat.
2514 4467 2638 4522 Post
2686 4466 3002 4535 praestitum
3055 4479 3481 4536 sacramentum,
3534 4473 3581 4526 si

342 4482 474 4520 dum
527 4482 850 4522 Intellectum
892 4482 948 4523 et
985 4482 1332 4530 audientiam,
1371 4482 1439 4520 aa
1471 4482 1651 4521 omnia
1696 4482 1898 4520 interro
1939 4482 2076 4520 antia
2121 4482 2457 4532 respondeat.
2514 4482 2638 4522 rost
2686 4482 3002 4535 praestitum
3055 4482 3481 4536 sacramentum,
3534 4482 3580 4526 si

342 4537 593 4608 literatus
617 4546 716 4598 est,
751 4537 1110 4608 interrogetur
1133 4538 1200 4591 de
1223 4535 1467 4608 symbolo
1495 4536 1774 4608 Athanasii
1804 4539 1822 4568 ι
1848 4554 1870 4608 λι
1893 4482 2199 4606 guis-ungue
2223 4535 2329 4588 vult
2351 4555 2369 4588 ι
2396 4551 2494 4606 per
2516 4537 2752 4607 singulos
2775 4553 2963 4595 versus
2985 4549 3040 4594 et
3065 4542 3342 4596 articulos.
3367 4540 3580 4603 Pastea,

341 4607 397 4662 si
426 4607 499 4660 sit
542 4605 786 4678 literatus
828 4606 942 4678 sive
965 4605 1112 4678 'non,
1151 4608 1217 4661 de
1254 4605 1712 4678 subsequentibus
1748 4606 2014 4678 articulis
2035 4605 2409 4678 interrogetur
2438 4608 2532 4669 ita,
2568 4605 2711 4671 cum,
2750 4616 2807 4662 ut
2835 4610 3071 4678 saepius,
3104 4611 3168 4665 de
3207 4611 3364 4664 modo
3393 4622 3445 4664 ct
3477 4610 3507 4663 ti
3536 4619 3582 4664 Ie

343 4676 645 4749 iuramemi
665 4676 970 4749 expressius
998 4677 1348 4749 admoneatur
1361 4693 1390 4749 _:
1421 4675 1608 4730 Credis
1655 4674 1712 4749 in
1747 4676 1934 4749 Deu_m,
1982 4673 2197 4728 Patrem
2237 4673 2676 4749 oinnipotentem,
2732 4688 2786 4732 et
2830 4673 3048 4736 Filium.
3079 4690 3134 4734 et
3164 4679 3423 4749 Spiritum
3455 4695 3585 4734 san-

343 4755 518 4815 ctum,
545 4753 600 4799 et
635 4747 687 4799 in
725 4745 828 4800 hac
865 4745 1125 4801 Trinitate
1164 4761 1328 4799 unum
1360 4745 1549 4808 Deum,
1591 4745 1803 4798 unicum
1833 4745 2140 4815 Creatorem
2170 4759 2291 4798 esse
2328 4745 2461 4799 caeli
2499 4754 2554 4801 et
2593 4757 2789 4808 terrae,
2837 4763 3124 4815 corporum
3169 4745 3223 4802 ei
3257 4765 3580 4808 alllml‘ll'lllll,

344 4814 636 4868 visibilium
673 4829 857 4869 rerum
906 4825 962 4869 et
1006 4815 1374 4879 invisibilium,
1419 4815 1655 4884 omnium
1703 4814 2118 4884 creaturaruth
2164 4815 2374 4879 Credis,
2417 4815 2558 4884 quod
2607 4819 2819 4871 animae
2865 4814 3142 4880 hominum
3195 4833 3298 4872 non
3341 4830 3462 4872 sunt
3503 4819 3580 4872 illi

341 4888 638 4938 daemones
675 4885 988 4958 st__spi_rit_u_s
1022 4884 1260 4958 maligni,
1292 4886 1380 4958 qui
1429 4885 1496 4937 de
1536 4881 1684 4958 c_ie_lo
1715 4882 2062 4958 ceciderunt?
2089 4882 2299 4949 Credis,
2341 4881 2482 4952 quod
2512 4887 2828 4958 daemonum
2870 4888 3046 4942 nullus
3082 4903 3313 4958 unquam
3352 4889 3578 4944 salvebi-

340 4960 663 5032 tunmeque
700 4951 891 5032 aliquis
917 4953 1126 5032 illorum
1155 4951 1458 5032 hominum,
1482 4954 1580 5032 qui
1624 4953 1680 5032 in_
1712 4951 1817 5032 illis
1856 4956 2277 5032 pdCCPIiS.'QII30
2310 4951 2406 5008 uos
2431 4956 2678 5032 catholici
2710 4957 2939 5032 dicimus
2971 4951 3241 5020 mortalia,
3275 4957 3577 5032 decedunt?

337 5020 559 5096 Credis,
583 5022 723 5090 quod
752 5020 963 5096 animae
988 5024 1130 5088 illae,
1159 5038 1292 5092 quas
1316 5020 1834 5096 Christusredemit,
1873 5022 1940 5076 ab
1976 5020 2170 5096 inferis
2210 5038 2391 5078 secum
2423 5028 2565 5079 vexit
2587 5028 2649 5096 in
2679 5026 2905 5090 caelum,
2939 5036 2994 5080 et
3025 5029 3165 5095 quod
3197 5028 3409 5083 animae
3433 5027 3576 5096 Apo-

336 5089 613 5144 stolarum
641 5100 694 5144 et
721 5091 944 5165 aliorum
969 5089 1278 5165 sanctorum
1311 5107 1433 5145 cum
1463 5089 1681 5165 Christo
1717 5100 1941 5160 regnant
1976 5091 2028 5144 in
2060 5094 2229 5165 caelo,
2258 5101 2310 5165 et
2343 5096 2483 5161 quod
2511 5095 2666 5149 nobis
2699 5096 2750 5149 in
2779 5089 2922 5149 terra
2951 5089 3253 5151 viventibus
3278 5089 3575 5165 patrocinii

337 5174 538 5236 parare
565 5163 818 5236 possunt?
847 5161 1052 5236 Credis,
1086 5163 1226 5231 quod
1254 5166 1603 5236 orationese}
1636 5161 2028 5236 eleemosynae,
2059 5176 2191 5229 quas
2214 5163 2234 5192 ⁸
2264 5162 2489 5218 Γειοιιιιιιδ
2518 5180 2616 5233 pro
2646 5165 2890 5223 ﬁdelibus
2912 5168 3201 5236 disiunctis,
3223 5161 3444 5236 prosunt
3474 5167 3585 5220 ei»?

337 5229 554 5292 Credis,
586 5232 723 5298 quod
749 5231 960 5306 ξιιονξιιὶΔ
979 5228 1289 5306 resurgeut?
1319 5229 1379 5282 Et
1407 5243 1512 5297 quo
1526 5231 1547 5282 .l
1574 5228 1666 5306 Ie;
1691 5230 1855 5300 Moysi
1874 5228 1910 5282 'a
1943 5231 2050 5284 Deo
2077 5228 2199 5306 uaga
2223 5241 2324 5299 est,
2354 5241 2417 5306 rt
2441 5228 2544 5287 non
2573 5251 2603 5289 a
2639 5236 2884 5289 diabolo?
2914 5235 3120 5300 Credis,
3139 5228 3278 5306 quod
3304 5237 3583 5305 baptizans

335 5301 830 5374 etverepathilos
862 5300 989 5374 facit
1013 5299 1366 5374 Chrisuanos,
1397 5310 1452 5353 et
1484 5301 1626 5366 quod
1654 5299 1971 5374 baptismus,
2001 5300 2188 5374 quiﬂfit
2215 5302 2452 5369 parvulis
2489 5306 2541 5358 in
2571 5321 2726 5374 aqua,
2756 5320 2863 5359 non
2891 5306 2963 5359 sit
2994 5299 3286 5370 iterau'tlas,
3319 5299 3582 5372 ili-alique

335 5368 640 5446 alio-modo
658 5369 811 5446 quasi
841 5371 1045 5446 meliori
1075 5371 1523 5446 immutandus,et
1553 5369 1696 5446 quod
1727 5369 1880 5446 plene
1907 5381 1958 5421 et
1988 5369 2117 5446 perl'.
2139 5368 2222 5422 cte
2245 5382 2427 5446 potest
2452 5374 2578 5440 ba,.t
2601 5368 2711 5428 iui
2739 5391 2884 5444 parv-
2910 5375 2992 5429 lus
3019 5376 3154 5429 intra
3182 5368 3349 5429 anno.
3381 5368 3584 5429 disc—re-

340 5437 528 5514 tionis,
552 5437 730 5514 ethoc
757 5441 806 5491 iu
836 5437 936 5514 lide
959 5453 994 5508 p
1010 5438 1616 5514 irentumetfcclesiae?
1638 5437 1844 5514 Credis,
1867 5437 2005 5514 quod
2031 5455 2125 5514 per
2139 5437 2533 5514 paenitentiam
2550 5437 2838 5499 remittitur
2860 5446 3174 5514 peccatum?
3203 5444 3413 5510 Credis,
3441 5445 3585 5514 quod

335 5507 461 5558 siue
488 5509 668 5562 cordis
696 5507 1038 5572 contritione,
1062 5511 1170 5563 ori,
1204 5507 1558 5573 confessione,
1581 5508 1759 5578 operis
1784 5510 2150 5565 satisfactione
2172 5527 2277 5565 non
2299 5513 2318 5542 ³
2351 5514 2640 5568 remittitur
2668 5507 2981 5584 pecuum?
3006 5515 3213 5582 Credis,
3240 5531 3346 5586 quo
3366 5522 3378 5568 t
3399 5507 3587 5586 potes.

1616 5619 1866 5674 VARIAE
1902 5620 2298 5679 LECTIONI‘LS.

419 5707 433 5735 '
464 5708 592 5762 (10'.
627 5709 910 5764 Anastasii.
992 5712 1006 5738 '
1035 5710 1159 5766 (ἱρά.
1199 5727 1346 5779 quae.
1427 5712 1447 5739 ³
1477 5727 1576 5765 non
1607 5727 1712 5766 om.
1749 5725 1811 5766 to
1835 5715 1888 5779 '.,
1920 5714 2097 5768 addidi
2126 5730 2188 5771 et
2218 5716 2354 5784 conj.
