3952 6152
341 289 373 328 x
591 309 596 313 -
1743 257 2167 316 PROOEMIUM.

341 382 608 444 dubium
658 398 798 444 esse
843 381 1090 460 nequit.
1133 377 1346 440 Codex
1393 372 1678 436 numeris
1724 372 2025 435 foliorum
2089 377 2264 432 caret
2315 391 2330 429 :
2394 378 2638 434 constat
2675 372 2846 435 foliis
2891 375 2989 438 £8.
3055 378 3245 442 Initio
3308 382 3580 447 mutilus

347 519 465 574 est.
512 514 581 574 In
627 513 798 575 foliis
859 514 1137 577 sedecim
1183 507 1504 590 prioribus
1559 511 1764 568 exstat
1821 501 2242 581 fragmentum
2311 503 2632 581 primum,
2705 504 3172 570 characteribus
3243 513 3444 575 seculi
3515 518 3576 578 Χ

345 643 438 704 vel
462 646 575 718 XI,
601 650 948 708 atramento
989 643 1170 718 nigro
1194 637 1622 720 pulcherrime
1642 643 1971 697 exaratum
2010 653 2024 692 :
2065 632 2291 711 pagina
2313 633 2390 692 23
2411 631 2614 694 lineas
2658 631 2888 695 habere
2910 634 3096 698 solet.
3123 638 3302 701 Folia
3346 642 3573 720 viginti

342 791 495 844 sex,
533 789 698 851 quae
731 777 1130 851 sequuntur,
1190 769 1618 846 fragmentum
1678 765 1948 826 alterum
2012 762 2340 823 exhibent.
2412 763 2462 824 E
2533 761 2770 840 quibus
2831 769 2974 826 octo
3047 764 3257 844 priora
3301 777 3366 832 et
3408 771 3582 848 prior

344 902 568 977 pagina
609 901 758 962 noni
804 875 1154 964 atramento
1199 899 1470 961 multum
1512 895 1850 976 pallidiore
1895 893 2117 956 eadem
2150 911 2340 954 manu
2385 898 2536 955 sunt
2567 902 2853 965 exarata;
2907 903 3111 959 cetera
3153 899 3305 962 folia
3351 903 3575 965 eodem

341 1031 520 1107 nigro
571 1074 587 1100 ,
672 1045 801 1108 quo
870 1026 1298 1105 fragmentum
1391 1025 1695 1105 primum.
1796 1021 1866 1082 In
1969 1022 2197 1100 pagina
2301 1021 2506 1084 lineae
2596 1023 2677 1082 2ῑι
2763 1034 3198 1090 numerantur.
3286 1032 3570 1096 Tertium

335 1156 610 1234 denique
691 1155 1112 1234 fragmentum
1188 1155 1475 1234 quinque
1531 1134 1704 1214 foli-is
1729 1158 2023 1225 ‘constat,
2083 1151 2207 1214 alia
2265 1169 2458 1214 manu
2524 1154 2774 1233 aequali
2822 1156 3057 1220 arctius
3130 1179 3204 1222 ac
3244 1165 3580 1243 negligen-

341 1285 466 1344 tius
514 1284 847 1363 scriptum.
895 1283 964 1344 ln
1010 1283 1236 1362 pagina
1271 1283 1473 1344 lineas
1507 1283 1586 1342 29
1645 1279 1999 1342 numeravi.
2059 1280 2336 1360 Scriptor
2397 1289 2620 1361 quater
2662 1283 2942 1360 integras
2998 1291 3372 1368 sententias,
3417 1313 3584 1376 quas

343 1415 686 1486 omiserat,
747 1413 908 1476 infra
953 1420 1063 1476 aut
1107 1431 1299 1491 supra
1343 1410 1610 1489 margini
1668 1408 2026 1487 adscripsit.
2073 1409 2146 1472 In
2205 1408 2395 1472 altera
2444 1409 2654 1487 quinti
2692 1387 2831 1473 folii
2877 1413 3106 1490 pagina
3149 1413 3584 1496 fragmentum

337 1540 420 1600 ita
465 1541 744 1616 desinit,
795 1549 861 1602 ut
916 1543 1055 1621 ejus
1101 1543 1176 1603 1ο
1215 1546 1464 1604 tantum
1513 1539 1713 1599 lineas
1757 1543 1947 1616 tegat.

415 1667 588 1728 Haec
607 1667 803 1754 igitur
826 1667 940 1728 tria
962 1664 1363 1743 fragmentaa
1391 1634 1474 1724 lli.
1512 1663 1580 1723 F.
1611 1659 1963 1722 Ravaisson
2008 1659 2172 1722 edita
2223 1659 2388 1738 typis
2433 1663 2874 1740 repetivimus.
2919 1665 3136 1731 Codex
3179 1688 3336 1734 vero
3373 1693 3586 1755 quum

339 1809 482 1855 sero
527 1793 591 1862 in
639 1811 865 1857 manus
904 1811 1079 1856 meas
1122 1793 1440 1881 venisset,
1488 1791 1694 1852 varias
1738 1787 2047 1852 lectiones
2089 1788 2571 1868 sententiasque
2630 1789 2910 1869 integras
2968 1794 3046 1856 ab
3097 1794 3208 1858 illo
3261 1797 3599 1874 neglectas.

344 1931 454 1985 aut
508 1924 782 1986 omissas
827 1927 903 1988 ad
981 1926 1218 1989 calcem
1260 1923 1562 1988 editionis
1625 1919 2076 1984 adseribendas
2135 1921 2371 1984 curavi.
2416 1923 2543 1985 Nec
2589 1940 2718 1985 non
2753 1933 3051 2004 quartum
3105 1928 3530 2009 fragmentum
3562 1982 3588 2011 ,

341 2054 509 2132 quod
573 2055 773 2116 aciem
829 2055 1004 2116 illius
1069 2053 1334 2115 omnino
1410 2052 1760 2129 effugerat,
1823 2050 2065 2114 detexi.
2138 2050 2352 2130 Spatio
2423 2052 2596 2116 enim
2665 2055 2866 2117 trium
2931 2056 3240 2125 linearum
3313 2068 3534 2131 relicto
3560 2094 3622 2146 ,-

347 2185 570 2247 eadem
617 2202 847 2246 manus
909 2183 1098 2262 primi
1162 2189 1222 2245 et
1283 2181 1549 2245 alterius
1610 2180 1945 2260 fragmenti
2009 2188 2358 2245 atramento
2427 2184 2692 2263 quidem
2751 2187 3129 2266 pallidiore,
3172 2193 3295 2256 sed
3345 2197 3582 2276 pariter.

344 2313 547 2375 nitide
596 2313 716 2374 hoc
753 2305 1178 2390 fragmentum
1222 2309 1578 2390 subjunxit.
1623 2308 1808 2383 Quod
1853 2307 2010 2388 quin
2055 2305 2343 2387 ejusdem
2389 2310 2829 2372 commentarii
2873 2309 3294 2390 fragmentum
3329 2321 3436 2396 sit,
3472 2325 3579 2386 vix

304 2443 676 2505 dubitaris.
739 2444 950 2516 Quare
1033 2442 1197 2506 hanc
1276 2458 1536 2522 quoque
1607 2438 1980 2520 particulam
2051 2439 2128 2500 ad
2202 2437 2438 2501 calcem
2515 2437 2823 2508 editionis
2895 2433 3270 2510 addendam
3329 2451 3573 2527 putavi.

347 2576 642 2658 Ultimam
703 2576 985 2656 denique
1045 2576 1282 2639 codicis
1339 2572 1631 2655 paginam
1693 2573 1905 2636 tabula
1974 2573 2290 2652 paschalis
2345 2580 2544 2639 tenet.

421 2692 820 2773 QuaprOpter
878 2712 1079 2774 quum
1139 2711 1240 2756 res
1292 2694 1376 2755 ita
1435 2709 1504 2754 se
1566 2691 1888 2764 habeant,
1953 2690 2252 2770 equidem
2313 2691 2632 2772 suspicor,
2673 2697 3070 2776 scriptorem
3109 2703 3374 2776 codicis.
3435 2723 3594 2777 cum,

241 2833 248 2836 '
345 2825 662 2902 coepisset
727 2824 1252 2887 commentarium
1313 2822 1654 2900 diligenter
1715 2820 2118 2894 describere,
2165 2837 2315 2883 mox
2373 2823 2653 2904 suscepti
2711 2832 3071 2904 pertaesum
3130 2831 3240 2894 alii
3312 2834 3376 2896 id
3439 2853 3591 2898 mu--

347 2970 472 3014 nus
509 2951 1024 3032 persequendum
1081 2950 1444 3026 tradidisse,
1493 2949 1605 3012 sed
1657 2948 1734 3012 ad
1795 2948 1971 3012 locos
2018 2949 2098 3011 de
2175 2966 2348 3013 sacra
2409 2967 2608 3014 coena
2679 2953 2946 3032 (Joann.
3031 2958 3153 3036 Vl,
3217 2964 3333 3042 11.)
3379 2983 3584 3046 quum

342 3082 397 3144 is
453 3084 895 3162 pervenisset,
953 3100 1036 3144 ne
1092 3082 1408 3161 ineptias,
1469 3099 1629 3162 quas
1679 3080 1757 3142 de
1809 3081 1906 3144 Ss.
1950 3080 2350 3164 Eucharistia
2402 3083 2681 3147 Joannes
2731 3086 2954 3150 Scotus
3010 3090 3306 3156 docuisse
3341 3093 3592 3173 fertur,‘

341 3214 479 3292 ipse
546 3215 707 3275 tueri
771 3212 1123 3286 videretur,
1186 3212 1449 3274 omnino
1503 3217 1727 3291 coepto
1779 3211 2144 3284 destitisse,
2221 3211 2432 3274 solum
2506 3219 2719 3276 autem
2775 3215 3202 3296 fragmentum
3273 3229 3571 3300 quartum

341 3341 420 3402 de
487 3325 794 3402 sacrificio
851 3343 1086 3404 missae
1146 3341 1210 3402 in
1272 3356 1458 3434 usum
1521 3357 1710 3402 suum
1758 3339 2195 3419 subjunxisse.
2251 3343 2476 3404 Postea
2531 3345 2933 3408 membranae
2987 3347 3362 3424 nonnullae,
3410 3368 3580 3431 qua—

346 3489 482 3533 rum
541 3480 986 3550 argumentum
1044 3472 1255 3552 quoad
1309 3471 1658 3534 doctrinam
1719 3471 1959 3552 pariter
2014 3471 2356 3535 offensioni
2411 3478 2582 3546 erat,
2639 3474 2951 3537 abscissae
3007 3481 3178 3539 sunt.
3236 3477 3378 3551 Quo
3411 3477 3575 3543 facto

342 3621 425 3664 ne
487 3605 666 3682 plura
726 3607 1186 3685 perderentur,
1250 3605 1517 3685 ligatura
1589 3605 1942 3668 recentiore
2015 3611 2272 3667 cautum
2349 3611 2468 3666 est.
2535 3605 2737 3668 Probe
2812 3605 2986 3668 enim
3064 3606 3580 3683 animadvertas,

346 3732 464 3794 hoc
523 3735 662 3812 ipso
723 3734 908 3808 loco,
975 3737 1080 3796 ubi
1139 3735 1292 3798 falsa
1352 3735 1588 3814 peccati
1649 3733 1977 3812 originalis
2040 3725 2323 3795 doctrina
2403 3732 2726 3812 coeperit,
2783 3731 3060 3810 primum
3119 3733 3572 3813 fragmentum,

347 3867 408 3922 et
462 3863 696 3942 Evang.
774 3866 954 3926 Joan.
1009 3865 1116 3938 IV,
1171 3867 1250 3927 28
1305 3864 1574 3927 alterum
1631 3863 1831 3925 finiri.
1911 3865 2126 3924 Restat
2210 3869 2278 3924 ut
2351 3879 2692 3936 moneam,
2747 3863 2812 3924 in
2879 3862 3004 3925 fine
3077 3861 3413 3941 fragmenti
3487 3867 3584 3934 IlI.

313 3992 364 4074 ’ξ
383 3992 540 4054 infra
599 3995 718 4056 col.
789 3997 966 4077 3'47),
1019 4014 1235 4061 vocem
1306 3995 1620 4059 cerebrum
1687 4011 1881 4058 manu
1941 3992 2269 4074 scriptoris
2333 3993 2400 4054 in
2483 3993 2696 4055 locum
2765 3992 3062 4056 vocabuli
3140 3993 3264 4056 rasi
3334 3994 3575 4058 substi-

345 4130 548 4184 tutum
609 4127 905 4188 distincte
979 4126 1125 4203 legi.
1182 4127 1350 4188 Haec
1410 4123 1670 4204 quidem
1733 4121 1812 4184 de
1871 4121 1992 4184 hoc
2049 4121 2510 4183 commentario
2561 4119 2896 4183 sufﬁciant.

423 4254 449 4327 §
498 4253 592 4313 10.
656 4251 1142 4314 Transeundum
1195 4257 1292 4314 est
1344 4249 1420 4311 ad
1481 4247 1925 4326 systematicos
1984 4246 2250 4309 Joannis
2307 4246 2476 4308 Scoti
2542 4246 2766 4311 libros.
2837 4252 2929 4311 Ex
2983 4251 3220 4330 quibus
3274 4251 3414 4325 ille,
3459 4254 3567 4332 qui

345 4347 424 4437 de
464 4376 1032 4442 Praedestinatione
1086 4380 1500 4454 inscribitur,
1559 4377 1767 4458 prodit
1823 4377 1901 4440 ad
1945 4375 2136 4440 fidem
2200 4376 2438 4440 codicis
2495 4378 2874 4441 Parisiensis
2939 4382 3000 4443 S.
3039 4383 3346 4444 Germani
3380 4381 3530 4443 1311a
3555 4427 3585 4458 ,_

343 4486 494 4564 olim
585 4505 746 4574 63's,
795 4509 1183 4584 recognitus.
1255 4509 1365 4570 Est
1420 4514 1632 4570 autem
1685 4506 1886 4570 codex
1944 4507 2472 4570 membranaceus
2533 4509 2735 4572 seculi
2793 4513 2896 4584 X,
2954 4512 3036 4586 Ir,
3091 4513 3293 4576 nitide
3349 4531 3576 4576 exara-

347 4639 489 4706 tus,
542 4641 919 4716 constatque
993 4636 1170 4698 foliis
1238 4638 1381 4699 2οιι.
1458 4638 1756 4700 Servatur
1829 4636 1897 4698 in
1967 4633 2357 4698 bibliotheca
2441 4637 2635 4716 Regia
2716 4637 3003 4699 Parisiis.
3069 4641 3336 4702 Joannis
3407 4643 3572 4706 Scoti

347 4761 506 4824 liber
593 4769 791 4824 exstat
871 4763 982 4825 fol.
1057 4766 1559 4837 96,1-150,2.
1639 4764 1838 4826 Tituli
1906 4763 2186 4844 capitum
2274 4763 2342 4824 in
2422 4764 2640 4827 codice
2724 4764 3065 4844 leguntur;
3149 4769 3329 4832 solus
3394 4771 3586 4848 primi

347 4894 571 4973 capitis
638 4896 863 4958 titulus
939 4896 1360 4960 desideratur.
1418 4899 1732 4960 Numeros
1795 4897 2073 4975 capitum
2138 4896 2453 4960 recentior
2511 4914 2740 4959 manus
2827 4903 3177 4961 atramento
3257 4899 3579 4979 pallidiori

349 5022 614 5085 addidit.
679 5026 941 5088 Librum
1015 5047 1049 5090 e
1117 5028 1340 5090 Codice
1409 5027 1762 5090 Corbeiensi
1836 5026 2235 5088 bibliothecae
2295 5026 2363 5088 S.
2437 5025 2814 5088 Germania
2876 5026 3089 5087 Pratis
3138 5027 3318 5092 solus
3382 5029 3582 5091 edidit

350 5154 691 5232 Mdu-gain,
731 5158 798 5218 in
857 5157 1100 5236 sylloge
1159 5159 1264 5220 cui
1327 5157 1603 5220 titulus:
1665 5157 1940 5218 Veterum
1997 5156 2384 5231 Auctorum,
2439 5158 2550 5236 qui
2608 5158 2709 5219 IX
2753 5157 2958 5219 seculo
3016 5157 3088 5218 de
3146 5157 3582 5220 Praedestina—

352 5286 518 5346 tione
568 5296 626 5349 et
701 5289 926 5351 Gratia
1002 5289 1428 5368 scripserunt,
1511 5305 1700 5367 opera
1779 5294 1832 5348 et
1886 5289 2232 5367 fragmenta
2297 5286 2506 5352 Paris.
2578 5290 2780 5365 1650,
2843 5291 2925 5365 Iv,
2977 5293 3159 5353 Tom.
3227 5290 3284 5360 ι,
3347 5306 3406 5367 p.
3470 5289 3584 5350 109

349 5433 493 5494 sqq.
550 5419 675 5481 Nec
729 5419 1021 5481 absimile
1091 5419 1227 5481 veri
1299 5436 1442 5482 esse
1493 5417 1787 5492 videtur,
1866 5417 2141 5479 eundem
2222 5416 2505 5481 codicem
2581 5435 2764 5509 esse,
2841 5435 2970 5500 quo
3037 5420 3331 5482 utebatur
3397 5419 3574 5478 Mau-

355 5544 615 5621 guiuus.
683 5547 811 5618 Qui
871 5564 1073 5626 quum
1129 5562 1396 5607 munere
1427 5543 1976 5624 negligentissime
2013 5542 2272 5606 functus
2307 5542 2431 5616 sit,’
2461 5542 2538 5606 ad
2592 5543 2832 5608 codicis
2885 5539 3073 5605 ﬁdem
3282 5548 3523 5606 textum

356 5675 822 5752 perpolivimus
859 5693 928 5738 ac
966 5673 1424 5756 rcparavimus.

1898 5748 2012 5761 at...
