3952 6152
1692 317 2113 374 ΡΒΟΟΕΜΙΕΜ.

1973 318 2113 374 lL‘M.
3471 341 3526 384 ι.

361 465 389 535 ς
467 462 561 520 11.
629 459 700 518 ln
763 465 937 518 textu
997 457 1302 516 librorum
1351 453 1421 513 de
1484 451 1790 510 divisione
1859 447 2134 510 Naturae
2192 449 2562 511 adornando
2641 469 2938 530 magnum
3013 452 3529 514 cmendationum

282 595 342 650 et
397 587 730 657 ,variarum
799 585 1149 646 lectionum
1213 602 1246 644 e
1305 582 1524 644 codice
1598 579 1946 641 Parisiensi
2009 577 2473 656 descripturum
2530 587 2944 659 apparatum,
3013 583 3124 660 qui
3188 583 3261 645 ad
3297 581 3530 645 calcem

281 717 590 778 editionis
654 715 975 776 Galeanae
1039 713 1310 791 legitur,
1351 711 1554 772 multo
1587 728 1730 771 cum
1789 709 2000 771 fructu
2058 710 2496 772 adhibuimus.
2533 714 2742 793 Atque
2804 712 2927 774 dici
2997 713 3255 793 nequit,
3295 719 3534 791 quanto

281 845 501 906 labore
535 845 872 906 adornatio
940 844 1130 926 hujus
1191 841 1464 903 intricati
1529 848 1590 902 et
1670 840 1917 918 spinosi
1977 840 2120 900 libri
2198 841 2385 902 nobis
2462 842 2841 902 constiterit.
2899 841 3338 920 lntcrpunctio
3403 844 3536 900 erat

283 985 450 1038 recte
505 976 998 1048 constituenda,
1067 973 1324 1053 plurimi
1378 973 1497 1034 loci
1565 972 1844 1050 corrupti
1902 969 2314 1042 emendandi,
2351 969 2685 1032 verborum
2756 970 3112 1032 sententiae
3194 967 3538 1030 enuclean-

279 1108 422 1169 tlae.
478 1111 552 1168 In
615 1108 857 1188 quibus
927 1104 1229 1165 omnibus
1307 1119 1507 1182 quum
1571 1101 1835 1161 Thomas
1897 1099 2097 1171 Gale,
2175 1099 2288 1179 qui
2348 1099 2592 1178 primus
2659 1117 2806 1161 eum
2885 1097 3118 1159 librum
3198 1097 3397 1158 edidit
3451 1095 3538 1158 ita

279 1235 666 1312 inscriptum
710 1254 723 1292 :
760 1232 1026 1292 Joannis
1058 1229 1232 1290 Seoti
1259 1229 1566 1307 Erigenae
1600 1227 1672 1289 de
1703 1229 2026 1289 Divisione
2060 1228 2339 1290 Naturae
2385 1227 2537 1290 libri
2583 1230 2851 1309 quinque
2883 1228 2993 1288 diu
3037 1226 3387 1288 desiderati.
3421 1228 3540 1288 Ac-

280 1349 442 1408 cedit
482 1348 803 1428 appendix
836 1368 911 1408 ea:
942 1351 1266 1430 Ambiguis
1294 1352 1356 1413 S.
1374 1355 1645 1414 Maximi
1665 1355 1893 1417 Graece
1915 1364 1968 1416 et
1995 1356 2234 1430 Latine,
2256 1357 2496 1417 Oxonii
2528 1357 2704 1426 168i,
2746 1355 2903 1417 nihil
2936 1356 3068 1417 fere
3127 1353 3539 1434 praestiterit,

281 1476 470 1552 alter,
504 1477 615 1559 qui
657 1496 862 1558 nuper
899 1497 1042 1542 eum
1077 1483 1291 1543 denuo
1326 1483 1501 1562 prelo
1533 1484 1729 1557 dedit,
1763 1485 1830 1546 C.
1867 1486 1938 1547 Β.
1971 1485 2279 1557 Schliiter,
2322 1486 2438 1547 hoc
2472 1487 2656 1547 titulo
2691 1507 2705 1545 :
2742 1484 3006 1545 Joannis
3035 1483 3211 1544 Scoti
3239 1481 3544 1560 Erigenae

282 1597 355 1656 de
387 1599 714 1659 Divisione
739 1598 1014 1661 Naturae
1044 1600 1196 1661 libri
1229 1603 1518 1681 quinque.
1553 1602 1771 1664 Editio
1809 1605 2126 1682 recognita
2164 1612 2215 1665 et
2251 1602 2583 1666 emendata.
2609 1605 2981 1666 Monasterii
3015 1603 3544 1683 Guestphalorum

286 1716 465 1787 1838,
495 1719 580 1786 8°,
615 1733 745 1778 non
779 1716 985 1778 solum
1038 1719 1194 1780 nihil
1237 1723 1630 1798 recognovit,
1685 1741 1803 1786 nec
1855 1725 2239 1798 emendavit,
2279 1725 2408 1786 imo
2460 1726 2684 1787 menda
2745 1729 3198 1808 typographica
3249 1728 3448 1796 auxit,
3483 1737 3545 1788 et

286 1846 489 1904 totum
522 1839 704 1900 illum
745 1848 1108 1917 apparatum
1144 1841 1664 1903 emendationum
1700 1843 2146 1922 variarumque
2206 1843 2579 1916 lectionum,
2618 1846 2886 1910 editioni
2925 1849 3191 1930 principi
3229 1849 3541 1919 additum,

288 1961 550 2038 penitus
580 1963 884 2041 neglexit.
922 1963 1106 2036 Quod
1144 1980 1288 2024 cum
1326 1963 1531 2024 cuivis
1569 1963 1675 2025 alii
1715 1965 1958 2024 auctori
1993 1965 2338 2044 Opprobrio
2370 1968 2528 2029 verti
2560 1968 2812 2043 debeat,
2861 1968 2926 2029 in
2993 1967 3325 2030 Schlﬁtero
3371 1984 3428 2026 ν.
3463 1966 3541 2028 cl.

288 2079 727 2140 excusandum
765 2088 883 2153 est,
913 2083 1025 2161 qui
1059 2082 1196 2160 ipse
1225 2080 1558 2142 oculorum
1593 2080 1836 2141 lumine
1869 2080 2151 2160 privatus
2190 2097 2321 2146 non
2367 2083 2492 2146 nisi
2529 2099 2642 2163 per
2672 2083 2830 2144 alios
2861 2080 3072 2141 minus
3107 2079 3344 2157 peritos
3401 2079 3540 2140 edi-

291 2201 528 2264 tionem
563 2222 784 2282 parare
818 2208 1048 2284 potuit.

364 2344 502 2404 Tali
544 2346 746 2422 igitur
770 2349 957 2446 modo
995 2367 1196 2429 quum
1230 2369 1359 2414 non
1413 2350 1798 2414 mediocrem
1831 2367 2088 2431 operam
2125 2370 2473 2434 curamque
2521 2355 2584 2415 in
2624 2353 3012 2417 recensendo
3047 2361 3219 2415 textu
3253 2367 3553 2412 consum-

292 2475 601 2552 psissem,
649 2477 906 2542 Parisiis
956 2483 1205 2546 codices
1257 2491 1560 2564 quattuor
1623 2484 1911 2561 insignes
1973 2483 2265 2545 invenire
2326 2484 2481 2544 mihi
2557 2483 2848 2562 contigit.
2894 2484 3025 2544 Jam
3080 2482 3227 2544 novi
3277 2481 3550 2554 labores,

294 2620 500 2665 novus
549 2606 783 2666 sudorl
831 2608 1158 2672 Premebat
1213 2618 1498 2690 tempus,
1551 2612 1810 2689 urgebat
1842 2612 2206 2690 redemptor
2250 2613 2430 2688 libri,
2459 2614 2780 2676 instabant
2821 2631 3083 2694 Operae,
3123 2608 3553 2688 impediebant

296 2736 540 2812 spinosi
588 2755 658 2799 ac
715 2739 916 2800 vitiati
977 2741 1189 2818 operis
1226 2741 1654 2804 difﬁcultates.
1716 2746 2012 2804 Attamen
2063 2761 2208 2822 spes
2258 2762 2358 2807 me
2409 2751 2612 2818 tenet,
2664 2746 2975 2824 gravioris
3029 2742 3334 2806 momenti
3393 2738 3552 2801 nihil

204 2959 210 2964 _
297 2866 691 2946 diligentiam
744 2889 947 2935 meam
1007 2874 1330 2952 effugisse.
1376 2873 1646 2936 Codices
1705 2882 1918 2936 autem
1963 2875 2109 2937 illos
2150 2877 2390 2938 contuli
2429 2895 2680 2940 omnes.

376 3047 584 3123 Atque
629 3047 873 3126 primus
928 3059 1025 3112 est
1092 3051 1290 3114 codex
1350 3054 1410 3114 S.
1453 3052 1752 3116 Germani
1797 3054 1946 3126 309,
2004 3051 2155 3113 olim
2205 3053 2346 3125 548,
2388 3050 2499 3113 fol.
2549 3051 2722 3131 maj.,
2778 3051 3156 3124 membran.,
3192 3050 3390 3114 seculi
3443 3051 3555 3121 XI,

301 3181 655 3237 atramento
701 3177 881 3254 nigro
945 3179 1374 3257 pulcherrime
1417 3191 1739 3244 exeratus.
1787 3182 2049 3244 Constat
2103 3181 2352 3260 paginis
2401 3179 2540 3240 M7.
2592 3180 2874 3254 Quarum
2919 3179 3140 3242 ultima
3196 3179 3268 3239 ιίι
3317 3185 3559 3272 tantum

299 3302 508 3366 lineas
561 3304 777 3368 habet.
812 3309 1067 3370 Finilur
1111 3311 1320 3372 verbis
1357 3333 1372 3372 :
1419 3311 1639 3388 Qualis
1683 3311 1924 3373 invidia
1969 3311 2272 3371 bonorum
2321 3310 2683 3390 angelorum
2713 3311 2784 3370 de
2817 3310 3015 3371 salute
3043 3310 3297 3371 humani
3325 3309 3562 3387 generis

307 3433 695 3512 intelligitur
721 3479 736 3506 ,
786 3434 974 3516 deque
1023 3439 1152 3515 ejus
1197 3437 1407 3499 reditu
1451 3437 1534 3498 ad
1590 3439 1832 3498 Patrem
1870 3457 2074 3512 suum,
2121 3439 2300 3517 cujus
2334 3438 2743 3524 substantiam
2768 3483 2784 3512 ,
2815 3439 2930 3498 hoc
2967 3447 3053 3499 est
3091 3438 3378 3516 imaginis
3411 3455 3564 3515 gra-

303 3563 452 3619 tiam
502 3563 568 3620 in
613 3563 768 3624 villa
803 3563 1088 3627 mortalis
1131 3565 1319 3647 hujus
1363 3567 1524 3630 vitae
1575 3569 1843 3628 serviens
1892 3565 2142 3628 diabolo
2187 3527 2544 3646 dissipavit.
2592 3567 2754 3630 Vide
2799 3543 2924 3630 lib.
2954 3569 3030 3639 V,
3071 3586 3207 3648 cap.
3256 3570 3367 3641 38,
3404 3567 3563 3630 infra

306 3693 423 3755 col.
477 3695 652 3755 1015.
713 3695 782 3756 In
838 3696 1046 3760 fronte
1085 3700 1326 3778 primae
1391 3701 1659 3778 paginae
1714 3699 1794 3760 ab
1845 3715 1976 3760 uno
2020 3698 2216 3760 latere
2271 3715 2500 3760 manus
2541 3698 2742 3760 seculi
2792 3699 2939 3759 XVI
2992 3697 3247 3778 scripsit
3287 3698 3354 3759 S.
3392 3696 3566 3758 Petri

306 3827 739 3901 Corbeiensis,
787 3829 863 3890 ab
912 3827 1108 3890 altero
1147 3829 1211 3890 in
1255 3830 1654 3890 extremitate
1710 3828 2116 3890 membranae
2168 3846 2394 3890 manus
2431 3828 2633 3891 seculi
2663 3829 2814 3890 XIII
2866 3827 2962 3889 vel
2995 3829 3144 3890 XIV
3180 3827 3390 3890 literis
3441 3831 3568 3891 mi-

310 3959 599 4020 nusculis
629 3979 644 4017 :
679 3959 803 4018 Iste
838 3957 994 4018 liber
1027 3965 1114 4017 est
1140 3966 1472 4019 conventus
1503 3957 1792 4037 Corbejae
1812 3977 1832 4023 ;
1855 3955 1958 4016 sed
1983 3956 2264 4016 monachi
2293 3956 2511 4016 habent
2538 3976 2727 4017 unum
2767 3975 2951 4016 memo
2990 3954 3042 3995 ι·
3075 3976 3194 4036 pro
3235 3957 3354 4017 isto
3394 3955 3557 4016 libro

307 4087 443 4164 peri
468 4085 747 4164 phision,
785 4082 890 4143 sed
943 4101 1070 4144 non
1125 4090 1324 4144 totum
1367 4080 1533 4160 quod
1585 4081 1838 4140 memori
1879 4079 1930 4118 ιε
1956 4101 1975 4139 :
2006 4077 2098 4139 vel
2155 4077 2558 4139 comburatur
2592 4078 2685 4138 vel
2719 4077 3023 4138 reddatur
3049 4075 3360 4137 monachis
3395 4074 3559 4134 beati

319 4213 624 4274 l’incentii
665 4213 730 4272 in
765 4210 1114 4278 Lauduno;
1146 4209 1365 4270 melius
1415 4208 1571 4268 enim
1605 4214 1796 4279 esset,
1842 4214 1909 4266 ut
1966 4205 2182 4277 credo,
2245 4203 2412 4285 quod
2468 4204 2932 4266 combureretur
2981 4212 3244 4284 propter
3293 4205 3564 4264 haereses

315 4337 633 4398 damnatas
665 4354 819 4415 quae
850 4345 994 4395 sunt
1055 4336 1122 4394 in
1156 4353 1246 4394 eo.
1295 4335 1524 4394 Manus
1580 4332 1782 4395 seculi
1811 4333 2013 4404 XVII,
2063 4339 2132 4394 ut
2186 4331 2461 4405 videtur,
2518 4333 2596 4394 ab
2632 4349 2761 4394 una
2798 4340 2974 4412 parte
3015 4333 3289 4393 Joannes
3340 4334 3568 4394 Scotus

319 4466 615 4545 Erigena,
652 4465 728 4526 ab
765 4465 956 4528 altera
991 4467 1192 4528 sancti
1231 4465 1519 4530 Germani
1551 4485 1588 4525 a
1628 4465 1844 4527 Pratis
1877 4465 2127 4545 adjecit.
2180 4463 2396 4527 Codex
2427 4465 2673 4528 Orditur
2703 4483 2736 4526 a
2777 4463 2962 4525 titulo
2995 4463 3258 4526 miniato
3291 4486 3304 4524 :
3336 4465 3570 4543 Incipit

315 4595 553 4674 primus
590 4620 717 4674 περι
750 4619 950 4673 φυσεων
984 4594 1155 4671 Mog.
1204 4594 1394 4674 Saepe
1448 4593 1600 4653 mihi
1655 4593 1960 4671 cogitanti
2001 4599 2123 4654 cet.
2169 4593 2243 4653 In
2297 4593 2580 4671 margine
2636 4593 2740 4655 hic
2776 4593 2906 4655 illic
2940 4592 3186 4671 glossae
3222 4593 3576 4674 deprehen-

317 4725 580 4786 duntur.
637 4726 825 4788 Haud
865 4743 1005 4788 raro
1085 4733 1534 4804 argumentum
1587 4724 1790 4788 literis
1844 4724 2131 4787 miniatis
2182 4725 2454 4803 margini
2515 4727 2900 4806 adscriptum
2943 4733 3061 4788 est.
3129 4724 3339 4804 Idem.
3373 4723 3572 4786 codex

319 4856 695 4918 Parisiensis
727 4858 789 4918 S.
825 4856 1124 4918 Germani
1164 4872 1308 4917 esse
1350 4856 1620 4927 videtur,
1657 4872 1787 4934 quo
1825 4854 2168 4916 utebantur
2216 4857 2437 4916 Petrus
2495 4854 2786 4927 Alixius,
2824 4853 2971 4926 alii,
3001 4872 3036 4916 a
3075 4857 3310 4934 quibus
3368 4853 3570 4914 varias

325 4987 636 5050 lectiones
682 5006 716 5051 e
749 4985 969 5082 codice
1004 4990 1065 5050 S.
1108 4988 1412 5051 Germani
1444 4987 1792 5067 descriptas
1825 4986 2102 5049 Thomas
2143 4987 2298 5049 Gale
2336 4987 2638 5049 obtinuit.
2676 4987 2861 5061 Quod
2899 4988 2952 5049 si
2991 4988 3153 5050 bene
3177 4983 3471 5064 conjicio,
3496 4981 3575 5056 is,

321 5115 430 5193 qui
461 5117 744 5179 codicem
784 5120 1086 5195 contulit,
1125 5138 1392 5183 munere
1455 5121 1609 5183 satis
1648 5120 2043 5198 negligenter
2087 5119 2347 5182 functus
2383 5129 2501 5183 est.
2534 5123 2789 5198 Restat,
2834 5128 2904 5185 ut
2962 5138 3279 5192 moneam,
3313 5119 3377 5180 in
3427 5116 3579 5179 folio

325 5246 654 5310 chartaceo
717 5249 996 5328 praeﬁxo
1034 5268 1291 5312 manum
1342 5251 1761 5312 recentiorem
1791 5295 1807 5324 ,
1851 5251 2017 5313 Petri
2087 5250 2312 5326 Alixii,
2373 5259 2443 5314 ut
2491 5253 2823 5330 suspicor,
2871 5253 3246 5332 scripsisse:
3285 5250 3407 5311 Hic
3437 5267 3583 5308 con-

325 5378 605 5446 tinentur
653 5381 925 5445 Joannis
965 5387 1142 5448 Scoti
1175 5388 1482 5468 It‘rigenae
1516 5416 1638 5471 περι
1681 5415 1883 5466 φυσεων
1927 5388 2076 5449 libri
2135 5407 2338 5449 omnes
2387 5385 2662 5465 exceptis
2706 5385 2786 5445 22
2830 5385 3118 5463 paginis,
3167 5399 3318 5461 quae
3351 5379 3477 5441 alio
3518 5381 3579 5440 in

330 5497 488 5561 libro
514 5505 943 5582 reperiuntur.
971 5511 1174 5584 Quem
1218 5511 1414 5574 alium
1467 5514 1708 5603 librum
1751 5507 2010 5586 innuat,
2040 5513 2162 5575 nisi
2189 5513 2471 5576 codicem
2507 5529 2624 5572 ms.
2665 5510 2726 5572 S.
2757 5509 3055 5572 Germani
3093 5509 3231 5580 830,
3263 5506 3414 5566 olim
3441 5505 3581 5578 tibi),

329 5646 474 5698 mox
519 5632 1058 5710 describendum,
1100 5638 1347 5718 ignoro.

410 5761 581 5823 Alter
633 5775 728 5827 est
764 5766 962 5829 codex
1015 5767 1119 5829 lat.
1175 5769 1330 5831 bibl.
1386 5773 1536 5848 ltcg.
1584 5771 1776 5831 Paris.
1819 5770 2001 5844 176ςί,
2045 5770 2179 5843 fui,
2229 5771 2400 5850 maj.,
2450 5769 2856 5844 membran.,,
2899 5765 3093 5827 seculi
3137 5765 3288 5842 XII,
3334 5765 3581 5825 duabus
