4002 6148
350 254 425 293 ια
822 292 823 299 η
1092 208 1098 214 ’
1751 231 1929 286 meo

822 292 823 299 γ
1092 208 1098 214 ’
1751 231 2172 289 runcanzmt.

354 371 670 434 columnis
707 378 1024 433 exaratus.
1069 370 1363 432 Numeris
1405 369 1702 430 foliorum
1742 376 1932 431 caret.
1970 368 2271 431 Continet
2304 370 2472 435 varia
2512 372 2574 432 S.
2627 372 2984 448 Ambrosii,
3021 374 3309 447 Alcuini,
3358 377 3583 439 Hiero—

352 501 572 579 nymi,
614 500 901 578 Gregorii
963 515 1177 578 Opera.
1234 496 1487 557 Ultimis
1552 497 1628 559 [ιῦ
1684 496 1859 558 foliis
1912 506 2113 560 exstat
2165 499 2328 562 liber
2374 502 2619 580 primus
2682 508 2743 564 et
2797 520 2941 581 pars
3000 502 3141 565 libri
3191 506 3458 566 secundi
3510 504 3584 566 de

350 631 657 691 divisione
709 629 1006 691 Naturae.
1041 624 1289 685 Desinit
1329 624 1579 685 verbis:
1627 625 2034 686 substantiam
2072 628 2332 707 ﬁliatam
2365 632 2579 709 genuit
2609 639 2664 693 et
2687 632 3114 711 procedentem
3150 622 3579 696 substantiam.

353 760 513 820 Vide
541 757 704 819 infra
738 756 846 815 lib.
877 755 957 825 ll,
1001 771 1137 831 cap.
1169 754 1268 813 23.
1317 753 1567 813 Mendis
1607 760 1825 814 scatet.
1880 757 2202 834 Suspicor,
2249 757 2418 820 hunc
2452 777 2593 822 esse
2658 761 2943 824 codicem
2995 761 3335 826 Thuanum
3391 763 3576 825 valde

352 889 643 948 mutilum
672 932 687 959 ,
739 887 816 946 de
856 899 983 961 quo
1011 881 1283 943 Thomas
1333 881 1485 942 Gale
1544 883 1622 942 ad
1679 899 1901 943 vocem
1968 883 2143 944 illam
2190 893 2295 945 :et
2339 887 2762 964 procedentem
2817 890 3113 951 observat
3154 910 3169 949 :
3204 890 3327 951 Hic
3379 889 3581 969 deﬁcit

349 1012 579 1084 codex,
618 1013 727 1091 qui
760 1012 907 1075 olim
934 1017 1056 1096 fuit
1096 1016 1319 1074 Thuni.
1360 1016 1409 1073 E
1466 1014 1830 1076 Colbertina
1862 1016 2030 1077 enim
2064 1016 2127 1076 in
2170 1017 2618 1081 bibliothecam
2651 1020 2912 1096 Regiam
2949 1019 3276 1080 transiisse
3311 1016 3580 1077 videtur.

349 1143 444 1203 Ad
475 1143 707 1204 calcem
743 1145 1076 1223 fragmenti
1125 1145 1194 1204 de
1229 1146 1533 1206 divisione
1568 1147 1846 1209 Naturae
1880 1148 2097 1209 eadem
2139 1168 2360 1230 manus
2417 1134 2668 1215 carmen
2716 1150 3050 1232 subjunxit
3096 1148 3344 1211 detritis
3384 1145 3584 1207 literis

348 1267 517 1331 lectu
558 1270 1002 1334 difﬁcillimum
1052 1274 1284 1334 hocce:

1115 1394 1160 1448 Ο
1190 1411 1342 1449 sacre
1367 1437 1379 1449 .
1407 1436 1420 1449 .
1443 1435 1456 1449 .
1486 1411 1520 1447 o
1546 1397 1646 1452 sub
1673 1413 1839 1450 unum
1874 1399 2147 1453 molimine
2177 1401 2346 1464 salvo,

1122 1466 1215 1538 ςιιὶ
1249 1482 1382 1538 opus
1413 1467 1598 1538 rutilat
1624 1482 1743 1519 cum
1772 1470 2000 1536 gemmis
2033 1474 2298 1538 tlrnreque
2326 1472 2573 1536 mixtum,

1119 1533 1312 1605 Nescio
1337 1535 1457 1601 quis
1487 1533 1859 1605 pugnosmiod
1900 1539 2032 1590 vidit
2052 1533 2236 1594 dicere
2264 1542 2453 1605 possit.

1110 1604 1211 1678 Qili
1239 1603 1664 1678 Christusamor
1691 1604 1767 1666 ill,
1796 1606 1986 1671 virtus,
2018 1609 2208 1676 gloria,
2240 1603 2469 1678 fulgor‘,

1121 1672 1372 1746 ροιιβητῇς
1399 1688 1566 1746 osque
1598 1688 1910 1746 manusque,
1946 1672 2081 1743 apud
2112 1679 2155 1730 si
2183 1678 2270 1730 rul
2298 1672 2535 1731 «Firmium
2564 1680 2830 1746 membra,

1124 1741 1369 1814 Carceris
1402 1742 1676 1814 inluviem,
1712 1741 1991 1814 rabiesque
2022 1747 2331 1813 rabiemque
2355 1748 2375 1777 ¹
2403 1747 2660 1814 ferarum,

1118 1810 1198 1865 Ac
1227 1821 1412 1865 tenues
1446 1811 1577 1864 telas
1604 1810 1977 1866 discriminatus
2006 1814 2227 1868 fulmine
2248 1810 2498 1876 pulchro.

1122 1881 1344 1951 éurium
1375 1880 1638 1951 tlirigeris
1669 1882 1994 1951 concordant
2014 1885 2268 1951 carmine
2294 1885 2459 1941 Musis

1120 1949 1251 2021 'ljam
1279 1949 1468 2021 doctos
1500 1949 1721 2021 texendi
1745 1952 1976 2021 saphyro
2004 1950 2145 2005 fulva

1129 2017 1261 2083 Quis
1281 2020 1382 2079 uuis
1414 2019 1435 2049 ³
1466 2019 1751 2073 contulerit
1784 2017 1996 2083 faciem,
2027 2022 2128 2076 hac
2149 2022 2374 2075 sindone
2402 2025 2600 2079 munda

1120 2085 1381 2158 Yerbel‘a,
1416 2088 1646 2146 vincula.
1678 2086 1898 2158 fmiem,
1928 2090 2124 2157 virgas,
2160 2101 2449 2158 tormenta,
2481 2106 2702 2150 catenas

1123 2155 1238 2209 Non
1277 2158 1434 2220 mala,
1467 2158 1729 2224 serpentis
1759 2156 1781 2187 ‘
1807 2172 1913 2212 non
1939 2155 2177 2212 sentiunt
2208 2162 2320 2229 ipsa
2352 2155 2574 2218 venena.

232 2272 247 2285 ’
353 2282 613 2342 Joannis
667 2279 834 2341 Scoti
880 2294 1131 2340 carmen
1179 2294 1320 2337 esse
1364 2276 1536 2338 haud
1591 2283 1829 2339 temere
1880 2278 2173 2358 conjicio.
2236 2280 2359 2343 Sed
2395 2282 2553 2363 quid
2605 2298 2829 2345 versus
2881 2282 3165 2362 corrupti
3200 2284 3324 2346 sibi
3358 2284 3583 2359 velint,

349 2425 478 2469 non
519 2408 701 2485 plane
740 2424 839 2467 me
874 2405 1237 2485 perSpicere
1272 2404 1495 2466 fateor.

428 2536 680 2598 Tertius
717 2537 812 2597 e'st
843 2534 1040 2597 codex
1078 2535 1137 2594 S.
1177 2533 1477 2595 Germani
1518 2534 1658 2605 280,
1691 2532 1841 2595 olim
1894 2535 2033 2606 166,
2070 2533 2183 2597 fol.
2256 2535 2432 2612 mai.,
2466 2536 2844 2611 membran.,
2895 2537 3098 2600 seculi
3136 2537 3281 2599 XII.
3331 2538 3589 2599 Constat

348 2667 524 2728 foliis
566 2669 705 2729 235.
750 2668 889 2726 Duo
922 2664 1269 2742 fragmenta
1328 2664 1639 2727 librorum
1694 2661 1765 2723 de
1814 2663 2117 2724 divisione
2145 2664 2422 2725 Naturae
2475 2672 2724 2727 exstant
2762 2665 2934 2728 foliis
2972 2666 3263 2735 192-235,
3311 2682 3586 2745 quorum

352 2813 552 2855 unum
595 2794 822 2872 incipit
862 2794 1074 2856 verbis
1109 2815 1122 2851 :
1154 2792 1496 2863 rationale,
1520 2791 1779 2851 mortale
1802 2836 1818 2863 ,
1842 2791 2086 2852 uisibile
2109 2836 2125 2865 ,
2156 2795 2439 2872 profecto
2475 2790 2728 2871 angelus
2746 2811 2936 2873 neque
2963 2792 3189 2854 animal
3215 2793 3589 2854 rationabile

358 2932 445 2984 cst
474 2967 488 2996 ,
524 2943 714 3003 neque
768 2924 1029 2986 mortale
1074 2942 1264 3002 neque
1298 2921 1542 2983 cisibile
1596 2898 1714 2984 cet.
1744 2965 1760 2993 ,
1814 2920 1957 2983 vide
2020 2920 2186 2983 infra
2247 2920 2360 2983 lib.
2393 2922 2462 2996 Ι,
2535 2939 2670 3000 cap.
2724 2922 2803 2996 lt;
2855 2926 2915 2983 et
2960 2921 3199 2984 desinit
3233 2921 3343 2983 fol.
3379 2924 3518 2994 222,
3549 2923 3588 2982 2

354 3055 612 3116 verbis:
671 3054 915 3114 videsne
971 3073 1112 3132 ergo
1152 3053 1659 3132 quemadmodum
1717 3070 1863 3111 vera
1915 3051 2083 3110 ratio
2143 3052 2515 3129 categoriam
2573 3051 2730 3133 faci,
2794 3050 2938 3112 vide
2969 3047 3134 3110 infra
3185 3048 3293 3107 lib.
3328 3047 3388 3117 I,
3445 3061 3582 3122 cap.

354 3178 471 3252 7h;
509 3180 777 3241 alterum
838 3181 1065 3258 incipit
1128 3179 1238 3241 fol.
1278 3180 1418 3250 223,
1469 3182 1497 3240 1
1554 3177 1767 3240 verbis
1821 3200 1835 3238 :
1884 3179 2202 3239 Hactenus
2256 3178 2327 3239 de
2387 3178 2800 3241 divisionibus
2855 3179 3042 3259 deque
3102 3175 3592 3238 adunationibus

257 3336 274 3351 -
359 3319 512 3381 cot.,
555 3311 698 3373 vide
731 3310 894 3371 infra
926 3311 1037 3372 lib.
1081 3310 1172 3381 li,
1215 3327 1353 3386 cap.
1393 3309 1489 3381 13,
1525 3314 1582 3370 et
1611 3308 1847 3369 desinit
1884 3306 1995 3371 fol.
2032 3309 2171 3382 235,
2222 3311 2262 3369 2
2301 3309 2551 3371 verbis:
2596 3308 2739 3371 Non
2789 3308 2991 3370 solum
3041 3306 3303 3369 concedo
3330 3351 3347 3379 ,
3382 3323 3593 3365 verum

353 3436 535 3495 etiam
571 3437 850 3516 intelligo
884 3437 1461 3498 excellentissimum
1490 3439 1727 3498 animae
1761 3446 1993 3498 motum
2036 3439 2204 3499 circa
2235 3440 2620 3518 incognitum
2648 3440 2837 3500 Deum
2862 3438 3035 3498 ultra
3065 3456 3296 3498 omnem
3335 3443 3590 3496 creatu-

351 3577 484 3618 ram
514 3562 827 3621 verissime
855 3565 1070 3624 vocari
1100 3572 1154 3624 et
1184 3566 1514 3625 subsistere
1544 3564 1942 3625 intellectum.
1988 3565 2108 3627 Sed
2161 3564 2468 3646 quomodo
2505 3565 2600 3626 vel
2634 3584 2757 3646 qua
2790 3564 3034 3626 ratione
3065 3560 3411 3624 intellectus
3448 3557 3594 3618 dum

368 3687 540 3746 intra
594 3689 888 3750 terminos
932 3692 1229 3752 humanae
1275 3702 1577 3760 naturae;
1641 3691 1784 3753 vide
1828 3692 1989 3754 infra
2045 3692 2160 3754 lib.
2188 3694 2268 3767 ll,
2302 3710 2439 3773 cap.
2491 3694 2591 3754 23.
2635 3693 2695 3753 Is
2727 3692 2922 3770 igitur
2967 3690 3166 3753 codex
3198 3707 3341 3753 cum
3372 3688 3591 3751 codice

356 3818 559 3895 primo
596 3820 656 3880 S.
693 3820 992 3883 Germani
1023 3822 1140 3882 309
1169 3821 1300 3884 fere
1337 3822 1580 3900 ubique
1612 3822 1975 3884 concordat.

432 3944 707 4016 Quartus
758 3945 1036 4025 denique
1082 3946 1279 4007 codex
1329 3947 1388 4007 S.
1421 3945 1718 4006 Germani
1746 3946 1885 4017 830,
1918 3945 2069 4007 olim
2104 3945 2242 4017 5&9,
2272 3944 2648 4015 membran.,
2676 3940 2827 4016 £01.,
2885 3942 3082 4006 seculi
3113 3944 3228 4015 XI,
3279 3941 3586 4020 pulcher-

355 4044 521 4131 rime.
572 4074 845 4149 scriptus
873 4117 887 4144 ,
922 4079 1166 4134 constat
1216 4070 1392 4133 foliis
1442 4075 1584 4145 207,
1621 4074 1858 4151 quibus
1908 4073 2319 4135 continentur
2367 4071 2519 4132 libri
2553 4070 2646 4130 IV
2677 4077 2729 4130 et
2768 4069 2915 4129 Vde
2940 4068 3246 4130 divisione
3278 4070 3577 4131 Naturae.

354 4201 532 4264 Folio
563 4205 703 4275 207,
735 4204 760 4262 1
797 4203 1001 4265 lineae
1035 4206 1072 4265 5
1104 4210 1345 4265 tantum
1383 4204 1723 4266 habentur.
1776 4203 2158 4282 Saepissime
2208 4206 2653 4279 argumentum
2702 4200 2779 4261 ad
2817 4200 3165 4276 marginem
3202 4197 3586 4276 adscriptum

356 4339 475 4393 est.
509 4334 580 4391 In
624 4334 779 4394 folio
811 4333 1138 4395 chartaceo
1178 4334 1451 4411 praeﬁxo
1481 4332 1637 4395 haec
1685 4333 2024 4410 leguntur:
2060 4331 2242 4395 Liber
2273 4338 2532 4410 quartus
2571 4337 2625 4389 et
2657 4329 2912 4408 quintus
2942 4353 3068 4409 περι
3096 4352 3295 4404 causa»
3323 4324 3597 4425 Joannis

350 4460 553 4521 Scotti
608 4461 909 4536 Erigenae
936 4506 952 4533 ,
989 4463 1207 4523 eadem
1274 4481 1469 4525 manu
1506 4465 1762 4542 scripta,
1793 4480 1985 4544 quam
2023 4462 2186 4523 Petri
2224 4460 2421 4523 Alixii
2456 4477 2599 4522 esse
2640 4477 2832 4538 supra
2864 4456 3254 4537 suspicabar.
3282 4456 3350 4515 In
3382 4453 3589 4514 fronte

353 4586 593 4661 primae
643 4590 1055 4652 membranae
1107 4610 1335 4653 manus
1388 4595 1586 4656 seculi
1632 4595 1781 4655 XIV
1818 4594 2110 4672 scripsit:
2149 4593 2230 4651 De
2282 4590 2781 4669 superessentiali
2813 4596 3064 4649 natura.
3099 4589 3344 4648 Recens
3381 4583 3586 4646 seculi

354 4711 523 4772 XVII
563 4731 786 4775 manus
815 4761 830 4789 ,
867 4725 937 4778 ut
971 4719 1243 4791 videtur,
1284 4721 1568 4782 addidit:
1602 4723 1668 4784 S.
1704 4720 1878 4781 Petri
1915 4720 2318 4782 Corbeiensis.
2886 4686 2899 4691 1

430 4846 503 4905 Et
540 4846 617 4906 de
654 4847 981 4910 codicibus
1008 4891 1023 4918 ,
1059 4867 1222 4928 quos
1274 4850 1339 4911 in
1378 4851 1812 4931 perpoliendis
1847 4853 2021 4913 hisce
2058 4850 2235 4911 libris
2269 4838 2680 4911 adhibuimus
2706 4889 2721 4916 ,
2755 4843 2909 4905 haec
2944 4841 3202 4921 quidem
3242 4840 3573 4901 hactenus.

347 4970 639 5035 Cidicem
711 4977 860 5037 1976
931 4977 1360 5042 bibliothecae
1422 4981 1696 5042 civitatis
1763 4981 2173 5042 Abrincatum
2233 4977 2596 5041 examinare
2661 4994 2787 5037 non
2851 4973 3051 5052 potui.
3103 4971 3305 5042 Quem
3370 4968 3459 5029 Μ.
3516 4968 3582 5028 Ia

354 5102 698 5163 Ravaisson
738 5105 801 5164 in
838 5107 1002 5169 libro
1028 5109 1344 5189 Rapports
1373 5129 1453 5169 au
1491 5110 1769 5169 ministre
1806 5118 1925 5169 cet.
1967 5126 2031 5186 p.
2079 5107 2189 5166 197
2221 5107 2312 5168 sic
2344 5104 2716 5181 descripsit:
2751 5101 2832 5161 N“
2861 5101 3035 5169 1970,
3070 5098 3131 5156 in
3163 5095 3321 5177 [alio
3349 5116 3368 5162 ;
3401 5092 3593 5152 Xltl‘

350 5232 551 5294 siécle.
610 5236 689 5295 In
735 5236 850 5298 hoc
901 5238 1211 5299 volumine
1257 5240 1613 5300 continetur
1663 5237 1884 5297 ultima
1928 5256 2078 5315 pars
2132 5234 2527 5313 Periphision
2581 5235 2725 5309 [περὶ
2771 5232 2995 5306 φύσεων]
3047 5226 3317 5287 Joannis
3373 5224 3578 5288 Scoti.

350 5365 585 5424 scalicet
621 5365 768 5427 libri
820 5366 934 5426 III
980 5376 1034 5427 et
1078 5366 1279 5428 semis.
1314 5369 1393 5428 In
1440 5366 1566 5427 alio
1598 5365 1908 5427 volumine
1957 5364 2309 5425 continetur
2357 5360 2559 5440 prima
2613 5375 2764 5436 pars
2821 5356 3084 5435 ejusdem
3123 5355 3312 5428 libri,
3353 5351 3588 5415 Scilicet

1651 5529 1906 5584 VARIAE
1945 5527 2339 5583 LECTIONES.

463 5643 593 5698 COJ.
622 5646 811 5714 [alcon
890 5649 907 5677 ’
940 5648 1068 5701 Coi.
1107 5646 1395 5709 cibumque.
1475 5647 1494 5673 ³
1526 5644 1601 5697 Co
1624 5644 1657 5696 ἲ.
1697 5644 1738 5708 Q
1769 5660 1807 5695 'c
1838 5644 1969 5711 quis.
2047 5640 2062 5669 ‘
2094 5639 2222 5693 C-rl.
2262 5637 2374 5688 Νειιξ
2409 5638 2552 5689 υεέςίτί
2588 5648 2864 5704 .'.'('9"‘¢‘;u.5.
