3952 6152
1643 181 2068 248 PROOEMIUM.
3360 190 3458 236 xm

245 340 379 403 liber
400 336 640 416 primus
674 338 733 391 et
756 326 833 395 ll
880 327 1080 388 semis.
1128 325 1299 387 Fecit
1338 323 1496 385 enim
1526 323 1684 383 idem
1731 323 1806 381 Jo

1904 338 2004 380 nes
2046 320 2093 379 V
2116 316 2312 378 libros
2349 314 2421 377 de
2444 313 3107 387 Naturaeﬂieisione,
3141 314 3458 376 obscuris-

246 472 410 532 simos
438 472 493 526 et
516 469 697 525 caute
718 457 1027 539 legendos.

313 600 341 671 ς
372 596 463 655 12.
494 592 638 652 Duo
674 587 835 650 haec
865 602 1061 664 opera
1110 582 1521 663 systematica
1574 597 1719 649 cum
1768 580 2018 656 integra
2074 576 2424 655 supersint,
2461 575 2633 637 tertii
2687 574 2767 637 de
2797 590 3042 653 egressu
3093 577 3147 631 et
3182 588 3467 650 regressu

248 726 465 787 animae
487 718 569 780 ad
603 718 797 779 Deum
834 730 1099 795 parvum
1138 718 1383 775 tantum
1421 711 1847 790 fragmentum
1885 714 2113 770 exstat.
2143 708 2263 769 Sed
2298 708 2352 769 is
2376 707 2539 768 liber
2574 707 2820 785 integer
2845 704 3000 767 olim
3033 703 3469 781 reperiebatur

252 858 312 919 in
346 849 723 916 bibliotheca
756 844 1095 908 Electorali
1159 842 1563 913 Treverensi,
1598 846 1668 903 ut
1724 845 1990 901 testatur
2025 838 2100 900 G.
2134 838 2211 900 de
2264 835 2665 899 Northausen
2692 881 2710 909 ,
2744 836 2837 897 vir
2865 837 3091 901 doctus
3118 883 3135 911 ,
3162 841 3275 918 qui
3309 858 3363 903 c.
3402 858 3463 903 θ,

256 979 393 1044 1591ι
443 977 692 1042 codices
735 973 1189 1054 mss.,quibus
1244 971 1630 1034 bibliotheca
1680 969 1987 1031 Vaticana
2040 968 2561 1046 locupletaretur,
2616 965 2681 1026 in
2738 966 3071 1027 Germania
3107 966 3467 1043 colligebat.

255 1111 310 1170 ls
353 1108 535 1187 igitur
585 1107 655 1168 in
711 1108 932 1171 codice
978 1123 1101 1168 ms.
1150 1100 1583 1165 Vallicellensi
1637 1099 1707 1162 C.
1757 1098 1879 1173 28,
1914 1098 2018 1161 cui
2056 1098 2321 1159 titulus:
2356 1094 2555 1156 Index
2591 1093 3012 1167 voluminum,
3050 1097 3160 1174 qui
3202 1102 3474 1174 tempore

255 1238 519 1300 Caesarei
575 1237 844 1298 Baronii
874 1236 941 1297 in
973 1234 1171 1295 variis
1227 1229 1615 1293 bibliothecis
1671 1228 1894 1289 Romae
1930 1234 1983 1287 et
2017 1226 2172 1288 alibi
2206 1233 2603 1287 asservantur
2625 1268 2641 1296 ,
2674 1242 2737 1303 p.
2781 1224 2895 1285 192
2929 1222 3084 1289 haec
3129 1223 3472 1285 memoriae

261 1368 499 1430 tradidit
526 1389 542 1428 :
574 1363 857 1437 Codices,
889 1363 1144 1443 inquit,
1192 1380 1335 1422 mss.
1388 1357 1847 1430 membranacei,
1881 1375 2034 1436 quos
2065 1375 2093 1415 e
2122 1353 2370 1415 cumulo
2425 1353 2737 1414 librarum
2787 1351 3069 1413 ecclesiae
3101 1351 3476 1433 Metropoli-

261 1504 425 1558 tanae
476 1493 869 1558 Treverensis
894 1510 986 1552 me
1012 1488 1240 1551 cidisse
1292 1487 1540 1549 memini
1566 1531 1582 1562 ,
1614 1485 1681 1547 hi
1734 1493 1904 1549 sunt.
1962 1484 2265 1565 Sequitur
2298 1483 2624 1560 catalogus
2651 1527 2668 1557 ,
2696 1484 2764 1544 in
2799 1500 2929 1563 quo
2964 1481 3087 1543 sub
3118 1493 3183 1542 n°
3215 1483 3289 1544 15
3314 1482 3475 1543 haec

262 1626 583 1706 leguntur:
617 1621 887 1685 Joannis
913 1619 1086 1682 Scoti
1112 1615 1506 1679 Benedictini
1530 1659 1547 1690 ,
1580 1616 1691 1696 qui
1716 1615 1847 1696 fuit
1884 1635 2045 1679 unus
2072 1634 2150 1676 ea:
2187 1623 2488 1695 quattuor
2512 1614 2744 1694 primis
2771 1612 3218 1694 laudatoribus
3243 1612 3467 1673 acade-

262 1757 401 1817 miae
434 1754 811 1817 Parisiensis
833 1795 851 1826 ,
881 1769 1038 1830 opus
1068 1771 1095 1807 α
1135 1747 1207 1809 de
1253 1764 1498 1827 egressu
1534 1753 1591 1806 et
1632 1762 1915 1825 regressu
1944 1746 2183 1807 animae
2209 1743 2291 1804 ad
2313 1746 2500 1805 Deum
2536 1767 2567 1801 λυ
2600 1743 2762 1823 style
2792 1743 3095 1822 scriptum
3122 1742 3477 1807 Platonico.

268 1879 432 1954 Quod
458 1879 601 1941 licet
631 1895 842 1938 errore
876 1875 1089 1955 aliqua
1125 1873 1293 1934 circa
1334 1872 1431 1933 Ss.
1488 1869 1857 1931 Trinitatem
1881 1913 1898 1943 ,
1929 1880 2005 1930 ut
2042 1867 2395 1931 Alexander
2423 1867 2717 1931 Halensis
2747 1874 2803 1928 et
2842 1866 2959 1928 alii
2986 1877 3133 1948 post
3178 1889 3313 1931 eum
3360 1870 3483 1932 do-

271 2021 451 2073 ctores
487 2006 876 2088 Gymnastici
893 2010 1139 2077 notant,
1158 2002 1504 2081 imper-sum
1534 2001 1641 2075 sit,
1667 2002 1905 2062 servari
1932 2008 2129 2062 tamen
2173 2008 2377 2080 potest
2400 2001 2467 2062 in
2494 2018 2673 2060 usum
2706 1997 3162 2076 Theologorum
3184 2041 3201 2070 ,
3234 1998 3481 2079 quando

268 2142 339 2204 ad
382 2141 724 2221 pleniorem
756 2136 1281 2200 Scholasticorum
1315 2132 1693 2195 intellectum
1726 2140 2000 2207 erratum
2031 2133 2347 2195 Scoticum
2378 2132 2445 2192 in
2491 2110 2633 2210 ipsa
2684 2127 3067 2207 scaturigine
3104 2127 3323 2189 vellent
3350 2184 3354 2191 .
3386 2132 3484 2191 in-

273 2271 502 2349 spicere.
539 2266 840 2329 Treveris
887 2265 1168 2329 codicem
1232 2262 1463 2327 frustra
1499 2263 1642 2343 ipse
1680 2260 1997 2343 quaesivi.
2051 2260 2467 2324 Mabillonius
2518 2260 2712 2339 hujus
2778 2258 2924 2320 libri
2988 2255 3269 2322 codicem
3324 2258 3485 2323 vidit

272 2392 821 2455 Claromiscensem
874 2404 1072 2469 prope
1124 2386 1732 2466 Audamaropolim,
1787 2402 1979 2466 quem
2027 2384 2365 2463 descripsit
2423 2386 2562 2445 Act.
2615 2382 2769 2444 0rd.
2806 2383 2868 2443 S.
2918 2384 3156 2448 Bened.
3190 2387 3327 2450 Sec.
3370 2388 3481 2451 1V.

272 2523 334 2583 P.
382 2521 459 2583 ll.
515 2538 576 2599 p.
616 2518 838 2580 LXVI.
894 2517 1118 2596 Neque
1172 2513 1275 2577 hic
1332 2517 1538 2579 codex
1597 2532 1938 2595 superesse
1993 2516 2270 2579 videtur.
2303 2518 2573 2578 Parvum
2629 2516 2846 2595 itaque
2880 2515 3304 2595 fragmentum
3340 2517 3485 2582 libri

272 2650 431 2713 illius
468 2668 504 2713 e
550 2647 768 2711 codice
818 2645 1068 2709 collect.
1116 2646 1234 2707 596
1258 2689 1275 2720 ,
1307 2645 1694 2720 membran.,
1730 2646 1815 2722 15°,
1845 2645 2273 2710 bibliothecae
2302 2646 2697 2709 Christianae
2718 2652 2968 2709 erutum
2993 2661 3194 2724 quum
3230 2645 3493 2743 Carolus

277 2782 473 2844 Greith
525 2780 595 2843 in
648 2775 989 2858 Spicilegio
1048 2773 1341 2836 Vaticano
1370 2758 1769 2855 Frauenfeld,
1828 2776 2006 2849 1838,
2030 2793 2102 2855 p.
2147 2776 2227 2837 80
2287 2792 2429 2855 sqq.
2489 2774 2802 2846 ediderit,
2854 2775 3016 2837 illud
3075 2777 3171 2840 ad
3204 2777 3494 2858 ejusdem

279 2909 501 2972 codicis
534 2907 725 2969 ﬁdem
755 2902 969 2967 denuo
999 2903 1396 2981 recognitum
1427 2903 1560 2982 jam
1606 2901 1710 2965 hic
1745 2903 2148 2965 exhibemus.
2194 2904 2412 2965 Exstat
2467 2919 2616 2964 vero
2684 2902 2752 2963 in
2802 2903 2995 2983 hujus
3027 2906 3263 2969 codicis
3294 2925 3489 2972 mem-

276 3038 453 3101 brana
488 3053 657 3100 nona
690 3030 1050 3114 perpulchri
1080 3029 1403 3105 candoris,
1437 3048 1627 3094 manu
1656 3031 1855 3095 seculi
1890 3033 1951 3093 X
2012 3040 2365 3094 exaratum.

349 3172 375 3244 ς
404 3170 496 3230 13.
531 3168 668 3230 Jam
702 3166 781 3228 de
813 3162 1198 3225 eersionibus
1234 3163 1498 3225 Joannis
1533 3163 1698 3225 Scoti
1750 3163 2091 3226 dicendum
2138 3170 2255 3226 est.
2311 3165 2463 3227 Nam
2496 3162 2665 3227 haud
2695 3182 2894 3245 pauca
2924 3162 2991 3226 in
3023 3163 3317 3226 Latinum
3353 3181 3491 3226 ser-

282 3313 520 3361 monem
549 3294 863 3360 convertit
896 3292 1123 3372 scripta
1185 3300 1473 3354 veterum
1528 3292 1940 3355 Graecorum.
1981 3292 2069 3353 Ex
2103 3292 2341 3371 quibus
2370 3293 2707 3356 maximam
2736 3292 2924 3357 facile
2956 3294 3238 3356 obtinuit
3262 3294 3501 3358 famam

282 3426 473 3487 rersio
523 3425 630 3486 illa
693 3438 947 3502 operum
996 3418 1060 3480 S.
1096 3420 1391 3500 Dionysii
1453 3422 1889 3501 Areopagitae.
1952 3421 2242 3494 Quorum
2278 3421 2587 3484 Graecum
2647 3423 2973 3503 exemplar
3023 3440 3167 3487 cum
3224 3425 3496 3491 Michael

281 3551 499 3613 Balbus
546 3550 892 3629 imperator
926 3547 1251 3610 Ludovico
1306 3549 1419 3611 Pio
1482 3566 1541 3611 a.
1595 3550 1714 3611 827
1749 3551 1920 3613 dono
1981 3550 2310 3627 dedisset,
2342 3553 2622 3616 Joannes
2684 3554 2908 3617 Scotus
2966 3553 3235 3632 jubenle
3272 3554 3499 3620 Carolo

280 3681 459 3744 Calvo
506 3682 787 3744 instituit
818 3681 1177 3745 versionem
1236 3681 1315 3743 ad
1371 3682 1637 3744 verbum
1696 3683 2109 3759 factam,sed
2166 3683 2503 3748 obscuram
2532 3688 2597 3747 et
2651 3683 2724 3747 ad
2784 3681 3276 3761 intelligendum
3330 3685 3493 3749 difﬁ-

283 3810 597 3876 cillimam.
659 3814 892 3877 Melior
952 3828 1103 3875 vero
1162 3829 1234 3875 ac
1290 3812 1538 3892 planior
1566 3832 1767 3895 quum
1819 3815 2111 3889 deesset,
2150 3816 2360 3879 versio
2389 3815 2655 3879 Joannis
2693 3815 2862 3878 Scoti
2900 3831 3014 3893 per
3043 3813 3240 3878 multa
3276 3816 3493 3880 secula

284 3936 426 3999 lecta
463 3942 686 4011 est,et
742 3934 1286 4014 amplissimorum
1342 3934 1539 3996 medii
1595 3935 1735 3997 aevi
1773 3936 2212 4017 theologorum
2250 3937 2729 4001 commentariis
2785 3938 3124 4006 illustrata.
3156 3945 3334 4008 Unde
3388 3946 3496 4019 fit,

281 4070 341 4123 ut
370 4080 507 4125 eam
563 4063 631 4124 in
688 4062 1094 4153 bibliothecis
1126 4062 1416 4125 codicum
1473 4079 1627 4125 mss.
1666 4062 1986 4142 hodieque
2023 4064 2244 4126 crebro
2276 4064 2592 4128 invenias.
2622 4067 2715 4126 Ex
2750 4056 3264 4133 codicibus‘vero
3286 4116 3302 4142 ,
3336 4090 3502 4151 quos

280 4191 521 4267 evolvi,
566 4193 843 4273 primum
894 4193 1102 4254 locum
1161 4192 1408 4254 obtinet
1462 4192 1605 4255 cod.
1662 4194 2043 4254 Emmeram.
2097 4194 2168 4257 B.
2228 4195 2466 4268 XLIV,
2504 4193 2662 4269 fol.,
2702 4194 2896 4258 hodie
2956 4197 3300 4274 insignitus
3355 4200 3502 4262 cod.

279 4320 512 4383 ltatisb.
574 4321 637 4383 S.
698 4323 1085 4387 Emmeram.
1141 4325 1255 4385 137
1281 4367 1299 4398 ,
1330 4323 1757 4388 bibliothecae
1810 4325 2047 4405 Regiae
2101 4325 2505 4397 Monacensis
2529 4368 2546 4398 ,
2584 4325 2933 4388 membran.
2963 4371 2980 4401 ,
3010 4324 3124 4389 fol.
3150 4372 3167 4403 ,
3204 4330 3404 4391 seculi
3442 4332 3501 4392 Χ

282 4449 593 4524 exeuntis,
626 4457 876 4513 constat
926 4450 1102 4513 foliis
1162 4455 1299 4515 113.
1360 4453 1558 4516 Tituli
1616 4461 1678 4517 et
1713 4455 1997 4520 initiates
2029 4455 2450 4535 capitulorum
2484 4462 2634 4519 sunt
2672 4455 2943 4519 miniati.
2976 4458 3168 4522 Initio
3205 4461 3503 4540 singulo-

281 4594 412 4639 rum
468 4579 783 4641 librorum
864 4581 1144 4645 initiales
1199 4601 1429 4647 aureae
1484 4585 1901 4665 perpulchrae
1962 4586 2194 4649 nitent.
2248 4584 2627 4647 Continetur
2672 4601 2751 4648 eo
2806 4584 2942 4646 sola
2993 4587 3193 4649 eersio
3252 4607 3507 4669 operum

279 4700 850 4786 Prendo-Dionysii.
904 4706 1119 4772 Codex
1188 4709 1582 4776 nitidissima
1660 4714 1799 4795 ipsa
1876 4732 2073 4778 manu
2143 4714 2439 4779 Othlonis
2496 4714 2882 4795 perillustris
2939 4717 3000 4778 S.
3049 4714 3509 4785 Emmerammi

279 4832 563 4919 monachi
588 4835 1073 4916 Batisponensis
1106 4837 1383 4919 scriptus
1418 4846 1541 4916 est,
1567 4842 1751 4922 cujus
1783 4860 2007 4906 versus
2034 4834 2107 4906 in
2140 4844 2266 4908 ﬁne
2298 4842 2369 4906 hi
2400 4842 2738 4922 leguntur:

1025 5023 1105 5101 [in
1129 5039 1238 5101 ego
1262 5027 1503 5101 tantillus
1524 5027 1681 5101 Qtloh
1710 5029 1870 5101 vulgo
1893 5031 2181 5096 vocitatus,

1018 5095 1272 5167 Quamvis
1295 5095 1903 5167 omnigenireorrup'tus
1931 5105 2033 5155 sim
2060 5095 2365 5156 malefactis
2384 5136 2397 5160 ν

1022 5164 1119 5241 §at
1141 5174 1317 5241 ωηιξη
1354 5164 1497 5241 istud
1530 5164 1664 5237 opus
1690 5164 1959 5241 scribendi
1991 5169 2264 5241 tuumklibi
2296 5179 2599 5241 promptus,

1018 5233 1213 5309 §ancte
1239 5233 1477 5309 Dionysi,
1510 5233 1716 5309 martyr
1742 5238 2093 5294 celeberrime
2118 5233 2320 5295 Christi
2352 5256 2366 5293 :

1010 5302 1162 5375 livide
1187 5308 1291 5359 mei
1322 5302 1521 5374 quaeso
1554 5322 1630 5375 pri
1652 5302 1804 5361 cibis
1838 5312 2008 5362 sacris
2038 5324 2242 5363 memor
2269 5320 2411 5374 esto,

1008 5372 1115 5429 Vos
1137 5372 1353 5444 quoque
1377 5375 1468 5444 qni
1498 5372 1673 5448 Ιρέειὶε
1706 5381 1915 5433 veniam
1945 5380 2071 5432 mihi
2102 5392 2264 5448 p0:co
2288 5372 2488 5448 petatis

277 5524 483 5585 Gratia
525 5525 859 5606 regiminis
897 5529 1097 5592 nostri
1136 5529 1420 5595 codicem
1448 5532 1733 5599 Bonnam
1775 5539 1959 5600 nobis
2001 5542 2267 5604 missum
2306 5543 2646 5623 diligenter
2685 5550 2980 5606 excutere
3018 5542 3223 5608 licuit.
