3952 6152
361 268 452 307 xw
1771 233 2193 295 PROOEMIUM.

455 384 817 448 Secundum
869 379 1078 442 locum
1109 379 1358 439 obtinet
1389 374 1587 436 codex
1623 373 1733 432 971
1781 372 1936 433 bibl.
1974 369 2278 438 Viudob.,
2317 369 2472 430 oliui
2513 363 3017 446 Salisburgeusis
3073 365 3207 443 157,
3239 375 3437 435 seculi
3482 367 3617 453 X1,

362 504 772 576 lt°,foliorum
825 499 968 568 152,
1015 495 1079 554 in
1119 493 1299 570 cujus
1349 490 1656 552 interiore
1706 486 1992 566 operculi
2050 497 2224 565 parte
2280 488 2434 548 haec
2489 485 2790 562 leguntur
2840 505 2855 543 :
2909 487 3031 546 Hic
3083 486 3239 548 liber
3280 499 3364 550 est
3413 499 3622 556 sancti

363 619 662 683 Radberti
693 622 749 678 et
774 613 1212 676 canonicorum
1239 605 1814 684 Salzburgensium,
1839 621 2012 682 quem
2047 603 2329 682 quisquis
2359 599 2711 672 abstulerit,
2748 599 3066 659 anathema
3095 601 3201 661 sit.
3242 602 3622 672 Continetur

366 747 488 807 hoc
523 739 742 804 codice
771 733 926 798 nihil
972 738 1218 812 praeter
1249 729 1613 790 versionem
1670 729 1836 789 illam
1896 729 2230 806 integram.
2271 727 2443 789 Libri
2494 725 2732 802 singuli
2797 723 3020 803 pictis,
3073 729 3281 802 capita
3341 730 3621 794 miniatis

369 861 724 924 initialibus
771 853 1112 932 incipiunt.
1147 848 1362 911 Codex
1392 847 1782 908 nitidissima
1815 846 2089 924 scriptus
2120 853 2238 918 est,
2268 845 2378 906 sed
2409 845 2530 905 sub
2568 845 2780 913 ﬁnem,
2814 841 2880 903 id
2909 849 3002 903 est
3033 843 3099 904 in
3133 848 3400 922 mystica
3433 848 3616 913 theo-

377 981 542 1056 logia
578 985 641 1039 et
670 977 733 1036 in
773 971 1060 1048 epistolis
1097 971 1157 1031 S.
1211 967 1531 1046 Dionysii,
1570 965 1817 1028 mendis
1852 972 2076 1028 scatet.

446 1103 700 1166 Tertius
723 1107 818 1161 est
849 1096 990 1160 cod.
1020 1089 1544 1156 Vindobonensis
1567 1089 1707 1160 751s,
1741 1088 1894 1150 olim
1941 1088 2080 1150 cod.
2107 1087 2302 1149 theol.
2333 1085 2634 1156 CCXVII,
2673 1087 3050 1156 membran.,
3081 1087 3221 1163 fol.,
3262 1090 3465 1154 seculi
3498 1095 3620 1154 ΧΠ

365 1222 674 1292 ineuntis,
706 1223 951 1281 constat
985 1215 1159 1278 foliis
1189 1215 1324 1273 100.
1356 1211 1504 1270 Fuit
1532 1209 1708 1281 olim,
1739 1213 1806 1270 ut
1833 1224 2060 1268 manus
2091 1205 2292 1268 seculi
2322 1195 2470 1265 XIV
2518 1203 2630 1264 fol.
2662 1201 2762 1277 liti,
2790 1206 2830 1264 2
2860 1213 3153 1309 testatur,
3180 1213 3624 1272 canonicorum

365 1337 750 1417 regularium
797 1331 862 1396 S.
899 1328 1242 1412 Augustini
1271 1335 1337 1394 in
1365 1352 1526 1393 nova
1557 1334 1828 1395 civitate.
1863 1322 2161 1394 Codicem
2194 1329 2364 1393 haud
2395 1330 2796 1408 spernendae
2835 1333 3236 1395 auctoritatis
3281 1320 3621 1412 descripsit

366 1459 555 1518 Denis
592 1455 787 1518 Codd.
824 1475 964 1518 mss.
1004 1451 1155 1518 bibl.
1193 1453 1404 1520 Palat.
1444 1450 1704 1520 l’indob.
1741 1459 1850 1519 lat.
1891 1459 2072 1521 Tom.
2108 1459 2157 1531 l,
2187 1476 2248 1538 p.
2282 1459 2400 1520 677
2432 1474 2574 1537 sqq.
2602 1457 2812 1532 Quare
2847 1448 3031 1536 plura
3059 1453 3136 1516 de
3169 1470 3244 1515 eo
3277 1441 3382 1515 hic
3433 1445 3625 1517 Verba

367 1575 572 1639 facere
605 1576 1124 1652 supersedemus.

447 1695 775 1757 Accedunt
836 1695 964 1756 duo
1023 1695 1298 1771 codices,
1361 1699 1896 1763 Darmstadiensis
1957 1707 2015 1762 et
2072 1693 2496 1762 Monacensis.
2555 1699 2650 1760 Ex
2711 1694 2949 1776 quibus
3009 1693 3117 1757 ille
3171 1699 3237 1756 ut
3285 1693 3349 1753 in
3417 1691 3628 1756 fronte

369 1819 558 1900 primi
596 1818 735 1880 folii
792 1818 1043 1896 legitur,
1081 1817 1234 1879 olim
1283 1818 1404 1880 fuit
1439 1821 1696 1899 majoris
1747 1819 2030 1882 ecclesiae
2080 1820 2148 1880 in
2193 1817 2492 1890 Colonia,
2546 1815 2764 1878 deinde
2811 1833 3133 1876 concessus
3164 1814 3472 1894 fratribus
3505 1815 3628 1875 mi“

367 1939 650 2002 naribus.
685 1941 796 1999 Est
833 1946 1044 2000 autem
1077 1937 1274 1998 codex
1331 1937 1708 2012 membran.,
1738 1938 1878 2012 fol.,
1914 1938 2114 2001 seculi
2169 1939 2313 2000 XII.
2373 1937 2634 2000 Constat
2684 1934 2861 1998 foliis
2893 1935 3031 2005 103,
3084 1933 3322 2014 quibus
3377 1933 3626 2011 integra

369 2052 580 2114 versio
629 2051 924 2120 habetur.
965 2050 1264 2118 Collicem
1309 2057 1675 2118 Hartzheim
1712 2055 2050 2134 descripsit
2085 2055 2150 2116 in
2181 2053 2465 2132 catalogo
2522 2048 3084 2115 historico-critico
3143 2045 3426 2108 codicum
3477 2065 3623 2106 mss.

373 2174 522 2236 bibl.
591 2174 874 2236 ecclesiae
927 2174 1444 2254 metropolitanae
1507 2174 1893 2235 Coloniensis
1949 2173 2246 2234 Coloniae
2289 2171 2582 2243 1752,lt°,
2647 2185 2707 2247 p.
2765 2166 2843 2227 20
2889 2163 3010 2224 sub
3076 2173 3142 2224 n"
3198 2161 3297 2223 30.
3351 2162 3627 2240 Margini

370 2300 611 2362 scholia
651 2308 953 2378 perpetua
985 2301 1046 2360 S.
1087 2297 1372 2371 Maximi,
1409 2297 1601 2359 latine
1658 2297 1934 2372 reddita,
1969 2295 2282 2373 adscripta
2311 2297 2486 2356 sunt.
2521 2285 2844 2370 Epistolae
2875 2281 3265 2360 SrDionysii
3312 2281 3627 2346 ﬁniuntur

370 2424 480 2486 fol.
524 2425 661 2496 101,
696 2427 753 2497 1,
789 2423 898 2484 ubi
935 2423 1090 2485 haec
1119 2423 1279 2502 legis
1315 2420 1660 2500 :Ewpletae
1689 2428 1834 2482 sunt
1869 2419 2068 2481 decem
2094 2416 2386 2498 epistolae
2407 2411 2700 2492 Dionysii
2719 2407 3136 2486 Areopagitae
3165 2403 3626 2511 archiepiscopi

370 2544 524 2624 facti
556 2543 954 2604 Athenarum.
995 2543 1485 2621 Subjunguntur
1517 2559 1668 2621 pars
1713 2541 2012 2621 epistolae
2044 2539 2403 2620 Polycratis
2437 2536 2519 2598 ad
2551 2537 2859 2598 Victorem
2889 2543 3122 2608 papam
3153 2521 3412 2603 (Euseb.
3451 2523 3622 2585 Hist.

373 2662 546 2736 eccl.,
582 2664 657 2732 V,
693 2662 818 2741 ἓῐι),
853 2668 913 2723 et
942 2661 1209 2721 historia
1257 2661 1328 2722 de
1357 2662 1583 2740 juvene
1628 2660 1911 2733 latrone,
1954 2677 2129 2740 quem
2173 2677 2212 2718 a
2256 2655 2477 2718 scelere
2521 2657 2875 2715 revocatum
2925 2644 3194 2704 Joannes
3223 2639 3628 2718 Evangelista

375 2779 656 2843 ecclesiae
683 2779 959 2840 restituit
999 2779 1316 2856 (Clemens
1348 2765 1820 2841 Alexandrinus
1857 2779 1996 2858 quis
2027 2777 2192 2838 dives
2249 2773 2542 2850 salvetur,
2575 2789 2630 2834 c.
2663 2771 2776 2845 EQ;
2812 2767 3050 2830 Euseb.
3092 2767 3263 2828 Hist.
3302 2765 3476 2838 eccl.,
3509 2767 3624 2834 Ill.

371 2895 495 2972 23).
529 2893 798 2974 Reliqua
831 2911 973 2972 pars
1022 2895 1429 2958 membranae
1460 2897 1651 2959 rebus
1697 2896 1940 2959 nullius
1993 2893 2300 2958 momenti
2356 2896 2725 2971 occupatur.
2779 2888 2955 2951 Alter
2987 2887 3188 2952 codex
3219 2887 3628 2949 Monacensis

371 3013 480 3075 lat.
521 3011 946 3074 Fiirstenfeld.
981 3014 1040 3085 9,
1083 3012 1220 3089 fol.,
1257 3015 1456 3078 seculi
1489 3017 1632 3091 XV,
1671 3019 1896 3098 partim
1943 2999 2322 3080 chartaceus
2361 3009 2584 3093 partim
2623 3012 3178 3084 membranaceus,
3212 3009 3297 3071 ita
3329 3008 3625 3088 quidem,

373 3142 444 3196 ut
465 3141 766 3213 quattuor
792 3133 944 3195 folia
976 3134 1300 3202 chartacea
1323 3139 1450 3200 duo
1476 3137 1793 3218 excipiant
1823 3139 1971 3203 folia
1994 3140 2498 3210 membranacea,
2525 3139 2771 3199 constat
2790 3133 2963 3197 foliis
2984 3133 3125 3208 359;
3151 3131 3360 3194 versio
3381 3130 3626 3211 integra

375 3255 768 3318 nitidissime
805 3254 1034 3332 scripta
1062 3253 1177 3316 fol.
1218 3256 1402 3317 1-109
1427 3254 1690 3333 legitur;
1724 3255 2036 3338 reliquam
2093 3266 2334 3337 partem
2364 3252 2604 3318 codicis
2640 3242 3080 3314 Commentarii
3117 3246 3356 3307 domini
3379 3243 3628 3304 Alberti

378 3367 658 3446 episcopi
695 3366 1157 3430 Ratisbonensis
1191 3370 1259 3432 in
1297 3371 1495 3434 libros
1531 3373 2120 3454 Pseudo-Dionysii
2159 3387 2494 3454 occupant.

465 3509 794 3584 Superest,
832 3515 903 3570 ut
934 3509 1096 3572 duos
1131 3512 1382 3578 codices
1416 3534 1906 3581 commemorem
1940 3519 2282 3583 Vaticanos
2317 3521 2432 3582 177
2466 3526 2529 3584 et
2561 3520 2698 3594 176,
2735 3533 2900 3600 quos
2929 3511 3390 3595 descripsimus
3425 3529 3624 3592 supra

379 3628 501 3702 55.
548 3625 798 3698 Quibus
847 3628 1081 3705 pariter
1129 3630 1338 3692 versio
1387 3631 1632 3712 integra
1681 3635 2070 3711 continetur,
2122 3637 2232 3712 ita,
2279 3644 2346 3701 ut
2394 3639 2766 3702 monuimus
2860 3635 3200 3717 disposita,
3237 3640 3312 3698 ut
3347 3629 3624 3710 singulis

379 3746 690 3825 capitibus
719 3749 1167 3812 commentarii
1196 3751 1519 3815 variorum
1549 3754 1931 3836 scriptorum
1973 3759 2469 3839 subjungantur.

395 3910 409 3922 ν
457 3894 556 3957 Ad
588 3893 774 3957 ﬁdem
810 3894 1008 3974 igitur
1040 3896 1270 3959 horum
1312 3906 1562 3985 septem
1614 3903 1904 3966 codicum
1949 3906 2216 3969 Joannis
2245 3907 2411 3969 Scoti
2457 3904 2910 3989 Praefationem
2969 3911 3024 3965 et
3066 3920 3295 3963 versus
3341 3897 3624 3968 versioni

381 4013 792 4094 praemissos,
856 4032 1106 4078 necnon
1165 4016 1429 4094 pessimi
1475 4025 1832 4100 argumenti
1889 4026 1968 4090 ad
2003 4027 2240 4090 calcem
2293 4031 2610 4092 versionis
2652 4030 2877 4094 obvios
2930 4039 3440 4105 recognovnmus.
3501 4022 3620 4084 Sed

379 4146 446 4207 in
497 4152 672 4208 textu
742 4143 952 4225 ipsius
1004 4142 1310 4205 versionis
1361 4151 1754 4214 recensendo
1824 4160 1953 4218 tres
2029 4163 2276 4220 tantum
2347 4158 2600 4222 codices
2660 4155 3116 4231 adhibuimus,
3174 4157 3622 4218 Monacensem

379 4264 702 4338 0thlonis,
734 4261 1353 4338 Darmstadiensem,
1405 4270 1466 4327 et
1513 4267 2166 4339 Fiirstenfeldensem.
2219 4277 2441 4358 Neque
2497 4277 2724 4338 horum
2765 4250 3139 4338 varietatem
3190 4273 3482 4336 lectionis
3534 4279 3627 4334 to-

383 4390 506 4444 tam
555 4381 887 4460 descripsi,
927 4382 1036 4444 sed
1069 4383 1236 4447 solas
1271 4387 1581 4463 gravioris
1617 4397 1920 4458 momenti
1951 4398 2156 4461 varias
2186 4399 2495 4462 lectiones
2531 4399 2851 4462 addendas
2885 4398 3130 4479 putavi.

459 4502 790 4562 Praeterea
846 4501 1244 4580 inspeximus
1289 4511 1478 4576 istius
1527 4515 1842 4579 versionis
1891 4519 2175 4582 codicem
2210 4521 2608 4600 Lipsiensem
2637 4523 2773 4596 188,
2827 4520 3383 4583 membranaceum
3412 4563 3429 4594 ,
3483 4517 3625 4594 fol.,

383 4621 583 4684 seculi
615 4621 792 4695 Xlll,
823 4639 1014 4702 quem
1047 4641 1238 4706 supra
1274 4635 1300 4707 θ
1337 4635 1376 4696 6
1422 4635 1857 4716 laudavimus,
1895 4641 2176 4703 codicem
2215 4643 2654 4705 Florentinum
2705 4643 2869 4705 Plut.
2905 4644 3236 4705 LXXXIX
3261 4687 3277 4716 ,
3317 4645 3471 4724 Sup.
3508 4645 3580 4706 15
3604 4687 3622 4716 ,

383 4743 766 4815 membrum,
800 4743 913 4807 fol.
949 4746 1124 4826 maj.,
1149 4749 1350 4810 seculi
1380 4753 1469 4813 XI
1505 4754 1600 4816 vel
1635 4755 1756 4816 XII
1793 4755 2103 4830 ineuntis,
2135 4757 2438 4820 foliorum
2469 4761 2613 4832 233,
2638 4759 2747 4820 ubi
2781 4760 2989 4822 versio
3025 4765 3229 4824 exstat
3258 4759 3368 4822 fol.
3404 4761 3623 4834 1-10h,

385 4861 640 4923 codices
673 4857 1201 4940 Gandavensem‘,
1236 4869 1627 4934 Parisienses
1653 4919 1669 4949 ,
1719 4893 1970 4940 necnon
2007 4878 2316 4957 plurimos
2349 4879 2511 4942 alios
2550 4881 2816 4943 minoris
2853 4881 3036 4960 pretii
3103 4880 3358 4944 codices
3389 4924 3406 4956 ,
3457 4895 3622 4960 quos

385 4981 645 5060 quidem
678 4982 783 5045 hic
815 4999 1190 5050 enumerare
1221 4995 1282 5051 et
1315 4991 1578 5071 longum
1617 4999 1677 5058 et
1717 5015 1752 5058 a
1784 5014 1854 5057 re
1884 4996 2162 5059 alienum
2199 5015 2340 5060 esse
2375 4999 2652 5062 videtur.

465 5126 766 5189 Versioni
825 5129 1122 5206 praemisi
1177 5134 1500 5212 epistolam
1531 5140 1850 5202 Anastasii
1887 5139 2344 5202 bibliothecarii
2369 5185 2384 5215 ,
2405 5141 2474 5202 in
2503 5140 2828 5204 codicibus
2859 5141 3230 5208 Florentino
3262 5145 3516 5210 laudato
3548 5154 3614 5211 et

387 5251 639 5313 duobus
672 5248 991 5312 Vaticanis
1023 5253 1138 5313 176
1168 5259 1226 5315 et
1265 5255 1400 5331 177,
1441 5275 1557 5320 nec
1593 5277 1722 5322 non
1755 5261 1820 5322 in
1851 5263 2234 5342 quibusdam
2257 5262 2424 5336 aliis,
2470 5279 2635 5342 quos
2670 5264 3104 5346 inspeximus,
3156 5267 3310 5331 item
3343 5271 3625 5334 versioni

389 5383 1029 5463 praetixam.’l‘extum
1058 5397 1204 5445 vero
1227 5379 1418 5459 hujus
1435 5381 1740 5460 epistolae
1755 5385 1830 5446 ad
1847 5385 2032 5447 fidem
2057 5384 2359 5448 editionis
2373 5385 2607 5448 Usserii
2624 5385 2689 5447 in
2703 5385 3134 5465 Epistolarum
3145 5387 3625 5450 Hiberniearum

387 5503 644 5582 sylloge,
669 5502 969 5566 editionis
997 5501 1483 5580 Argentinensis
1507 5519 1770 5583 cperum
1793 5505 1854 5564 S.
1879 5503 2171 5583 Dionysxi
2192 5520 2248 5563 a.
2275 5503 2452 5578 1503,
2475 5508 2536 5564 et
2556 5502 2810 5566 illorum
2836 5505 3128 5568 codicum
3153 5506 3620 5570 recensuimus.

391 5623 509 5683 Sed
533 5624 848 5696 dolemtis,
872 5621 1042 5700 quod
1069 5622 1616 5708 lapsuﬁmemoriae
1648 5624 2013 5688 varietatem
2046 5623 2376 5697 lectionis,
2408 5640 2442 5687 e
2473 5624 2675 5687 tribus
2698 5624 3024 5690 codicibus
3047 5625 3477 5705 desumptam,
3511 5628 3618 5690 uni
