  <div class='ocr_page' id='page_1' title='image "/cluster/home/n/w/nwhite01/storage/ocr_20150623/122/hvd.32044054759840/024.png"; bbox 0 0 4002 6148; ppageno 0'>
   <div class='ocr_carea' id='block_1_1' title="bbox 1787 281 3624 340">
    <p class='ocr_par' dir='ltr' id='par_1_1' title="bbox 1787 281 3624 340">
     <span class='ocr_line' id='line_1_1' title="bbox 1787 281 3624 340; baseline -0.001 -4"><span class='ocrx_word' id='word_1_1' title='bbox 1787 281 2212 340; x_wconf 67' lang='lat' dir='ltr'><strong>PROOEMIUM.</strong></span> <span class='ocrx_word' id='word_1_2' title='bbox 3551 297 3624 339; x_wconf 81' lang='lat' dir='ltr'><strong>xv</strong></span> 
     </span>
    </p>
   </div>
   <div class='ocr_carea' id='block_1_2' title="bbox 381 427 3622 512">
    <p class='ocr_par' dir='ltr' id='par_1_2' title="bbox 381 427 3622 512">
     <span class='ocr_line' id='line_1_2' title="bbox 381 427 3622 512; baseline -0.001 -16"><span class='ocrx_word' id='word_1_3' title='bbox 381 431 756 496; x_wconf 78' lang='lat' dir='ltr'><strong>Florentino</strong></span> <span class='ocrx_word' id='word_1_4' title='bbox 788 430 1158 492; x_wconf 80' lang='lat' dir='ltr'><strong>tribuimus.</strong></span> <span class='ocrx_word' id='word_1_5' title='bbox 1198 427 1388 492; x_wconf 79' lang='lat' dir='ltr'><strong>Hunc</strong></span> <span class='ocrx_word' id='word_1_6' title='bbox 1433 429 1630 509; x_wconf 82' lang='lat' dir='ltr'><strong>igitur</strong></span> <span class='ocrx_word' id='word_1_7' title='bbox 1667 448 1982 508; x_wconf 89' lang='lat' dir='ltr'><strong>errorem,</strong></span> <span class='ocrx_word' id='word_1_8' title='bbox 2016 450 2209 512; x_wconf 86' lang='lat' dir='ltr'><strong>quem</strong></span> <span class='ocrx_word' id='word_1_9' title='bbox 2241 432 2559 510; x_wconf 81' lang='lat' dir='ltr'><strong>corrigere</strong></span> <span class='ocrx_word' id='word_1_10' title='bbox 2588 431 2720 511; x_wconf 88' lang='lat' dir='ltr'><strong>jam</strong></span> <span class='ocrx_word' id='word_1_11' title='bbox 2752 446 2878 492; x_wconf 91' lang='lat' dir='ltr'><strong>non</strong></span> <span class='ocrx_word' id='word_1_12' title='bbox 2918 429 3084 504; x_wconf 88' lang='lat' dir='ltr'><strong>licet,</strong></span> <span class='ocrx_word' id='word_1_13' title='bbox 3125 429 3226 492; x_wconf 91' lang='lat' dir='ltr'><strong>hic</strong></span> <span class='ocrx_word' id='word_1_14' title='bbox 3282 431 3476 495; x_wconf 84' lang='lat' dir='ltr'><strong>libere</strong></span> <span class='ocrx_word' id='word_1_15' title='bbox 3532 432 3622 494; x_wconf 85' lang='lat' dir='ltr'><strong>fa-</strong></span> 
     </span>
    </p>
   </div>
   <div class='ocr_carea' id='block_1_3' title="bbox 381 559 1091 620">
    <p class='ocr_par' dir='ltr' id='par_1_3' title="bbox 381 559 1091 620">
     <span class='ocr_line' id='line_1_3' title="bbox 381 559 1091 620; baseline -0.008 -2"><span class='ocrx_word' id='word_1_16' title='bbox 381 567 636 620; x_wconf 85' lang='lat' dir='ltr'><strong>teamur</strong></span> <span class='ocrx_word' id='word_1_17' title='bbox 670 569 932 617; x_wconf 85' lang='lat' dir='ltr'><strong>necesse</strong></span> <span class='ocrx_word' id='word_1_18' title='bbox 973 559 1091 614; x_wconf 92' lang='lat' dir='ltr'><strong>est.</strong></span> 
     </span>
    </p>
   </div>
   <div class='ocr_carea' id='block_1_4' title="bbox 457 667 3608 749">
    <p class='ocr_par' dir='ltr' id='par_1_4' title="bbox 457 667 3608 749">
     <span class='ocr_line' id='line_1_4' title="bbox 457 667 3608 749; baseline -0.001 -12"><span class='ocrx_word' id='word_1_19' title='bbox 457 678 790 737; x_wconf 87' lang='lat' dir='ltr'><strong>Praeterea</strong></span> <span class='ocrx_word' id='word_1_20' title='bbox 825 669 1219 732; x_wconf 88' lang='lat' dir='ltr'><strong>monendum</strong></span> <span class='ocrx_word' id='word_1_21' title='bbox 1251 675 1376 742; x_wconf 89' lang='lat' dir='ltr'><strong>est,</strong></span> <span class='ocrx_word' id='word_1_22' title='bbox 1403 668 1767 731; x_wconf 86' lang='lat' dir='ltr'><strong>versionem</strong></span> <span class='ocrx_word' id='word_1_23' title='bbox 1797 667 2120 747; x_wconf 88' lang='lat' dir='ltr'><strong>adjunctis</strong></span> <span class='ocrx_word' id='word_1_24' title='bbox 2156 668 2629 730; x_wconf 87' lang='lat' dir='ltr'><strong>commentariis</strong></span> <span class='ocrx_word' id='word_1_25' title='bbox 2662 667 2982 730; x_wconf 88' lang='lat' dir='ltr'><strong>variorum</strong></span> <span class='ocrx_word' id='word_1_26' title='bbox 3015 670 3328 747; x_wconf 90' lang='lat' dir='ltr'><strong>prodiisse</strong></span> <span class='ocrx_word' id='word_1_27' title='bbox 3366 674 3608 749; x_wconf 78' lang='lat' dir='ltr'><strong>Argen-</strong></span> 
     </span>
    </p>
   </div>
   <div class='ocr_carea' id='block_1_5' title="bbox 379 789 3618 876">
    <p class='ocr_par' dir='ltr' id='par_1_5' title="bbox 379 789 3618 876">
     <span class='ocr_line' id='line_1_5' title="bbox 379 789 3618 876; baseline -0.003 -13"><span class='ocrx_word' id='word_1_28' title='bbox 379 802 562 863; x_wconf 81' lang='lat' dir='ltr'><strong>tinae</strong></span> <span class='ocrx_word' id='word_1_29' title='bbox 596 799 743 859; x_wconf 80' lang='grc'><strong>1503</strong></span> <span class='ocrx_word' id='word_1_30' title='bbox 768 795 891 856; x_wconf 84' lang='lat' dir='ltr'><strong>hoc</strong></span> <span class='ocrx_word' id='word_1_31' title='bbox 922 792 1106 854; x_wconf 91' lang='lat' dir='ltr'><strong>titulo</strong></span> <span class='ocrx_word' id='word_1_32' title='bbox 1141 811 1156 849; x_wconf 90' lang='lat'><strong>:</strong></span> <span class='ocrx_word' id='word_1_33' title='bbox 1204 791 1407 871; x_wconf 83' lang='lat' dir='ltr'><strong>Opera</strong></span> <span class='ocrx_word' id='word_1_34' title='bbox 1439 791 1730 870; x_wconf 73' lang='lat' dir='ltr'><strong>Dionysii</strong></span> <span class='ocrx_word' id='word_1_35' title='bbox 1756 791 1976 850; x_wconf 91' lang='lat' dir='ltr'><strong>veteris</strong></span> <span class='ocrx_word' id='word_1_36' title='bbox 2012 799 2066 850; x_wconf 91' lang='lat' dir='ltr'><strong>et</strong></span> <span class='ocrx_word' id='word_1_37' title='bbox 2092 807 2284 850; x_wconf 81' lang='lat' dir='ltr'><strong>novae</strong></span> <span class='ocrx_word' id='word_1_38' title='bbox 2310 789 2778 864; x_wconf 79' lang='lat' dir='ltr'><strong>translationis,</strong></span> <span class='ocrx_word' id='word_1_39' title='bbox 2813 790 2992 876; x_wconf 82' lang='lat' dir='ltr'><strong>etiam</strong></span> <span class='ocrx_word' id='word_1_40' title='bbox 3020 793 3387 852; x_wconf 80' lang='lat' dir='ltr'><strong>novissimae</strong></span> <span class='ocrx_word' id='word_1_41' title='bbox 3417 794 3618 871; x_wconf 79' lang='lat' dir='ltr'><strong>ipsius</strong></span> 
     </span>
    </p>
   </div>
   <div class='ocr_carea' id='block_1_6' title="bbox 380 906 3612 986">
    <p class='ocr_par' dir='ltr' id='par_1_6' title="bbox 380 906 3612 986">
     <span class='ocr_line' id='line_1_6' title="bbox 380 906 3612 986; baseline -0.001 -8"><span class='ocrx_word' id='word_1_42' title='bbox 380 915 666 978; x_wconf 83' lang='lat' dir='ltr'><strong>Marsilii</strong></span> <span class='ocrx_word' id='word_1_43' title='bbox 695 911 924 984; x_wconf 86' lang='lat' dir='ltr'><strong>Ficini,</strong></span> <span class='ocrx_word' id='word_1_44' title='bbox 947 926 1084 970; x_wconf 86' lang='lat' dir='ltr'><strong>cum</strong></span> <span class='ocrx_word' id='word_1_45' title='bbox 1113 908 1567 969; x_wconf 88' lang='lat' dir='ltr'><strong>commentariis</strong></span> <span class='ocrx_word' id='word_1_46' title='bbox 1587 907 1902 986; x_wconf 87' lang='lat' dir='ltr'><strong>Hugonis,</strong></span> <span class='ocrx_word' id='word_1_47' title='bbox 1925 906 2189 981; x_wconf 85' lang='lat' dir='ltr'><strong>Alberti,</strong></span> <span class='ocrx_word' id='word_1_48' title='bbox 2215 907 2502 982; x_wconf 80' lang='lat' dir='ltr'><strong>Thomas,</strong></span> <span class='ocrx_word' id='word_1_49' title='bbox 2524 906 2838 968; x_wconf 82' lang='lat' dir='ltr'><strong>Ambrosii</strong></span> <span class='ocrx_word' id='word_1_50' title='bbox 2860 911 3157 983; x_wconf 85' lang='lat' dir='ltr'><strong>oratoris,</strong></span> <span class='ocrx_word' id='word_1_51' title='bbox 3184 911 3612 976; x_wconf 81' lang='lat' dir='ltr'><strong>Linconiensis</strong></span> 
     </span>
    </p>
   </div>
   <div class='ocr_carea' id='block_1_7' title="bbox 383 1020 3607 1105">
    <p class='ocr_par' dir='ltr' id='par_1_7' title="bbox 383 1020 3607 1105">
     <span class='ocr_line' id='line_1_7' title="bbox 383 1020 3607 1105; baseline -0.002 -10"><span class='ocrx_word' id='word_1_52' title='bbox 383 1046 438 1095; x_wconf 83' lang='lat' dir='ltr'><strong>et</strong></span> <span class='ocrx_word' id='word_1_53' title='bbox 457 1030 869 1095; x_wconf 75' lang='lat' dir='ltr'><strong>Verecllensis.</strong></span> <span class='ocrx_word' id='word_1_54' title='bbox 885 1028 1059 1088; x_wconf 85' lang='lat' dir='ltr'><strong>Nova</strong></span> <span class='ocrx_word' id='word_1_55' title='bbox 1080 1024 1274 1088; x_wconf 79' lang='lat' dir='ltr'><strong>editio</strong></span> <span class='ocrx_word' id='word_1_56' title='bbox 1295 1030 1473 1086; x_wconf 86' lang='lat' dir='ltr'><strong>aucta</strong></span> <span class='ocrx_word' id='word_1_57' title='bbox 1496 1023 1730 1102; x_wconf 89' lang='lat' dir='ltr'><strong>prodiit</strong></span> <span class='ocrx_word' id='word_1_58' title='bbox 1752 1021 2048 1084; x_wconf 83' lang='lat' dir='ltr'><strong>Coloniae</strong></span> <span class='ocrx_word' id='word_1_59' title='bbox 2072 1021 2191 1083; x_wconf 92' lang='lat' dir='ltr'><strong>hoc</strong></span> <span class='ocrx_word' id='word_1_60' title='bbox 2216 1021 2395 1082; x_wconf 91' lang='lat' dir='ltr'><strong>titulo</strong></span> <span class='ocrx_word' id='word_1_61' title='bbox 2423 1041 2436 1080; x_wconf 91' lang='lat'>:</span> <span class='ocrx_word' id='word_1_62' title='bbox 2461 1022 2525 1081; x_wconf 90' lang='lat' dir='ltr'><strong>S.</strong></span> <span class='ocrx_word' id='word_1_63' title='bbox 2547 1020 2837 1099; x_wconf 84' lang='lat' dir='ltr'><strong>Dionysii</strong></span> <span class='ocrx_word' id='word_1_64' title='bbox 2856 1022 3265 1101; x_wconf 80' lang='lat' dir='ltr'><strong>Areopagitae</strong></span> <span class='ocrx_word' id='word_1_65' title='bbox 3287 1030 3607 1105; x_wconf 79' lang='lat' dir='ltr'><strong>martyris,</strong></span> 
     </span>
    </p>
   </div>
   <div class='ocr_carea' id='block_1_8' title="bbox 365 1128 3610 1236">
    <p class='ocr_par' dir='ltr' id='par_1_8' title="bbox 365 1128 3610 1236">
     <span class='ocr_line' id='line_1_8' title="bbox 365 1128 3610 1236; baseline -0.006 -18"><span class='ocrx_word' id='word_1_66' title='bbox 365 1128 664 1236; x_wconf 57' lang='lat' dir='ltr'><strong>episcopi</strong></span> <span class='ocrx_word' id='word_1_67' title='bbox 685 1149 1095 1222; x_wconf 81' lang='lat' dir='ltr'><strong>Atheniensis,</strong></span> <span class='ocrx_word' id='word_1_68' title='bbox 1127 1153 1181 1205; x_wconf 90' lang='lat' dir='ltr'><strong>et</strong></span> <span class='ocrx_word' id='word_1_69' title='bbox 1238 1141 1561 1204; x_wconf 81' lang='lat' dir='ltr'><strong>Gallorum</strong></span> <span class='ocrx_word' id='word_1_70' title='bbox 1595 1138 1871 1218; x_wconf 86' lang='lat' dir='ltr'><strong>apostoli</strong></span> <span class='ocrx_word' id='word_1_71' title='bbox 1903 1158 2122 1219; x_wconf 88' lang='lat' dir='ltr'><strong>opera,</strong></span> <span class='ocrx_word' id='word_1_72' title='bbox 2155 1157 2307 1219; x_wconf 87' lang='lat' dir='ltr'><strong>quae</strong></span> <span class='ocrx_word' id='word_1_73' title='bbox 2336 1137 2578 1216; x_wconf 85' lang='lat' dir='ltr'><strong>quidem</strong></span> <span class='ocrx_word' id='word_1_74' title='bbox 2613 1145 2874 1210; x_wconf 75' lang='lat' dir='ltr'><strong>exstent,</strong></span> <span class='ocrx_word' id='word_1_75' title='bbox 2931 1139 3168 1212; x_wconf 84' lang='lat' dir='ltr'><strong>omnia,</strong></span> <span class='ocrx_word' id='word_1_76' title='bbox 3227 1142 3610 1222; x_wconf 82' lang='lat' dir='ltr'><strong>quintuplici</strong></span> 
     </span>
    </p>
   </div>
   <div class='ocr_carea' id='block_1_9' title="bbox 382 1258 3620 1342">
    <p class='ocr_par' dir='ltr' id='par_1_9' title="bbox 382 1258 3620 1342">
     <span class='ocr_line' id='line_1_9' title="bbox 382 1258 3620 1342; baseline -0.005 -2"><span class='ocrx_word' id='word_1_77' title='bbox 382 1279 799 1340; x_wconf 85' lang='lat' dir='ltr'><strong>translatione</strong></span> <span class='ocrx_word' id='word_1_78' title='bbox 830 1291 1028 1342; x_wconf 90' lang='lat' dir='ltr'><strong>versa,</strong></span> <span class='ocrx_word' id='word_1_79' title='bbox 1076 1273 1131 1329; x_wconf 87' lang='lat' dir='ltr'><strong>et</strong></span> <span class='ocrx_word' id='word_1_80' title='bbox 1166 1262 1620 1326; x_wconf 89' lang='lat' dir='ltr'><strong>commentariis</strong></span> <span class='ocrx_word' id='word_1_81' title='bbox 1650 1262 1724 1320; x_wconf 92' lang='lat' dir='ltr'><strong>D.</strong></span> <span class='ocrx_word' id='word_1_82' title='bbox 1768 1261 2062 1338; x_wconf 85' lang='lat' dir='ltr'><strong>Dionysii</strong></span> <span class='ocrx_word' id='word_1_83' title='bbox 2086 1280 2123 1319; x_wconf 90' lang='lat' dir='ltr'><strong>a</strong></span> <span class='ocrx_word' id='word_1_84' title='bbox 2150 1259 2326 1321; x_wconf 81' lang='lat' dir='ltr'><strong>Rikel</strong></span> <span class='ocrx_word' id='word_1_85' title='bbox 2368 1258 2771 1320; x_wconf 66' lang='grc' dir='ltr'><strong>δαναιαείαηί</strong></span> <span class='ocrx_word' id='word_1_86' title='bbox 2805 1277 2967 1318; x_wconf 87' lang='lat' dir='ltr'><strong>nunc</strong></span> <span class='ocrx_word' id='word_1_87' title='bbox 2999 1258 3225 1320; x_wconf 83' lang='lat' dir='ltr'><strong>iterum</strong></span> <span class='ocrx_word' id='word_1_88' title='bbox 3278 1261 3620 1341; x_wconf 85' lang='lat' dir='ltr'><strong>diligentis-</strong></span> 
     </span>
    </p>
   </div>
   <div class='ocr_carea' id='block_1_10' title="bbox 381 1382 3626 1464">
    <p class='ocr_par' dir='ltr' id='par_1_10' title="bbox 381 1382 3626 1464">
     <span class='ocr_line' id='line_1_10' title="bbox 381 1382 3626 1464; baseline -0.003 -3"><span class='ocrx_word' id='word_1_89' title='bbox 381 1402 536 1460; x_wconf 82' lang='lat' dir='ltr'><strong>sime</strong></span> <span class='ocrx_word' id='word_1_90' title='bbox 557 1396 736 1457; x_wconf 81' lang='lat' dir='ltr'><strong>editis</strong></span> <span class='ocrx_word' id='word_1_91' title='bbox 750 1389 1081 1463; x_wconf 86' lang='lat' dir='ltr'><strong>elucidata,</strong></span> <span class='ocrx_word' id='word_1_92' title='bbox 1103 1387 1176 1448; x_wconf 93' lang='lat' dir='ltr'><strong>ab</strong></span> <span class='ocrx_word' id='word_1_93' title='bbox 1202 1386 1562 1456; x_wconf 86' lang='lat' dir='ltr'><strong>innumeris,</strong></span> <span class='ocrx_word' id='word_1_94' title='bbox 1591 1384 1814 1464; x_wconf 82' lang='lat' dir='ltr'><strong>quibus</strong></span> <span class='ocrx_word' id='word_1_95' title='bbox 1839 1383 2092 1444; x_wconf 88' lang='lat' dir='ltr'><strong>antehac</strong></span> <span class='ocrx_word' id='word_1_96' title='bbox 2119 1385 2454 1459; x_wconf 78' lang='lat' dir='ltr'><strong>scatebunt,</strong></span> <span class='ocrx_word' id='word_1_97' title='bbox 2476 1384 2708 1444; x_wconf 85' lang='lat' dir='ltr'><strong>mendis</strong></span> <span class='ocrx_word' id='word_1_98' title='bbox 2728 1382 2937 1445; x_wconf 82' lang='lat' dir='ltr'><strong>sedulo</strong></span> <span class='ocrx_word' id='word_1_99' title='bbox 2962 1387 3301 1450; x_wconf 85' lang='lat' dir='ltr'><strong>vindicata.</strong></span> <span class='ocrx_word' id='word_1_100' title='bbox 3330 1389 3626 1452; x_wconf 87' lang='lat' dir='ltr'><strong>Coloniae</strong></span> 
     </span>
    </p>
   </div>
   <div class='ocr_carea' id='block_1_11' title="bbox 385 1502 3625 1578">
    <p class='ocr_par' dir='ltr' id='par_1_11' title="bbox 385 1502 3625 1578">
     <span class='ocr_line' id='line_1_11' title="bbox 385 1502 3625 1578; baseline -0.002 0"><span class='ocrx_word' id='word_1_101' title='bbox 385 1536 551 1578; x_wconf 86' lang='lat' dir='ltr'><strong>anno</strong></span> <span class='ocrx_word' id='word_1_102' title='bbox 589 1511 819 1576; x_wconf 81' lang='lat' dir='ltr'><strong>Christi</strong></span> <span class='ocrx_word' id='word_1_103' title='bbox 845 1509 982 1569; x_wconf 87' lang='lat' dir='ltr'><strong>nati</strong></span> <span class='ocrx_word' id='word_1_104' title='bbox 1009 1508 1166 1570; x_wconf 84' lang='lat'><strong>1556</strong></span> <span class='ocrx_word' id='word_1_105' title='bbox 1191 1523 1386 1567; x_wconf 82' lang='lat' dir='ltr'><strong>mense</strong></span> <span class='ocrx_word' id='word_1_106' title='bbox 1412 1504 1735 1577; x_wconf 82' lang='lat' dir='ltr'><strong>Januarii,</strong></span> <span class='ocrx_word' id='word_1_107' title='bbox 1771 1502 1883 1564; x_wconf 86' lang='lat' dir='ltr'><strong>fol.</strong></span> <span class='ocrx_word' id='word_1_108' title='bbox 1918 1503 2192 1565; x_wconf 87' lang='lat' dir='ltr'><strong>Alteram</strong></span> <span class='ocrx_word' id='word_1_109' title='bbox 2225 1503 2387 1566; x_wconf 88' lang='lat' dir='ltr'><strong>hanc</strong></span> <span class='ocrx_word' id='word_1_110' title='bbox 2425 1503 2770 1566; x_wconf 87' lang='lat' dir='ltr'><strong>editionem</strong></span> <span class='ocrx_word' id='word_1_111' title='bbox 2809 1505 2878 1566; x_wconf 90' lang='lat' dir='ltr'><strong>in</strong></span> <span class='ocrx_word' id='word_1_112' title='bbox 2910 1504 3152 1568; x_wconf 86' lang='lat' dir='ltr'><strong>edenda</strong></span> <span class='ocrx_word' id='word_1_113' title='bbox 3191 1507 3485 1570; x_wconf 85' lang='lat' dir='ltr'><strong>versione</strong></span> <span class='ocrx_word' id='word_1_114' title='bbox 3518 1511 3625 1572; x_wconf 86' lang='lat' dir='ltr'><strong>ad-</strong></span> 
     </span>
    </p>
   </div>
   <div class='ocr_carea' id='block_1_12' title="bbox 386 1634 748 1696">
    <p class='ocr_par' dir='ltr' id='par_1_12' title="bbox 386 1634 748 1696">
     <span class='ocr_line' id='line_1_12' title="bbox 386 1634 748 1696; baseline -0.017 0"><span class='ocrx_word' id='word_1_115' title='bbox 386 1634 748 1696; x_wconf 89' lang='lat' dir='ltr'><strong>hibuimus.</strong></span> 
     </span>
    </p>
   </div>
   <div class='ocr_carea' id='block_1_13' title="bbox 471 1745 3630 1832">
    <p class='ocr_par' dir='ltr' id='par_1_13' title="bbox 471 1745 3630 1832">
     <span class='ocr_line' id='line_1_13' title="bbox 471 1745 3630 1832; baseline -0 -15"><span class='ocrx_word' id='word_1_116' title='bbox 471 1758 621 1817; x_wconf 90' lang='lat' dir='ltr'><strong>Data</strong></span> <span class='ocrx_word' id='word_1_117' title='bbox 649 1758 767 1815; x_wconf 88' lang='lat' dir='ltr'><strong>hac</strong></span> <span class='ocrx_word' id='word_1_118' title='bbox 799 1749 1274 1832; x_wconf 85' lang='lat' dir='ltr'><strong>opportunitate</strong></span> <span class='ocrx_word' id='word_1_119' title='bbox 1309 1746 1527 1810; x_wconf 86' lang='lat' dir='ltr'><strong>licebit</strong></span> <span class='ocrx_word' id='word_1_120' title='bbox 1557 1745 1638 1810; x_wconf 89' lang='lat' dir='ltr'><strong>de</strong></span> <span class='ocrx_word' id='word_1_121' title='bbox 1666 1747 1944 1810; x_wconf 90' lang='lat' dir='ltr'><strong>Othlone</strong></span> <span class='ocrx_word' id='word_1_122' title='bbox 1975 1746 2318 1823; x_wconf 83' lang='lat' dir='ltr'><strong>monacho,</strong></span> <span class='ocrx_word' id='word_1_123' title='bbox 2352 1748 2534 1828; x_wconf 90' lang='lat' dir='ltr'><strong>cujus</strong></span> <span class='ocrx_word' id='word_1_124' title='bbox 2574 1749 2852 1811; x_wconf 89' lang='lat' dir='ltr'><strong>codicem</strong></span> <span class='ocrx_word' id='word_1_125' title='bbox 2888 1750 3205 1829; x_wconf 84' lang='lat' dir='ltr'><strong>insignem</strong></span> <span class='ocrx_word' id='word_1_126' title='bbox 3265 1760 3453 1817; x_wconf 85' lang='lat' dir='ltr'><strong>modo</strong></span> <span class='ocrx_word' id='word_1_127' title='bbox 3490 1757 3630 1816; x_wconf 82' lang='lat' dir='ltr'><strong>lau-</strong></span> 
     </span>
    </p>
   </div>
   <div class='ocr_carea' id='block_1_14' title="bbox 385 1870 3628 1965">
    <p class='ocr_par' dir='ltr' id='par_1_14' title="bbox 385 1870 3628 1965">
     <span class='ocr_line' id='line_1_14' title="bbox 385 1870 3628 1965; baseline 0.001 -28"><span class='ocrx_word' id='word_1_128' title='bbox 385 1875 707 1946; x_wconf 87' lang='lat' dir='ltr'><strong>davimus,</strong></span> <span class='ocrx_word' id='word_1_129' title='bbox 733 1872 809 1932; x_wconf 87' lang='lat' dir='ltr'><strong>ad</strong></span> <span class='ocrx_word' id='word_1_130' title='bbox 839 1871 1026 1932; x_wconf 84' lang='lat' dir='ltr'><strong>ﬁdem</strong></span> <span class='ocrx_word' id='word_1_131' title='bbox 1052 1870 1343 1931; x_wconf 88' lang='lat' dir='ltr'><strong>codicum</strong></span> <span class='ocrx_word' id='word_1_132' title='bbox 1367 1871 1848 1933; x_wconf 86' lang='lat' dir='ltr'><strong>Monacensium</strong></span> <span class='ocrx_word' id='word_1_133' title='bbox 1875 1873 2181 1965; x_wconf 79' lang='lat' dir='ltr'><strong>nonnulla</strong></span> <span class='ocrx_word' id='word_1_134' title='bbox 2205 1875 2616 1956; x_wconf 84' lang='lat' dir='ltr'><strong>subjungcre.</strong></span> <span class='ocrx_word' id='word_1_135' title='bbox 2654 1877 2714 1938; x_wconf 88' lang='lat' dir='ltr'><strong>Is</strong></span> <span class='ocrx_word' id='word_1_136' title='bbox 2750 1876 2920 1938; x_wconf 88' lang='lat' dir='ltr'><strong>enim</strong></span> <span class='ocrx_word' id='word_1_137' title='bbox 2956 1874 3255 1936; x_wconf 91' lang='lat' dir='ltr'><strong>coenobii</strong></span> <span class='ocrx_word' id='word_1_138' title='bbox 3280 1876 3342 1935; x_wconf 91' lang='lat' dir='ltr'><strong>S.</strong></span> <span class='ocrx_word' id='word_1_139' title='bbox 3374 1877 3628 1940; x_wconf 91' lang='lat' dir='ltr'><strong>Emme-</strong></span> 
     </span>
    </p>
   </div>
   <div class='ocr_carea' id='block_1_15' title="bbox 386 1987 3629 2074">
    <p class='ocr_par' dir='ltr' id='par_1_15' title="bbox 386 1987 3629 2074">
     <span class='ocr_line' id='line_1_15' title="bbox 386 1987 3629 2074; baseline -0.001 -16"><span class='ocrx_word' id='word_1_140' title='bbox 386 1993 620 2058; x_wconf 90' lang='lat' dir='ltr'><strong>rammi</strong></span> <span class='ocrx_word' id='word_1_141' title='bbox 674 1988 1166 2053; x_wconf 83' lang='lat' dir='ltr'><strong>Ratisbonensis</strong></span> <span class='ocrx_word' id='word_1_142' title='bbox 1211 1987 1564 2051; x_wconf 86' lang='lat' dir='ltr'><strong>monachus</strong></span> <span class='ocrx_word' id='word_1_143' title='bbox 1593 1988 1736 2051; x_wconf 82' lang='lat' dir='ltr'><strong>fuit.</strong></span> <span class='ocrx_word' id='word_1_144' title='bbox 1769 1989 1942 2051; x_wconf 80' lang='lat' dir='ltr'><strong>Vixit</strong></span> <span class='ocrx_word' id='word_1_145' title='bbox 1978 1997 2257 2054; x_wconf 76' lang='lat' dir='ltr'><strong>exeunte</strong></span> <span class='ocrx_word' id='word_1_146' title='bbox 2291 1992 2509 2055; x_wconf 91' lang='lat' dir='ltr'><strong>seculo</strong></span> <span class='ocrx_word' id='word_1_147' title='bbox 2539 1995 2600 2054; x_wconf 83' lang='grc' dir='ltr'>Χ</span> <span class='ocrx_word' id='word_1_148' title='bbox 2637 2000 2695 2054; x_wconf 91' lang='lat' dir='ltr'><strong>et</strong></span> <span class='ocrx_word' id='word_1_149' title='bbox 2725 1994 2994 2055; x_wconf 85' lang='lat' dir='ltr'><strong>ineunte</strong></span> <span class='ocrx_word' id='word_1_150' title='bbox 3044 1994 3158 2055; x_wconf 83' lang='lat' dir='ltr'><strong>XI.</strong></span> <span class='ocrx_word' id='word_1_151' title='bbox 3196 1993 3392 2073; x_wconf 88' lang='lat' dir='ltr'><strong>Cujus</strong></span> <span class='ocrx_word' id='word_1_152' title='bbox 3440 2013 3629 2074; x_wconf 80' lang='lat' dir='ltr'><strong>opera</strong></span> 
     </span>
    </p>
   </div>
   <div class='ocr_carea' id='block_1_16' title="bbox 384 2111 3631 2200">
    <p class='ocr_par' dir='ltr' id='par_1_16' title="bbox 384 2111 3631 2200">
     <span class='ocr_line' id='line_1_16' title="bbox 384 2111 3631 2200; baseline -0.003 -11"><span class='ocrx_word' id='word_1_153' title='bbox 384 2145 466 2190; x_wconf 77' lang='lat' dir='ltr'><strong>ex</strong></span> <span class='ocrx_word' id='word_1_154' title='bbox 499 2120 911 2200; x_wconf 85' lang='lat' dir='ltr'><strong>autographis</strong></span> <span class='ocrx_word' id='word_1_155' title='bbox 960 2114 1160 2180; x_wconf 87' lang='lat' dir='ltr'><strong>edidit</strong></span> <span class='ocrx_word' id='word_1_156' title='bbox 1201 2111 1323 2173; x_wconf 84' lang='lat' dir='ltr'><strong>Pez</strong></span> <span class='ocrx_word' id='word_1_157' title='bbox 1357 2111 1575 2175; x_wconf 86' lang='lat' dir='ltr'><strong>Novus</strong></span> <span class='ocrx_word' id='word_1_158' title='bbox 1610 2112 1963 2173; x_wconf 84' lang='lat' dir='ltr'><strong>Thesaurus</strong></span> <span class='ocrx_word' id='word_1_159' title='bbox 1991 2113 2474 2186; x_wconf 86' lang='lat' dir='ltr'><strong>Anecdotorum,</strong></span> <span class='ocrx_word' id='word_1_160' title='bbox 2515 2115 2699 2176; x_wconf 92' lang='lat' dir='ltr'><strong>Tom.</strong></span> <span class='ocrx_word' id='word_1_161' title='bbox 2740 2116 2825 2175; x_wconf 86' lang='lat' dir='ltr'><strong>Ill</strong></span> <span class='ocrx_word' id='word_1_162' title='bbox 2858 2117 2924 2178; x_wconf 94' lang='lat' dir='ltr'><strong>P.</strong></span> <span class='ocrx_word' id='word_1_163' title='bbox 2958 2117 3038 2190; x_wconf 84' lang='lat' dir='ltr'><strong>II,</strong></span> <span class='ocrx_word' id='word_1_164' title='bbox 3079 2135 3140 2196; x_wconf 90' lang='lat' dir='ltr'><strong>p.</strong></span> <span class='ocrx_word' id='word_1_165' title='bbox 3176 2117 3291 2178; x_wconf 60' lang='lat'><strong>1&amp;2</strong></span> <span class='ocrx_word' id='word_1_166' title='bbox 3325 2136 3466 2198; x_wconf 89' lang='lat' dir='ltr'><strong>sqq.</strong></span> <span class='ocrx_word' id='word_1_167' title='bbox 3506 2118 3631 2178; x_wconf 80' lang='lat' dir='ltr'><strong>Au-</strong></span> 
     </span>
    </p>
   </div>
   <div class='ocr_carea' id='block_1_17' title="bbox 385 2239 3633 2326">
    <p class='ocr_par' dir='ltr' id='par_1_17' title="bbox 385 2239 3633 2326">
     <span class='ocr_line' id='line_1_17' title="bbox 385 2239 3633 2326; baseline -0.002 -16"><span class='ocrx_word' id='word_1_168' title='bbox 385 2246 689 2326; x_wconf 79' lang='lat' dir='ltr'><strong>tograpba</strong></span> <span class='ocrx_word' id='word_1_169' title='bbox 719 2243 1043 2320; x_wconf 87' lang='lat' dir='ltr'><strong>hodieque</strong></span> <span class='ocrx_word' id='word_1_170' title='bbox 1076 2246 1328 2304; x_wconf 79' lang='lat' dir='ltr'><strong>exstant</strong></span> <span class='ocrx_word' id='word_1_171' title='bbox 1363 2239 1431 2301; x_wconf 91' lang='lat' dir='ltr'><strong>in</strong></span> <span class='ocrx_word' id='word_1_172' title='bbox 1471 2240 1856 2302; x_wconf 88' lang='lat' dir='ltr'><strong>bibliotheca</strong></span> <span class='ocrx_word' id='word_1_173' title='bbox 1889 2240 2084 2318; x_wconf 81' lang='lat' dir='ltr'><strong>Regia</strong></span> <span class='ocrx_word' id='word_1_174' title='bbox 2137 2240 2505 2302; x_wconf 87' lang='lat' dir='ltr'><strong>Monacensi</strong></span> <span class='ocrx_word' id='word_1_175' title='bbox 2540 2239 2722 2302; x_wconf 91' lang='lat' dir='ltr'><strong>codd.</strong></span> <span class='ocrx_word' id='word_1_176' title='bbox 2757 2241 3030 2301; x_wconf 89' lang='lat' dir='ltr'><strong>Emmer.</strong></span> <span class='ocrx_word' id='word_1_177' title='bbox 3066 2242 3137 2301; x_wconf 88' lang='lat' dir='ltr'><strong>E.</strong></span> <span class='ocrx_word' id='word_1_178' title='bbox 3170 2239 3365 2302; x_wconf 80' lang='lat' dir='ltr'><strong>CXlll</strong></span> <span class='ocrx_word' id='word_1_179' title='bbox 3389 2286 3403 2314; x_wconf 94' lang='lat'><strong>,</strong></span> <span class='ocrx_word' id='word_1_180' title='bbox 3436 2241 3531 2314; x_wconf 70' lang='lat' dir='ltr'><strong>lt“,</strong></span> <span class='ocrx_word' id='word_1_181' title='bbox 3571 2250 3633 2303; x_wconf 87' lang='lat' dir='ltr'><strong>et</strong></span> 
     </span>
    </p>
   </div>
   <div class='ocr_carea' id='block_1_18' title="bbox 383 2357 3631 2440">
    <p class='ocr_par' dir='ltr' id='par_1_18' title="bbox 383 2357 3631 2440">
     <span class='ocr_line' id='line_1_18' title="bbox 383 2357 3631 2440; baseline -0.001 -12"><span class='ocrx_word' id='word_1_182' title='bbox 383 2367 451 2428; x_wconf 89' lang='lat' dir='ltr'><strong>b.</strong></span> <span class='ocrx_word' id='word_1_183' title='bbox 494 2369 606 2438; x_wconf 86' lang='lat'><strong>10,</strong></span> <span class='ocrx_word' id='word_1_184' title='bbox 642 2365 727 2426; x_wconf 88' lang='lat'><strong>8°.</strong></span> <span class='ocrx_word' id='word_1_185' title='bbox 761 2363 835 2422; x_wconf 87' lang='lat' dir='ltr'><strong>In</strong></span> <span class='ocrx_word' id='word_1_186' title='bbox 881 2377 1158 2440; x_wconf 90' lang='lat' dir='ltr'><strong>quorum</strong></span> <span class='ocrx_word' id='word_1_187' title='bbox 1216 2358 1417 2421; x_wconf 87' lang='lat' dir='ltr'><strong>altero</strong></span> <span class='ocrx_word' id='word_1_188' title='bbox 1454 2357 1612 2430; x_wconf 88' lang='lat' dir='ltr'><strong>hoc,</strong></span> <span class='ocrx_word' id='word_1_189' title='bbox 1647 2357 1759 2419; x_wconf 85' lang='lat' dir='ltr'><strong>fol.</strong></span> <span class='ocrx_word' id='word_1_190' title='bbox 1793 2360 1938 2432; x_wconf 81' lang='grc'>112,</span> <span class='ocrx_word' id='word_1_191' title='bbox 1977 2357 2168 2419; x_wconf 90' lang='lat' dir='ltr'><strong>0thlo</strong></span> <span class='ocrx_word' id='word_1_192' title='bbox 2205 2358 2436 2432; x_wconf 90' lang='lat' dir='ltr'><strong>libros,</strong></span> <span class='ocrx_word' id='word_1_193' title='bbox 2474 2375 2638 2436; x_wconf 91' lang='lat' dir='ltr'><strong>quos</strong></span> <span class='ocrx_word' id='word_1_194' title='bbox 2692 2374 2807 2419; x_wconf 88' lang='lat' dir='ltr'><strong>sua</strong></span> <span class='ocrx_word' id='word_1_195' title='bbox 2859 2375 3056 2423; x_wconf 86' lang='lat' dir='ltr'><strong>manu</strong></span> <span class='ocrx_word' id='word_1_196' title='bbox 3109 2362 3476 2439; x_wconf 77' lang='lat' dir='ltr'><strong>descripsit,</strong></span> <span class='ocrx_word' id='word_1_197' title='bbox 3514 2363 3631 2424; x_wconf 91' lang='lat' dir='ltr'><strong>hos</strong></span> 
     </span>
    </p>
   </div>
   <div class='ocr_carea' id='block_1_19' title="bbox 387 2475 3631 2560">
    <p class='ocr_par' dir='ltr' id='par_1_19' title="bbox 387 2475 3631 2560">
     <span class='ocr_line' id='line_1_19' title="bbox 387 2475 3631 2560; baseline -0.003 -11"><span class='ocrx_word' id='word_1_198' title='bbox 387 2491 772 2549; x_wconf 83' lang='lat' dir='ltr'><strong>enumerat:</strong></span> <span class='ocrx_word' id='word_1_199' title='bbox 824 2484 970 2543; x_wconf 84' lang='lat' dir='ltr'><strong>Tres</strong></span> <span class='ocrx_word' id='word_1_200' title='bbox 1023 2499 1263 2560; x_wconf 88' lang='lat' dir='ltr'><strong>quoque</strong></span> <span class='ocrx_word' id='word_1_201' title='bbox 1319 2478 1515 2539; x_wconf 84' lang='lat' dir='ltr'><strong>libros</strong></span> <span class='ocrx_word' id='word_1_202' title='bbox 1572 2477 2086 2556; x_wconf 84' lang='lat' dir='ltr'><strong>Evangeliorum,</strong></span> <span class='ocrx_word' id='word_1_203' title='bbox 2142 2485 2196 2538; x_wconf 88' lang='lat' dir='ltr'><strong>et</strong></span> <span class='ocrx_word' id='word_1_204' title='bbox 2255 2478 2411 2539; x_wconf 88' lang='lat' dir='ltr'><strong>duos</strong></span> <span class='ocrx_word' id='word_1_205' title='bbox 2457 2496 2595 2539; x_wconf 90' lang='lat' dir='ltr'><strong>cum</strong></span> <span class='ocrx_word' id='word_1_206' title='bbox 2663 2475 2944 2555; x_wconf 83' lang='lat' dir='ltr'><strong>epistolis</strong></span> <span class='ocrx_word' id='word_1_207' title='bbox 3012 2483 3066 2535; x_wconf 91' lang='lat' dir='ltr'><strong>et</strong></span> <span class='ocrx_word' id='word_1_208' title='bbox 3123 2477 3485 2557; x_wconf 72' lang='lat' dir='ltr'><strong>evangeliis,</strong></span> <span class='ocrx_word' id='word_1_209' title='bbox 3521 2478 3631 2557; x_wconf 86' lang='lat' dir='ltr'><strong>qui</strong></span> 
     </span>
    </p>
   </div>
   <div class='ocr_carea' id='block_1_20' title="bbox 387 2599 3625 2683">
    <p class='ocr_par' dir='ltr' id='par_1_20' title="bbox 387 2599 3625 2683">
     <span class='ocr_line' id='line_1_20' title="bbox 387 2599 3625 2683; baseline -0.004 -9"><span class='ocrx_word' id='word_1_210' title='bbox 387 2611 741 2674; x_wconf 82' lang='lat' dir='ltr'><strong>lectionaru&#39;</strong></span> <span class='ocrx_word' id='word_1_211' title='bbox 773 2620 1113 2680; x_wconf 78' lang='lat' dir='ltr'><strong>vocantur,</strong></span> <span class='ocrx_word' id='word_1_212' title='bbox 1142 2623 1406 2683; x_wconf 87' lang='lat' dir='ltr'><strong>suosque</strong></span> <span class='ocrx_word' id='word_1_213' title='bbox 1435 2603 1754 2683; x_wconf 80' lang='lat' dir='ltr'><strong>ofﬁciales,</strong></span> <span class='ocrx_word' id='word_1_214' title='bbox 1785 2622 1892 2664; x_wconf 88' lang='lat' dir='ltr'><strong>nec</strong></span> <span class='ocrx_word' id='word_1_215' title='bbox 1927 2622 2053 2664; x_wconf 89' lang='lat' dir='ltr'><strong>non</strong></span> <span class='ocrx_word' id='word_1_216' title='bbox 2100 2603 2416 2665; x_wconf 85' lang='lat' dir='ltr'><strong>volumina</strong></span> <span class='ocrx_word' id='word_1_217' title='bbox 2449 2605 2572 2665; x_wconf 86' lang='lat' dir='ltr'><strong>duo</strong></span> <span class='ocrx_word' id='word_1_218' title='bbox 2615 2603 2814 2664; x_wconf 86' lang='lat' dir='ltr'><strong>sancti</strong></span> <span class='ocrx_word' id='word_1_219' title='bbox 2845 2599 3224 2679; x_wconf 87' lang='lat' dir='ltr'><strong>Augustini,</strong></span> <span class='ocrx_word' id='word_1_220' title='bbox 3258 2601 3323 2661; x_wconf 90' lang='lat' dir='ltr'><strong>in</strong></span> <span class='ocrx_word' id='word_1_221' title='bbox 3358 2618 3625 2679; x_wconf 86' lang='lat' dir='ltr'><strong>quorum</strong></span> 
     </span>
    </p>
   </div>
   <div class='ocr_carea' id='block_1_21' title="bbox 387 2724 3625 2806">
    <p class='ocr_par' dir='ltr' id='par_1_21' title="bbox 387 2724 3625 2806">
     <span class='ocr_line' id='line_1_21' title="bbox 387 2724 3625 2806; baseline -0.003 -12"><span class='ocrx_word' id='word_1_222' title='bbox 387 2752 518 2794; x_wconf 85' lang='lat' dir='ltr'><strong>uno</strong></span> <span class='ocrx_word' id='word_1_223' title='bbox 581 2730 737 2792; x_wconf 72' lang='lat' dir='ltr'><strong>VIII</strong></span> <span class='ocrx_word' id='word_1_224' title='bbox 762 2773 778 2802; x_wconf 93' lang='lat'><strong>,</strong></span> <span class='ocrx_word' id='word_1_225' title='bbox 820 2731 887 2789; x_wconf 92' lang='lat' dir='ltr'><strong>in</strong></span> <span class='ocrx_word' id='word_1_226' title='bbox 922 2727 1050 2788; x_wconf 91' lang='lat' dir='ltr'><strong>alio</strong></span> <span class='ocrx_word' id='word_1_227' title='bbox 1094 2726 1143 2787; x_wconf 78' lang='grc' dir='ltr'><em>ν</em></span> <span class='ocrx_word' id='word_1_228' title='bbox 1197 2724 1346 2786; x_wconf 86' lang='lat' dir='ltr'><strong>libri</strong></span> <span class='ocrx_word' id='word_1_229' title='bbox 1402 2725 1824 2798; x_wconf 87' lang='lat' dir='ltr'><strong>continentur,</strong></span> <span class='ocrx_word' id='word_1_230' title='bbox 1878 2724 2358 2806; x_wconf 84' lang='lat' dir='ltr'><strong>collationesque</strong></span> <span class='ocrx_word' id='word_1_231' title='bbox 2388 2724 2652 2786; x_wconf 85' lang='lat' dir='ltr'><strong>Patrum</strong></span> <span class='ocrx_word' id='word_1_232' title='bbox 2684 2732 2737 2786; x_wconf 88' lang='lat' dir='ltr'><strong>et</strong></span> <span class='ocrx_word' id='word_1_233' title='bbox 2780 2724 3160 2786; x_wconf 87' lang='lat' dir='ltr'><strong>Ierarchiam</strong></span> <span class='ocrx_word' id='word_1_234' title='bbox 3214 2725 3462 2802; x_wconf 87' lang='lat' dir='ltr'><strong>scripsi.</strong></span> <span class='ocrx_word' id='word_1_235' title='bbox 3532 2725 3625 2784; x_wconf 76' lang='lat' dir='ltr'><strong>Ex</strong></span> 
     </span>
    </p>
   </div>
   <div class='ocr_carea' id='block_1_22' title="bbox 388 2844 3633 2928">
    <p class='ocr_par' dir='ltr' id='par_1_22' title="bbox 388 2844 3633 2928">
     <span class='ocr_line' id='line_1_22' title="bbox 388 2844 3633 2928; baseline -0.001 -14"><span class='ocrx_word' id='word_1_236' title='bbox 388 2852 623 2915; x_wconf 90' lang='lat' dir='ltr'><strong>eodem</strong></span> <span class='ocrx_word' id='word_1_237' title='bbox 658 2846 1051 2926; x_wconf 80' lang='lat' dir='ltr'><strong>autographa</strong></span> <span class='ocrx_word' id='word_1_238' title='bbox 1087 2844 1498 2907; x_wconf 87' lang='lat' dir='ltr'><strong>Mabillonius</strong></span> <span class='ocrx_word' id='word_1_239' title='bbox 1527 2845 1696 2908; x_wconf 87' lang='lat' dir='ltr'><strong>Vett.</strong></span> <span class='ocrx_word' id='word_1_240' title='bbox 1733 2846 2031 2909; x_wconf 85' lang='lat' dir='ltr'><strong>Analecta</strong></span> <span class='ocrx_word' id='word_1_241' title='bbox 2064 2846 2165 2908; x_wconf 91' lang='lat' dir='ltr'><strong>ed.</strong></span> <span class='ocrx_word' id='word_1_242' title='bbox 2196 2847 2395 2909; x_wconf 88' lang='lat' dir='ltr'><strong>Paris.</strong></span> <span class='ocrx_word' id='word_1_243' title='bbox 2423 2847 2598 2919; x_wconf 77' lang='lat'><strong>1723,</strong></span> <span class='ocrx_word' id='word_1_244' title='bbox 2637 2865 2700 2926; x_wconf 88' lang='lat' dir='ltr'><strong>p.</strong></span> <span class='ocrx_word' id='word_1_245' title='bbox 2742 2848 2857 2910; x_wconf 88' lang='lat'><strong>108</strong></span> <span class='ocrx_word' id='word_1_246' title='bbox 2885 2866 3025 2928; x_wconf 88' lang='lat' dir='ltr'><strong>sqq.</strong></span> <span class='ocrx_word' id='word_1_247' title='bbox 3071 2848 3364 2910; x_wconf 85' lang='lat' dir='ltr'><strong>Othlonis</strong></span> <span class='ocrx_word' id='word_1_248' title='bbox 3401 2849 3633 2911; x_wconf 88' lang='lat' dir='ltr'><strong>librum</strong></span> 
     </span>
    </p>
   </div>
   <div class='ocr_carea' id='block_1_23' title="bbox 397 2962 3632 3046">
    <p class='ocr_par' dir='ltr' id='par_1_23' title="bbox 397 2962 3632 3046">
     <span class='ocr_line' id='line_1_23' title="bbox 397 2962 3632 3046; baseline -0.001 -12"><span class='ocrx_word' id='word_1_249' title='bbox 397 2971 599 3034; x_wconf 87' lang='lat' dir='ltr'><strong>edidit</strong></span> <span class='ocrx_word' id='word_1_250' title='bbox 641 2967 802 3030; x_wconf 81' lang='lat' dir='ltr'><strong>falso</strong></span> <span class='ocrx_word' id='word_1_251' title='bbox 855 2967 976 3029; x_wconf 88' lang='lat' dir='ltr'><strong>hoc</strong></span> <span class='ocrx_word' id='word_1_252' title='bbox 1024 2963 1256 3027; x_wconf 90' lang='lat' dir='ltr'><strong>titulo:</strong></span> <span class='ocrx_word' id='word_1_253' title='bbox 1304 2964 1613 3043; x_wconf 84' lang='lat' dir='ltr'><strong>Anonymi</strong></span> <span class='ocrx_word' id='word_1_254' title='bbox 1641 2963 1925 3025; x_wconf 83' lang='lat' dir='ltr'><strong>monachi</strong></span> <span class='ocrx_word' id='word_1_255' title='bbox 1976 2963 2446 3025; x_wconf 84' lang='lat' dir='ltr'><strong>Ratisbonensis</strong></span> <span class='ocrx_word' id='word_1_256' title='bbox 2484 2962 2732 3026; x_wconf 87' lang='lat' dir='ltr'><strong>libellus</strong></span> <span class='ocrx_word' id='word_1_257' title='bbox 2774 2965 2845 3025; x_wconf 87' lang='lat' dir='ltr'><strong>de</strong></span> <span class='ocrx_word' id='word_1_258' title='bbox 2899 2968 3100 3046; x_wconf 82' lang='lat' dir='ltr'><strong>ipsius</strong></span> <span class='ocrx_word' id='word_1_259' title='bbox 3153 2970 3632 3043; x_wconf 84' lang='lat' dir='ltr'><strong>tentationibus,</strong></span> 
     </span>
    </p>
   </div>
   <div class='ocr_carea' id='block_1_24' title="bbox 394 3087 3634 3174">
    <p class='ocr_par' dir='ltr' id='par_1_24' title="bbox 394 3087 3634 3174">
     <span class='ocr_line' id='line_1_24' title="bbox 394 3087 3634 3174; baseline -0.002 -20"><span class='ocrx_word' id='word_1_260' title='bbox 394 3095 580 3154; x_wconf 79' lang='lat' dir='ltr'><strong>varia</strong></span> <span class='ocrx_word' id='word_1_261' title='bbox 604 3095 884 3174; x_wconf 78' lang='lat' dir='ltr'><strong>fortuna,</strong></span> <span class='ocrx_word' id='word_1_262' title='bbox 926 3098 979 3151; x_wconf 90' lang='lat' dir='ltr'><strong>et</strong></span> <span class='ocrx_word' id='word_1_263' title='bbox 1009 3093 1290 3172; x_wconf 85' lang='lat' dir='ltr'><strong>scriptis.</strong></span> <span class='ocrx_word' id='word_1_264' title='bbox 1324 3092 1515 3155; x_wconf 85' lang='lat' dir='ltr'><strong>Liber</strong></span> <span class='ocrx_word' id='word_1_265' title='bbox 1543 3093 1611 3154; x_wconf 90' lang='lat' dir='ltr'><strong>in</strong></span> <span class='ocrx_word' id='word_1_266' title='bbox 1645 3092 1866 3156; x_wconf 87' lang='lat' dir='ltr'><strong>codice</strong></span> <span class='ocrx_word' id='word_1_267' title='bbox 1903 3091 2273 3155; x_wconf 81' lang='lat' dir='ltr'><strong>inscribitur</strong></span> <span class='ocrx_word' id='word_1_268' title='bbox 2312 3111 2327 3149; x_wconf 90' lang='lat'><strong>:</strong></span> <span class='ocrx_word' id='word_1_269' title='bbox 2373 3090 2612 3168; x_wconf 86' lang='lat' dir='ltr'><strong>Incipit</strong></span> <span class='ocrx_word' id='word_1_270' title='bbox 2647 3088 2802 3150; x_wconf 88' lang='lat' dir='ltr'><strong>liber</strong></span> <span class='ocrx_word' id='word_1_271' title='bbox 2840 3087 2910 3148; x_wconf 87' lang='lat' dir='ltr'><strong>de</strong></span> <span class='ocrx_word' id='word_1_272' title='bbox 2940 3090 3274 3149; x_wconf 89' lang='lat' dir='ltr'><strong>tentatione</strong></span> <span class='ocrx_word' id='word_1_273' title='bbox 3309 3087 3634 3166; x_wconf 88' lang='lat' dir='ltr'><strong>cujusdam</strong></span> 
     </span>
    </p>
   </div>
   <div class='ocr_carea' id='block_1_25' title="bbox 391 3196 3635 3304">
    <p class='ocr_par' dir='ltr' id='par_1_25' title="bbox 391 3196 3635 3304">
     <span class='ocr_line' id='line_1_25' title="bbox 391 3196 3635 3304; baseline 0 -30"><span class='ocrx_word' id='word_1_274' title='bbox 391 3213 699 3275; x_wconf 83' lang='lat' dir='ltr'><strong>monachi.</strong></span> <span class='ocrx_word' id='word_1_275' title='bbox 745 3211 1103 3274; x_wconf 82' lang='lat' dir='ltr'><strong>Mabillonii</strong></span> <span class='ocrx_word' id='word_1_276' title='bbox 1143 3217 1354 3276; x_wconf 73' lang='lat' dir='ltr'><strong>textus</strong></span> <span class='ocrx_word' id='word_1_277' title='bbox 1386 3196 1628 3275; x_wconf 89' lang='lat' dir='ltr'><strong>mensis</strong></span> <span class='ocrx_word' id='word_1_278' title='bbox 1665 3212 1938 3275; x_wconf 86' lang='lat' dir='ltr'><strong>refertus</strong></span> <span class='ocrx_word' id='word_1_279' title='bbox 1992 3219 2054 3276; x_wconf 88' lang='lat' dir='ltr'><strong>et</strong></span> <span class='ocrx_word' id='word_1_280' title='bbox 2091 3213 2158 3275; x_wconf 94' lang='lat' dir='ltr'><strong>in</strong></span> <span class='ocrx_word' id='word_1_281' title='bbox 2195 3213 2316 3275; x_wconf 84' lang='lat' dir='ltr'><strong>ﬁne</strong></span> <span class='ocrx_word' id='word_1_282' title='bbox 2352 3218 2683 3304; x_wconf 62' lang='lat' dir='ltr'><strong>truncatus</strong></span> <span class='ocrx_word' id='word_1_283' title='bbox 2716 3219 2848 3285; x_wconf 91' lang='lat' dir='ltr'><strong>est,</strong></span> <span class='ocrx_word' id='word_1_284' title='bbox 2879 3211 2997 3284; x_wconf 87' lang='lat' dir='ltr'><strong>ita,</strong></span> <span class='ocrx_word' id='word_1_285' title='bbox 3031 3216 3097 3272; x_wconf 92' lang='lat' dir='ltr'><strong>ut</strong></span> <span class='ocrx_word' id='word_1_286' title='bbox 3130 3227 3290 3273; x_wconf 90' lang='lat' dir='ltr'><strong>nova</strong></span> <span class='ocrx_word' id='word_1_287' title='bbox 3329 3211 3524 3274; x_wconf 86' lang='lat' dir='ltr'><strong>editio</strong></span> <span class='ocrx_word' id='word_1_288' title='bbox 3556 3213 3635 3274; x_wconf 87' lang='lat' dir='ltr'><strong>ad</strong></span> 
     </span>
    </p>
   </div>
   <div class='ocr_carea' id='block_1_26' title="bbox 392 3335 3636 3417">
    <p class='ocr_par' dir='ltr' id='par_1_26' title="bbox 392 3335 3636 3417">
     <span class='ocr_line' id='line_1_26' title="bbox 392 3335 3636 3417; baseline 0 -17"><span class='ocrx_word' id='word_1_289' title='bbox 392 3337 777 3417; x_wconf 81' lang='lat' dir='ltr'><strong>autographi</strong></span> <span class='ocrx_word' id='word_1_290' title='bbox 831 3337 1019 3398; x_wconf 86' lang='lat' dir='ltr'><strong>ﬁdem</strong></span> <span class='ocrx_word' id='word_1_291' title='bbox 1072 3336 1392 3415; x_wconf 85' lang='lat' dir='ltr'><strong>recognita</strong></span> <span class='ocrx_word' id='word_1_292' title='bbox 1441 3343 1768 3417; x_wconf 84' lang='lat' dir='ltr'><strong>percptata</strong></span> <span class='ocrx_word' id='word_1_293' title='bbox 1817 3354 1958 3400; x_wconf 89' lang='lat' dir='ltr'><strong>esse</strong></span> <span class='ocrx_word' id='word_1_294' title='bbox 1989 3336 2304 3399; x_wconf 87' lang='lat' dir='ltr'><strong>videatur.</strong></span> <span class='ocrx_word' id='word_1_295' title='bbox 2329 3335 2546 3398; x_wconf 80' lang='lat' dir='ltr'><strong>Altero</strong></span> <span class='ocrx_word' id='word_1_296' title='bbox 2583 3343 2793 3397; x_wconf 90' lang='lat' dir='ltr'><strong>autem</strong></span> <span class='ocrx_word' id='word_1_297' title='bbox 2823 3336 3212 3416; x_wconf 82' lang='lat' dir='ltr'><strong>autographo</strong></span> <span class='ocrx_word' id='word_1_298' title='bbox 3243 3337 3383 3400; x_wconf 90' lang='lat' dir='ltr'><strong>cod.</strong></span> <span class='ocrx_word' id='word_1_299' title='bbox 3409 3338 3636 3415; x_wconf 79' lang='lat' dir='ltr'><strong>CXIII,</strong></span> 
     </span>
    </p>
   </div>
   <div class='ocr_carea' id='block_1_27' title="bbox 395 3454 3638 3539">
    <p class='ocr_par' dir='ltr' id='par_1_27' title="bbox 395 3454 3638 3539">
     <span class='ocr_line' id='line_1_27' title="bbox 395 3454 3638 3539; baseline 0.003 -23"><span class='ocrx_word' id='word_1_300' title='bbox 395 3456 514 3516; x_wconf 78' lang='lat' dir='ltr'><strong>fol.</strong></span> <span class='ocrx_word' id='word_1_301' title='bbox 562 3455 728 3526; x_wconf 85' lang='lat'><strong>1-16,</strong></span> <span class='ocrx_word' id='word_1_302' title='bbox 765 3454 1038 3515; x_wconf 86' lang='lat' dir='ltr'><strong>habetur</strong></span> <span class='ocrx_word' id='word_1_303' title='bbox 1068 3455 1368 3519; x_wconf 91' lang='lat' dir='ltr'><strong>Othlonis</strong></span> <span class='ocrx_word' id='word_1_304' title='bbox 1405 3456 1648 3518; x_wconf 84' lang='lat' dir='ltr'><strong>libellus</strong></span> <span class='ocrx_word' id='word_1_305' title='bbox 1678 3456 1984 3518; x_wconf 87' lang='lat' dir='ltr'><strong>manualis</strong></span> <span class='ocrx_word' id='word_1_306' title='bbox 2015 3456 2086 3517; x_wconf 90' lang='lat' dir='ltr'><strong>de</strong></span> <span class='ocrx_word' id='word_1_307' title='bbox 2131 3455 2554 3518; x_wconf 87' lang='lat' dir='ltr'><strong>admonitione</strong></span> <span class='ocrx_word' id='word_1_308' title='bbox 2589 3456 2988 3532; x_wconf 88' lang='lat' dir='ltr'><strong>clericorum,</strong></span> <span class='ocrx_word' id='word_1_309' title='bbox 3021 3460 3132 3539; x_wconf 89' lang='lat' dir='ltr'><strong>qui</strong></span> <span class='ocrx_word' id='word_1_310' title='bbox 3181 3460 3322 3524; x_wconf 89' lang='lat' dir='ltr'><strong>sine</strong></span> <span class='ocrx_word' id='word_1_311' title='bbox 3375 3464 3638 3528; x_wconf 82' lang='lat' dir='ltr'><strong>nomine</strong></span> 
     </span>
    </p>
   </div>
   <div class='ocr_carea' id='block_1_28' title="bbox 397 3574 3640 3677">
    <p class='ocr_par' dir='ltr' id='par_1_28' title="bbox 397 3574 3640 3677">
     <span class='ocr_line' id='line_1_28' title="bbox 397 3574 3640 3677; baseline 0.002 -41"><span class='ocrx_word' id='word_1_312' title='bbox 397 3574 678 3636; x_wconf 88' lang='lat' dir='ltr'><strong>auctoris</strong></span> <span class='ocrx_word' id='word_1_313' title='bbox 711 3574 944 3652; x_wconf 88' lang='lat' dir='ltr'><strong>prodiit</strong></span> <span class='ocrx_word' id='word_1_314' title='bbox 974 3575 1041 3635; x_wconf 88' lang='lat' dir='ltr'><strong>in</strong></span> <span class='ocrx_word' id='word_1_315' title='bbox 1071 3576 1232 3656; x_wconf 88' lang='lat' dir='ltr'><strong>Opp.</strong></span> <span class='ocrx_word' id='word_1_316' title='bbox 1269 3577 1474 3642; x_wconf 90' lang='lat' dir='ltr'><strong>Bedae</strong></span> <span class='ocrx_word' id='word_1_317' title='bbox 1505 3578 1807 3641; x_wconf 84' lang='lat' dir='ltr'><strong>Coloniae</strong></span> <span class='ocrx_word' id='word_1_318' title='bbox 1844 3579 2019 3653; x_wconf 85' lang='lat'><strong>1688,</strong></span> <span class='ocrx_word' id='word_1_319' title='bbox 2053 3581 2234 3677; x_wconf 87' lang='lat' dir='ltr'><strong>Tom.</strong></span> <span class='ocrx_word' id='word_1_320' title='bbox 2272 3579 2355 3653; x_wconf 83' lang='lat' dir='ltr'><strong>II,</strong></span> <span class='ocrx_word' id='word_1_321' title='bbox 2387 3596 2450 3657; x_wconf 90' lang='lat' dir='ltr'><strong>p.</strong></span> <span class='ocrx_word' id='word_1_322' title='bbox 2482 3581 2600 3640; x_wconf 79' lang='lat'><strong>200</strong></span> <span class='ocrx_word' id='word_1_323' title='bbox 2635 3596 2803 3658; x_wconf 89' lang='lat' dir='ltr'><strong>sqq.,</strong></span> <span class='ocrx_word' id='word_1_324' title='bbox 2840 3577 2924 3639; x_wconf 89' lang='lat' dir='ltr'><strong>ita</strong></span> <span class='ocrx_word' id='word_1_325' title='bbox 2956 3577 3302 3657; x_wconf 91' lang='lat' dir='ltr'><strong>inscriptus</strong></span> <span class='ocrx_word' id='word_1_326' title='bbox 3337 3599 3350 3638; x_wconf 94' lang='lat'><strong>:</strong></span> <span class='ocrx_word' id='word_1_327' title='bbox 3392 3578 3464 3640; x_wconf 89' lang='lat' dir='ltr'><strong>de</strong></span> <span class='ocrx_word' id='word_1_328' title='bbox 3490 3581 3640 3642; x_wconf 89' lang='lat' dir='ltr'><strong>Sub-</strong></span> 
     </span>
    </p>
   </div>
   <div class='ocr_carea' id='block_1_29' title="bbox 394 3692 3633 3781">
    <p class='ocr_par' dir='ltr' id='par_1_29' title="bbox 394 3692 3633 3781">
     <span class='ocr_line' id='line_1_29' title="bbox 394 3692 3633 3781; baseline 0.004 -27"><span class='ocrx_word' id='word_1_329' title='bbox 394 3694 653 3755; x_wconf 87' lang='lat' dir='ltr'><strong>stantiis</strong></span> <span class='ocrx_word' id='word_1_330' title='bbox 686 3692 955 3756; x_wconf 85' lang='lat' dir='ltr'><strong>libellus.</strong></span> <span class='ocrx_word' id='word_1_331' title='bbox 1003 3696 1300 3760; x_wconf 87' lang='lat' dir='ltr'><strong>Monachi</strong></span> <span class='ocrx_word' id='word_1_332' title='bbox 1331 3700 1730 3764; x_wconf 87' lang='lat' dir='ltr'><strong>Benedictini</strong></span> <span class='ocrx_word' id='word_1_333' title='bbox 1753 3747 1768 3778; x_wconf 97' lang='lat'><strong>,</strong></span> <span class='ocrx_word' id='word_1_334' title='bbox 1805 3701 1918 3781; x_wconf 90' lang='lat' dir='ltr'><strong>qui</strong></span> <span class='ocrx_word' id='word_1_335' title='bbox 1969 3700 2188 3764; x_wconf 89' lang='lat' dir='ltr'><strong>seculo</strong></span> <span class='ocrx_word' id='word_1_336' title='bbox 2219 3700 2311 3760; x_wconf 86' lang='grc' dir='ltr'><strong>ΧΙ</strong></span> <span class='ocrx_word' id='word_1_337' title='bbox 2344 3699 2438 3759; x_wconf 87' lang='lat' dir='ltr'><strong>vel</strong></span> <span class='ocrx_word' id='word_1_338' title='bbox 2473 3698 2595 3760; x_wconf 80' lang='lat' dir='ltr'><strong>XII</strong></span> <span class='ocrx_word' id='word_1_339' title='bbox 2626 3697 2952 3778; x_wconf 89' lang='lat' dir='ltr'><strong>antiquior</strong></span> <span class='ocrx_word' id='word_1_340' title='bbox 2996 3714 3122 3759; x_wconf 91' lang='lat' dir='ltr'><strong>non</strong></span> <span class='ocrx_word' id='word_1_341' title='bbox 3153 3699 3268 3772; x_wconf 89' lang='lat' dir='ltr'><strong>sit,</strong></span> <span class='ocrx_word' id='word_1_342' title='bbox 3301 3717 3460 3780; x_wconf 88' lang='lat' dir='ltr'><strong>Opus</strong></span> <span class='ocrx_word' id='word_1_343' title='bbox 3493 3721 3633 3766; x_wconf 89' lang='lat' dir='ltr'><strong>esse</strong></span> 
     </span>
    </p>
   </div>
   <div class='ocr_carea' id='block_1_30' title="bbox 391 3817 3632 3903">
    <p class='ocr_par' dir='ltr' id='par_1_30' title="bbox 391 3817 3632 3903">
     <span class='ocr_line' id='line_1_30' title="bbox 391 3817 3632 3903; baseline 0 -22"><span class='ocrx_word' id='word_1_344' title='bbox 391 3817 802 3896; x_wconf 83' lang='lat' dir='ltr'><strong>conjecerant</strong></span> <span class='ocrx_word' id='word_1_345' title='bbox 838 3818 1050 3880; x_wconf 87' lang='lat' dir='ltr'><strong>Oudin</strong></span> <span class='ocrx_word' id='word_1_346' title='bbox 1081 3820 1160 3882; x_wconf 89' lang='lat' dir='ltr'><strong>de</strong></span> <span class='ocrx_word' id='word_1_347' title='bbox 1207 3822 1432 3903; x_wconf 87' lang='lat' dir='ltr'><strong>Script.</strong></span> <span class='ocrx_word' id='word_1_348' title='bbox 1483 3825 1708 3888; x_wconf 91' lang='lat' dir='ltr'><strong>eccles.</strong></span> <span class='ocrx_word' id='word_1_349' title='bbox 1747 3827 1819 3886; x_wconf 91' lang='lat' dir='ltr'><strong>T.</strong></span> <span class='ocrx_word' id='word_1_350' title='bbox 1872 3826 1923 3900; x_wconf 86' lang='grc' dir='ltr'><strong>Ι,</strong></span> <span class='ocrx_word' id='word_1_351' title='bbox 1973 3826 2093 3888; x_wconf 92' lang='lat' dir='ltr'><strong>col.</strong></span> <span class='ocrx_word' id='word_1_352' title='bbox 2145 3825 2340 3900; x_wconf 85' lang='lat'><strong>1687,</strong></span> <span class='ocrx_word' id='word_1_353' title='bbox 2388 3827 2581 3899; x_wconf 86' lang='lat'><strong>1706,</strong></span> <span class='ocrx_word' id='word_1_354' title='bbox 2628 3831 2690 3886; x_wconf 91' lang='lat' dir='ltr'><strong>et</strong></span> <span class='ocrx_word' id='word_1_355' title='bbox 2742 3822 3070 3886; x_wconf 86' lang='lat' dir='ltr'><strong>Fabricius</strong></span> <span class='ocrx_word' id='word_1_356' title='bbox 3129 3821 3286 3884; x_wconf 89' lang='lat' dir='ltr'><strong>bibl.</strong></span> <span class='ocrx_word' id='word_1_357' title='bbox 3339 3841 3397 3883; x_wconf 91' lang='lat' dir='ltr'><strong>v.</strong></span> <span class='ocrx_word' id='word_1_358' title='bbox 3441 3825 3632 3885; x_wconf 83' lang='lat' dir='ltr'><strong>Beda.</strong></span> 
     </span>
    </p>
   </div>
   <div class='ocr_carea' id='block_1_31' title="bbox 397 3935 3628 4026">
    <p class='ocr_par' dir='ltr' id='par_1_31' title="bbox 397 3935 3628 4026">
     <span class='ocr_line' id='line_1_31' title="bbox 397 3935 3628 4026; baseline 0.003 -28"><span class='ocrx_word' id='word_1_359' title='bbox 397 3935 717 3998; x_wconf 86' lang='lat' dir='ltr'><strong>Libellum</strong></span> <span class='ocrx_word' id='word_1_360' title='bbox 749 3935 981 4014; x_wconf 81' lang='lat' dir='ltr'><strong>excipit</strong></span> <span class='ocrx_word' id='word_1_361' title='bbox 1013 3935 1125 4000; x_wconf 81' lang='lat' dir='ltr'><strong>fol.</strong></span> <span class='ocrx_word' id='word_1_362' title='bbox 1160 3941 1353 4003; x_wconf 87' lang='lat'><strong>16-18</strong></span> <span class='ocrx_word' id='word_1_363' title='bbox 1398 3959 1650 4005; x_wconf 88' lang='lat' dir='ltr'><strong>carmen</strong></span> <span class='ocrx_word' id='word_1_364' title='bbox 1690 3943 2014 4019; x_wconf 90' lang='lat' dir='ltr'><strong>Othlonis,</strong></span> <span class='ocrx_word' id='word_1_365' title='bbox 2050 3945 2135 4007; x_wconf 92' lang='lat' dir='ltr'><strong>ita</strong></span> <span class='ocrx_word' id='word_1_366' title='bbox 2159 3945 2533 4026; x_wconf 87' lang='lat' dir='ltr'><strong>inscriptum</strong></span> <span class='ocrx_word' id='word_1_367' title='bbox 2567 3967 2582 4005; x_wconf 93' lang='lat'><strong>:</strong></span> <span class='ocrx_word' id='word_1_368' title='bbox 2621 3947 2833 4008; x_wconf 88' lang='lat' dir='ltr'><strong>Sermo</strong></span> <span class='ocrx_word' id='word_1_369' title='bbox 2893 3947 3184 4006; x_wconf 88' lang='lat' dir='ltr'><strong>metricus</strong></span> <span class='ocrx_word' id='word_1_370' title='bbox 3235 3944 3316 4006; x_wconf 86' lang='lat' dir='ltr'><strong>ad</strong></span> <span class='ocrx_word' id='word_1_371' title='bbox 3369 3947 3628 4008; x_wconf 88' lang='lat' dir='ltr'><strong>clericos</strong></span> 
     </span>
    </p>
   </div>
   <div class='ocr_carea' id='block_1_32' title="bbox 399 4047 3639 4147">
    <p class='ocr_par' dir='ltr' id='par_1_32' title="bbox 399 4047 3639 4147">
     <span class='ocr_line' id='line_1_32' title="bbox 399 4047 3639 4147; baseline 0.003 -25"><span class='ocrx_word' id='word_1_372' title='bbox 399 4060 758 4140; x_wconf 84' lang='lat' dir='ltr'><strong>specialiter</strong></span> <span class='ocrx_word' id='word_1_373' title='bbox 815 4060 1044 4133; x_wconf 87' lang='lat' dir='ltr'><strong>dictus,</strong></span> <span class='ocrx_word' id='word_1_374' title='bbox 1083 4079 1116 4124; x_wconf 86' lang='lat' dir='ltr'><strong>a</strong></span> <span class='ocrx_word' id='word_1_375' title='bbox 1152 4062 1339 4124; x_wconf 88' lang='lat' dir='ltr'><strong>Pezio</strong></span> <span class='ocrx_word' id='word_1_376' title='bbox 1373 4047 1754 4141; x_wconf 56' lang='lat' dir='ltr'><strong>neglectum.</strong></span> <span class='ocrx_word' id='word_1_377' title='bbox 1801 4064 1985 4137; x_wconf 89' lang='lat' dir='ltr'><strong>Quod</strong></span> <span class='ocrx_word' id='word_1_378' title='bbox 2039 4081 2240 4144; x_wconf 91' lang='lat' dir='ltr'><strong>quum</strong></span> <span class='ocrx_word' id='word_1_379' title='bbox 2289 4065 2567 4128; x_wconf 87' lang='lat' dir='ltr'><strong>instante</strong></span> <span class='ocrx_word' id='word_1_380' title='bbox 2623 4083 2791 4129; x_wconf 90' lang='lat' dir='ltr'><strong>anno</strong></span> <span class='ocrx_word' id='word_1_381' title='bbox 2852 4064 3220 4142; x_wconf 92' lang='lat' dir='ltr'><strong>millesimo,</strong></span> <span class='ocrx_word' id='word_1_382' title='bbox 3270 4085 3400 4147; x_wconf 91' lang='lat' dir='ltr'><strong>quo</strong></span> <span class='ocrx_word' id='word_1_383' title='bbox 3447 4069 3639 4132; x_wconf 84' lang='lat' dir='ltr'><strong>ﬁnem</strong></span> 
     </span>
    </p>
   </div>
   <div class='ocr_carea' id='block_1_33' title="bbox 399 4178 3637 4273">
    <p class='ocr_par' dir='ltr' id='par_1_33' title="bbox 399 4178 3637 4273">
     <span class='ocr_line' id='line_1_33' title="bbox 399 4178 3637 4273; baseline 0.004 -26"><span class='ocrx_word' id='word_1_384' title='bbox 399 4183 627 4247; x_wconf 88' lang='lat' dir='ltr'><strong>mundi</strong></span> <span class='ocrx_word' id='word_1_385' title='bbox 674 4184 1162 4262; x_wconf 82' lang='lat' dir='ltr'><strong>exspectabant,</strong></span> <span class='ocrx_word' id='word_1_386' title='bbox 1203 4185 1444 4248; x_wconf 89' lang='lat' dir='ltr'><strong>clerum</strong></span> <span class='ocrx_word' id='word_1_387' title='bbox 1488 4187 1563 4248; x_wconf 88' lang='lat' dir='ltr'><strong>ad</strong></span> <span class='ocrx_word' id='word_1_388' title='bbox 1602 4178 2064 4266; x_wconf 88' lang='lat' dir='ltr'><strong>poenitentiam</strong></span> <span class='ocrx_word' id='word_1_389' title='bbox 2123 4195 2413 4263; x_wconf 91' lang='lat' dir='ltr'><strong>revocet,</strong></span> <span class='ocrx_word' id='word_1_390' title='bbox 2467 4190 2614 4252; x_wconf 91' lang='lat' dir='ltr'><strong>illos</strong></span> <span class='ocrx_word' id='word_1_391' title='bbox 2666 4209 2888 4257; x_wconf 89' lang='lat' dir='ltr'><strong>versus</strong></span> <span class='ocrx_word' id='word_1_392' title='bbox 2937 4194 3002 4256; x_wconf 91' lang='lat' dir='ltr'><strong>in</strong></span> <span class='ocrx_word' id='word_1_393' title='bbox 3033 4195 3292 4273; x_wconf 83' lang='lat' dir='ltr'><strong>gratiam</strong></span> <span class='ocrx_word' id='word_1_394' title='bbox 3334 4195 3637 4259; x_wconf 90' lang='lat' dir='ltr'><strong>lectorum</strong></span> 
     </span>
    </p>
   </div>
   <div class='ocr_carea' id='block_1_34' title="bbox 397 4306 2253 4371">
    <p class='ocr_par' dir='ltr' id='par_1_34' title="bbox 397 4306 2253 4371">
     <span class='ocr_line' id='line_1_34' title="bbox 397 4306 2253 4371; baseline 0 -3"><span class='ocrx_word' id='word_1_395' title='bbox 397 4306 524 4369; x_wconf 87' lang='lat' dir='ltr'><strong>hoc</strong></span> <span class='ocrx_word' id='word_1_396' title='bbox 555 4306 698 4369; x_wconf 90' lang='lat' dir='ltr'><strong>loco</strong></span> <span class='ocrx_word' id='word_1_397' title='bbox 728 4306 1189 4370; x_wconf 83' lang='lat' dir='ltr'><strong>adscribendos</strong></span> <span class='ocrx_word' id='word_1_398' title='bbox 1219 4307 1607 4370; x_wconf 88' lang='lat' dir='ltr'><strong>curavimus.</strong></span> <span class='ocrx_word' id='word_1_399' title='bbox 1641 4307 1798 4368; x_wconf 91' lang='lat' dir='ltr'><strong>Sunt</strong></span> <span class='ocrx_word' id='word_1_400' title='bbox 1829 4314 2040 4370; x_wconf 87' lang='lat' dir='ltr'><strong>autem</strong></span> <span class='ocrx_word' id='word_1_401' title='bbox 2066 4308 2205 4371; x_wconf 88' lang='lat' dir='ltr'><strong>hice</strong></span> <span class='ocrx_word' id='word_1_402' title='bbox 2240 4331 2253 4368; x_wconf 90' lang='lat'><strong>:</strong></span> 
     </span>
    </p>
   </div>
   <div class='ocr_carea' id='block_1_35' title="bbox 1083 4457 2958 4541">
    <p class='ocr_par' dir='ltr' id='par_1_35' title="bbox 1083 4457 2958 4541">
     <span class='ocr_line' id='line_1_35' title="bbox 1083 4457 2958 4541; baseline 0.002 -22"><span class='ocrx_word' id='word_1_403' title='bbox 1083 4457 1372 4520; x_wconf 87' lang='lat' dir='ltr'><strong>Othlonis</strong></span> <span class='ocrx_word' id='word_1_404' title='bbox 1398 4477 1592 4521; x_wconf 89' lang='lat' dir='ltr'><strong>sermo</strong></span> <span class='ocrx_word' id='word_1_405' title='bbox 1626 4461 1912 4522; x_wconf 86' lang='lat' dir='ltr'><strong>metricus</strong></span> <span class='ocrx_word' id='word_1_406' title='bbox 1942 4460 2023 4521; x_wconf 88' lang='lat' dir='ltr'><strong>ad</strong></span> <span class='ocrx_word' id='word_1_407' title='bbox 2057 4461 2312 4522; x_wconf 85' lang='lat' dir='ltr'><strong>clericos</strong></span> <span class='ocrx_word' id='word_1_408' title='bbox 2345 4461 2696 4541; x_wconf 86' lang='lat' dir='ltr'><strong>specialiter</strong></span> <span class='ocrx_word' id='word_1_409' title='bbox 2733 4462 2958 4523; x_wconf 87' lang='lat' dir='ltr'><strong>dictus.</strong></span> 
     </span>
    </p>
   </div>
   <div class='ocr_carea' id='block_1_36' title="bbox 1117 4595 2290 4670">
    <p class='ocr_par' dir='ltr' id='par_1_36' title="bbox 1117 4595 2290 4670">
     <span class='ocr_line' id='line_1_36' title="bbox 1117 4595 2290 4670; baseline 0.003 -20"><span class='ocrx_word' id='word_1_410' title='bbox 1117 4595 1162 4670; x_wconf 79' lang='grc' dir='ltr'><strong>ρ</strong></span> <span class='ocrx_word' id='word_1_411' title='bbox 1187 4597 1382 4670; x_wconf 69' lang='lat' dir='ltr'><strong>fratres</strong></span> <span class='ocrx_word' id='word_1_412' title='bbox 1414 4597 1550 4662; x_wconf 89' lang='lat' dir='ltr'><strong>cari,</strong></span> <span class='ocrx_word' id='word_1_413' title='bbox 1577 4599 2010 4670; x_wconf 82' lang='lat' dir='ltr'><strong>doctoresatqne</strong></span> <span class='ocrx_word' id='word_1_414' title='bbox 2047 4601 2290 4670; x_wconf 78' lang='lat' dir='ltr'><strong>magistri</strong></span> 
     </span>
    </p>
   </div>
   <div class='ocr_carea' id='block_1_37' title="bbox 1119 4665 2272 4735">
    <p class='ocr_par' dir='ltr' id='par_1_37' title="bbox 1119 4665 2272 4735">
     <span class='ocr_line' id='line_1_37' title="bbox 1119 4665 2272 4735; baseline 0.002 -15"><span class='ocrx_word' id='word_1_415' title='bbox 1119 4665 1393 4722; x_wconf 83' lang='lat' dir='ltr'><strong>Ecclesiae</strong></span> <span class='ocrx_word' id='word_1_416' title='bbox 1415 4680 1632 4723; x_wconf 83' lang='lat' dir='ltr'><strong>sanctae</strong></span> <span class='ocrx_word' id='word_1_417' title='bbox 1671 4669 1769 4723; x_wconf 70' lang='grc' dir='ltr'><strong>ευι)</strong></span> <span class='ocrx_word' id='word_1_418' title='bbox 1793 4665 2272 4735; x_wconf 61' lang='grc' dir='ltr'><strong>οΙει-ἴοοηόίέίὒηρ,</strong></span> 
     </span>
    </p>
   </div>
   <div class='ocr_carea' id='block_1_38' title="bbox 1119 4735 2529 4807">
    <p class='ocr_par' dir='ltr' id='par_1_38' title="bbox 1119 4735 2529 4807">
     <span class='ocr_line' id='line_1_38' title="bbox 1119 4735 2529 4807; baseline 0.004 -20"><span class='ocrx_word' id='word_1_419' title='bbox 1119 4735 1407 4807; x_wconf 66' lang='grc' dir='ltr'><strong>ρερτεοοτ,</strong></span> <span class='ocrx_word' id='word_1_420' title='bbox 1438 4737 1646 4807; x_wconf 68' lang='lat' dir='ltr'><strong>audite,</strong></span> <span class='ocrx_word' id='word_1_421' title='bbox 1675 4753 1811 4806; x_wconf 87' lang='lat' dir='ltr'><strong>quae</strong></span> <span class='ocrx_word' id='word_1_422' title='bbox 1831 4739 1941 4807; x_wconf 82' lang='lat' dir='ltr'><strong>jam</strong></span> <span class='ocrx_word' id='word_1_423' title='bbox 1970 4739 2093 4794; x_wconf 91' lang='lat' dir='ltr'><strong>volo</strong></span> <span class='ocrx_word' id='word_1_424' title='bbox 2119 4741 2276 4793; x_wconf 78' lang='lat' dir='ltr'><strong>verba</strong></span> <span class='ocrx_word' id='word_1_425' title='bbox 2311 4741 2529 4795; x_wconf 82' lang='lat' dir='ltr'><strong>referre.</strong></span> 
     </span>
    </p>
   </div>
   <div class='ocr_carea' id='block_1_39' title="bbox 1116 4802 2589 4878">
    <p class='ocr_par' dir='ltr' id='par_1_39' title="bbox 1116 4802 2589 4878">
     <span class='ocr_line' id='line_1_39' title="bbox 1116 4802 2589 4878; baseline 0.007 -23"><span class='ocrx_word' id='word_1_426' title='bbox 1116 4802 1248 4878; x_wconf 67' lang='lat' dir='ltr'><strong>Qum</strong></span> <span class='ocrx_word' id='word_1_427' title='bbox 1275 4806 1536 4878; x_wconf 70' lang='lat' dir='ltr'><strong>propesit</strong></span> <span class='ocrx_word' id='word_1_428' title='bbox 1565 4802 1790 4878; x_wconf 73' lang='lat' dir='ltr'><strong>tempus.</strong></span> <span class='ocrx_word' id='word_1_429' title='bbox 1818 4802 1924 4875; x_wconf 59' lang='lat' dir='ltr'><strong>quo</strong></span> <span class='ocrx_word' id='word_1_430' title='bbox 1948 4809 2176 4878; x_wconf 87' lang='lat' dir='ltr'><strong>mundus</strong></span> <span class='ocrx_word' id='word_1_431' title='bbox 2199 4809 2302 4862; x_wconf 88' lang='lat' dir='ltr'><strong>erit</strong></span> <span class='ocrx_word' id='word_1_432' title='bbox 2329 4813 2589 4878; x_wconf 75' lang='lat' dir='ltr'><strong>ruiturus,</strong></span> 
     </span>
    </p>
   </div>
   <div class='ocr_carea' id='block_1_40' title="bbox 1046 4873 2355 4946">
    <p class='ocr_par' dir='ltr' id='par_1_40' title="bbox 1046 4873 2355 4946">
     <span class='ocr_line' id='line_1_40' title="bbox 1046 4873 2355 4946; baseline 0.003 -18"><span class='ocrx_word' id='word_1_433' title='bbox 1046 4873 1080 4928; x_wconf 87' lang='lat'><strong>5</strong></span> <span class='ocrx_word' id='word_1_434' title='bbox 1119 4873 1244 4946; x_wconf 54' lang='lat' dir='ltr'><strong>X03,</strong></span> <span class='ocrx_word' id='word_1_435' title='bbox 1273 4873 1610 4946; x_wconf 30' lang='lat' dir='ltr'><strong>qui’diligitis</strong></span> <span class='ocrx_word' id='word_1_436' title='bbox 1638 4873 1773 4929; x_wconf 62' lang='lat' dir='ltr'><strong>sitae</strong></span> <span class='ocrx_word' id='word_1_437' title='bbox 1800 4873 2057 4942; x_wconf 72' lang='lat' dir='ltr'><strong>promissa</strong></span> <span class='ocrx_word' id='word_1_438' title='bbox 2086 4880 2355 4946; x_wconf 81' lang='lat' dir='ltr'><strong>perennis,</strong></span> 
     </span>
    </p>
   </div>
   <div class='ocr_carea' id='block_1_41' title="bbox 1126 4942 2476 5014">
    <p class='ocr_par' dir='ltr' id='par_1_41' title="bbox 1126 4942 2476 5014">
     <span class='ocr_line' id='line_1_41' title="bbox 1126 4942 2476 5014; baseline 0.004 -17"><span class='ocrx_word' id='word_1_439' title='bbox 1126 4942 1314 5014; x_wconf 53' lang='lat' dir='ltr'><strong>Fortes</strong></span> <span class='ocrx_word' id='word_1_440' title='bbox 1349 4942 1600 5014; x_wconf 77' lang='lat' dir='ltr'><strong>athletae,</strong></span> <span class='ocrx_word' id='word_1_441' title='bbox 1630 4961 1840 4998; x_wconf 79' lang='lat' dir='ltr'><strong>sursum</strong></span> <span class='ocrx_word' id='word_1_442' title='bbox 1869 4962 1929 5014; x_wconf 57' lang='lat' dir='ltr'><strong>ip</strong></span> <span class='ocrx_word' id='word_1_443' title='bbox 1965 4963 2014 4999; x_wconf 86' lang='lat' dir='ltr'><strong>Ill</strong></span> <span class='ocrx_word' id='word_1_444' title='bbox 2045 4942 2235 5000; x_wconf 71' lang='lat' dir='ltr'><strong>mentis</strong></span> <span class='ocrx_word' id='word_1_445' title='bbox 2266 4949 2476 5005; x_wconf 86' lang='lat' dir='ltr'><strong>habete.</strong></span> 
     </span>
    </p>
   </div>
   <div class='ocr_carea' id='block_1_42' title="bbox 1116 5011 2525 5084">
    <p class='ocr_par' dir='ltr' id='par_1_42' title="bbox 1116 5011 2525 5084">
     <span class='ocr_line' id='line_1_42' title="bbox 1116 5011 2525 5084; baseline 0.004 -18"><span class='ocrx_word' id='word_1_446' title='bbox 1116 5011 1195 5084; x_wconf 54' lang='lat' dir='ltr'><strong>ljc</strong></span> <span class='ocrx_word' id='word_1_447' title='bbox 1222 5013 1348 5078; x_wconf 90' lang='lat' dir='ltr'><strong>quid</strong></span> <span class='ocrx_word' id='word_1_448' title='bbox 1375 5012 1429 5084; x_wconf 85' lang='lat' dir='ltr'><strong>in</strong></span> <span class='ocrx_word' id='word_1_449' title='bbox 1456 5013 1558 5068; x_wconf 89' lang='lat' dir='ltr'><strong>hoc</strong></span> <span class='ocrx_word' id='word_1_450' title='bbox 1584 5017 1780 5084; x_wconf 79' lang='lat' dir='ltr'><strong>mundo</strong></span> <span class='ocrx_word' id='word_1_451' title='bbox 1803 5011 1911 5080; x_wconf 67' lang='lat' dir='ltr'><strong>jam</strong></span> <span class='ocrx_word' id='word_1_452' title='bbox 1939 5017 2254 5084; x_wconf 79' lang='lat' dir='ltr'><strong>possi&#39;eatis</strong></span> <span class='ocrx_word' id='word_1_453' title='bbox 2279 5019 2525 5075; x_wconf 72' lang='lat' dir='ltr'><strong>sanando.</strong></span> 
     </span>
    </p>
   </div>
   <div class='ocr_carea' id='block_1_43' title="bbox 1125 5081 2405 5153">
    <p class='ocr_par' dir='ltr' id='par_1_43' title="bbox 1125 5081 2405 5153">
     <span class='ocr_line' id='line_1_43' title="bbox 1125 5081 2405 5153; baseline 0.01 -24"><span class='ocrx_word' id='word_1_454' title='bbox 1125 5081 1311 5153; x_wconf 54' lang='lat' dir='ltr'><strong>gestat</strong></span> <span class='ocrx_word' id='word_1_455' title='bbox 1338 5082 1479 5153; x_wconf 84' lang='lat' dir='ltr'><strong>enim</strong></span> <span class='ocrx_word' id='word_1_456' title='bbox 1513 5083 1661 5153; x_wconf 74' lang='lat' dir='ltr'><strong>\obis</strong></span> <span class='ocrx_word' id='word_1_457' title='bbox 1690 5082 1844 5137; x_wconf 53' lang='lat' dir='ltr'><strong>fructi</strong></span> <span class='ocrx_word' id='word_1_458' title='bbox 1868 5099 1893 5137; x_wconf 88' lang='lat' dir='ltr'><strong>s</strong></span> <span class='ocrx_word' id='word_1_459' title='bbox 1921 5081 2122 5151; x_wconf 76' lang='lat' dir='ltr'><strong>patriae</strong></span> <span class='ocrx_word' id='word_1_460' title='bbox 2152 5087 2405 5153; x_wconf 85' lang='lat' dir='ltr'><strong>melioris,</strong></span> 
     </span>
    </p>
   </div>
   <div class='ocr_carea' id='block_1_44' title="bbox 1131 5148 2664 5208">
    <p class='ocr_par' dir='ltr' id='par_1_44' title="bbox 1131 5148 2664 5208">
     <span class='ocr_line' id='line_1_44' title="bbox 1131 5148 2664 5208; baseline 0.006 -6"><span class='ocrx_word' id='word_1_461' title='bbox 1131 5148 1186 5202; x_wconf 82' lang='lat' dir='ltr'><strong>SI</strong></span> <span class='ocrx_word' id='word_1_462' title='bbox 1215 5153 1374 5204; x_wconf 91' lang='lat' dir='ltr'><strong>modo</strong></span> <span class='ocrx_word' id='word_1_463' title='bbox 1402 5151 1598 5204; x_wconf 57' lang='lat' dir='ltr'><strong>sinceri</strong></span> <span class='ocrx_word' id='word_1_464' title='bbox 1636 5153 1894 5206; x_wconf 72' lang='lat' dir='ltr'><strong>studea&#39;i=</strong></span> <span class='ocrx_word' id='word_1_465' title='bbox 1921 5148 2028 5206; x_wconf 72' lang='lat' dir='ltr'><strong>rite</strong></span> <span class='ocrx_word' id='word_1_466' title='bbox 2061 5157 2272 5208; x_wconf 72' lang='lat' dir='ltr'><strong>mereri.</strong></span> <span class='ocrx_word' id='word_1_467' title='bbox 2392 5148 2401 5153; x_wconf 69' lang='grc'><em>’</em></span> <span class='ocrx_word' id='word_1_468' title='bbox 2660 5192 2664 5196; x_wconf 52' lang='grc' dir='ltr'>λ</span> 
     </span>
    </p>
   </div>
   <div class='ocr_carea' id='block_1_45' title="bbox 1023 5219 2637 5294">
    <p class='ocr_par' dir='ltr' id='par_1_45' title="bbox 1023 5219 2637 5294">
     <span class='ocr_line' id='line_1_45' title="bbox 1023 5219 2637 5294; baseline 0.006 -21"><span class='ocrx_word' id='word_1_469' title='bbox 1023 5219 1091 5274; x_wconf 77' lang='grc'>10</span> <span class='ocrx_word' id='word_1_470' title='bbox 1129 5219 1402 5294; x_wconf 83' lang='lat' dir='ltr'><strong>_A_d__quam</strong></span> <span class='ocrx_word' id='word_1_471' title='bbox 1440 5224 1797 5294; x_wconf 65' lang='lat' dir='ltr'><strong>quaerendam</strong></span> <span class='ocrx_word' id='word_1_472' title='bbox 1831 5233 2156 5294; x_wconf 56' lang='lat' dir='ltr'><strong>praesentem</strong></span> <span class='ocrx_word' id='word_1_473' title='bbox 2189 5226 2423 5294; x_wconf 64' lang='lat' dir='ltr'><strong>spernite</strong></span> <span class='ocrx_word' id='word_1_474' title='bbox 2454 5228 2637 5294; x_wconf 72' lang='lat' dir='ltr'><strong>vitam,</strong></span> 
     </span>
    </p>
   </div>
   <div class='ocr_carea' id='block_1_46' title="bbox 1130 5286 2406 5362">
    <p class='ocr_par' dir='ltr' id='par_1_46' title="bbox 1130 5286 2406 5362">
     <span class='ocr_line' id='line_1_46' title="bbox 1130 5286 2406 5362; baseline 0.005 -23"><span class='ocrx_word' id='word_1_475' title='bbox 1130 5286 1328 5362; x_wconf 62' lang='lat' dir='ltr'><strong>ysibus</strong></span> <span class='ocrx_word' id='word_1_476' title='bbox 1352 5286 1611 5362; x_wconf 62' lang='lat' dir='ltr'><strong>exceptis,</strong></span> <span class='ocrx_word' id='word_1_477' title='bbox 1642 5305 1737 5362; x_wconf 73' lang='lat' dir='ltr'><strong>per</strong></span> <span class='ocrx_word' id='word_1_478' title='bbox 1766 5305 1900 5358; x_wconf 70' lang='grc' dir='ltr'><strong>(ιι-οε</strong></span> <span class='ocrx_word' id='word_1_479' title='bbox 1936 5292 2061 5345; x_wconf 90' lang='lat' dir='ltr'><strong>illuc</strong></span> <span class='ocrx_word' id='word_1_480' title='bbox 2089 5286 2406 5362; x_wconf 54' lang='lat' dir='ltr'><strong>prop-cretis,</strong></span> 
     </span>
    </p>
   </div>
   <div class='ocr_carea' id='block_1_47' title="bbox 1125 5355 2424 5432">
    <p class='ocr_par' dir='ltr' id='par_1_47' title="bbox 1125 5355 2424 5432">
     <span class='ocr_line' id='line_1_47' title="bbox 1125 5355 2424 5432; baseline 0.012 -29"><span class='ocrx_word' id='word_1_481' title='bbox 1125 5355 1190 5432; x_wconf 58' lang='grc' dir='ltr'><strong>ξι</strong></span> <span class='ocrx_word' id='word_1_482' title='bbox 1221 5357 1412 5425; x_wconf 84' lang='lat' dir='ltr'><strong>quibus</strong></span> <span class='ocrx_word' id='word_1_483' title='bbox 1437 5355 1652 5432; x_wconf 73' lang='lat' dir='ltr'><strong>interea</strong></span> <span class='ocrx_word' id='word_1_484' title='bbox 1670 5355 1952 5432; x_wconf 44' lang='lat' dir='ltr'><strong>fove—antur</strong></span> <span class='ocrx_word' id='word_1_485' title='bbox 1976 5355 2201 5432; x_wconf 63' lang='lat' dir='ltr'><strong>corpora</strong></span> <span class='ocrx_word' id='word_1_486' title='bbox 2227 5355 2424 5418; x_wconf 62' lang='lat' dir='ltr'><strong>Vestra.</strong></span> 
     </span>
    </p>
   </div>
   <div class='ocr_carea' id='block_1_48' title="bbox 1131 5423 2411 5500">
    <p class='ocr_par' dir='ltr' id='par_1_48' title="bbox 1131 5423 2411 5500">
     <span class='ocr_line' id='line_1_48' title="bbox 1131 5423 2411 5500; baseline 0.008 -22"><span class='ocrx_word' id='word_1_487' title='bbox 1131 5423 1249 5500; x_wconf 42' lang='lat' dir='ltr'><strong>lion</strong></span> <span class='ocrx_word' id='word_1_488' title='bbox 1275 5441 1371 5480; x_wconf 80' lang='lat' dir='ltr'><strong>vos</strong></span> <span class='ocrx_word' id='word_1_489' title='bbox 1386 5429 1637 5500; x_wconf 66' lang='lat' dir='ltr'><strong>seducat,</strong></span> <span class='ocrx_word' id='word_1_490' title='bbox 1667 5429 1708 5481; x_wconf 86' lang='lat' dir='ltr'><strong>si</strong></span> <span class='ocrx_word' id='word_1_491' title='bbox 1748 5443 1939 5484; x_wconf 80' lang='lat' dir='ltr'><strong>census</strong></span> <span class='ocrx_word' id='word_1_492' title='bbox 1969 5423 2116 5500; x_wconf 78' lang='lat' dir='ltr'><strong>c0pia</strong></span> <span class='ocrx_word' id='word_1_493' title='bbox 2148 5433 2411 5500; x_wconf 76' lang='lat' dir='ltr'><strong>abundat;</strong></span> 
     </span>
    </p>
   </div>
   <div class='ocr_carea' id='block_1_49' title="bbox 1131 5493 2266 5571">
    <p class='ocr_par' dir='ltr' id='par_1_49' title="bbox 1131 5493 2266 5571">
     <span class='ocr_line' id='line_1_49' title="bbox 1131 5493 2266 5571; baseline 0.007 -24"><span class='ocrx_word' id='word_1_494' title='bbox 1131 5493 1184 5571; x_wconf 63' lang='grc' dir='ltr'><strong>ξεῖ</strong></span> <span class='ocrx_word' id='word_1_495' title='bbox 1217 5503 1342 5571; x_wconf 56' lang='grc' dir='ltr'><strong>δορὶ</strong></span> <span class='ocrx_word' id='word_1_496' title='bbox 1367 5497 1604 5571; x_wconf 77' lang='lat' dir='ltr'><strong>divitiae,</strong></span> <span class='ocrx_word' id='word_1_497' title='bbox 1637 5513 1733 5567; x_wconf 88' lang='lat' dir='ltr'><strong>per</strong></span> <span class='ocrx_word' id='word_1_498' title='bbox 1757 5512 1846 5551; x_wconf 80' lang='lat' dir='ltr'><strong>eas</strong></span> <span class='ocrx_word' id='word_1_499' title='bbox 1881 5493 2048 5553; x_wconf 64' lang='lat' dir='ltr'><strong>nolite</strong></span> <span class='ocrx_word' id='word_1_500' title='bbox 2072 5501 2266 5571; x_wconf 71' lang='lat' dir='ltr'><strong>petire.</strong></span> 
     </span>
    </p>
   </div>
   <div class='ocr_carea' id='block_1_50' title="bbox 1021 5563 2571 5642">
    <p class='ocr_par' dir='ltr' id='par_1_50' title="bbox 1021 5563 2571 5642">
     <span class='ocr_line' id='line_1_50' title="bbox 1021 5563 2571 5642; baseline 0.01 -28"><span class='ocrx_word' id='word_1_501' title='bbox 1021 5564 1090 5620; x_wconf 67' lang='lat'><strong>15</strong></span> <span class='ocrx_word' id='word_1_502' title='bbox 1127 5563 1256 5642; x_wconf 64' lang='lat' dir='ltr'><strong>l‘lam</strong></span> <span class='ocrx_word' id='word_1_503' title='bbox 1286 5564 1555 5642; x_wconf 69' lang='lat' dir='ltr'><strong>Deusbas</strong></span> <span class='ocrx_word' id='word_1_504' title='bbox 1576 5563 1833 5642; x_wconf 62' lang='lat' dir='ltr'><strong>tribuens,</strong></span> <span class='ocrx_word' id='word_1_505' title='bbox 1866 5571 1917 5622; x_wconf 90' lang='lat' dir='ltr'><strong>in</strong></span> <span class='ocrx_word' id='word_1_506' title='bbox 1944 5572 2022 5625; x_wconf 89' lang='lat' dir='ltr'><strong>eis</strong></span> <span class='ocrx_word' id='word_1_507' title='bbox 2052 5563 2338 5642; x_wconf 73' lang='lat' dir='ltr'><strong>interrogat</strong></span> <span class='ocrx_word' id='word_1_508' title='bbox 2364 5589 2571 5642; x_wconf 84' lang='lat' dir='ltr'><strong>omnes,</strong></span> 
     </span>
    </p>
   </div>
   <div class='ocr_carea' id='block_1_51' title="bbox 1128 5634 2376 5705">
    <p class='ocr_par' dir='ltr' id='par_1_51' title="bbox 1128 5634 2376 5705">
     <span class='ocr_line' id='line_1_51' title="bbox 1128 5634 2376 5705; baseline 0.01 -20"><span class='ocrx_word' id='word_1_509' title='bbox 1128 5634 1256 5705; x_wconf 68' lang='lat' dir='ltr'><strong>Quis</strong></span> <span class='ocrx_word' id='word_1_510' title='bbox 1285 5635 1408 5705; x_wconf 79' lang='lat' dir='ltr'><strong>velit</strong></span> <span class='ocrx_word' id='word_1_511' title='bbox 1434 5635 1503 5705; x_wconf 72' lang='lat' dir='ltr'><strong>in</strong></span> <span class='ocrx_word' id='word_1_512' title='bbox 1525 5636 1679 5689; x_wconf 81' lang='lat' dir='ltr'><strong>(Ionis</strong></span> <span class='ocrx_word' id='word_1_513' title='bbox 1709 5644 1883 5705; x_wconf 73' lang='lat' dir='ltr'><strong>potius</strong></span> <span class='ocrx_word' id='word_1_514' title='bbox 1912 5654 2157 5695; x_wconf 54' lang='lat' dir='ltr'><strong>constare</strong></span> <span class='ocrx_word' id='word_1_515' title='bbox 2188 5634 2376 5697; x_wconf 70' lang='grc' dir='ltr'><strong>ῆιΙῙιΙί-.</strong></span> 
     </span>
    </p>
   </div>
   <div class='ocr_carea' id='block_1_52' title="bbox 1129 5702 2416 5778">
    <p class='ocr_par' dir='ltr' id='par_1_52' title="bbox 1129 5702 2416 5778">
     <span class='ocr_line' id='line_1_52' title="bbox 1129 5702 2416 5778; baseline 0.006 -20"><span class='ocrx_word' id='word_1_516' title='bbox 1129 5702 1240 5758; x_wconf 79' lang='lat' dir='ltr'><strong>Non</strong></span> <span class='ocrx_word' id='word_1_517' title='bbox 1279 5703 1411 5758; x_wconf 79' lang='lat' dir='ltr'><strong>alias</strong></span> <span class='ocrx_word' id='word_1_518' title='bbox 1435 5703 1528 5758; x_wconf 88' lang='lat' dir='ltr'><strong>ulli</strong></span> <span class='ocrx_word' id='word_1_519' title='bbox 1557 5702 1876 5775; x_wconf 72' lang='lat' dir='ltr'><strong>subiguntur</strong></span> <span class='ocrx_word' id='word_1_520' title='bbox 1905 5714 2178 5765; x_wconf 80' lang='lat' dir='ltr'><strong>commota</strong></span> <span class='ocrx_word' id='word_1_521' title='bbox 2213 5715 2416 5778; x_wconf 68' lang='lat' dir='ltr'><strong>mlllltll,</strong></span> 
     </span>
    </p>
   </div>
  </div>
