3952 6152
483 319 620 362 puni
646 350 648 353 .
869 401 875 407 .
1895 309 2320 366 PROOEMIUM.

1176 433 1404 504 Condite
1431 446 1566 504 gaza
1592 429 1718 504 polo
1733 443 1970 504 ,_saccos
2010 438 2241 504 vacuate
2265 439 2553 504 gazarunr,

1174 503 1310 558 Aula
1342 496 1488 558 tenet
1508 496 1710 558 Christi
1739 500 2012 556 Christum
2041 500 2097 554 in
2119 508 2338 569 pectore
2361 504 2416 553 et
2435 496 2605 550 aula.-

1855 593 1932 650 De
1972 594 2115 668 =uilla
2156 590 2351 664 puella.
2396 601 2398 604 ’

1174 693 1876 776 Βλξρυιιᾳυωηε-ξρωρεν
1898 687 2431 776 p‘iomit’tiserallaA,
2462 685 2671 758 roganti
2698 702 2715 718 ο

1259 763 1317 820 Si
1342 758 1560 835 semper
1582 763 1749 830 fallis,
1771 758 1881 833 jam
1901 758 2058 831 rogo,
2086 758 2258 824 Galla,
2288 773 2444 828 nega.
2467 785 2471 789 ·

1921 854 1994 910 De
2058 854 2276 908 tineoso.

1176 953 1356 1022 Turpe
1378 969 1562 1025 pecus,
1595 953 1805 1025 inutile,
1838 961 2013 1025 turpe,
2041 953 2158 1025 sine
2182 942 2427 1025 gramine
2453 959 2618 1021 capas

1268 1021 1336 1081 Et
1365 1021 1482 1112 sine
1505 1024 1695 1080 fronde
1723 1021 2004 1089 frutex,“
2032 1022 2150 1078 sine
2183 1021 2334 1076 crine
2361 1027 2541 1092 caput.

1926 1119 2008 1171 Ad
2061 1116 2279 1172 ebrium.

1183 1219 1282 1274 Dic
1309 1216 1463 1281 mihi,
1491 1215 1600 1282 dic,
1628 1215 1797 1282 sbrie,
1820 1215 1958 1268 vivis
1989 1227 2057 1268 an
2078 1222 2261 1267 morte
2286 1207 2574 1282 gravaris!

1179 1287 1419 1343 Pallidus
1447 1279 1930 1356 ecce'jaces,’ccce
1957 1284 2076 1356 sine
2105 1289 2286 1337 mente
2309 1279 2543 1356 quiescis
2569 1295 2586 1344 ι

1176 1357 1293 1414 Non
1321 1357 1484 1422 bona,
1519 1347 1626 1411 non
1655 1347 1816 1419 mala,
1845 1369 1954 1410 non
1983 1353 2142 1418 dura,
2169 1347 2487 1422 non‘mollia
2506 1347 2699 1406 sentis.

1172 1428 1287 1484 Hoc
1315 1419 1524 1482 tantum
1553 1426 1724 1480 distas
1753 1439 1782 1479 a
1807 1423 1900 1478 fati
1929 1432 2076 1479 sorte
2105 1419 2338 1490 sepulti,

1177 1497 1332 1566 Quod
1363 1497 1540 1555 tenuis
1565 1495 1795 1551 miseros
1821 1491 2114 1565 subpungit
2147 1490 2418 1546 anhelitus
2442 1497 2614 1544 artus.

1977 1585 2054 1642 De
2095 1586 2232 1640 vino.

1175 1687 1398 1759 magnus
1432 1694 1511 1749 tu,
1546 1684 1779 1750 BJCChP,
1809 1697 2001 1754 rmgna
2030 1691 2120 1736 tua
2149 1681 2320 1759 virtus
2353 1679 2589 1759 ubique)

1177 1748 1381 1814 Contra
1411 1767 1462 1812 te
1488 1748 1770 1810 certantes
1793 1763 1851 1808 tu
1878 1748 2092 1824 semper
2120 1755 2355 1821 palmam
2387 1748 2594 1805 leuati.

546 1890 815 1955 Joannis
847 1887 1020 1952 Scoti
1061 1901 1275 1947 versus
1306 1879 1378 1943 de
1410 1879 1472 1943 S.
1505 1878 1792 1942 Maximo
1843 1891 1880 1940 e
1920 1875 2144 1938 codice
2189 1872 2663 1938 armamentarii
2710 1873 2879 1936 eruit
2924 1874 3011 1938 M.
3045 1877 3115 1938 F.
3149 1877 3527 1943 Bavaisson.
3563 1881 3747 1957 Quos

467 2015 533 2076 in
565 2013 759 2086 libro,
799 2011 903 2074 cui
947 2008 1172 2071 titulus
1203 2027 1218 2066 :
1252 2003 1575 2084 Rapports
1613 2005 1735 2065 cet.
1769 2017 1835 2081 p.
1864 1997 2158 2071 356-358,
2194 1996 2402 2060 editos
2439 2014 2614 2060 nunc
2641 1995 3066 2060 reddidimus.
3101 1997 3317 2061 Codex
3365 1994 3580 2080 qualis
3627 2002 3746 2077 sit,

472 2131 682 2193 editor
712 2146 845 2192 non
877 2126 1208 2190 indicavit.

550 2255 788 2316 Versus
803 2247 1072 2313 Joannis
1097 2245 1268 2311 Scoti
1290 2255 1542 2310 exstare
1573 2245 1644 2306 in
1673 2243 1814 2308 cod.
1838 2240 2368 2308 ms.Benédictino
2392 2241 2565 2324 apud
2583 2241 3141 2324 Cantabrigienses,
3166 2251 3439 2309 testatur
3459 2243 3750 2310 Thomas

467 2374 619 2438 Gale
671 2373 736 2434 in
792 2368 1184 2451 praefatione
1235 2367 1318 2428 ad
1353 2366 1659 2430 librosde
1693 2367 2002 2431 divisione
2033 2367 2335 2432 Naturae.
2374 2368 2504 2430 Nec
2547 2367 2816 2430 dubium
2869 2375 2988 2441 est,
3033 2369 3191 2449 quin
3243 2368 3299 2430 is
3347 2368 3751 2432 intellexerit

461 2483 730 2552 eosdem
779 2503 1045 2560 vorsus,
1101 2501 1266 2566 quos
1301 2484 1526 2549 beatus
1583 2487 1664 2574 D'_
1706 2485 1946 2548 Oehler
1996 2493 2145 2548 ante
2203 2486 2326 2548 hos
2381 2485 2517 2550 fere
2573 2486 2794 2549 decem
2851 2504 3056 2552 annos
3113 2490 3449 2572 descripsit
3503 2510 3537 2555 e
3595 2495 3749 2558 cod.

468 2607 836 2685 Cantabrig.
889 2604 1145 2684 collegii
1195 2604 1387 2686 Corp.
1419 2605 1656 2668 Christi
1705 2606 1780 2666 N’
1805 2605 1926 2668 223
1961 2605 2165 2668 seculi
2203 2603 2317 2670 1X.
2359 2605 2558 2686 Cujus
2593 2606 2868 2688 cepiam,
2919 2609 3037 2671 etsi
3084 2607 3341 2673 fratrem
3396 2609 3749 2678 haeredem

467 2728 824 2793 identidem
857 2741 1209 2803 rogassem,
1237 2728 1310 2783 ut
1342 2721 1502 2784 mihi
1530 2723 1598 2784 in
1625 2722 1814 2784 usum
1851 2722 2048 2804 hujus
2086 2721 2390 2785 editionis
2419 2723 2822 2799 concederet,
2845 2740 2974 2787 non
3007 2727 3285 2803 obtinui,
3309 2731 3440 2794 imo
3478 2750 3755 2812 respon-

473 2868 614 2914 sum
651 2848 904 2912 nullum
935 2848 1176 2928 accepi.
1211 2851 1432 2932 Neque
1452 2850 2010 2931 Cantabrigienses
2045 2851 2212 2934 votis
2243 2852 2429 2925 meis,
2462 2859 2532 2914 ut
2561 2869 2814 2915 carmen
2847 2853 2913 2914 in
2943 2869 3130 2915 usum
3163 2869 3376 2914 meum
3411 2854 3754 2919 describe-

478 2980 674 3036 retur.
707 2969 993 3034 obsecuti
1030 2975 1205 3032 sunt.
1241 2969 1454 3045 Quare
1490 2969 1700 3034 solum
1737 2971 2038 3034 carminis
2069 2971 2286 3045 tinem,
2317 2985 2510 3051 quem
2541 2971 2616 3032 D'
2643 2969 2880 3034 Oehler
2913 2988 3058 3034 cum
3079 2973 3284 3037 amico
3309 2975 3754 3039 communica-

477 3104 670 3175 verat,
703 3097 892 3162 edere
932 3096 1134 3176 potui.
1165 3095 1426 3158 Constat
1453 3095 1596 3174 ipso
1628 3102 1792 3158 teste
1841 3084 2099 3169 carmen
2139 3096 2502 3176 argumenti
2541 3097 3200 3176 dogmatico-ascetici
3252 3097 3548 3161 versibus
3591 3097 3740 3161 101.

559 3221 775 3283 Versu:
803 3215 889 3298 .d'e
915 3217 982 3278 S.
1013 3211 1320 3295 Dionysio
1353 3214 1542 3277 initio
1589 3222 1653 3279 et
1683 3215 1748 3277 in
1784 3215 1910 3278 ﬁne
1943 3215 2258 3279 versionis
2293 3232 2572 3296 Operam
2597 3219 2737 3298 ejus
2776 3194 3208 3300 reperiuntur.
3233 3220 3498 3283 ‘Pariter
3526 3237 3752 3282 versus

474 3350 780 3424 quattuor
828 3338 1017 3402 initio
1068 3335 1221 3400 libri
1267 3332 1349 3397 de
1401 3331 1998 3397 Praedestinatione
2051 3341 2416 3398 occurrunt.
2467 3336 2637 3398 Duos
2685 3356 2902 3398 versus
2955 3357 2990 3400 e
3034 3338 3254 3402 codice
3309 3337 3750 3403 bibliothecae

467 3463 704 3542 Regiae
725 3461 892 3524 eruit
914 3459 1562 3539 Cousin,Fragments
1608 3456 2145 3538 philosophiques,
2199 3457 2374 3520 Tom.
2406 3458 2518 3520 ΙΙΙ
2550 3457 2836 3538 Append.
2870 3474 2933 3539 p.
2963 3460 3106 3522 326.
3143 3459 3320 3533 Quos
3358 3458 3522 3520 infra
3555 3458 3755 3522 addi-

476 3583 716 3647 dimus.
748 3582 878 3644 Aiii
908 3598 1158 3656 versus,
1195 3579 1310 3660 qui
1344 3577 1576 3641 Joanni
1619 3578 1808 3641 Scoto
1838 3577 2182 3640 tribuenda
2215 3592 2359 3641 esse
2408 3579 2814 3654 videbantur,
2851 3595 3046 3659 supra
3078 3583 3105 3656 θ
3136 3579 3208 3639 11
3251 3575 3751 3655 adscripsimus.

558 3698 890 3763 Accedunt
919 3697 1189 3760 Joannis
1237 3697 1404 3761 Scoti
1434 3697 1645 3776 graeci
1675 3711 1888 3758 versus
1920 3695 2232 3776 incompti
2261 3703 2324 3760 et
2357 3697 2627 3772 horridi,
2665 3697 2780 3778 qui
2827 3715 2864 3759 e
2894 3697 3114 3760 codice
3147 3698 3210 3759 S.
3244 3695 3546 3759 Germani
3599 3711 3752 3775 pro-

473 3817 732 3881 dierunt
761 3817 966 3884 literis
998 3815 1358 3880 uncialibus
1390 3833 1520 3880 una
1556 3833 1699 3879 cum
1735 3816 1970 3896 glossis
2003 3817 2217 3880 latinis
2246 3818 2313 3880 in
2347 3817 2745 3901 Praefatione
2773 3816 2856 3878 ad
2884 3816 2956 3880 C.
2991 3815 3217 3878 Ι.αὸὺεί
3240 3787 3579 3894 ’σιοεεανὶω
3615 3812 3752 3888 Qui

476 3941 595 4005 etsi
624 3948 747 4003 tam
776 3937 1058 4016 corrupti
1081 3935 1236 4010 sint,
1262 3941 1328 3997 ut
1363 3936 1506 4016 ipso
1537 3934 1788 4015 Angelo
1813 3935 1940 3998 Mai
1973 3941 2136 4000 teste
2163 3937 2210 4000 l.
2237 3937 2279 3998 l.
2310 3955 2372 4018 p.
2399 3937 2513 4000 £51
2537 3937 2750 4000 sanari
2778 3937 2880 3999 vix
2915 3953 3101 4016 posse
3143 3936 3504 4008 videantur,
3528 3942 3752 3998 tamen

475 4063 540 4126 in
565 4062 648 4124 iis
673 4057 1095 4123 emendandis
1125 4074 1200 4120 ac
1231 4059 1603 4138 reparandis
1631 4078 1763 4124 non
1796 4062 1942 4126 sine
1971 4061 2186 4125 fructu
2216 4063 2407 4126 nobis
2437 4063 2762 4126 laborasse
2793 4061 3112 4123 videmur.
3129 4057 3342 4131 Quare
3373 4057 3422 4118 ii
3455 4055 3752 4135 castigati

475 4181 582 4244 hic
617 4181 833 4253 denuo
871 4177 1175 4242 eduntur.
1221 4177 1528 4242 Codicem
1568 4182 1630 4242 S.
1663 4182 1967 4245 Germani
1999 4183 2068 4244 in
2115 4181 2506 4246 bibliotheca
2543 4182 2738 4262 Regia
2767 4178 3114 4244 Parisiensi
3151 4176 3384 4239 frustra
3423 4175 3752 4256 quaesivi.

557 4303 725 4364 Casu
772 4301 838 4364 in
869 4318 1099 4364 manus
1129 4318 1302 4366 meas
1336 4304 1513 4368 venit
1544 4309 1798 4368 carmen
1833 4322 2160 4384 graecum,
2184 4305 2390 4368 literis
2413 4303 2632 4368 latinis
2661 4302 2867 4367 seculi
2897 4303 2990 4364 1X
3019 4310 3373 4377 exaratum,
3397 4301 3754 4382 adscriptis.

481 4420 717 4509 glossis
775 4418 1015 4482 latinis.
1069 4419 1272 4494 Quod.
1303 4438 1505 4502 quum
1553 4429 1699 4488 ante
1739 4424 1858 4487 hos
1895 4424 2190 4505 quinque
2235 4440 2440 4487 annos
2489 4424 2562 4484 D'
2611 4423 2700 4484 Μ.
2751 4421 2822 4484 C.
2859 4422 2929 4484 Β.
2975 4421 3148 4485 Book
3195 4438 3255 4483 ν.
3305 4421 3388 4482 cl.
3435 4438 3470 4483 e
3523 4419 3758 4484 codice

479 4538 914 4602 bibliothecae
935 4540 1382 4639 Burgundicae
1409 4543 1854 4607 Bruxellensrs
1885 4544 2276 4623 descriptum
2313 4541 2614 4606 Lerschio
2637 4549 2856 4605 nostro
2883 4543 3085 4607 eheu!
3119 4553 3520 4624 praematura
3542 4552 3757 4608 mento

483 4664 675 4756 nobis
706 4661 926 4758 erepto
977 4663 1284 4737 misisset,
1323 4674 1396 4729 ut
1432 4668 1713 4747 primum
1754 4667 2045 4742 inspexi,
2069 4667 2338 4731 Joannis
2384 4667 2554 4730 Scoti
2615 4683 2838 4728 versus
2881 4683 3023 4730 esse
3069 4666 3366 4744 cognovi.
3418 4665 3758 4745 Codicem,

486 4804 697 4866 nuper
728 4802 874 4848 cum
911 4783 1230 4849 Bruxellis
1274 4787 1586 4868 versarer,
1636 4793 1704 4856 in
1737 4794 2070 4856 Francram
2109 4791 2404 4864 missum,
2452 4789 2774 4871 inspicere
2822 4805 2952 4852 non
2989 4787 3198 4868 potui.
3244 4789 3354 4850 Est
3399 4803 3551 4850 vero
3600 4789 3756 4852 cod.

485 4903 936 4998 10078-1008h,
965 4907 1346 4983 membrum,
1379 4908 1521 4984 £01.,
1557 4909 1761 4972 seculi
1791 4910 1936 4973 Xll.
1969 4910 2398 4974 Continentur
2434 4925 2509 4972 eo
2543 4906 2894 4987 Virgiliana
2936 4903 3258 4984 Fulgmtii
3301 4910 3362 4966 et
3400 4902 3644 4982 glauco
3681 4903 3760 4965 de

489 5036 800 5100 abstrusis
830 5032 1242 5098 sermonibus.
1269 5075 1271 5079 .
1295 5028 1369 5090 In
1399 5028 1640 5109 quibus
1677 5027 1914 5107 glossis
1964 5035 2028 5092 et
2059 5027 2256 5091 hosce
2283 5044 2532 5102 versus,
2565 5027 2631 5089 in
2678 5025 2992 5089 honorem
3026 5025 3090 5087 Β.
3137 5024 3442 5104 Dionysii
3488 5039 3761 5104 compo-

485 5159 670 5232 sitos,
705 5155 1032 5220 numerari
1065 5150 1384 5231 suspicor.
2517 5159 2522 5162 ·

565 5282 593 5356 §
623 5279 722 5342 16.
753 5277 969 5356 Nuper
1000 5271 1330 5354 pollicitus
1358 5280 1455 5335 est
1481 5272 1558 5334 Ι).
1586 5270 1756 5335 Pitra
1789 5289 1847 5334 ν.
1880 5270 1988 5348 cl.,
2027 5270 2354 5354 Spicilegii
2386 5249 2820 5337 Sdlesmensis
2869 5272 3050 5355 Tom.
3087 5272 3145 5340 II
3175 5289 3250 5340 se
3275 5275 3542 5341 Joannis
3571 5278 3755 5345 Scott

487 5401 958 5466 commentarios
1004 5399 1070 5458 in
1117 5395 1508 5458 Martiauum
1565 5395 1880 5476 Capenam
1927 5395 2400 5476 evulgaturum.
2461 5396 2644 5471 Quos
2689 5397 2880 5462 doleo
2941 5393 3232 5466 nondum
3272 5406 3752 5483 comparuisse.

489 5531 865 5609 anerrtme
895 5542 1096 5608 quum
1133 5522 1393 5585 Parisiis
1425 5523 1749 5598 versabar,
1792 5523 1858 5585 in
1897 5523 2119 5598 codice
2165 5509 2288 5586 ms.
2323 5523 2386 5586 S.
2419 5523 2724 5588 Germani
2772 5527 2948 5602 1110,
2985 5526 3138 5590 olim
3186 5525 3328 5598 589,
3364 5525 3756 5606 membran...

494 5650 611 5713 hos
639 5649 1131 5714 commentarios
1163 5642 1488 5708 detexisse
1511 5641 1669 5705 mihi
1695 5643 1936 5706 videor.
1969 5643 2096 5707 Nec
2120 5650 2331 5732 tamen
2349 5644 2555 5707 otium
2580 5645 2740 5708 mihi
2769 5646 3152 5728 suppetebat
3174 5662 3287 5708 eos
3307 5639 3752 5713 describendi.

495 5775 704 5850 Quare
731 5775 806 5837 D.
829 5773 999 5838 Pitra
1025 5771 1225 5836 literis
1247 5789 1361 5854 per
1381 5783 1610 5835 manus
1634 5767 2057 5856 redemptoris
2078 5767 2272 5851 hujus
2303 5768 2446 5832 libri
2472 5769 2721 5835 traditis
2743 5787 2944 5851 quum
2969 5787 3319 5853 rcgassem,
3351 5783 3419 5840 ut
3453 5777 3611 5840 mihi
3643 5795 3754 5842 co-
