3952 6152
1666 328 2071 385 ΡΗΟΟΕΜΠΣΜ
2180 396 2183 397 ν
2966 354 2974 361 ’
3421 348 3515 397 ιιι

306 470 445 550 piam
475 490 638 537 suam
670 474 738 537 u‘t
767 475 1260 556 comparandam
1292 474 1358 537 in
1393 492 1584 538 usum
1610 466 1806 553 hujus
1837 472 2145 536 editionis
2169 473 2571 551 concederet,
2590 490 2670 538 ne
2698 474 2775 539 ab
2804 474 2925 537 boc
2947 474 3209 555 quidem
3237 492 3516 557 respon-

302 612 424 659 sum
443 596 659 678 accepi.
685 601 988 665 Attamen
1014 603 1298 668 codicem
1322 605 1384 666 S.
1410 601 1713 667 Germani
1744 602 1946 666 istum
1972 600 2255 667 breviter
2274 601 2638 666 describere
2660 618 2786 665 non
2818 600 3215 673 omittam,ut
3238 599 3348 664 ille
3369 616 3516 666 eum

301 714 356 775 in
386 734 554 779 usum
588 735 779 782 suum
813 728 1194 785 convertere
1232 720 1457 802 possit.
1488 720 1599 781 Est
1629 725 1844 782 autem
1874 718 2076 781 codex
2112 718 2494 792 membran.,
2522 716 2661 792 fol.,
2690 720 2943 783 duabus
2971 714 3290 784 columnis
3320 738 3517 785 manu

301 836 471 898 seculi
498 838 634 899 XIII
662 845 991 914 exaratus,
1026 839 1091 901 in
1116 839 1246 903 ﬁne
1278 837 1576 902 mutilus.
1614 837 1879 901 Constat
1907 834 2084 902 foliis
2115 838 2256 911 125,
2280 836 2523 920 quibus
2566 839 2735 902 varia
2758 839 3085 920 leguntur.
3120 841 3257 905 Fol.
3308 841 3410 917 31,
3445 846 3518 905 1-
3637 882 3646 890 -

300 955 424 1028 38,2
446 964 631 1020 exstat
684 958 913 1023 liber]
961 960 1042 1023 de
1087 959 1414 1022 divisione
1474 960 1749 1023 Naturae
1806 976 2013 1039 usque
2072 959 2151 1022 ad
2207 975 2344 1041 cap.
2383 960 2488 1033 32,
2542 960 2607 1022 in
2667 960 2852 1041 cujus
2911 961 3035 1024 ﬁne
3084 960 3515 1040 fragmentum

299 1076 527 1138 verbis:
561 1076 773 1139 Omnis
807 1075 1117 1159 siquidem
1161 1084 1396 1138 natura
1442 1095 1550 1137 seu
1605 1075 2011 1137 essentiarum
2056 1096 2163 1138 seu
2212 1076 2630 1140 accidentium
2674 1078 3082 1141 immutabilis
3132 1089 3221 1142 est
3272 1081 3516 1145 ﬁnitur.

296 1195 455 1271 Quod
482 1196 594 1259 iam
630 1197 863 1269 tribus,
896 1213 1062 1278 quos
1095 1216 1285 1278 supra
1318 1200 1347 1273 §
1381 1198 1451 1259 11
1498 1194 1780 1268 laudavi,
1820 1194 2151 1259 codicibus
2181 1197 2562 1261 examinatis
2633 1200 2913 1280 neglexi.
2971 1202 3107 1265 Fol.
3159 1202 3519 1279 Ιι7,1-115,2

300 1323 483 1378 extant
530 1317 976 1379 Annotationes
1027 1321 1093 1381 in
1138 1318 1563 1390 Martianum,
1600 1335 1762 1399 quas
1808 1314 2075 1379 Joannis
2111 1319 2281 1380 Scoti
2329 1336 2473 1381 esse
2526 1321 2841 1399 suspicor.
2882 1323 3207 1403 Incipiunt
3244 1345 3260 1385 :
3308 1325 3520 1406 Hujus

294 1438 504 1522 fabulae
521 1448 829 1502 auctorem
852 1439 1244 1504 Martianum
1264 1440 1678 1520 comperimus
1705 1439 1905 1520 fuisse
1938 1438 2506 1519 Carthaginiensem
2536 1462 2775 1524 genere,
2797 1444 2905 1506 nec
2932 1463 3060 1506 non
3086 1451 3144 1506 et
3170 1445 3516 1507 Romanum

296 1560 478 1632 civem,
498 1558 651 1620 unde
670 1566 727 1619 et
758 1558 983 1621 latiari
1007 1562 1144 1622 ritu
1183 1568 1588 1633 tetronomos,
1608 1558 1726 1620 hoc
1755 1565 1868 1633 est,
1905 1567 2210 1639 quattuor
2235 1561 2594 1625 nominibus
2617 1566 2976 1627 nominatus
3005 1575 3114 1640 est,
3153 1566 3514 1629 Martianus

295 1678 507 1757 quippe,
536 1676 803 1748 Mineus,
840 1674 1028 1737 Felix
1063 1685 1117 1738 et
1150 1675 1402 1758 Capella
1431 1683 1712 1740 vocatus.
1769 1676 2132 1739 Martianus
2164 1677 2413 1758 quidem
2448 1684 2719 1762 proprio
2762 1691 3049 1759 nomine;
3086 1690 3334 1754 Mineus
3362 1712 3508 1755 vero

296 1821 360 1862 ex
382 1802 588 1875 colore,
622 1809 709 1872 ut,
731 1801 939 1874 aiunt,
970 1800 1119 1881 quia
1152 1801 1339 1880 rufus
1371 1806 1503 1859 erat
1516 1818 1538 1867 ;
1570 1797 1757 1858 Felix
1789 1798 2118 1875 nescimus,
2164 1800 2512 1882 felicitcrne
2549 1806 2720 1867 vixit
2751 1826 2976 1878 necne;
3012 1808 3284 1891 Capella
3316 1817 3520 1874 autem

302 1922 423 1999 quia
453 1921 533 1983 sic
566 1921 862 2004 quaedam
892 1926 1134 1998 satyro,
1184 1917 1312 1977 sive
1355 1917 1586 1978 nutrix
1634 1916 1766 1998 ejus
1812 1918 1941 1979 sive
1978 1917 2374 1983 admonitrix
2401 1910 2622 2004 fuerit,
2656 1926 2793 2014 suis
2838 1930 3095 2009 scriptis
3139 1949 3281 1992 nam
3309 1936 3520 2011 aperte

295 2052 459 2124 patet,
495 2066 621 2107 cum
669 2045 1017 2108 nominavit
1072 2052 1194 2109 cet.
1260 2014 1396 2109 Fel.
1433 2047 1534 2117 67,
1591 2046 1631 2107 2
1678 2020 1961 2125 legitur:
1994 2047 2234 2127 Incipit
2291 2051 2606 2130 expositio
2649 2050 2905 2117 secundi
2946 2034 3103 2112 libri
3148 2049 3519 2129 nuptiarum

294 2163 637 2246 Philologiae
684 2174 742 2226 et
772 2162 1117 2230 Mercurii;
1164 2160 1276 2225 fol.
1308 2162 1408 2237 89,
1439 2164 1480 2224 2
1524 2162 1707 2224 Finit
1741 2160 1815 2225 de
1843 2163 2192 2233 rethorica:
2249 2164 2362 2229 fol.
2396 2170 2498 2241 90,
2538 2170 2578 2231 2
2622 2171 2952 2253 Incipiunt
3005 2171 3151 2231 haec
3182 2187 3392 2249 pauca
3447 2169 3518 2230 in

294 2291 557 2354 Μαντιαηί
604 2293 1034 2373 geometriam;
1075 2293 1189 2357 fol.
1229 2297 1332 2369 97,
1359 2295 1399 2357 2
1432 2294 1607 2356 Finit
1639 2291 1713 2355 de
1740 2294 2079 2374 geometria
2104 2317 2127 2357 :
2158 2294 2388 2376 incipit
2432 2296 2504 2359 dc
2553 2301 2988 2370 arithmetica;
3023 2298 3136 2363 fol.
3173 2300 3309 2371 107,
3339 2302 3380 2363 2
3426 2300 3507 2361 In

294 2424 545 2483 musicam
595 2420 911 2482 Martiani
955 2422 1100 2485 haec
1148 2443 1380 2504 pauca.
1433 2423 1789 2486 Finiuntur
1838 2424 2287 2488 commentarii
2344 2425 2457 2490 fol.
2499 2429 2638 2503 115,
2669 2431 2709 2491 2
2757 2429 2857 2493 his
2892 2429 3151 2495 verbis:
3184 2422 3513 2494 Desertum

296 2554 332 2613 i.
364 2573 407 2615 e.
454 2556 847 2629 decertatum.
907 2564 1061 2629 Urbs
1093 2560 1304 2624 Elisos
1342 2560 1389 2623 i.
1424 2579 1474 2622 e.
1509 2557 1851 2639 Carthago.
1904 2558 2325 2638 Jugariorum
2372 2560 2418 2622 i.
2461 2579 2512 2624 e.
2562 2559 2636 2622 de
2679 2562 2953 2643 Iugario
2997 2559 3334 2645 provincia
3374 2558 3505 2640 fuit

294 2681 625 2752 Martinam.
654 2690 1016 2755 Marcidam
1048 2710 1095 2754 ι.
1136 2711 1188 2751 c.
1220 2691 1564 2770 antiquam.
1590 2687 1942 2764 Veternum,
1974 2688 2328 2769 antiquum.
2362 2688 2654 2769 Explicit
2693 2692 2837 2755 item
2872 2690 3096 2755 Glossa
3124 2688 3199 2750 de
3232 2686 3503 2751 Musica.

292 2824 576 2898 θετιχαμε.
612 2819 795 2893 Quae
825 2839 1031 2901 usque
1067 2820 1143 2883 ad
1174 2821 1365 2882 tinem
1400 2817 1641 2901 codicis
1677 2824 2066 2897 sequuntur,
2096 2816 2220 2881 alia
2257 2833 2449 2883 manu
2484 2818 2721 2897 scripta
2754 2825 2927 2881 sunt.
3299 2785 3318 2801 ’

1809 3002 1929 3080 ΙΙΙ

602 3197 714 3258 DE
756 3195 979 3257 VITA
1024 3197 1135 3258 ET
1178 3196 1596 3260 SCRIPTIS
1638 3197 2029 3261 JOANNIS
2064 3195 2330 3261 SCOTI
2370 3193 3136 3265 OBSERVATIONES.

288 3317 305 3331 ’
349 3341 479 3413 ξιτ.
538 3340 607 3402 Et
634 3338 716 3402 de
745 3338 1102 3411 codicibus,
1129 3337 1369 3419 quibus
1396 3337 1464 3400 in
1501 3338 1775 3416 paranda
1811 3339 1926 3402 hac
1959 3338 2247 3402 editione
2295 3337 2705 3408 usi‘sumus,
2744 3337 3077 3401 hactenus.
3120 3338 3360 3408 Restat,
3423 3345 3497 3399 ut

291 3463 556 3528 nonnulla
586 3463 663 3525 de
690 3462 817 3525 vita
855 3466 916 3523 et
950 3456 1206 3537 scriptis
1231 3453 1498 3518 Joannis
1528 3450 1696 3517 Scoti
1721 3428 2145 3537 exponamus,
2180 3439 2519 3538 inquibus
2542 3473 2576 3518 a
2612 3455 2920 3534 scriptore
2944 3457 3508 3520 commentationis

288 3585 417 3649 infra
442 3588 787 3665 impressae
820 3579 1007 3645 nobis
1042 3573 1557 3640 dissentiendum
1590 3579 1705 3636 est.

348 3711 420 3770 Ac
440 3709 710 3789 primum
739 3703 1007 3787 quidem
1033 3701 1104 3764 in
1134 3697 1514 3778 explicando
1543 3696 1859 3776 Erigonae
1889 3700 2180 3775 nomine,
2210 3709 2532 3783 quotquot
2566 3702 2903 3782 hucusque
2932 3701 3012 3766 de
3042 3702 3288 3766 Joanne
3321 3705 3509 3776 Scotcj.

290 3828 670 3907 scripserunt,
707 3823 881 3887 haud
917 3823 1149 3886 leviter
1206 3824 1603 3883 erraverunt.
1639 3814 1865 3900 Neque
1922 3821 1981 3881 ἰιΙ
2028 3820 2295 3895 mirum,
2351 3840 2554 3903 quum
2616 3822 2890 3909 Erigena
2927 3825 3308 3887 vocabulum
3347 3825 3507 3889 nihil

291 3941 385 4004 nisi
412 3943 670 4022 genuini
708 3939 997 4003 nominis
1033 3939 1371 4017 Ierugenae
1398 3936 1771 4017 depravatio
1806 3936 1914 4012 sit,
1950 3944 2092 4001 nata
2126 3937 2260 4013 illa,
2294 3946 2364 4003 ut
2392 3941 2649 4021 opinor,
2689 3944 2911 4009 seculo
2942 3945 3199 4023 demum
3252 3950 3393 4012 XV.
3437 3952 3509 4015 Id

285 4061 421 4138 quod
449 4061 737 4124 codicum
767 4058 891 4122 ﬁde
923 4056 1115 4122 facile
1150 4060 1488 4138 probatur.

345 4182 628 4245 Omnibus
664 4180 1012 4261 enim,~qu1
1046 4181 1419 4257 supersunt,
1451 4174 1721 4239 Joannis
1755 4174 1927 4239 Scoti
1956 4174 2213 4257 scriptis
2249 4178 2316 4240 in
2351 4181 2685 4247 codicibus
2721 4188 2933 4252 solum
2970 4209 3207 4256 nomen
3238 4196 3508 4258 Joannis

284 4300 420 4364 Scoti
453 4302 794 4382 praeﬁxum
824 4307 945 4365 est.
978 4300 1081 4363 Sic
1116 4301 1186 4361 in
1214 4297 1712 4378 Expositionum
1762 4284 2057 4404 caelestis
2094 4299 2455 4365 lerarcbiaa
2502 4306 2836 4374 codicibus
2870 4313 3146 4394 legitur:
3177 4318 3507 4400 Incipiunt

285 4421 656 4498 expositiones
691 4420 960 4483 Joannis
992 4419 1191 4493 Scoti,
1223 4419 1291 4480 in
1341 4416 1564 4481 codice
1593 4416 2088 4497 Expositionum
2136 4420 2444 4499 mysticae
2475 4422 2880 4504 theologiae:
2923 4428 3165 4512 Incipit
3193 4435 3505 4516 prologus

282 4538 502 4604 Joannis
548 4543 724 4606 Scoti
755 4549 878 4606 cet.
936 4551 1161 4604 versus
1219 4532 1462 4597 codicis
1518 4532 1806 4596 Vaticani
1847 4533 2293 4599 inscribuntur
2340 4539 2609 4602 Joannis
2636 4556 2938 4623 αιοθθι,
2993 4566 3220 4617 versus
3264 4556 3503 4619 codicis

284 4654 775 4738 Caulabrigrensis
812 4670 1049 4722 nomen
1081 4668 1233 4734 prae
1264 4668 1334 4714 se
1366 4646 1584 4714 ferunt
1616 4650 1887 4712 Joannis
1924 4650 2099 4713 Secti
2122 4696 2140 4729 ,
2172 4650 2443 4718 homilia
2484 4654 2863 4729 inscribitur
2897 4689 2913 4728 :
2947 4669 3208 4735 tu,me
3233 4675 3504 4738 humu,

282 4772 432 4842 Scoti.
489 4783 557 4846 In
635 4783 775 4846 sola
830 4782 1131 4846 versione
1183 4793 1468 4867 cperum
1519 4774 2114 4857 Pseudo-Dionysii
2172 4781 2595 4863 Areopagitae
2666 4800 2781 4863 pro
2831 4784 3008 4848 Secti
3052 4786 3232 4851 aliud
3296 4800 3502 4856 exstat

280 4919 617 4982 cognomen,
675 4921 804 4968 non
858 4892 1119 4985 quidem
1156 4905 1464 4983 Erigena,
1506 4902 1620 4964 sed
1672 4902 1999 4982 Ierugena.
2043 4904 2215 4969 Haec
2260 4906 2432 4969 enim
2495 4907 2657 4989 legis
2707 4912 2774 4973 in
2813 4915 3299 4994 vetustissimis,
3331 4937 3499 4999 quos

280 5024 614 5101 evolvnmus,
666 5025 1027 5098 codicibus,
1084 5019 1458 5086 Monacensi
1489 5019 1812 5088 Otlilonis.
1864 5028 1927 5083 et
1977 5024 2236 5087 duobus
2280 5025 2941 5095 Vindobonensibus:
2980 5034 3310 5115 Incipiunt
3348 5038 3500 5101 libri

277 5156 431 5209 sancti
483 5143 783 5228 Dionysii
838 5145 1274 5231 Areopagitae,
1332 5162 1487 5224 quos
1555 5143 1832 5205 Joannes
1883 5144 2189 5225 Ierugena
2246 5151 2576 5215 transtulit
2629 5152 2703 5215 de
2754 5153 2990 5217 Graeco
3046 5159 3118 5217 in
3181 5160 3494 5222 Latinum.

277 5262 466 5333 Pariter
510 5271 716 5335 codex
767 5252 1360 5330 Fii'rstenfeldensis
1411 5262 1737 5325 Monachii
1765 5308 1781 5336 ,
1831 5281 1951 5326 nec
1982 5282 2114 5328 non
2142 5264 2353 5333 'ambo
2382 5270 2671 5337 Vaticani
2724 5273 2961 5341 habent
2996 5280 3322 5358 lerugena.
3364 5284 3492 5345 Soli

277 5387 478 5454 mdices
509 5391 927 5467 Florentinus
958 5375 1863 5471 etbarmstadiensisb'abent
1895 5386 2236 5471 Eriugena.

334 5506 481 5582 Quae
515 5510 719 5596 quum
763 5511 850 5575 ita
883 5509 1036 5584 sint,
1057 5510 1193 5591 jam
1243 5509 1601 5592 quaeritur,
1655 5510 1966 5591 quidnam
2007 5514 2127 5579 hoc
2188 5508 2550 5597 cognomen
2588 5523 2890 5605 Ierugena
2924 5510 3264 5607 signiticet.
3302 5531 3489 5606 Quot

277 5621 405 5691 haud
434 5636 564 5697 scio
612 5652 695 5699 an
731 5652 859 5699 non
894 5609 1268 5703 sitdiliicile
1319 5639 1396 5704 ad
1451 5641 1946 5706 inveniendum.
2005 5644 2452 5728 Compositum
2513 5658 2609 5714 est
2648 5653 2818 5715 enim
2870 5670 2947 5718 ex
2998 5653 3195 5739 Ἱεροῦ,
3249 5660 3495 5724 scilicet

277 5770 420 5827 νισον,
443 5760 501 5817 et
530 5774 706 5835 gena,
742 5757 826 5823 ita
855 5765 925 5822 ut
964 5759 1043 5822 sit
1075 5758 1382 5821 oriundus
1426 5778 1503 5821 ea:
1534 5760 1743 5822 insula
1796 5760 2173 5827 sauciorum.
2225 5768 2367 5842 Quo
2422 5771 2681 5835 nomine
2711 5750 3101 5855 appellatum
3153 5800 3295 5846 esse
3355 5784 3492 5851 αγιΐὶ
3548 5768 3557 5775 ’
