3952 6152
417 294 490 333 ιι
785 261 794 266 ’
1829 265 1978 320 Ρῐῖ04

785 261 794 266 ’
1829 264 2228 321 PROOEMIUM

417 413 641 486 quitus
677 399 1038 465 Hiberniam
1076 401 1286 461 sciunt
1324 415 1567 460 omnes.
1625 409 1772 480 Ῑσρού
1802 396 2076 462 'ducitur
2112 401 2188 460 ab
2246 406 2404 480 1:96;,
2465 407 2540 470 ὃν,
2583 400 3018 483 formaturque
3073 422 3304 468 nomen
3367 411 3689 489 lerugenn

417 542 493 586 ex
547 522 830 602 genitivo
913 528 1052 602 ἕεροῦ
1103 534 1278 579 more
1321 517 1703 577 'Latinorum
1743 521 1967 579 eodem
2007 519 2220 589 modo,
2254 537 2382 598 quo
2415 520 2790 601 Graj-ugena,
2829 540 2957 604 quo
2989 525 3249 587 nomine
3281 526 3416 606 ipse
3447 527 3692 590 Scotus

418 653 635 708 noster
664 644 724 704 S.
761 641 1102 702 Maximum
1142 637 1412 699 honorat
1445 638 1509 698 in
1539 638 1658 700 hoc
1699 657 1927 701 versu:

1132 776 1388 846 Quisquis
1417 787 1561 830 amat
1591 777 1816 834 formam
1844 780 2100 852 pulchrae
2127 781 2349 838 laudare
2375 782 2628 853 Sopliiae,

1121 867 1198 925 Te
1227 869 1370 940 legat
1396 871 1642 938 assxdue,
1675 871 1904 928 Maxime
1939 871 2259 944 Grajugena.

502 1001 587 1061 En
647 1000 1212 1080 simplicissimam,
1266 1020 1540 1083 eamque
1598 1005 1766 1069 haud
1823 1005 2022 1070 dubie
2077 1025 2292 1070 veram
2329 1007 2516 1071 istius
2570 1004 2850 1074 nominis
2906 1015 3450 1095 explanationem.
3486 1019 3688 1095 Quod

415 1146 612 1208 quum
672 1129 933 1208 posteri,
983 1127 1096 1207 qui
1153 1124 1515 1187 versionem
1569 1122 2077 1206 descripserunt,
2112 1129 2323 1191 minus
2375 1129 2830 1208 intelligerent,
2878 1132 2943 1195 in
2999 1134 3323 1216 Eriuge-na
3377 1140 3559 1216 ideo,
3616 1149 3692 1206 ut

427 1247 696 1320 ridetur,
735 1253 1088 1319 mutarunt,
1126 1252 1197 1307 ut
1240 1246 1322 1306 ad
1377 1261 1612 1306 nomen
1665 1245 1826 1306 Erin
1877 1244 2212 1307 alluderet.
2267 1247 2522 1320 Postea,
2563 1263 2760 1325 quum
2792 1244 2961 1310 haud
2995 1268 3135 1313 raro
3169 1272 3211 1312 u
3251 1253 3430 1318 litera
3472 1259 3688 1337 magis

422 1369 489 1432 in
515 1368 782 1431 formam
807 1387 848 1446 y
882 1367 1102 1428 literae
1127 1374 1518 1439 exararetur,
1545 1385 1656 1447 pro
1677 1369 1982 1446 lerugena
2014 1366 2132 1429 viri
2155 1367 2324 1430 docti
2363 1369 2652 1446 legerunt
2673 1369 2983 1449 Erygena,
3017 1371 3313 1450 Erigena,
3333 1373 3398 1433 in
3421 1377 3687 1454 quibus

414 1486 661 1558 primus
691 1483 825 1547 fere
863 1483 1257 1546 Trithemius
1293 1479 1497 1544 fuisse
1530 1483 1808 1544 videtur.

496 1602 718 1680 Itaque
753 1601 1159 1664 acutissimae
1197 1600 1482 1661 virorum
1519 1601 1853 1663 doctorum
1888 1601 2314 1681 conjecturae,
2349 1603 2778 1681 Opinantium,
2809 1605 3120 1670 Joannem
3157 1607 3412 1673 Scotum
3445 1631 3482 1674 e
3511 1620 3688 1678 terra

413 1722 673 1800 Ergene,
707 1740 741 1783 e
764 1737 924 1800 pago
958 1719 1256 1795 Eriuoe-n,
1293 1722 1390 1782 vel
1434 1738 1511 1783 ex
1563 1722 1720 1783 urbe
1751 1722 1900 1782 Aire
1951 1721 2293 1783 oriundum
2324 1719 2550 1795 fuisse,
2583 1729 2644 1784 et
2678 1739 2844 1801 quae
2893 1725 3149 1804 c0piose
3184 1727 3347 1792 infra
3388 1731 3454 1791 in
3491 1749 3688 1794 com-

417 1841 803 1907 mentatione
856 1840 936 1903 de
989 1841 1110 1904 hoc
1157 1842 1422 1906 nomine
1478 1843 1795 1923 disputata
1845 1841 2288 1914 inveniuntur,
2330 1850 2397 1904 ut
2434 1860 2589 1904 vana
2644 1843 3070 1908 collabuntur.
3123 1848 3340 1927 Neque
3375 1850 3498 1912 hoc
3533 1852 3685 1914 loco

406 1961 1051 2040 praetermittendum
1078 1978 1220 2022 esse
1248 1960 1522 2034 Videtur,
1546 1979 1578 2021 a
1603 1961 2020 2039 scriptoribus
2042 1959 2415 2040 aequalibus
2437 1960 2748 2022 Joannem
2771 1978 3098 2040 nunquam
3135 1967 3260 2029 alio
3283 1971 3685 2046 cognomine

410 2079 534 2140 nisi
556 2078 740 2140 Secti
773 2079 867 2142 vel
901 2081 1262 2161 Scotigenae
1292 2086 1642 2162 nominari,
1671 2103 1884 2166 neque
1915 2085 1979 2146 in
2007 2085 2334 2148 codicibus
2380 2103 2662 2166 unquam
2696 2085 2997 2146 Joannem
3017 2085 3270 2148 Scotum
3299 2089 3683 2170 Ierugenam

413 2219 534 2266 una
565 2209 626 2265 et
657 2204 1050 2283 conjunctim
1105 2172 1256 2285 legi,
1295 2206 1432 2279 sed,
1467 2215 1534 2269 ut
1585 2206 1982 2279 monuimus,
2013 2212 2121 2266 aut
2149 2205 2448 2264 Joannem
2493 2200 2769 2277 Scotum,
2801 2209 2908 2265 aut
2939 2201 3240 2264 Joannem
3269 2207 3677 2284 Ierugenam.

408 2325 474 2386 lu
510 2322 709 2386 altero
742 2333 988 2389 tantum
1038 2347 1391 2392 carminum
1429 2329 1647 2390 codice
1680 2326 1986 2388 Vaticano
2019 2332 2079 2387 et
2108 2325 2174 2386 in
2209 2324 2393 2387 titulo
2427 2324 2744 2386 versionis
2777 2323 3245 2401 Ambiguorum
3298 2326 3359 2386 S.
3399 2329 3678 2392 Maximi

408 2444 763 2523 appellatur
799 2448 1070 2509 Joannes
1102 2449 1621 2528 sapientissimus,
1659 2448 1753 2508 vel
1787 2445 2167 2525 simpliciter
2194 2446 2488 2506 Joannes.

488 2559 615 2622 Nec
665 2561 917 2625 obstare
972 2563 1306 2638 videntur,
1364 2579 1530 2640 quae
1581 2579 1789 2641 nuper
1836 2561 2107 2640 scriptor
2163 2575 2526 2638 anonymus
2576 2559 2641 2620 in
2698 2562 3202 2642 Encyclopaedxa
3242 2563 3348 2626 cui
3387 2564 3670 2632 titulus:

404 2679 933 2742 Ifirchenlexicon
987 2681 1138 2744 oder
1189 2681 1680 2764 Encyclopaedie
1731 2682 1840 2743 der
1893 2679 2325 2742 Catholischen
2381 2678 2714 2758 Theologie
2761 2697 2884 2740 oon
2956 2681 3042 2743 Π.
3103 2682 3168 2744 S.
3233 2683 3478 2748 Wetzer
3532 2686 3678 2749 und

413 2800 478 2861 Β.
531 2800 720 2866 Welte
769 2803 847 2866 V.
905 2802 1179 2864 Joannes
1227 2803 1452 2865 Scotus
1480 2803 1752 2882 Erigena
1809 2801 2081 2880 obje‘cit,
2135 2800 2305 2861 illam
2369 2800 2754 2861 sententiam
2813 2817 3016 2862 meam
3051 2819 3179 2865 non
3213 2804 3426 2868 minus
3465 2824 3674 2886 quam

405 2928 764 2985 ceterorum
796 2921 1054 2987 dubiam
1087 2940 1255 2996 esse,
1286 2930 1349 2985 et
1377 2923 1612 2986 limites
1642 2923 2149 3005 conjecturarum
2191 2939 2318 2984 non
2357 2922 2689 2983 excedere.
2725 2921 2862 2983 Imo
2900 2939 3050 2986 vero
3083 2927 3404 2991 sententia
3436 2938 3668 2995 nostra

404 3037 526 3100 ﬁde
562 3038 856 3100 codicum
889 3039 1140 3114 nititur,
1175 3042 1240 3102 in
1273 3043 1512 3122 quibus
1541 3043 1813 3105 Joannes
1853 3043 2156 3122 Ierugena
2189 3041 2426 3104 diserte
2457 3047 2742 3103 vocatur.
2769 3041 3186 3120 Cognominis
3209 3063 3362 3110 vero
3392 3063 3668 3112 sensum

405 3179 538 3223 non
575 3163 966 3240 conjectura,
1000 3163 1113 3226 sed
1145 3179 1289 3226 vera
1322 3164 1500 3224 verbi
1530 3163 1960 3241 originatione
1995 3168 2331 3225 assecutus
2364 3179 2506 3224 esse
2539 3161 2696 3223 mihi
2731 3161 2973 3224 videor.

483 3282 665 3343 Nunc
703 3297 854 3343 vero
892 3281 1134 3360 Optime
1169 3282 1482 3365 quadrent
1519 3283 1712 3346 verba
1741 3282 2071 3346 Prudentii
2107 3283 2360 3345 Scotum
2394 3283 2782 3362 increpantis
2831 3283 3062 3345 haecce
3093 3300 3108 3340 :
3146 3281 3232 3340 Te
3278 3277 3481 3340 solum
3525 3298 3677 3340 orn-

399 3403 574 3461 nium
607 3400 1034 3461 acutissimum
1062 3400 1307 3464 Galliae
1356 3403 1704 3464 transmisit
1739 3402 2069 3476 Hibernia,
2124 3410 2218 3477 ut,
2267 3421 2420 3482 quae
2445 3401 2659 3463 nullus
2689 3402 2913 3482 absque
2955 3410 3012 3463 te
3036 3403 3195 3464 scire
3219 3409 3491 3481 poterat,
3523 3403 3669 3463 tuis

401 3517 866 3581 eruditionibus
901 3518 1226 3584 obtineret.
1261 3522 1388 3585 Nec
1415 3522 1548 3603 jam
1586 3522 1911 3586 offendere
1965 3529 2198 3602 potest,
2231 3522 2404 3601 quod
2441 3520 2801 3583 Guilelmus
2833 3521 3426 3584 Malmesburiensis
3463 3528 3676 3584 testa-

401 3648 528 3712 tur,
562 3639 630 3700 in
657 3639 874 3701 codice
909 3639 1225 3702 versionis
1249 3660 1318 3704 se
1347 3642 1606 3722 legisse,
1637 3645 1948 3706 Joannem
1978 3643 2236 3706 Scotum
2268 3642 2710 3723 Heruligenam
2729 3642 3072 3704 nominari.
3108 3643 3450 3721 Eruligena
3481 3643 3667 3705 enim

400 3756 558 3819 nihil
592 3756 766 3819 aliud
797 3764 917 3831 est,
951 3758 1080 3820 nisi
1111 3759 1478 3840 Erinigena,
1518 3762 1585 3824 id
1622 3769 1740 3837 est,
1783 3761 2089 3824 oriundus
2126 3781 2202 3824 ea:
2233 3762 2438 3824 insula
2466 3762 2662 3835 Erin,
2701 3778 2867 3842 quae
2912 3764 3007 3822 est
3039 3757 3174 3819 fere
3211 3757 3421 3819 versio
3455 3756 3669 3821 latina

341 3940 348 3948 .
401 3883 692 3945 vocabuli
752 3884 1087 3962 lerugena.
1147 3884 1492 3964 Eruligena
1547 3892 1760 3948 autem
1795 3895 1858 3948 et
1909 3883 2255 3962 Erinigena
2309 3883 2623 3963 scriptura
2679 3879 2971 3944 codicum
3020 3879 3126 3940 vix
3189 3878 3532 3953 differunt,
3588 3880 3665 3944 in

398 4005 637 4086 quibus
677 4004 772 4066 uti
806 4013 868 4068 et
904 4005 996 4066 ini
1031 4006 1185 4068 satis
1221 4013 1510 4068 accurate
1547 3987 1959 4086 conveniunt.
2803 3998 2806 4001 ’

483 4134 511 4206 §
559 4132 653 4193 18.
702 4132 845 4195 Alia
873 4139 971 4194 est
1005 4128 1323 4212 quaestio,
1361 4146 1527 4208 quae
1569 4125 1739 4187 haud
1793 4125 2010 4185 minus
2047 4122 2326 4184 virorum
2358 4121 2689 4183 doctorum
2717 4120 2972 4198 ingenia
3003 4112 3348 4190 excercuit',
3384 4119 3462 4180 de
3492 4118 3665 4180 libro

400 4256 668 4319 Joannis
704 4256 896 4331 Scoti,
933 4271 1126 4336 quem
1151 4251 1224 4312 de
1243 4251 1355 4313 SS.
1388 4246 1793 4310 Eucharistia
1823 4244 2158 4324 scripsisse
2189 4241 2412 4305 fertur.
2438 4243 2526 4304 Ex
2560 4245 2979 4325 scriptoribus
3008 4251 3390 4329 aequalibus
3426 4247 3667 4308 librum

401 4375 790 4454 peculiarem
845 4375 1113 4438 Joannis
1146 4370 1312 4433 Scoti
1365 4368 1444 4430 de
1480 4363 1882 4428 Eucharistia
1918 4347 2138 4424 nullus
2195 4369 2667 4426 commemorat.
2725 4365 3110 4428 Hincmarus
3156 4368 3327 4430 enim
3366 4383 3494 4429 non
3525 4367 3666 4430 nisi

403 4516 676 4560 errorem
698 4498 1071 4579 perstringit
1097 4519 1114 4557 :
1139 4492 1306 4576 quod
1327 4496 1775 4554 sacramentum
1802 4484 2026 4546 altaris
2053 4501 2181 4543 non
2206 4501 2414 4543 verum
2443 4501 2671 4562 corpus
2698 4492 2753 4544 et
2777 4502 2958 4546 verus
2985 4487 3240 4565 sanguis
3267 4487 3350 4546 sit
3382 4485 3662 4556 Domini,

400 4622 510 4688 sed
545 4631 788 4684 tantum
822 4621 1118 4682 memoria
1143 4619 1274 4678 veri
1306 4615 1592 4696 corporis
1624 4619 1678 4672 et
1709 4607 2036 4688 sanguinis
2068 4606 2222 4686 ejus,
2259 4622 2536 4684 eumque
2566 4608 2722 4668 satis
2752 4611 2970 4686 aperte
3003 4605 3236 4666 Joanni
3281 4605 3661 4682 Scotigenae

400 4749 699 4829 imputat.
732 4745 974 4809 Pariter
1003 4737 1400 4804 Adrevaldus
1449 4731 1810 4797 monachus
1858 4725 2280 4790 Floriacensis
2331 4723 2534 4788 seculi
2577 4725 2671 4786 1X
2731 4741 2918 4786 suum
2957 4741 3150 4804 quem
3186 4725 3266 4786 de
3300 4741 3564 4802 corpore
3597 4731 3664 4786 et

401 4870 712 4947 sanguine
745 4862 1004 4928 Domini
1040 4861 1274 4922 librum
1307 4851 1620 4928 condidit,
1649 4854 1869 4910 contra
1902 4843 2172 4924 ineptias
2222 4840 2488 4901 Joannis
2518 4839 2697 4900 Scoti
2730 4839 3080 4919 inscripsit.
3135 4841 3486 4902 Gerbertus
3538 4857 3665 4902 seu

400 4988 702 5071 quisquis
732 4986 850 5050 fuit
884 4995 1246 5061 auouymus
1281 4977 1392 5040 ille
1423 4973 1841 5044 Cellntianus,
1874 4968 1987 5049 qui
2045 4965 2264 5028 seculo
2298 4963 2362 5026 X
2413 4964 2493 5026 de
2541 4962 2978 5025 controversia
3025 4961 3448 5023 Paschasiaua
3501 4960 3665 5020 scri-

405 5122 551 5196 pSlt,
588 5118 835 5174 ceteros
858 5107 990 5170 fere
1025 5120 1273 5174 omnes,
1305 5100 1418 5181 qui
1451 5114 1529 5161 eo
1557 5104 1842 5174 tempore
1892 5089 2087 5152 libros
2117 5087 2194 5149 de
2224 5103 2490 5165 corpore
2521 5092 2585 5146 et
2640 5082 2950 5160 sanguine
2981 5080 3242 5143 Domini
3286 5080 3658 5149 ediderunt,

403 5238 764 5304 enumerat,
796 5236 1082 5290 nostrum
1100 5225 1402 5285 Joannem
1433 5219 1693 5281 Scotum
1721 5207 2194 5293 praetermittit.
2225 5206 2478 5270 Primus
2513 5205 2769 5268 demum
2802 5201 3223 5279 Berengarius
3255 5199 3659 5262 Turonensis

399 5364 668 5428 Joannis
701 5358 867 5423 Scoti
930 5356 1011 5418 de
1067 5341 1461 5412 Eucharistia
1511 5335 1788 5409 librum,
1834 5329 2007 5393 unde
2068 5329 2210 5410 ipse
2267 5324 2690 5404 Berengarius
2748 5326 3104 5405 pessimum
3149 5341 3430 5388 errorem
3462 5340 3660 5386 suum

404 5478 742 5551 hauserat,
797 5476 862 5538 in
915 5467 1255 5534 hominum
1313 5458 1606 5525 notitiam
1665 5450 1989 5534 produxit.
2044 5452 2272 5512 Postea
2327 5448 2447 5511 sub
2501 5445 2764 5509 nomine
2809 5445 3082 5510 Joannis
3115 5447 3286 5510 Scoti
3315 5445 3385 5508 in
3432 5443 3662 5507 multis

405 5601 673 5684 synodis
702 5602 1038 5664 damnatus
1068 5604 1166 5661 est
1198 5561 1379 5668 liber,
1414 5585 1806 5657 conscissus,
1842 5588 1904 5644 et
1938 5578 2072 5659 igni
2116 5575 2542 5655 adjudicatus.
2593 5572 2764 5650 Quid
2795 5573 3034 5651 igitur?
3089 5568 3255 5652 Num
3309 5561 3542 5646 synodi
3591 5563 3660 5624 ir.

308 5729 318 5738 '
406 5725 648 5788 Joanne
684 5723 869 5786 Scoto
898 5721 1300 5794 damnarunt,
1336 5713 1508 5797 quod
1538 5710 1744 5790 ipsius
1779 5716 2002 5780 reapse
2035 5717 2163 5762 non
2200 5705 2330 5763 crat
2355 5701 2383 5758 τ’
