3952 6152
1664 295 2091 354 PROOEMIUM.
3399 311 3488 351 In

329 449 555 509 ‘Verum
598 456 701 502 res
739 439 824 501 ita
881 457 947 504 se
980 438 1211 501 habere
1259 435 1530 500 videtur.
1582 436 1653 498 In
1705 433 2069 513 Berengarii
2105 432 2268 494 libro
2313 431 2384 493 de
2430 450 2607 493 sacra
2648 449 2857 504 coena,
2912 433 3022 512 qui
3071 433 3312 512 prodiit
3367 432 3488 496 hoc

283 566 487 629 t'tulo:
518 560 872 638 Berengarii
919 559 1301 620 Turonensis
1342 556 1414 618 de
1441 576 1622 618 sacra
1656 574 1843 617 coena
1872 552 2170 614 adversm
2211 552 2631 633 Lan/rancum
2665 549 2821 612 liber
2853 554 3178 632 posterior
3215 573 3243 614 e
3282 552 3496 616 codice

284 683 717 766 Guelferbytano
748 679 1022 758 primum
1059 677 1386 742 ediderunt
1437 680 1513 740 Α.
1565 677 1640 738 F.
1685 684 1738 737 et
1771 675 1844 736 F.
1891 673 2002 735 Th.
2051 669 2612 744 Vischer,Berolini
2647 670 2825 744 183’s,
2865 689 2924 748 p.
2964 672 3040 730 37
3081 670 3236 734 haec
3271 670 3495 748 legun-

285 813 373 864 tur
426 800 629 862 verba:
679 798 831 858 «De
878 796 1126 858 Joanne
1180 802 1392 857 autem
1441 812 1556 857 cur
1597 792 1966 856 conscissus
1997 789 2226 863 fuerit,
2281 797 2340 850 te
2407 787 2619 866 ipsum
2677 789 3066 870 quibusdam
3128 799 3492 855 narrantem

283 936 504 981 causam
536 914 997 978 conscissionis
1055 913 1294 986 audivi,
1353 913 1505 994 quia
1570 913 1637 974 in
1692 911 1971 991 quodam
2026 908 2245 988 scripti
2308 907 2411 970 sui
2470 908 2606 970 loco
2658 908 3002 988 posuisset,
3051 926 3148 982 ea,
3203 926 3368 990 quae
3429 909 3496 971 in

286 1035 447 1098 altari
493 1039 963 1105 consecrantur,
997 1051 1122 1093 esse
1154 1032 1444 1112 ﬁguram,
1494 1031 1764 1111 signum,
1817 1031 2059 1111 pignus
2106 1033 2399 1108 corporis
2462 1036 2518 1090 et
2565 1029 2888 1108 sanguinis
2940 1030 3210 1092 Domini.
3239 1052 3269 1086 ιι
3329 1030 3502 1091 Haec

287 1157 472 1217 omn'a
511 1153 820 1233 quadrent
874 1153 939 1214 in
973 1150 1207 1212 librum
1258 1151 1339 1213 de
1398 1168 1664 1231 corpore
1713 1157 1774 1212 et
1814 1151 2130 1229 sanguine
2177 1149 2471 1224 Domini,
2508 1150 2621 1231 qui
2685 1149 2806 1212 sub
2857 1149 3120 1212 nomine
3177 1150 3500 1212 Ratramni

289 1269 623 1350 saepissime
672 1269 887 1330 editus
955 1275 1072 1331 est.
1133 1268 1228 1330 lbi
1273 1270 1444 1332 enim
1498 1270 1620 1332 sub
1683 1269 1874 1332 tinem
1920 1270 2144 1333 eadem
2197 1269 2505 1334 vocabula
2552 1271 2902 1338 identidem
2958 1283 3324 1339 occurrunt.
3385 1278 3502 1338 Ac-

288 1390 436 1452 cedit
485 1387 648 1468 quod
716 1384 1003 1447 Ascelini
1041 1385 1230 1449 verba
1279 1403 1355 1448 ex
1398 1386 1511 1448 illo
1551 1385 1715 1450 libro
1749 1389 2019 1451 Joannis
2063 1389 2234 1451 Scoti
2269 1390 2463 1469 petita
2495 1389 2650 1454 haec
2691 1413 2706 1452 :
2758 1393 2958 1472 specie
3003 1402 3309 1474 geruntur
3355 1395 3500 1466 ista,

283 1533 394 1574 non
421 1512 678 1584 veritate,
711 1511 780 1571 in
824 1509 937 1572 illo
973 1508 1298 1570 Ratramni
1339 1509 1502 1570 libro
1544 1508 1622 1571 ad
1657 1509 1923 1571 verbum
1956 1508 2279 1588 leguntur.
2320 1510 2484 1572 Sane
2541 1510 2752 1589 potuit
2781 1512 2944 1584 fieri,
2983 1521 3050 1574 ut
3077 1511 3210 1574 duo
3239 1514 3501 1593 scripto-

289 1657 399 1710 res,
431 1640 580 1701 inter
631 1653 800 1716 quos
845 1653 1071 1716 magna
1126 1637 1550 1701 intercederet
1586 1638 1994 1717 ingeniorum
2049 1637 2432 1712 similitudo,
2473 1638 2605 1700 illis
2653 1637 3028 1718 praesertim
3083 1636 3504 1717 temporibus.

291 1762 454 1824 etiam
487 1762 546 1825 in
594 1761 814 1823 eadem
865 1757 1172 1822 vocabula
1222 1763 1285 1820 et
1336 1757 1656 1836 integrum
1714 1758 2117 1821 enuntiatum
2153 1775 2304 1822 casu
2335 1758 2693 1822 inciderent
2718 1759 3027 1833 fortuito;
3065 1765 3127 1822 at
3176 1777 3399 1839 reapse
3445 1760 3506 1821 id

286 1883 488 1945 factum
518 1899 655 1944 esse
691 1881 759 1942 in
792 1879 921 1954 his,
951 1878 1032 1942 de
1066 1879 1307 1959 quibus
1337 1878 1612 1958 agimus,
1647 1877 1860 1940 verbis
1913 1884 2038 1939 tam
2091 1876 2388 1940 absimile
2421 1884 2519 1939 est
2565 1878 2726 1951 veri,
2761 1886 2829 1942 ut
2878 1879 3189 1961 ampliore
3240 1883 3510 1945 demon-

290 2002 562 2065 stratione
592 1997 1154 2080 supersedeamus.
1181 1997 1405 2077 Neque
1437 1996 1720 2078 profecto
1754 1998 1876 2061 ista
1907 1997 2100 2062 verba
2133 1997 2383 2060 veritati
2417 1998 2502 2061 ita
2534 2008 2921 2078 congruunt,
2961 2007 3053 2075 ut,
3081 2001 3254 2081 quod
3277 2019 3511 2082 appro-

288 2123 408 2185 brio
435 2122 584 2185 verti
613 2119 893 2201 potuerit
927 2119 1248 2198 scriptori,
1292 2119 1452 2182 nihil
1485 2121 1882 2184 contineant.
1989 2124 1993 2128 ’

350 2244 549 2325 Itaque
582 2242 690 2304 vix
719 2241 992 2304 dubium
1037 2258 1182 2304 esse
1217 2241 1493 2314 videtur,
1521 2242 1979 2319 Berengarium
2016 2257 2206 2304 usum
2249 2256 2390 2303 esse
2445 2239 2610 2302 libro
2641 2241 2965 2306 Ratramni
3021 2246 3101 2308 de
3137 2264 3403 2327 corpore
3447 2254 3510 2312 et

287 2367 558 2446 sanguine
589 2363 873 2438 Domini,
906 2381 1186 2443 eumque
1217 2364 1547 2426 Ratramni
1577 2363 1815 2426 librum
1855 2364 1922 2425 in
1964 2362 2231 2441 synodis
2259 2361 2654 2434 damnatum,
2689 2365 3114 2442 conscissam,
3146 2384 3512 2433 concrema-

290 2492 400 2546 tum
428 2503 580 2548 esse.
621 2483 946 2547 Batramni
978 2491 1189 2546 autem
1228 2482 1410 2546 illum
1446 2481 1681 2545 librum
1714 2501 1856 2546 esse
1905 2487 2217 2545 testantur
2247 2481 2524 2557 codices,
2554 2499 2588 2546 e
2615 2483 2855 2562 quibus
2912 2483 3118 2546 evolvi
3151 2484 3302 2547 olim
3339 2485 3511 2550 Lob-

288 2603 568 2679 biensem,
619 2622 793 2667 nunc
828 2603 1086 2666 Domini
1120 2605 1522 2682 Vergauwen
1555 2603 2016 2686 Gandavensis,
2049 2603 2254 2666 seculi
2290 2605 2373 2675 X,
2414 2620 2607 2682 quem
2663 2603 3002 2685 descripsit
3038 2608 3344 2671 Mabillon
3376 2609 3508 2671 AA.

289 2729 376 2792 SS.
427 2731 555 2796 0rd.
602 2731 810 2795 sancti
863 2729 1102 2792 Bened.
1159 2730 1342 2790 Tom.
1400 2728 1518 2800 Vl,
1572 2726 1772 2806 praef.
1805 2727 1932 2788 Nro
1961 2727 2062 2788 83.
2107 2727 2243 2788 129.
2294 2728 2432 2798 130,
2487 2727 3098 2808 Heidelbergensem
3127 2732 3186 2793 8.
3229 2732 3376 2793 XX.
3411 2749 3511 2795 se-

291 2851 396 2914 culi
423 2855 527 2928 XI,
555 2856 670 2936 qui
707 2856 860 2919 olim
902 2857 1211 2936 pertinuit
1264 2855 1340 2919 ad
1379 2855 1694 2917 abbatiam
1729 2852 1952 2925 Solem,
1994 2871 2028 2914 a
2063 2850 2436 2915 Mabillonio
2487 2850 2812 2915 laudatum
2864 2852 2928 2914 in
2965 2855 3294 2918 itinerario
3341 2858 3514 2918 Ana-

292 2971 420 3034 lecta
443 2976 642 3040 Paris.
697 2980 853 3041 1733
892 2978 1010 3045 fol.
1060 2999 1122 3060 p.
1159 2981 1255 3046 th.
1293 2981 1390 3052 t7,
1445 2987 1506 3044 et
1559 2979 1724 3041 duos
1774 2977 2026 3040 codices
2052 2976 2520 3039 Gottwicenses
2553 2987 2617 3037 η’
2645 2979 2724 3039 58
2751 2985 2809 3039 et
2841 2981 2979 3039 312.
3014 2980 3135 3052 Qui
3181 2982 3256 3042 ad
3307 2999 3516 3043 unum.

292 3109 482 3159 omnes
516 3098 856 3162 Ratramno
889 3100 1120 3164 librum
1153 3101 1536 3176 inscribunt,
1564 3099 1949 3163 Lobbiensis
1984 3098 2246 3180 quidem
2276 3097 2385 3160 ille
2418 3096 2516 3159 bis
2557 3099 2769 3162 verbis
2802 3121 2818 3160 :

846 3253 1145 3319 INCIPIT
1182 3258 1416 3321 LIBER
1457 3248 1814 3320 RATR-KNI
1859 3257 1966 3318 DE
2007 3255 2214 3318 CORP
2255 3258 2358 3318 ET
2401 3245 2626 3318 SANt-i-
2650 3244 2810 3318 Dl‘Tl.

244 3461 258 3479 .
357 3390 554 3469 Atqui
581 3388 821 3454 factum
855 3399 974 3468 est,
1007 3395 1290 3478 inquies,
1323 3405 1392 3462 ut
1426 3399 1491 3461 in
1524 3399 1636 3462 illo
1669 3398 2014 3461 certamine
2047 3397 2519 3477 Berengariano
2544 3385 2742 3462 nemo
2783 3401 3086 3474 extiterit,
3125 3404 3237 3484 qui
3274 3403 3520 3466 librum

291 3508 351 3569 ad
385 3528 586 3576 verum
627 3515 834 3595 ipsius
862 3525 1187 3584 auctorem
1212 3524 1624 3587 Ratramnum
1659 3523 1922 3586 referret
1945 3523 2116 3598 *ἲρυί
2151 3521 2385 3585 factum
2413 3532 2533 3599 est,
2571 3529 2641 3585 ut
2671 3522 2904 3602 synodi
2940 3541 3156 3586 verum
3186 3533 3508 3588 auctorem

293 3649 396 3695 non
430 3637 1014 3718 deprehenderint?

354 3759 585 3832 Quibus
625 3765 1115 3844 quaestionibus
1155 3789 1421 3836 occurro
1451 3773 1940 3854 quaestionibus
1976 3773 2177 3846 hisce,
2207 3791 2372 3853 quae
2404 3791 2529 3837 non
2566 3773 2779 3837 minus
2819 3783 2966 3854 apte
3014 3774 3194 3837 ﬁunt.
3229 3777 3296 3839 Si
3345 3776 3510 3840 libro

293 3879 523 3946 Joannis
555 3887 718 3950 Scoti
752 3891 1053 3954 utebatur
1091 3890 1537 3970 Berengarius,
1572 3891 1686 3971 qui
1716 3890 1954 3954 factum
1987 3899 2106 3966 est,
2145 3900 2210 3954 ut
2246 3893 2341 3956 vel
2378 3885 2515 3973 ipse
2551 3895 2643 3956 vel
2680 3895 2896 3958 schola
2935 3896 3136 3976 ipsius
3175 3915 3504 3978 nunquam

294 3998 353 4061 ad
381 4005 752 4080 persimilem
766 4009 1366 4084 Ratramnilibrum,
1393 4012 1593 4074 errori
1622 4030 1741 4076 suo
1772 4015 2204 4095 maximopere
2233 4016 2578 4090 faventem,
2612 4019 3049 4095 provocaverit
3072 4022 3098 4080 ?
3119 4020 3241 4092 Qui
3272 4018 3508 4081 factum

295 4128 390 4192 est,
429 4132 496 4185 ut
530 4127 792 4188 omnino
826 4128 895 4188 in
933 4133 1055 4189 tota
1091 4128 1211 4190 ista
1261 4130 1700 4192 controversia
1754 4130 1903 4192 libri
1948 4131 2387 4192 Ratramniani
2432 4131 2609 4194 nulla
2661 4150 2938 4214 usquam
2993 4135 3238 4197 mentio
3289 4135 3512 4198 ﬁeret?
3627 4211 3632 4216 _

295 4235 499 4316 Synodi
543 4243 804 4324 quidem
854 4245 934 4309 de
987 4245 1152 4310 libro
1194 4248 1609 4328 judicarunt,
1641 4266 1772 4313 non
1807 4250 1887 4314 de
1916 4259 2199 4314 auctore.
2232 4249 2558 4312 Ratramni
2589 4258 2802 4312 autem
2842 4251 3004 4313 liber
3039 4257 3162 4313 tam
3211 4252 3507 4316 intricato

297 4373 352 4416 ac
376 4361 672 4439 singulari
701 4363 958 4427 dicendi
988 4383 1226 4444 genere
1255 4370 1485 4446 utitur,
1525 4377 1592 4434 ut
1631 4371 1750 4434 viri
1777 4371 1949 4434 docti
1981 4389 2130 4434 eum
2165 4369 2396 4432 Joauni
2434 4371 2624 4432 Scoto
2651 4369 2847 4431 tribui
2878 4369 3067 4433 facile
3101 4377 3501 4453 paterentur.

293 4469 479 4554 Neque
507 4485 715 4543 tamen
753 4499 1039 4562 unquam
1068 4488 1238 4566 apud
1269 4496 1514 4554 veteres
1535 4492 1663 4556 duo
1685 4491 1830 4554 libri
1863 4491 1942 4555 de
1969 4491 2072 4553 SS.
2108 4489 2532 4564 Eucharistia,
2557 4490 2828 4553 Joannis
2858 4491 3024 4554 Scoti
3057 4498 3116 4556 et
3153 4494 3513 4568 Ratramni,

298 4592 359 4654 ab
389 4616 506 4660 uno
536 4601 896 4682 eodemque
927 4606 1236 4686 scriptore
1271 4610 1634 4674 laudantur.

354 4737 471 4800 Jam
495 4759 642 4805 vero
672 4744 728 4806 si
764 4752 932 4808 recte
963 4747 1314 4827 dubitatur,
1342 4754 1656 4818 Joannem
1685 4757 1945 4818 Scotum
1977 4754 2366 4835 peculiarem
2393 4754 2629 4817 librum
2657 4753 2736 4818 de
2769 4753 2876 4815 SS.
2903 4751 3307 4816 Eucharistia
3339 4756 3509 4818 scri-

295 4864 491 4942 psisse;
547 4871 809 4934 ubinam
868 4873 1005 4952 ipse
1039 4891 1281 4934 errores
1307 4891 1461 4937 suos
1496 4883 1688 4956 atque
1719 4876 1988 4956 ineptias
2017 4875 2098 4939 de
2144 4877 2552 4939 sanctissimo
2583 4875 2869 4957 corporis
2901 4881 2964 4938 et
2993 4875 3327 4952 sanguinis
3381 4877 3506 4937 D0-

290 4983 418 5046 mini
476 4998 870 5053 sacramento
927 4994 1160 5073 sparsit
1186 4996 1215 5056 ?

350 5109 571 5187 Sparsit
597 5113 665 5174 in
697 5117 1157 5180 commentario
1189 5117 1255 5180 in
1287 5118 1348 5180 S.
1382 5117 1798 5196 Evangelium
1837 5117 2192 5181 secundum
2229 5117 2565 5186 Joannem,
2596 5113 2708 5195 qui
2745 5115 2948 5194 capite
2983 5117 3091 5188 Vl,
3131 5118 3227 5190 Η,
3263 5117 3371 5179 ubi
3423 5115 3510 5177 de

288 5225 370 5290 SS.
399 5235 788 5300 Eucharistia
815 5236 990 5317 loqui
1021 5245 1339 5316 coeperat,
1375 5237 1443 5300 in
1479 5239 1698 5302 codice
1734 5238 1992 5301 desinit.
2028 5239 2288 5318 Sparsit,
2329 5237 2580 5318 opinor,
2619 5237 2685 5298 iu
2720 5236 3256 5315 Expositionibus
3301 5237 3504 5299 Ierar-

286 5345 433 5412 cbiae
463 5354 930 5417 ecclesiasticae
959 5356 1542 5438 Pseudo-Dionysii
1588 5359 2032 5436 AreOpagitae,
2085 5359 2150 5420 in
2199 5358 2440 5439 quibus
2475 5357 2598 5436 ipsi
2630 5356 2900 5419 uberius
2935 5356 3015 5419 de
3045 5357 3151 5417 SS.
3185 5354 3496 5417 Euchari-

291 5469 420 5534 stiae
453 5483 849 5538 sacramento
879 5481 1011 5538 erat
1035 5476 1515 5556 disputandum.
1551 5477 2042 5556 Expositionum
2076 5478 2247 5540 enim
2279 5477 2630 5566 lerarcbiae
2667 5475 2959 5538 caelestis
2996 5493 3029 5536 a
3081 5474 3268 5561 nobis
3299 5476 3503 5538 edita-

287 5605 398 5652 rum
429 5596 630 5674 capite
659 5598 870 5676 primo
901 5613 1102 5676 quum
1153 5595 1217 5655 in
1259 5594 1714 5656 Paschasianos
1763 5593 2073 5674 impetum
2127 5595 2408 5669 fecisset,
2450 5597 2554 5658 vix
2603 5597 2871 5660 dubium
2905 5604 3025 5669 est,
3086 5598 3248 5678 quin
3281 5606 3502 5677 postea

287 5710 348 5773 ad
373 5714 652 5797 Dionysii
689 5719 768 5783 de
801 5720 905 5783 SS.
937 5720 1330 5788 Eucharislia
1361 5719 1714 5782 doctrinam
1749 5722 2080 5796 accedens,
2116 5723 2560 5802 copiosissime
2584 5741 2760 5786 suam
2797 5724 3189 5788 sententiam
3222 5740 3506 5806 aliterue-
