3952 6152
417 317 538 358 m:
697 365 700 368 δ
1137 267 1276 281 ”“”“
1801 282 2242 340 pnooemuu-
3128 267 3212 320 se

402 427 503 484 rit.
535 423 747 496 Quare
781 419 923 482 illas
954 420 1192 499 pariter
1221 413 1662 495 expositiOnes
1695 415 1997 478 rescissas
2028 413 2400 494 deletasque
2438 431 2604 487 esse,
2637 412 2914 491 ideoque
2935 409 3000 469 in
3033 405 3512 486 codicibusjum
3544 407 3646 468 de-

399 543 682 620 siderari
703 541 1017 622 suspicor.

481 663 598 726 His
631 663 830 741 igitur
857 657 1113 739 scriptis
1144 656 1414 719 uberius
1445 653 1725 734 prolatos
1758 653 2024 716 Joannis
2056 655 2223 717 Scoti
2255 653 2336 716 de
2372 667 2638 732 corpore
2671 659 2730 712 et
2767 648 3080 725 sanguine
3107 645 3368 708 Domini
3409 666 3652 709 errores

398 781 782 842 Hincmarus
831 774 1224 862 perstringit,
1264 773 1367 834 his
1407 774 1659 852 scriptis
1710 793 1875 854 quae
1933 775 2457 848 continebantur,
2525 773 2794 852 ineptias
2848 771 3246 836 Adrevaldus
3294 772 3654 838 monachus

399 903 722 967 refutavit.
765 903 988 964 Postea
1041 904 1287 969 autem,
1345 916 1542 977 quum
1593 899 2018 977 Berengarius
2079 901 2486 964 Turonensis
2523 901 2588 961 in
2625 898 2857 960 librum
2900 892 3227 964 Ratramni
3283 892 3650 968 incidisset,

396 1039 543 1086 eum
579 1020 846 1084 Joannis
895 1019 1064 1083 Scoti
1113 1037 1282 1095 esse,
1339 1026 1400 1080 et
1431 1019 1555 1080 sibi
1588 1027 1649 1081 at
1679 1022 1826 1082 aliis
1865 1027 2210 1100 persuasu.
2261 1020 2384 1082 Hic
2423 1026 2658 1088 autem
2699 1016 2858 1078 liber
2890 1016 3010 1078 etsi
3047 1032 3298 1080 errores
3335 1019 3654 1100 Berenga-

397 1144 612 1206 riands
640 1159 774 1205 non
801 1145 1018 1222 aperte
1049 1140 1310 1222 profert,
1335 1149 1546 1204 tamen
1579 1143 1880 1215 incertae,
1918 1159 2085 1222 quae
2121 1141 2178 1204 ei
2202 1143 2467 1212 insunt,
2498 1140 2964 1220 ambiguaeque
3012 1141 3420 1206 definitiones
3462 1146 3550 1208 ita
3582 1165 3653 1211 se

394 1265 650 1339 habent,
684 1271 756 1327 ut
807 1281 951 1330 cum
987 1263 1516 1342 Berengarianae,
1570 1270 1706 1326 tum
1753 1261 2204 1326 Calvinisticae
2251 1262 2330 1324 de
2383 1278 2646 1341 corpore
2705 1269 2765 1326 et
2811 1263 3126 1340 sanguine
3180 1266 3443 1328 Domini
3497 1265 3652 1331 hae-

393 1402 614 1448 reseos
649 1387 835 1466 quasi
865 1385 1092 1447 matrix
1127 1390 1298 1445 recte
1331 1383 1536 1463 possit
1570 1383 1805 1446 vocari.
3057 1377 3064 1382 ’

477 1524 698 1604 Neque
767 1539 920 1585 vero
954 1520 1073 1584 loci
1110 1521 1239 1582 duo
1283 1519 1725 1584 commentarii
1765 1519 1830 1581 in
1878 1521 1939 1583 S.
1976 1522 2391 1601 Evangelium
2429 1541 2556 1588 sec.
2595 1526 2806 1599 Joan.,
2856 1541 3020 1605 quos
3056 1525 3140 1587 Μ.
3181 1527 3250 1587 F.
3301 1525 3656 1586 Ravaisso-i

397 1645 549 1708 citat
601 1641 704 1722 (cf.
753 1644 785 1718 ᾗ
833 1640 923 1721 9),
987 1639 1304 1719 ejusmodi
1356 1647 1534 1714 sunt,
1587 1640 1696 1720 qui
1735 1640 2000 1703 Joannis
2049 1642 2220 1707 Scoti
2281 1643 2609 1707 doctrinae
2666 1646 2747 1707 de
2807 1649 2912 1708 SS.
2962 1650 3387 1721 Eucharistia,
3421 1668 3652 1713 novam

397 1774 604 1834 lucem
639 1769 991 1832 effundant.
1029 1768 1181 1830 Nam
1228 1769 1399 1832 'Scoti
1451 1767 1635 1831 verba
1665 1790 1680 1830 :
1707 1776 1761 1828 et
1807 1769 2234 1849 spiritualitsr
2277 1790 2410 1832 eum
2440 1768 2844 1852 (Salvatorem
2891 1772 2987 1835 vel
3021 1789 3250 1850 agnum
3296 1770 3650 1849 mysticum)

398 1892 807 1967 immolemus,
861 1899 914 1952 et
965 1890 1466 1954 intellectualiter
1499 1901 1715 1966 mente,
1742 1911 1873 1953 non
1918 1891 2094 1953 dente
2143 1891 2539 1967 comedimus,
2594 1895 2715 1956 etsi
2767 1896 3098 1957 veritatem
3154 1897 3346 1953 totam
3381 1907 3508 1951 non
3543 1907 3654 1950 ex-

397 2009 674 2097 primere
719 2017 1079 2090 videamur,
1140 2029 1360 2092 reapse
1413 2021 1626 2075 tamen
1685 2011 1971 2074 veritatis
2029 2011 2266 2075 limites
2326 2028 2452 2074 non
2507 2013 2804 2090 migrant.
2870 2015 3005 2076 Imo
3061 2017 3288 2078 Scotus
3343 2013 3657 2078 immolari

401 2138 726 2201 Christum
781 2137 1113 2219 profitetur
1149 2134 1513 2217 :quomodo
1564 2152 1712 2197 vero
1747 2135 2137 2207 immoletur,
2191 2135 2245 2196 si
2294 2135 2547 2198 realiter
2593 2151 2893 2214 praesens
2939 2152 3066 2197 non
3118 2137 3243 2197 sit?
3277 2135 3654 2199 [inmolatur

338 2321 342 2326 _
397 2263 610 2320 autem
662 2255 1080 2336 Spiritualiter
1127 2263 1183 2316 et
1227 2253 1504 2328 realitcr,
1563 2253 1921 2316 comeditur
1975 2252 2492 2316 intellectualiter
2526 2261 2582 2314 et
2638 2252 2912 2327 realiter,
2964 2259 3177 2316 mente
3224 2261 3279 2313 et
3332 2272 3460 2327 ore,
3521 2271 3652 2316 non

397 2379 610 2440 dente.
658 2378 718 2437 Is
755 2375 951 2453 igitur
997 2375 1176 2438 locus
1225 2375 1571 2454 persimilis
1619 2381 1714 2437 est
1755 2375 1918 2455 eius,
1959 2375 2073 2454 qui
2102 2373 2168 2435 in
2218 2375 2747 2454 Expositionibus
2793 2375 2861 2436 in
2894 2372 3276 2436 Ierarchiam
3311 2374 3656 2435 caelestem

395 2499 558 2563 infra
595 2498 716 2563 col.
757 2499 870 2562 ιιιο
904 2498 1204 2562 occurrit.
1243 2495 1418 2557 Idem
1466 2493 1618 2556 fere-
1646 2494 1724 2557 de
1758 2493 1959 2556 altero
1989 2495 2131 2557 loco
2187 2494 2383 2558 hocce
2429 2494 2594 2557 valet
2619 2513 2634 2552 :
2659 2493 3018 2575 spiritualis
3056 2493 3314 2554 homo...
3354 2493 3489 2572 jam
3527 2511 3654 2554 non

396 2617 598 2679 solum
639 2625 820 2696 negat
869 2617 1186 2679 Christum
1239 2631 1482 2674 carnem
1537 2631 1680 2684 esse,
1739 2631 1922 2692 quam
1947 2613 2082 2692 jam
2119 2614 2185 2674 in
2241 2614 2538 2696 spiritum
2596 2632 2832 2676 versam
2885 2632 3008 2675 esse
3060 2613 3402 2693 intelligit,
3443 2631 3660 2675 verum

397 2739 580 2800 etiam
619 2739 818 2818 ipsum
879 2736 1130 2818 depellit
1172 2733 1607 2798 rationabilem
1645 2734 1916 2810 animum
1960 2753 2102 2795 esse.
2139 2735 2212 2796 Ut
2253 2737 2406 2796 enim
2451 2751 2598 2797 caro
2650 2737 2853 2815 ipsius
2883 2737 3159 2797 excitata
3205 2743 3292 2796 est
3332 2743 3388 2796 et
3415 2743 3660 2795 mutata

395 2860 464 2919 in
504 2859 772 2948 animam
795 2857 1256 2924 rationabilem.
1290 2859 1382 2918 ita
1412 2855 1814 2918 rationabilis
1848 2857 2049 2936 ipsius
2081 2858 2286 2918 animo
2325 2859 2384 2920 in
2419 2857 2796 2919 intellectum
2829 2863 2882 2915 et
2914 2857 3190 2937 subjecta
3234 2866 3320 2919 est
3360 2865 3416 2918 et
3450 2875 3652 2920 versa.

324 3037 326 3040 ,
396 2959 996 3062 Quomodocunque
1040 2981 1122 3043 de
1159 2981 1258 3042 his
1297 2981 1545 3059 placitis
1593 2981 1819 3054 sentis,
1857 2987 2065 3044 tamen
2102 2982 2428 3044 Christum
2464 2983 2596 3062 jam
2645 2999 2788 3046 esse
2835 3000 3101 3062 corpore
3147 2983 3553 3054 destitutum,
3587 2994 3654 3045 et

399 3105 739 3166 humanam
768 3113 1056 3166 naturam
1094 3104 1396 3182 integram
1427 3121 1554 3165 non
1585 3102 1859 3180 amplius
1909 3101 2162 3175 habere,
2206 3121 2284 3165 ex
2324 3103 2403 3164 iis
2435 3119 2560 3163 non
2593 3104 2890 3182 sequitur
2923 3127 2942 3165 :
2973 3105 3083 3166 sed
3118 3105 3395 3166 Joannes
3430 3104 3660 3168 Scotus

394 3225 456 3287 id
516 3227 921 3305 potissimum
975 3241 1160 3304 agere
1191 3224 1464 3296 videtur,
1506 3231 1596 3299 ut,
1642 3241 1846 3306 quum
1884 3224 1966 3287 sit
2001 3224 2404 3290 adversarius
2443 3225 2791 3299 Paschasii,
2830 3243 3062 3305 corpus
3098 3224 3388 3289 naturale
3422 3231 3482 3288 et
3515 3242 3658 3287 cor-

401 3363 517 3424 pus
553 3344 969 3422 gloriﬁcatum
1009 3346 1203 3424 probe
1234 3345 1575 3409 discernat.

477 3485 612 3548 Noli
653 3491 864 3549 autem
928 3487 1164 3562 mirari,
1219 3489 1390 3568 quod
1449 3489 1872 3571 fragmentum
1909 3491 1989 3554 de
2025 3491 2128 3554 SS.
2159 3492 2551 3557 Eucharistia
2599 3514 2635 3558 a
2671 3497 2763 3558 Μ.
2815 3497 2890 3561 F.
2950 3497 3294 3560 Ravaisso-n
3329 3516 3365 3562 e
3423 3499 3648 3565 codice
3707 3472 3730 3490 ⁸

399 3604 846 3670 Abrincalensi
901 3604 1145 3672 editum
1199 3613 1514 3694 Rapports
1561 3621 1679 3677 cet.
1717 3633 1776 3695 p.
1814 3617 1933 3678 372
1986 3636 2154 3700 sqq.,
2198 3627 2258 3682 et
2313 3640 2346 3684 a
2409 3623 2769 3685 Tallandier
2795 3623 3242 3708 ScotErigene
3269 3633 3394 3687 cet.
3427 3642 3488 3704 p.
3539 3627 3664 3689 325

398 3737 612 3798 denuo
650 3735 818 3812 typis
865 3731 1257 3803 mandatum,
1306 3731 1374 3792 in
1439 3729 1554 3792 hac
1614 3730 1898 3795 editione
1961 3735 2228 3798 omnino
2269 3737 2695 3815 negleximus.
2753 3743 2846 3806 De
2899 3763 3029 3826 quo
3084 3747 3434 3810 Ravaisson
3500 3748 3661 3809 haec

399 3860 585 3922 verba
639 3857 1007 3920 facit:C"est
1041 3854 1337 3937 peut-étre
1383 3871 1470 3912 un
1503 3852 1811 3933 fragment
1861 3853 1934 3915 de
1987 3855 2292 3936 Be’renger
2321 3855 2392 3918 de
2426 3857 2650 3935 Tours,
2705 3869 3014 3942 peut-etre
3070 3868 3144 3930 de
3175 3867 3340 3932 'Scat
3392 3871 3666 3948 Erigéne

398 3977 549 4040 dant
586 3977 639 4040 le
691 4002 719 4035 ‹‹
754 3977 825 4038 de
872 3993 1136 4062 corpor‘e
1181 3971 1439 4033 Domini
1475 3994 1504 4026 υ
1545 3977 1631 4032 est
1663 3969 1890 4050 perdu.
1932 3977 2012 4034 At
2060 3972 2265 4034 virum
2301 3973 2377 4034 cl.
2411 3993 2558 4054 spes
2592 3977 2840 4044 fefellit.
2884 3985 3036 4046 Nam
3077 3993 3170 4049 est
3218 3986 3653 4066 fragmentum

396 4100 543 4166 libri
583 4097 1017 4162 llatramniani
1055 4091 1296 4158 centies
1337 4087 1506 4170 typis
1552 4089 1832 4168 repetiti,
1871 4107 2003 4170 quo
2059 4087 2193 4152 fere
2245 4092 2456 4154 medio
2486 4095 2562 4155 ad
2610 4101 2870 4163 verbum
2925 4112 3154 4169 exstat.
3198 4106 3266 4168 Id
3295 4109 3478 4188 quod
3524 4111 3662 4172 edi-

397 4233 569 4284 tores
601 4220 680 4283 cl.
718 4233 980 4301 prorsus
1013 4213 1261 4294 fugisse
1295 4213 1577 4276 videtur.
3319 4199 3335 4212 '

503 4365 529 4436 §
564 4360 658 4421 19.
695 4359 832 4448 Iam
886 4355 1072 4422 tertio
1115 4356 1254 4418 loco
1277 4355 1343 4418 id
1386 4350 1877 4434 expendendum
1912 4357 2128 4426 restat,
2165 4356 2340 4440 quod
2376 4373 2504 4418 non
2555 4358 2769 4424 minus
2817 4371 2914 4427 est
2977 4365 3235 4432 difﬁcile
3300 4370 3608 4450 expedita
3639 4405 3658 4434 ν

400 4481 610 4564 qualis
643 4481 952 4543 Joannem
987 4479 1245 4541 Scotum
1278 4478 1447 4538 inter
1478 4473 1951 4554 etByzantinos
1989 4475 2132 4553 ejus
2170 4477 2476 4554 temporis
2519 4481 2929 4546 necessitudo
2958 4487 3294 4550 exstiterit.
3334 4491 3472 4552 Hoc
3506 4493 3656 4571 qui-

407 4605 550 4666 dem
603 4600 724 4662 sub
781 4598 1020 4661 nullam
1080 4594 1547 4657 dubitationem
1592 4593 1784 4664 cadit,
1835 4590 2144 4651 Joannem
2197 4589 2455 4654 Scotum
2488 4593 2552 4655 in
2615 4594 2776 4660 libro
2813 4595 2886 4668 de
2914 4599 3219 4666 divisione
3259 4607 3537 4670 Naturae
3579 4613 3664 4674 de

404 4724 816 4804 processione
851 4722 911 4782 S.
959 4718 1233 4797 Spiritus
1288 4715 1489 4791 magis
1539 4714 1671 4776 fere
1703 4715 2092 4776 Graecorum
2143 4713 2521 4793 adstipulari
2581 4716 2940 4793 doctrinae,
2992 4740 3186 4801 quam
3243 4728 3652 4794 Latinorum.

403 4851 622 4928 Neque
654 4866 782 4910 non
812 4848 1056 4926 ubique
1084 4845 1468 4904 Graecorum
1500 4841 1880 4920 sapientiam
1907 4839 2205 4902 laudibus
2239 4840 2512 4902 extollit.
2547 4841 2808 4920 Semper
2843 4859 3026 4907 suam
3057 4863 3200 4908 cum
3234 4851 3482 4925 graecis
3515 4851 3662 4914 lite-

399 4974 490 5034 ris
518 4970 1013 5034 familiaritatem
1049 4969 1114 5028 in
1144 4966 1396 5044 scriptis
1435 4965 1571 5026 suis
1620 4983 1766 5044 prae
1817 4983 1886 5027 se
1937 4963 2081 5038 fert,
2112 4973 2172 5028 et
2210 4965 2392 5045 quasi
2424 4985 2458 5028 a
2489 4968 2749 5029 Graecis
2779 4973 2990 5036 omnis
3026 4974 3292 5038 omnino
3343 4978 3660 5056 sapientia
3705 4980 3708 4982 ⁷

401 5070 676 5179 petenda
707 5095 813 5168 sit,
852 5093 1080 5155 horum
1110 5089 1361 5153 laudem
1396 5088 1634 5170 ubique
1669 5089 2030 5171 praeconiis
2061 5091 2477 5169 amplissimis
2511 5093 2861 5173 praedicat.
2937 5133 2940 5138 -

479 5248 694 5322 Quum
755 5242 948 5323 igitur
992 5241 1272 5302 Joannes
1297 5239 1518 5299 Scotus
1549 5236 1713 5314 apud
1742 5236 2038 5298 Carolum
2073 5235 2339 5298 Calvum
2375 5237 2751 5300 auctoritate
2811 5255 2926 5300 sua
2965 5237 3316 5318 plurimum
3353 5241 3650 5320 polleret,

399 5361 580 5444 quid,
611 5361 666 5422 si
696 5361 984 5434 Photius,
1016 5357 1170 5437 quid
1226 5357 1282 5418 si
1319 5355 1676 5435 Byzantini,
1709 5355 1821 5434 qui
1877 5371 1956 5420 eo
1988 5364 2274 5433 tempore
2320 5355 2601 5418 schisma
2637 5356 3090 5429 moliebantur,
3145 5358 3426 5420 aulicum
3465 5360 3665 5422 Grae—

400 5496 621 5544 corum
659 5478 1176 5541 amantissimum
1235 5484 1296 5538 et
1351 5483 1856 5555 praepmentem,
1913 5475 1978 5538 in
2015 5493 2166 5538 suas
2199 5484 2409 5554 partes
2455 5476 2708 5540 trahere
2757 5479 2970 5540 conati
3007 5479 3190 5543 sint?
3224 5482 3360 5544 Etsi
3396 5483 3661 5562 quidem

401 5598 482 5663 de
535 5598 650 5661 hac
708 5617 774 5662 re
818 5597 976 5662 certi
1030 5597 1119 5660 nil
1152 5602 1422 5668 constet,
1466 5593 1586 5661 hoc
1641 5595 2039 5656 tamensatis
2107 5601 2502 5673 compertum
2541 5602 2656 5666 est,
2717 5596 3028 5661 Joannem
3085 5603 3370 5676 Scotum,
3421 5605 3476 5666 si
3531 5622 3662 5667 non

401 5742 647 5806 reapse,
685 5733 890 5788 tamen
945 5725 1357 5790 inclinatione
1397 5723 1628 5788 mentis
1687 5740 1720 5786 a
1777 5721 1986 5784 Photii
2032 5719 2318 5801 partibus
2369 5720 2647 5785 stetisse.
2676 5720 2860 5795 Quod
2901 5740 3121 5788 versus
3171 5723 3437 5803 pessimi
3472 5741 3660 5802 argu-
