3952 6152
395 328 523 371 ικιν
1804 301 1956 359 PRO!

1804 301 2153 361 PROOEIIU
2162 302 2232 359 ll.

391 420 622 485 haecce
646 441 662 482 :
687 419 913 481 Frater
929 418 1240 480 Johannis
1256 414 1460 479 Scotti
1486 410 1803 476 Aldeimus
1827 413 1977 495 fecit
2014 411 2196 475 istam
2220 411 2521 492 paginam
2558 411 2569 489 |
2708 409 2954 473 literam
2986 418 3117 474 tene
3134 430 3297 473 anno
3318 412 3575 476 Domini
3604 415 3624 494 ξ

391 547 876 617 DCCC“XCVI°;
906 540 1180 628 sequenti
1198 564 1359 608 anno
1382 544 1661 607 tenebrae
1694 545 1705 623 ι
1740 543 1873 605 ΧῚΙ
1898 543 2316 606 literarumab
2339 542 2430 604 M.
2456 543 2530 606 F.
2556 542 2630 603 Ζ.
2664 544 2678 617 J
2716 549 2769 604 et
2790 543 2882 604 sic
2904 542 3046 605 dein
3081 546 3090 622 |
3126 562 3265 624 cepa
3301 547 3311 621 |
3348 546 3573 625 incipit
3610 549 3621 622 Ι

390 678 589 743 salt...
629 681 639 757 Ι
677 679 785 741 ubi
810 676 1008 740 ΧΙΙΙ·
1045 677 1055 754 |
1093 673 1253 736 linea
1285 676 1298 753 |
1333 674 1533 753 accip.
1573 674 1585 751 l
1623 691 1775 736 ..ur.
1814 675 1825 753 Ι
1859 672 2161 735 Codicem
2182 671 2397 746 laudat
2417 671 2675 745 Cousin,
2700 670 3016 752 Onerages
3046 671 3272 736 ine'dits
3298 674 3653 750 d’Abe’lard,

391 809 685 890 append.,
719 827 781 889 p.
811 809 951 870 622.

475 941 503 1013 §
532 941 631 999 21.
656 938 872 1016 Nuper
894 937 966 997 D'
984 936 1051 996 J.
1074 934 1150 997 B.
1178 934 1372 1000 Weiss
1395 934 1461 997 in
1484 934 1650 997 libro
1671 957 1685 996 :
1704 934 2060 997 Geschichte
2076 932 2325 1016 Alfreds
2353 932 2456 1009 des
2481 932 2750 996 Grossen
2768 933 3209 1016 Schaﬁ‘housen
3231 937 3407 1001 1852.
3429 942 3658 999 auctor

399 1067 752 1132 sentcntiae
777 1066 923 1142 fuit,
946 1069 1259 1130 Joannem
1286 1068 1544 1131 Scotum
1592 1067 1670 1130 ab
1715 1066 1972 1130 Alfredo
2019 1084 2170 1147 rege
2228 1074 2522 1131 vocatum
2554 1085 2589 1130 e
2619 1066 2824 1130 Gallia
2852 1067 2917 1129 in
2952 1066 3247 1146 Angliam
3279 1067 3560 1142 venisse,
3593 1073 3659 1132 et

393 1217 452 1260 a.
488 1197 595 1259 891
641 1196 1081 1260 Malmesburii
1119 1203 1440 1260 mortuum
1471 1216 1637 1261 esse.
1675 1198 1914 1261 Nititur
1948 1198 2421 1278 argumentatio
2480 1198 2622 1278 ejus
2651 1197 2907 1262 duobus
2941 1196 3285 1271 chronicis,
3333 1197 3660 1259 Petribur-

395 1329 577 1408 gensi
612 1326 903 1405 Angliae,
953 1326 1222 1389 Thuano
1248 1324 1576 1391 Franciae.
1618 1327 1782 1391 Illud
1825 1327 1967 1392 edd.
2001 1327 2236 1409 Ioseph
2261 1327 2521 1409 Sparke,
2554 1329 2881 1390 Historiae
2908 1327 3290 1408 Anglicanae
3314 1328 3665 1408 scriptores

401 1464 565 1526 varii
593 1484 622 1525 e
653 1461 834 1525 codd.
865 1481 1009 1525 mss.
1040 1481 1203 1524 nunc
1231 1464 1507 1544 primum
1543 1465 1696 1526 editi
1725 1465 1905 1538 1723,
1955 1470 2018 1526 et
2066 1464 2238 1529 Giles
2289 1464 2591 1528 Londinii
2629 1464 2806 1529 1855.
2838 1465 2956 1528 Ubi
2995 1465 3073 1528 ad
3102 1482 3161 1526 a.
3197 1464 3313 1525 891
3358 1462 3513 1525 haec
3548 1479 3663 1524 ex-

401 1600 567 1658 stant
596 1615 612 1655 :
638 1592 986 1657 Normanni
1008 1593 1389 1660 Wormacioe
1416 1592 1773 1673 episcopum
1799 1589 2116 1655 occidunt.
2137 1592 2411 1654 Joannes
2427 1594 2654 1655 Scotus
2672 1592 3005 1654 monachus
3024 1591 3454 1655 Malmesburii
3473 1590 3657 1663 obiit,

398 1708 833 1810 confossus,ut
859 1724 1120 1799 dicitur,
1142 1725 1428 1806 graphiis
1452 1744 1817 1806 puerorum,
1839 1744 2105 1806 quorum
2124 1727 2420 1806 magister
2441 1733 2594 1787 erat.
2625 1726 2987 1789 Chronicon
3009 1723 3437 1789 bibliothecae
3451 1722 3663 1787 Thua-

403 1878 523 1924 nae
552 1858 672 1940 (Du
708 1856 960 1920 Chesne
990 1853 1271 1933 Scriptt.,
1295 1855 1479 1916 Tom.
1518 1855 1629 1926 ill,
1660 1871 1723 1934 p.
1752 1853 1893 1917 359.
1925 1854 2224 1936 Bouquet
2252 1853 2535 1935 Scriptt.,
2563 1855 2745 1917 Tom.
2775 1855 2917 1929 VII,
2938 1872 3000 1936 p.
3023 1857 3163 1937 258)
3187 1858 3343 1921 haec
3373 1855 3659 1939 profert:

400 1962 651 2069 Rogata
682 1982 927 2066 Elfredi
952 1983 1226 2044 Joannes
1243 1983 1470 2045 Scotus
1505 1982 1697 2047 rediit
1751 2003 1790 2044 a
1841 1984 2142 2057 Francia,
2174 1983 2285 2047 ubi
2338 1992 2471 2047 erat
2527 2002 2667 2047 cum
2710 1984 2940 2048 Carolo
2981 1987 3201 2051 Calvo.
3247 1987 3373 2053 Sed
3426 1988 3659 2054 horum

400 2115 851 2179 chronicornm
905 2130 1074 2195 quae
1129 2115 1211 2175 sit
1253 2111 1643 2185 auctoritas,
1689 2112 2188 2192 expendendum
2224 2118 2383 2176 erat.
2435 2112 2801 2178 Cbronicon
2832 2115 3180 2180 Tliuanum
3232 2118 3304 2181 in
3352 2119 3474 2184 hoc
3514 2118 3661 2185 loco

400 2248 722 2313 Guilelmo
753 2243 1556 2316 Malmesburiensfeinniti,
1578 2241 1727 2323 quis
1750 2259 1878 2306 non
1907 2243 2303 2325 suspicetur!
2333 2242 2633 2308 Chronici
2661 2246 3414 2329 autem_Petriburgensis
3442 2249 3669 2313 locum.

400 2396 486 2441 ex
524 2374 750 2440 eodem
787 2372 967 2436 fonte
1000 2372 1291 2448 ﬂuxisse,
1318 2371 1453 2453 jam
1487 2371 1705 2460 fabula
1736 2373 1817 2436 de
1848 2373 2134 2454 graphiis
2170 2391 2549 2481 puerorum.
2583 2375 2798 2438 verbis
2819 2382 2891 2437 ut
2916 2375 3159 2439 dicitur
3192 2377 3450 2451 additis,
3484 2376 3666 2440 hand‘

401 2511 677 2573 obscure
698 2507 1038 2570 indicatur.
1060 2505 1358 2589 Denique
1389 2524 1520 2589 quo
1543 2524 1693 2588 Jure
1720 2507 1832 2572 ille
1861 2507 2255 2572 contendere
2283 2508 2511 2589 possit,
2550 2522 2762 2572 locum
2793 2506 3060 2571 Assueri
3088 2507 3169 2571 de
3196 2507 3440 2568 Joanne
3465 2504 3669 2567 Euid—

398 2658 639 2702 saxone
661 2637 1143 2719 supposititium
1168 2654 1335 2714 esse,
1371 2654 1526 2700 sane
1550 2654 1680 2700 non
1708 2654 2043 2719 assequor.
2072 2636 2227 2699 Nam
2258 2636 2494 2718 posito,
2531 2643 2604 2699 ut
2632 2635 2814 2699 locus
2844 2633 3134 2709 Assueri,
3158 2634 3272 2715 qui
3303 2632 3528 2714 incipit
3559 2657 3589 2690 κ
3622 2654 3669 2694 a

397 2769 666 2852 quodam
706 2778 979 2850 tempore
1000 2792 1029 2826 ιν
1059 2813 1075 2843 ,
1115 2767 1444 2846 genuinus
1491 2785 1623 2832 non
1666 2765 1777 2844 sit,
1822 2774 2040 2832 tamen
2074 2767 2215 2851 ejus
2251 2766 2604 2831 narrationi
2636 2766 2716 2831 de
2743 2767 2988 2829 Joanne
3019 2764 3422 2829 Ealdsaxone
3447 2765 3669 2846 primo

400 2898 823 2980 Aethelingiae
854 2896 1092 2977 abbate,
1129 2919 1294 2984 quae
1330 2901 1518 2981 paulo
1546 2906 1695 2966 ante
1732 2900 2077 2983 praecedit,
2115 2898 2273 2963 ﬁdes
2310 2916 2439 2963 non
2474 2903 2570 2964 est
2604 2896 2988 2977 abroganda.
3038 2898 3318 2959 Joannes
3367 2910 3518 2957 vero
3578 2893 3663 2957 ab

399 3028 662 3092 Alfredo
696 3045 844 3107 rege
884 3044 1008 3090 una
1038 3042 1183 3090 cum
1220 3023 1588 3089 Grimbaldo
1617 3025 1685 3086 in
1719 3022 2013 3104 Angliam
2049 3033 2333 3099 vocatus,
2381 3022 2542 3104 quin
2582 3022 2665 3085 sit
2700 3022 2872 3085 idem
2914 3020 3020 3084 hic
3058 3019 3369 3084 Ealdsaxo
3423 3017 3669 3083 Aetne--

406 3159 640 3237 lingiae
669 3162 888 3235 abbas,
925 3161 1034 3225 vix
1063 3159 1488 3223 dubitandum
1524 3158 1666 3221 erit.
1702 3159 1999 3222 Fortasse
2030 3156 2539 3221 scrutationibus
2566 3155 2874 3221 accuratis
2908 3154 2978 3219 in
3027 3153 3256 3233 Anglia
3303 3153 3670 3233 continget,

400 3295 477 3354 ut
506 3286 918 3349 inveniantur
951 3301 1118 3348 nova
1149 3288 1499 3357 momenta,
1521 3282 1761 3363 quibus
1791 3282 1948 3347 haec
1976 3283 2273 3365 quaestio
2302 3281 2384 3347 de
2417 3282 2684 3348 Joannis
2712 3281 2886 3347 Scoti
2910 3281 2977 3345 in
3008 3281 3306 3362 Angliam
3339 3281 3550 3346 reditu
3578 3283 3669 3347 ad

400 3411 721 3492 liquidum
758 3407 1164 3489 perducatur.

484 3530 512 3604 §
543 3528 643 3589 22.
675 3524 946 3589 Joannis
980 3523 1151 3587 Scoli
1192 3524 1370 3601 libri,
1400 3526 1516 3607 qui
1551 3532 1926 3608 supersunt,
1962 3544 2094 3609 quo
2141 3527 2369 3591 ordine
2404 3526 2627 3607 scripti
2679 3527 2812 3591 sint
2866 3535 2936 3591 et
2963 3525 3031 3589 in
3079 3525 3292 3590 lucem
3323 3525 3506 3600 editi,
3549 3526 3662 3589 vix

407 3662 612 3736 potest
640 3655 919 3719 deﬁniri.
950 3658 1088 3721 Hoc
1123 3659 1334 3722 solum
1365 3663 1635 3733 constat,
1675 3683 1705 3719 α
1729 3659 2186 3739 Expositiones
2214 3659 2572 3725 Icrarchiae
2599 3658 2893 3723 caelestis
2918 3681 2947 3716 ιο
2996 3663 3140 3738 post
3168 3655 3372 3720 libros
3402 3656 3531 3719 «de
3567 3656 3664 3719 di-

403 3787 656 3850 visione
682 3788 954 3851 Naturae
973 3812 1001 3845 u
1037 3788 1429 3870 compositos
1460 3806 1626 3865 esse,
1655 3791 1732 3853 ad
1762 3808 1935 3871 quos
1956 3790 2332 3872 respiciunt.
2368 3791 2594 3854 Libros
2625 3812 2655 3848 α
2680 3790 2761 3854 de
2781 3790 3103 3854 divisione
3127 3788 3404 3851 Naturae
3428 3812 3456 3844 ιι
3484 3787 3661 3854 Wat-

401 3916 550 3996 fndo
586 3916 915 3984 dedicatos
947 3935 1115 3994 esse,
1145 3937 1181 3983 e
1215 3920 1340 3984 tlne
1369 3937 1591 3984 eorum
1620 3921 1698 3985 ad
1730 3922 1918 3987 ﬁdem
1954 3921 2196 3988 codicis
2234 3923 2296 3985 S.
2335 3921 2703 3985 Germania
2734 3920 2924 3984 nobis
2952 3922 3284 4003 recognito
3304 3922 3658 4004 colligitur.

410 4049 750 4113 Wnlfadus
780 4049 1088 4114 ecclesiae
1108 4052 1446 4114 Remensis
1470 4068 1863 4117 oeconomus
1887 4052 2181 4117 interfuit
2202 4051 2476 4116 concilio
2506 4051 2931 4114 Carisiacensi
2956 4059 3177 4117 contra
3202 4055 3653 4122 Gotescalcum

404 4167 623 4231 habito
656 4186 690 4230 a
715 4168 856 4231 8&9.
891 4168 987 4231 Ab
1014 4169 1277 4232 Ebbone
1307 4169 1641 4235 ordinatus
1670 4172 1736 4234 in
1776 4170 2055 4235 concilio
2076 4172 2529 4236 Suessionensi
2554 4191 2613 4237 a.
2635 4174 2754 4237 853
2775 4173 2975 4253 gradu
3005 4173 3311 4252 privatur.
3352 4176 3602 4242 Deinde
3622 4198 3661 4245 a

403 4287 631 4352 Carolo
657 4287 850 4350 Calvo
886 4287 1254 4362 arcessitus,
1293 4288 1360 4352 in
1393 4289 1536 4353 aula
1563 4290 1758 4370 {regia
1777 4292 2344 4367 Carolomannum,
2372 4292 2539 4372 regis
2568 4293 2798 4367 ﬁlium,
2830 4293 3136 4356 instituit.
3161 4294 3278 4357 Ubi
3304 4296 3662 4383 amicitiam

403 4424 547 4471 cnm
593 4408 840 4494 Joanne
892 4406 1079 4470 Scoto
1112 4406 1341 4471 iniisse
1376 4408 1650 4473 videtur.
1705 4409 2008 4474 Nicolaus
2060 4412 2128 4474 P.
2163 4411 2213 4474 1.
2249 4429 2309 4474 a.
2337 4414 2459 4476 865
2504 4410 2774 4474 clericos
2809 4412 2888 4474 ab
2919 4411 3186 4475 Ebbone
3213 4413 3547 4478 ordinatos
3588 4416 3658 4479 in

407 4534 710 4614 pristinos
741 4533 973 4613 gradus
1004 4532 1309 4596 restituit.
1343 4532 1540 4595 Paulo
1574 4538 1713 4612 post
1740 4530 2083 4594 Wulfadus
2113 4530 2512 4595 CaroliCalvi
2532 4531 2748 4597 favore
2770 4532 3392 4616 archiepiscOpatum
3426 4538 3664 4602 Bituri-

403 4672 660 4719 censem
694 4654 965 4736 adeptus
998 4659 1117 4717 est.
1150 4652 1328 4715 Obiit
1356 4669 1414 4715 a.
1445 4653 1587 4715 876.
1621 4653 1714 4714 De
1749 4668 1880 4732 quo
1920 4651 2063 4743 vide
2093 4624 2426 4715 Mabillon.
2457 4651 2691 4715 Annal.
2726 4653 2909 4715 Tom.
2950 4652 3038 4714 Ill
3069 4655 3309 4718 etHist.
3350 4655 3675 4722 littéraire.

405 4773 490 4837 de
520 4773 874 4849 la‘France,
910 4775 1094 4836 Tom.
1148 4775 1228 4849 V,
1268 4792 1331 4853 p.
1380 4773 1524 4834 £77.
1556 4774 1864 4852 Tempus,
1912 4790 2046 4853 quo
2093 4774 2361 4837 Joannis
2409 4773 2580 4837 Scoli
2618 4796 2648 4830 α
2676 4772 2841 4838 liber
2891 4774 2973 4838 de
3017 4754 3671 4842 Praedestinatione.

405 4903 800 4984 compositus
830 4901 940 4975 sit,
977 4900 1160 4963 facile
1199 4897 1548 4979 colligitur.
1590 4899 1831 4962 Pariter
1860 4916 2117 4963 carmen
2164 4900 2190 4961 Ι
2235 4899 2402 4963 infra
2443 4899 2831 4979 impressum
2864 4898 3106 4963 bellum
3161 4898 3333 4962 inter
3358 4899 3671 4963 Carolum

400 5021 667 5087 Calvum
700 5027 762 5085 et
790 5019 1189 5084 Ludovicum
1238 5022 1619 5111 Germaniae
1659 5037 1875 5100 regem
1926 5019 2270 5083 conﬂatum
2323 5020 2610 5100 respicit.
2659 5019 2884 5084 Cetera
2922 5016 3188 5082 Joannis
3217 5017 3389 5081 Scoli
3425 5018 3669 5100 scripta

400 5142 662 5222 quando
712 5112 1068 5219 composita
1123 5136 1279 5214 sint,
1329 5154 1463 5200 non
1517 5130 1915 5219 compertum
1970 5136 2265 5201 habetur.

481 5265 798 5343 Catalogis
834 5271 1121 5328 veterum
1169 5262 1249 5326 de
1286 5260 1470 5325 libris
1508 5260 1778 5325 Joannis
1811 5260 1977 5325 Scoli
2008 5261 2390 5340 scriptorum
2422 5261 2477 5323 si
2503 5261 2660 5325 ﬁdes
2701 5260 2992 5325 habenda
3030 5269 3154 5338 est,
3190 5262 3471 5343 plurima
3519 5261 3666 5342 ejus

402 5392 635 5471 scripta
664 5389 1136 5464 desiderantur,
1158 5384 1640 5467 autdeperdita,
1663 5392 1774 5450 aut
1803 5388 1870 5449 in
1910 5386 2324 5451 bibliothecis
2354 5384 2824 5450 delitescentia.
2856 5386 2952 5448 Ex
2980 5386 3283 5466 catalogis
3304 5386 3505 5467 igitur
3524 5402 3665 5461 eos,
3751 5402 3757 5408 ·

401 5509 517 5592 qui
542 5511 712 5574 inter
735 5509 1101 5574 testimonia
1124 5509 1404 5572 Thomae
1426 5508 1579 5570 Gate
1608 5506 1775 5569 infra
1797 5507 2109 5590 impressa
2128 5525 2258 5571 non
2284 5513 2724 5582 recensentur,
2742 5504 2863 5569 hoc
2891 5505 3033 5569 loco
3061 5502 3425 5600 adscribere
3457 5498 3640 5564 lubet

480 5631 858 5695 Vincentius
891 5629 1356 5694 Bellovaconsis
1385 5628 1457 5709 (1
1508 5627 1684 5708 1261ι)
1717 5627 1780 5689 in
1811 5624 2074 5707 Speculo
2106 5625 2430 5689 historiali
2458 5623 2569 5687 lib.
2609 5626 2786 5687 XXV
2813 5641 2949 5704 cap.
2994 5622 3095 5696 1ι2,
3133 5620 3254 5683 hoc
3291 5620 3481 5683 titulo
3522 5640 3539 5679 :
3586 5620 3667 5683 De

402 5765 661 5847 imperio
700 5765 915 5830 Caroli
952 5766 1130 5831 Calvi
1166 5775 1217 5831 et
1248 5765 1505 5846 scriptis
1532 5760 1798 5826 Joannis
1818 5760 2011 5835 Secti,
2038 5757 2295 5821 tradidit
2327 5755 2555 5821 haccce
2596 5778 2609 5818 :
2644 5755 2775 5818 Hoc
2800 5762 3070 5835 tempore
3110 5749 3341 5815 claruit
3380 5751 3655 5813 Joannes
