3952 6152
1634 338 2057 395 PROOEMIUM.
3364 353 3466 393 ην

239 479 452 552 Scotus,
493 479 593 537 cir
630 477 1012 557 perspicacis
1065 476 1299 552 ingenti
1342 483 1396 534 et
1442 473 1707 533 mellitae
1754 471 2103 537 facundiae.
2156 474 2280 547 Qui
2335 470 2568 532 dudum
2621 470 3142 549 concrepantibus
3198 469 3474 550 undique

240 605 504 667 bellorum
551 605 918 690 fragoribus
965 608 1034 666 in
1079 604 1411 665 Franciam
1449 601 1531 662 ad
1565 602 1862 670 Carolum
1901 601 2158 664 Calvum
2196 600 2555 662 transierat.
2592 601 2788 680 Cujus
2824 611 3054 679 rogatu
3093 597 3473 660 Ierarchiam

238 735 498 813 Dionysii
533 735 948 813 Areopagitae
989 733 1061 794 de
1113 734 1352 796 Graeco
1409 734 1474 794 in
1530 731 1825 794 Latinum
1878 730 2131 790 verbum
2178 749 2206 788 e
2258 730 2440 790 verbo
2483 730 2834 790 transtulit.
2889 728 3250 809 Composuit
3291 735 3472 788 etiam

241 861 466 935 librum,
499 862 664 942 quod
683 863 829 941 peri
860 864 1044 942 fision
1075 865 1384 935 merismu,
1423 861 1490 922 id
1521 869 1608 922 est
1643 907 1659 933 ,
1695 861 1767 921 de
1799 861 2076 923 Naturae
2113 859 2418 920 divisione
2453 859 2756 930 titulavit,
2790 868 3056 938 propter
3090 857 3474 938 quaestiones

238 983 528 1047 solvendas
570 987 714 1052 bene
745 993 982 1065 utilem,
1019 995 1076 1055 si
1106 1001 1306 1054 tamen
1339 994 1394 1054 ei
1430 995 1494 1054 in
1530 992 1848 1072 aliquibus
1883 991 2272 1070 ignoscatur,
2336 993 2402 1051 in
2450 990 2675 1071 quibus
2723 1009 2760 1049 a
2807 989 3178 1049 Latinorum
3227 986 3478 1047 tramite

240 1114 501 1193 deviavit,
554 1119 698 1182 dum
746 1125 812 1184 in
862 1126 1131 1187 Graecos
1181 1127 1412 1187 acriter
1456 1125 1670 1186 oculos
1743 1123 2032 1184 intendit.
2087 1098 2216 1185 Ilio
2269 1120 2734 1182 succedentibus
2815 1120 2996 1179 annis
3054 1113 3478 1190 muniﬁcentia

240 1246 463 1328 Alfredi
506 1251 762 1312 allectus
793 1256 959 1314 venit
993 1255 1057 1315 in
1091 1254 1406 1333 Angliam,
1444 1262 1498 1314 et
1528 1252 1702 1332 apud
1731 1252 2173 1312 monasterium
2207 1251 2739 1314 Malmesberiense
2772 1271 2808 1310 a
2832 1248 3072 1328 pueris,
3112 1265 3264 1328 quos
3300 1245 3478 1304 doce-

238 1376 354 1455 bat,
381 1380 673 1461 graphiis,
705 1392 775 1444 ut
803 1383 1033 1462 fertur,
1062 1387 1450 1466 per/oratus,
1485 1393 1540 1444 et
1567 1392 1808 1462 martyr
1852 1383 2211 1443 aestimatus
2247 1388 2356 1441 est.
2396 1381 2608 1460 Hujus
2649 1379 3034 1460 epitaphium
3067 1378 3181 1438 hoc
3213 1377 3336 1458 fuit
3379 1397 3398 1436 :

920 1535 1202 1591 Clauditur
1229 1536 1282 1591 in
1318 1534 1527 1590 tumulo
1579 1544 1799 1590 sanctus
1831 1534 2071 1600 SOphista
2101 1532 2366 1600 Joannes,

921 1609 1020 1670 Qui
1057 1607 1262 1660 ditatus
1302 1617 1414 1659 erat
1446 1604 1559 1673 jam
1588 1607 1774 1658 Vin‘lIS
1795 1605 2050 1670 dagmate
2084 1609 2254 1656 miro.

915 1674 1170 1746 Martyris,
1201 1687 1290 1730 tan
1313 1679 1415 1728 lem
1446 1676 1643 1729 (Inrisu
1675 1673 2040 1746 conscendere
2074 1688 2293 1736 remum

919 1744 1035 1810 Quo
1057 1742 1278 1809 ineruit,
1311 1747 1482 1800 sancti
1513 1753 1741 1815 regnant
1769 1759 1864 1814 per
1889 1742 2069 1798 secula
2098 1745 2298 1798 cuncti.

235 1885 434 1948 Seabri
475 1898 615 1947 sunt
649 1886 718 1947 hi
756 1906 990 1960 versus,
1027 1897 1078 1948 et
1129 1887 1415 1950 moderni
1449 1890 1748 1966 temporis
1780 1888 1927 1950 lima
1958 1895 2253 1949 carentes.
2293 1888 2517 1950 Snbdit
2558 1908 2573 1948 :
2619 1890 2744 1950 Hic
2778 1889 3050 1948 Joannes
3087 1889 3310 1950 Seotus
3336 1887 3481 1967 phi-

239 2010 526 2092 losophus,
559 2021 628 2073 ut
664 2013 819 2074 dicit
853 2015 1266 2095 Lanfrancus,
1313 2017 1379 2077 in
1413 2015 1532 2095 ﬁde
1581 2017 1878 2096 desipuit.
1915 2016 2082 2079 Unde
2130 2017 2286 2078 liber
2319 2019 2449 2097 eius
2483 2017 2555 2077 de
2589 2018 2996 2078 Eucharistia
3046 2018 3239 2079 lectus
3289 2026 3371 2077 est
3423 2023 3480 2076 et

241 2137 532 2201 damnatus
561 2143 629 2203 in
657 2141 895 2221 synodo
949 2144 1333 2218 i’ercellensi,
1385 2145 1686 2206 celebrata
1715 2144 1825 2206 sub
1867 2145 2042 2224 Papa
2075 2146 2271 2206 Leone
2304 2145 2420 2218 IX,
2456 2145 2656 2205 eodem
2697 2164 2884 2216 anno,
2929 2163 3050 2224 quo
3089 2164 3151 2204 se
3187 2145 3482 2224 Lanfran-

242 2287 332 2329 eus
355 2272 431 2346 ab
466 2289 680 2334 errore
724 2271 1093 2351 Berengarii
1117 2275 1446 2354 purgavit.
1480 2274 1652 2336 Idem
1683 2275 1864 2336 etiam
1903 2276 2175 2336 Joannes
2206 2295 2394 2354 super
2440 2275 2821 2335 lerarchiam
2857 2274 3151 2354 Dionysii
3183 2292 3481 2335 commen-

242 2401 393 2462 taoit.
431 2401 774 2468 Helinandi
813 2406 898 2484 (ᾗ
936 2406 1110 2486 1223)
1143 2407 1495 2471 chronicon
1523 2409 1636 2469 lib.
1678 2409 1916 2481 XLVI,
1960 2426 2152 2488 quem
2191 2408 2572 2471 Vincentius
2597 2415 2922 2470 auctorem
2951 2409 3123 2478 citat,
3157 2404 3477 2483 inspicere

245 2545 350 2590 non
381 2534 577 2611 potui.
611 2534 854 2597 Prodiit
887 2537 1234 2599 Helinandi
1276 2537 1629 2601 chronicon
1654 2555 1804 2599 cura
1851 2535 2168 2597 Bertrand
2213 2537 2446 2597 Tissier
2484 2526 2867 2598 Bibliotheca
2902 2546 3172 2598 ceterum
3210 2535 3483 2614 scripto-

241 2674 358 2720 rum
379 2661 633 2726 Ordinis
666 2640 1114 2732 Cisterciensis.
1148 2673 1516 2734 Antoninus
1547 2671 1958 2734 Florentinus
1983 2669 2066 2750 (>14
2105 2670 2278 2752 1559)
2313 2671 2375 2731 in
2409 2669 2708 2734 chronico
2742 2687 2886 2746 suo,
2918 2673 3056 2735 Sec.
3091 2672 3208 2745 1X,
3241 2688 3378 2749 cap.
3412 2670 3476 2738 2,

245 2790 327 2852 lit.
355 2793 515 2869 XVI,
557 2799 584 2872 ᾗ
620 2797 684 2870 3,
719 2799 1130 2861 Vincentium
1163 2801 1240 2862 ad
1279 2801 1546 2864 verbum
1586 2800 1883 2863 reddidit.
3342 2767 3348 2773 I

313 2923 690 2987 Trithemius
744 2925 764 3005 (
799 2935 859 2993 r14
895 2927 1070 3005 1516)
1125 2928 1292 2990 inter
1333 2927 1498 2990 duos
1532 2929 1814 2990 Joannes
1841 2929 2084 2998 Scotos,
2115 2945 2148 2987 e
2174 2929 2414 3007 quibus
2443 2947 2610 2989 unus
2637 2929 2843 2990 Bedae
2876 2929 3238 3008 discipulus
3271 2930 3466 2989 fuerit

245 3045 448 3108 diserte
485 3046 854 3122 distinguit,
905 3045 1234 3125 deceptus,
1291 3055 1357 3108 ut
1405 3046 1662 3125 Opinor,
1711 3043 1853 3107 loco
1888 3044 2212 3107 Vincentii
2261 3045 2759 3119 Bellovacensis,
2803 3047 2918 3126 qui
2957 3046 3001 3108 l.
3035 3046 3076 3108 l.
3106 3047 3228 3108 'lib.
3267 3049 3481 3109 XXIV

244 3178 428 3239 omnia
475 3178 732 3239 miscuit
782 3178 1119 3240 scribens:
1157 3179 1560 3259 Fueruntque
1602 3177 1872 3240 Parisiis
1931 3177 2298 3257 Iundatores
2334 3177 2523 3258 hujus
2578 3178 2791 3240 Studii
2829 3188 3130 3260 quattuor
3162 3180 3474 3250 monachi.

245 3305 416 3367 ledae
447 3305 776 3386 discipuli,
807 3307 1047 3369 scilicet
1086 3307 1377 3368 Rabanus
1409 3315 1465 3368 et
1500 3306 1830 3382 Alcuinus,
1863 3304 2170 3368 Claudius
2207 3314 2264 3367 et
2299 3307 2564 3367 Ioannes
2605 3307 2854 3368 Scotus.
2884 3307 3062 3381 Quae
3095 3311 3281 3374 verba
3312 3328 3486 3390 quo-

249 3437 673 3519 modocunque
720 3438 1067 3519 intelligis,
1117 3440 1374 3502 veritati
1423 3456 1552 3502 non
1606 3439 2024 3502 conveniunt.
2077 3438 2470 3500 Trithemius
2519 3438 2718 3516 igitur
2764 3439 2831 3501 in
2886 3439 3050 3502 libro
3104 3443 3183 3507 de
3228 3447 3480 3526 Scriptt.

250 3565 462 3630 Eccles.
501 3568 604 3630 ed.
637 3569 1039 3632 Francorum.
1068 3571 1246 3645 1601,
1272 3587 1335 3649 p.
1358 3570 1500 3643 252,
1541 3569 1695 3631 haec
1725 3567 1914 3630 refert
1941 3590 1956 3630 :
1997 3569 2270 3630 Joannes
2289 3569 2514 3630 Scotus
2548 3568 2883 3629 monachus
2917 3570 3161 3632 ordinis
3193 3573 3259 3634 S.
3298 3574 3488 3634 Bene-

249 3694 401 3770 dicti,
421 3697 620 3759 Bedae
648 3698 934 3760 monachi
965 3707 1020 3759 et
1053 3699 1333 3760 doctoris
1359 3697 1693 3759 clarissimi
1726 3697 2038 3776 quondam
2065 3693 2325 3756 auditor
2356 3704 2540 3774 atque
2570 3693 2950 3773 discipulus,
2974 3695 3210 3775 collega
3243 3698 3481 3772 Albini,

249 3825 458 3887 veniens
488 3846 630 3888 eum
664 3847 732 3888 eo
765 3826 837 3887 de
863 3828 1199 3888 Britannia
1231 3828 1298 3888 in
1334 3826 1626 3898 Galliam,
1648 3824 1819 3905 apud
1847 3796 2144 3886 Carolum
2185 3825 2632 3902 Imperatorem
2669 3824 2966 3903 Magnum
3003 3825 3068 3885 in
3099 3827 3303 3903 pretio
3333 3825 3483 3904 fuit.

250 3949 354 4024 Qui
393 3971 528 4013 eum
559 3960 709 4013 esset
745 3953 848 4013 uir
879 3953 946 4013 in
983 3950 1268 4013 omnibus
1298 3952 1641 4031 scripturis
1677 3948 2101 4023 doctissimus,
2143 3948 2340 4009 edidit
2385 3948 2558 4009 claro
2608 3968 2885 4011 sermone
2931 3949 3280 4010 clarissima
3331 3970 3488 4030 opu-

250 4080 416 4152 scula,
443 4083 522 4143 de
565 4081 793 4162 quibus
837 4081 960 4142 ista
991 4082 1285 4161 feruntur
1306 4102 1327 4140 :
1357 4081 1435 4140 In
1465 4078 1873 4158 Evangelium
1915 4079 2219 4140 Matthaei
2264 4078 2373 4142 lib.
2414 4081 2545 4143 III.
2590 4082 2674 4141 De
2705 4082 2935 4162 ofﬁciis
2964 4081 3248 4141 humanis
3284 4081 3391 4142 lib.
3424 4081 3482 4142 I.

253 4208 321 4269 De
342 4209 638 4274 divisione
666 4209 946 4272 Naturae
977 4208 1085 4271 lib.
1120 4209 1178 4270 I.
1205 4209 1349 4269 Alia
1394 4226 1636 4288 quoque
1667 4206 1863 4267 multa
1895 4207 2268 4286 composuit,
2311 4226 2465 4288 quae
2504 4207 2585 4269 ad
2607 4210 2898 4270 notitiam
2934 4229 3123 4269 meam
3159 4228 3283 4269 non
3320 4228 3490 4269 vene-

251 4346 399 4400 runt.
429 4340 678 4403 Claruit
709 4346 820 4405 sub
854 4344 1234 4424 temporibus
1258 4343 1476 4405 Caroli
1496 4344 1717 4422 Magni
1742 4344 2156 4422 Imperatoris
2181 4363 2344 4404 anno
2371 4343 2625 4404 Domini
2652 4345 2794 4404 800.
2826 4343 3068 4404 Deinde
3103 4342 3258 4403 ibid.
3285 4362 3346 4424 p.
3370 4345 3488 4406 25's

253 4461 383 4529 haec
410 4471 580 4532 addit
623 4493 636 4532 :
673 4473 969 4546 Joannes,
1025 4471 1232 4534 dictus
1275 4473 1570 4552 Erigena,
1637 4472 1995 4546 monachus,
2038 4473 2106 4532 in
2136 4471 2371 4532 divinis
2407 4471 2763 4549 Scripturis
2808 4469 3051 4544 doctus,
3094 4481 3147 4532 et
3187 4474 3254 4533 in
3293 4473 3490 4534 disci-

248 4592 405 4670 plina
429 4601 802 4664 secularium
831 4602 1310 4683 disciplinarum
1338 4602 1821 4676 eruditissimus,
1863 4622 2081 4682 graeco
2113 4611 2166 4662 et
2218 4601 2418 4662 latino
2451 4599 2532 4660 ad
2559 4598 2808 4680 plenum
2838 4599 3186 4662 instructus
3215 4602 3486 4681 eloquio,

255 4723 470 4801 ingenio
500 4729 782 4805 subtilis,
820 4749 1093 4792 sermone
1129 4735 1533 4812 compositus,
1558 4733 1817 4814 jubente
1850 4733 2104 4806 Carolo,
2153 4733 2286 4812 ﬁlio
2325 4731 2674 4805 Ludowici,
2708 4733 2907 4811 fratre
2952 4729 3244 4790 Lotharii
3273 4729 3489 4806 Impe-

254 4858 488 4930 ratoris,
527 4860 857 4922 transtulit
894 4864 958 4924 in
994 4865 1288 4934 Latinum
1320 4888 1339 4928 :
1370 4866 1752 4927 Ierarchiam
1783 4873 1837 4925 et
1871 4864 2068 4926 libros
2099 4865 2389 4944 Dionysii
2443 4863 2554 4926 lib.
2597 4863 2708 4926 IV.
2741 4859 3012 4940 Scripsit
3049 4878 3237 4940 super
3271 4858 3490 4920 eisdem

258 4979 354 5045 lib.
383 4989 482 5050 IV.
507 4991 592 5050 Et
614 4992 913 5072 quaedam
937 4995 1085 5056 alia.
1111 4995 1361 5058 Claruit
1381 4997 1494 5058 sub
1515 4997 1817 5059 Lothario
1839 4998 2225 5076 Imperatore
2245 5015 2409 5056 anno
2431 4993 2683 5055 Domini
2701 4993 2840 5054 850.
2872 4989 3111 5052 Pariter
3137 4989 3202 5048 in
3230 4987 3390 5049 libro
3413 4989 3490 5048 dc

255 5113 388 5176 viris
411 5117 774 5184 illustribus
801 5123 1047 5185 ordinis
1067 5124 1128 5186 S.
1155 5125 1482 5189 Benedicti
1507 5126 1619 5188 lib.
1657 5127 1716 5186 ll
1744 5143 1883 5206 cap.
1911 5126 1989 5186 27
2026 5126 2148 5188 hoc
2177 5125 2365 5188 titulo
2395 5146 2410 5185 :
2441 5125 2530 5184 De
2556 5125 2797 5185 Joanne
2817 5124 3006 5186 Scoto
3052 5120 3209 5183 haec
3268 5119 3490 5182 tradit:

255 5240 498 5309 Joannes
530 5249 758 5312 Scotus
793 5253 1150 5328 monachus,
1189 5255 1254 5315 in
1289 5253 1520 5333 Anglia
1562 5252 1823 5314 auditor
1857 5251 2226 5314 venerabilis
2271 5250 2466 5312 Bedae
2507 5250 2882 5331 presbyteri,
2918 5252 3126 5314 socius
3166 5260 3222 5311 et
3256 5249 3493 5326 collega

255 5367 468 5437 domini
504 5379 762 5441 Alcuini
802 5383 940 5462 jam
987 5381 1165 5456 dicti,
1213 5383 1315 5444 vir
1367 5384 1434 5443 in
1488 5382 1721 5444 divinis
1767 5384 2124 5462 Scripturis
2173 5380 2592 5454 doctissimus,
2653 5389 2706 5441 et
2753 5381 2819 5441 in
2857 5379 3242 5441 secularibus
3289 5378 3535 5440 literis'

255 5509 549 5588 magniﬁce
574 5513 948 5587 instructus,
986 5523 1244 5595 scripsit
1281 5534 1407 5576 non
1436 5515 1905 5577 contemnendae
1935 5516 2220 5576 lectionis
2258 5515 2585 5594 opuscula,
2627 5514 2700 5574 de
2731 5503 2956 5592 quibus
2990 5510 3073 5572 ad
3107 5528 3297 5571 meam
3325 5511 3465 5570 noti

257 5635 390 5694 tiam
421 5656 623 5716 pauca
645 5653 1056 5719 peruenerunt
1094 5666 1114 5706 :
1147 5645 1226 5705 In
1259 5645 1665 5724 Etangelium
1702 5647 1927 5708 Matth.
1966 5646 2074 5707 lib.
2111 5647 2142 5706 Ι
2158 5647 2218 5706 ν.
2255 5647 2340 5706 De
2375 5646 2601 5726 ofﬁciis
2644 5645 2928 5705 humanis
2959 5644 3068 5705 lib.
3101 5643 3134 5704 Ι
3163 5665 3183 5704 :
3212 5650 3265 5702 et
3297 5640 3495 5703 multa

258 5761 390 5827 alia.
443 5768 688 5830 (.‘laruit
738 5787 897 5830 anno
939 5770 1189 5830 Domini
1233 5771 1349 5832 780
1393 5771 1500 5832 sub
1555 5771 1804 5835 Carolo.
1844 5773 2093 5845 Quibus
2147 5771 2186 5832 1.
2233 5771 2272 5835 1.
2318 5771 2427 5833 lib.
2471 5771 2578 5845 ill,
2613 5787 2747 5848 cap.
2784 5769 2904 5841 212
2939 5769 3060 5832 hoc
3113 5766 3322 5829 indice
3360 5788 3374 5826 :
3407 5765 3496 5825 De
