3952 6152
403 326 469 371 ιι
481 329 529 367 γι
1824 304 1964 361 ρηο

1824 304 2247 361 PROOEMIUM.

398 446 464 513 S.
515 454 749 510 Joanne
800 443 985 507 Scoto
1035 450 1307 521 martyre
1355 441 1511 503 haec
1558 438 1895 519 subJunxit
1940 460 1956 499 :
1997 439 2271 501 Joannes
2318 439 2581 509 Scotus,
2627 439 2962 503 monachus
3013 440 3555 504 Malbesberiensis
3604 444 3670 504 in

399 575 656 657 Anglia,
691 576 793 637 vir
837 574 1063 649 doctus.
1097 580 1150 632 et
1192 569 1523 651 religiosae
1568 569 2087 643 conversationis,
2139 569 2321 648 cujus
2369 571 2556 633 etiam
2600 572 2671 634 in
2722 571 2991 635 secundo
3042 570 3357 633 volumine
3406 574 3672 653 fecimus

399 700 788 773 mentionem,
824 697 996 781 apud
1028 696 1328 761 Carolum
1359 695 1617 759 Calvum
1646 695 2095 777 Imperatorem
2141 715 2361 778 magno
2406 700 2473 761 in
2501 700 2708 780 pretio
2737 701 2888 781 fuit.
2926 699 3055 776 Qui
3090 699 3335 760 tandem
3363 701 3634 780 martyri
3644 721 3670 761 φ

402 839 742 891 coronatus
782 848 822 890 a
849 837 1048 892 morte
1078 830 1377 892 transivit
1415 828 1501 891 ad
1543 829 1738 891 vitam
1811 829 2154 909 Confessus
2209 830 2370 891 enim
2414 830 2699 912 graphiis
2750 849 3117 911 puerorum,
3154 847 3336 923 'quos
3391 826 3673 903 docebat,

401 958 607 1019 nescio
636 975 765 1037 guo,
798 958 1158 1040 instigante,
1187 966 1335 1040 post
1374 968 1635 1022 mortem
1665 959 1881 1022 multis
1928 960 2162 1023 claruit
2211 960 2432 1041 signis.
2484 960 2634 1041 Legi
2674 969 2880 1023 autem
2933 962 2999 1023 in
3026 962 3293 1043 quadam
3326 966 3676 1045 scriptura,

402 1078 574 1167 quod
596 1089 793 1169 fuerit
845 1080 1177 1173 episcopus
1203 1090 1813 1172 Mykelenburgensis
1843 1091 1954 1159 sub
1987 1092 2323 1155 Bremensi.
2356 1092 2512 1172 Ejus
2539 1091 2744 1153 natale
2770 1092 3009 1154 colitur
3037 1093 3075 1154 ιι
3094 1093 3251 1155 ldus
3277 1093 3670 1159 Novembris.

404 1212 654 1277 Claruit
673 1234 834 1277 anno
863 1218 1111 1282 Domini
1138 1221 1258 1284 880
1284 1220 1401 1283 sub
1427 1220 1657 1283 Carolo
1685 1220 1901 1295 Calvo,
1932 1228 1988 1282 et
2017 1223 2189 1285 vixit
2216 1221 2418 1284 adhuc
2448 1220 2665 1283 multis
2693 1224 2879 1285 annis
2904 1231 3048 1303 post
3078 1243 3234 1285 eum.
3270 1224 3404 1285 Alii
3433 1224 3678 1298 volunt,

403 1345 575 1427 quod
606 1348 907 1411 claruerit
948 1347 1061 1409 sub
1098 1349 1372 1412 Henrico
1408 1356 1634 1431 quarto
1671 1369 1834 1414 anno
1879 1350 2135 1413 Domini
2171 1352 2344 1415 1060.
2391 1351 2513 1413 Sed
2551 1353 2739 1431 prior
2773 1354 2992 1432 opinio
3024 1353 3178 1414 mihi
3213 1352 3467 1416 videtur
3498 1355 3682 1419 chro-

403 1476 568 1539 nicis
612 1486 1020 1550 consentanea
1058 1486 1115 1539 et
1160 1478 1298 1542 ideo
1346 1480 1579 1545 verior.
1616 1480 1758 1544 Nisi
1790 1483 1956 1562 forte
1992 1480 2117 1544 duo
2148 1482 2437 1562 fuissent,
2482 1500 2608 1543 uno
2645 1482 2947 1561 martyrii
2988 1499 3204 1561 genere
3240 1481 3508 1544 diversis
3533 1489 3683 1542 tem-

407 1606 674 1685 poribus
713 1609 1089 1691 interempti.

493 1761 777 1822 Joannes
800 1759 1030 1824 Bnleus
1059 1759 1314 1839 (ﬂcirca
1340 1760 1539 1845 1560),
1563 1763 1672 1844 qui
1699 1763 1934 1843 pariler
1960 1762 2122 1826 duos
2159 1764 2442 1829 Joannes
2465 1765 2686 1827 Scotos
2712 1758 3041 1830 discernit,
3070 1759 3135 1820 in
3170 1760 3357 1834 libro,
3389 1760 3493 1823 cui
3529 1760 3688 1821 titu-

421 1882 526 1946 lus
551 1901 566 1942 :
596 1880 956 1944 lllustrium
980 1880 1241 1962 majoris
1265 1882 1636 1945 Britanniae
1658 1884 2044 1963 scriptorum
2074 1853 2479 1946 summarium
2511 1883 2689 1954 ιδιδ,
2715 1881 2830 1946 fol.
2860 1880 2939 1943 57
2975 1880 3132 1944 haec
3166 1881 3385 1945 tradit:
3412 1883 3689 1944 Joannes

414 2005 814 2078 Mailrosius,
858 2003 1222 2084 cognomine
1242 2011 1297 2064 et
1330 1985 1585 2065 natione
1607 2004 1861 2076 Scotus,
1892 2002 2153 2065 Alcuini
2180 2001 2441 2083 collega,
2469 2010 2529 2065 et
2570 2002 2942 2065 venerabilis
2972 2005 3173 2068 Bedae
3201 2026 3340 2068 cum
3385 2027 3453 2069 eo
3489 2026 3692 2089 quon-

419 2131 561 2189 dam
595 2127 972 2209 discipulus.
1015 2135 1199 2208 atque
1227 2123 1375 2185 dum
1396 2102 2070 2202 ‘Cantabrigiae'bonas
2108 2123 2327 2184 literas
2370 2120 2805 2201 profiteretur,
2832 2123 3120 2204 frequens
3150 2125 3415 2188 auditor
3442 2127 3685 2191 extitit.

410 2247 480 2309 Is
514 2266 652 2310 cum
682 2254 830 2309 esset
864 2245 1193 2329 utriusque
1224 2243 1501 2323 linguae,
1533 2240 1765 2303 latinae
1797 2248 1848 2302 et
1908 2259 2186 2320 graecae,
2217 2241 2675 2321 peritissimus,
2706 2239 2876 2321 quod
2920 2241 2995 2304 de
3026 2244 3165 2324 ipso
3219 2245 3513 2308 historici
3560 2247 3693 2327 fere

417 2390 618 2432 omnes
650 2371 932 2433 unanimi
963 2367 1314 2432 testimonio
1330 2367 1629 2447 referunt,
1662 2363 1961 2445 adjuncto
1984 2364 2109 2426 sibi
2127 2363 2395 2427 Claudio
2418 2363 2718 2427 Clemente
2748 2365 2899 2444 pari
2928 2363 3218 2428 doctrina
3235 2366 3523 2446 praedito
3552 2388 3695 2430 cum

418 2488 871 2552 mercatoribus
904 2486 1128 2569 Anglis
1160 2488 1467 2549 Oceanum
1496 2501 1663 2544 mare
1693 2482 1967 2563 trajecit,
2008 2481 2453 2562 Parisiumque
2490 2480 2805 2561 pervenit.
2847 2479 2966 2542 Ubi
2998 2503 3142 2544 cum
3171 2483 3334 2546 inter
3358 2494 3592 2546 ceteros
3622 2486 3695 2547 in

413 2608 743 2689 publicum
777 2607 1118 2688 prodiisset
1162 2609 1395 2689 forum,
1441 2623 1550 2665 nec
1606 2576 1938 2683 quicquam
1983 2601 2207 2683 patria
2251 2607 2507 2682 praeter
2548 2600 2739 2665 bonas
2779 2599 3149 2681 disciplinas
3189 2615 3602 2685 exportasset,
3633 2624 3698 2665 se

416 2733 789 2814 sapientiam
816 2726 1137 2812 proﬁteri,
1175 2751 1421 2813 eamque
1449 2732 1675 2796 habere
1709 2732 1982 2794 venalem
2013 2752 2152 2794 cum
2179 2732 2351 2794 socio
2383 2729 2833 2793 conclamabat.
2863 2726 3047 2805 Quod
3075 2725 3335 2787 audiens
3364 2742 3478 2785 rex
3498 2722 3698 2785 Caro.

415 2857 515 2920 lus
541 2865 943 2937 cognomento
977 2856 1269 2937 Magnus,
1292 2857 1571 2938 provisis
1606 2855 1995 2929 necessariis,
2050 2873 2151 2916 eos
2183 2852 2360 2917 illico
2386 2854 2677 2924 retinuit,
2711 2863 2780 2912 ut
2815 2851 3193 2932 confluentes
3222 2847 3304 2909 ad
3345 2848 3518 2928 ipsos
3564 2867 3697 2909 un-

419 2980 603 3064 dique
652 2980 963 3042 nobilium
1004 2980 1395 3042 Francorum
1441 2977 1854 3040 adolescentes
1910 2975 2259 3039 liberaliter
2297 2973 2645 3036 erudirent.
2677 2972 2988 3052 Frequens
3038 2967 3181 3031 inde
3233 2967 3697 3028 advenientium

416 3095 572 3160 illuc
601 3106 936 3158 conventus
972 3095 1196 3178 eﬁ'ecil,
1231 3102 1299 3155 ut
1335 3092 1572 3155 Parisii
1606 3092 1818 3154 statim
1865 3091 2211 3171 percelebre
2238 3098 2400 3175 esset
2429 3089 2848 3151 auditorium.
2873 3089 3102 3152 Sanxit
3144 3088 3412 3152 Carolus
3461 3106 3699 3161 pravo.-

403 3222 596 3283 .cante
624 3213 924 3284 Alcuino,
963 3220 1033 3273 ut
1065 3211 1353 3291 deinceps
1382 3211 1518 3274 illic
1552 3219 1700 3273 esset
1726 3210 2008 3292 generale
2046 3210 2350 3274 bonarum
2393 3211 2631 3271 artium
2663 3206 2967 3284 studium,
2996 3217 3050 3270 et
3082 3217 3150 3268 ul
3184 3204 3488 3269 Claudius
3525 3211 3592 3270 in
3629 3224 3698 3263 eo

416 3331 924 3412 praepositurum
952 3337 1208 3409 gereret,
1233 3330 1503 3392 Joannes
1520 3350 1665 3394 vero
1694 3331 1954 3413 Papiam
1980 3330 2356 3403 concederet,
2380 3338 2451 3392 ut
2484 3337 2540 3391 et
2577 3326 2710 3391 illic
2743 3345 2985 3408 quoque
3015 3324 3337 3407 gymnasio
3364 3323 3550 3385 initia
3581 3340 3702 3400 po-

419 3457 613 3515 neret.
637 3447 1003 3526 Composuit
1046 3447 1163 3508 iste
1213 3445 1475 3527 eleganti
1504 3467 1782 3511 sermone
1823 3448 2200 3528 rogantibus
2231 3446 2565 3527 discipulis
2617 3442 2970 3507 clarissima
3002 3439 3330 3521 opuscula,
3362 3439 3704 3520 praecipue

421 3566 609 3629 haec:
657 3568 739 3631 In
784 3566 1197 3647 Evangelium
1238 3565 1544 3628 Matthaei
1586 3564 1696 3630 lib.
1734 3568 1869 3630 ΙΙΙ.
1900 3568 1989 3629 De
2027 3569 2257 3649 officiis
2298 3566 2587 3629 humanis
2617 3565 2726 3628 lib.
2758 3565 2815 3627 Ι.
2852 3564 2938 3625 De
2971 3560 3198 3643 ofﬁciis
3226 3557 3463 3619 divinis
3491 3556 3601 3620 lib.
3639 3557 3698 3619 1.

427 3691 523 3752 De
570 3688 881 3751 divisione
907 3687 1187 3753 Naturae
1216 3685 1327 3749 lib.
1356 3686 1412 3749 I.
1450 3687 1536 3749 De
1558 3689 1868 3767 germanis
1889 3689 2092 3769 juxta
2121 3690 2437 3752 Irenicum
2466 3686 2577 3752 lib.
2610 3689 2667 3749 I.
2700 3683 3194 3750 Commentarios
3219 3682 3704 3761 Scripturarum

428 3807 539 3871 lib.
572 3808 633 3870 1.
670 3805 987 3869 Homilias
1018 3805 1297 3869 eruditas
1325 3806 1436 3871 lib.
1474 3810 1535 3872 Ι.
1575 3809 1699 3874 Nec
1730 3809 2153 3892 dubito,'quin
2180 3810 2286 3874 his
2319 3812 2500 3891 longe
2528 3811 2721 3892 plura
2750 3807 3132 3873 condiderit.
3165 3807 3247 3868 In
3278 3804 3443 3867 libro
3479 3820 3592 3864 suo
3629 3800 3707 3861 de

427 3928 706 3993 Naturae
757 3924 1066 3988 divisione
1113 3926 1428 3989 solvendis
1472 3929 1939 4009 quaestionibus
1973 3938 2063 3992 est
2107 3931 2325 4006 utilis,
2363 3929 2469 3993 sed
2503 3930 2784 4011 Papistis
2809 3929 3158 4011 plurimum
3196 3927 3517 3991 Antonino
3554 3932 3706 3986 teste

431 4040 803 4122 displicuit,
859 4041 1028 4125 quod
1074 4043 1327 4115 Graecis
1361 4045 1657 4110 adversus
1699 4068 1912 4111 eorum
1946 4051 2277 4131 insynccra
2318 4051 2613 4131 dogmata
2638 4055 2706 4116 in
2740 4051 3062 4133 plerisque
3116 4049 3483 4113 consentiat.
3550 4042 3698 4107 Divi

430 4163 773 4244 Augustini
829 4165 1204 4226 monasterio
1267 4166 1534 4231 Carolus
1574 4171 1738 4232 hunc
1772 4171 1981 4234 Ticini
2015 4191 2123 4233 seu
2167 4170 2404 4251 Papiae
2440 4173 2741 4253 praefecit
2776 4190 2942 4235 anno
2976 4179 3230 4234 nostrae
3255 4165 3703 4246 redemptionis

430 4285 573 4359 792,
629 4286 695 4347 in
724 4303 844 4367 quo
878 4292 931 4347 et
965 4302 1163 4346 senem
1194 4284 1419 4347 abiisse
1446 4285 1691 4348 tandem
1717 4288 2012 4351 nonnulli
2045 4287 2331 4365 credunt,
2365 4289 2572 4352 Scotis
2601 4289 2958 4351 dominante
2984 4289 3313 4352 Solvathio
3344 4303 3508 4365 rege.
3533 4284 3708 4345 Satis

439 4401 633 4463 claret
688 4422 766 4465 ex
803 4401 1012 4477 dictis,
1060 4401 1399 4466 Alcuinum
1449 4412 1507 4467 et
1535 4405 1841 4469 Joannem
1883 4408 2048 4469 inter
2092 4408 2332 4489 Anglos
2367 4408 2459 4469 ita
2483 4408 2684 4490 fuisse
2722 4406 3145 4469 doctissimos.
3190 4402 3436 4467 Deinde
3480 4398 3596 4462 fol.
3625 4398 3709 4460 65

433 4519 515 4584 de
544 4528 761 4584 nostro
809 4520 1057 4584 Joanne
1089 4523 1275 4587 Scoto
1315 4532 1526 4587 narrat
1555 4523 1784 4590 haecce
1812 4547 1834 4588 :
1862 4527 2137 4587 Joannes
2168 4525 2510 4598 Patricius,
2549 4524 2712 4585 alias
2742 4524 3044 4603 Erigena,
3073 4525 3420 4585 Britannus
3452 4516 3711 4578 natione

433 4662 541 4706 seu
578 4643 846 4708 Guallus
877 4643 1203 4724 Anglicus,
1254 4644 1321 4705 in
1375 4625 1659 4707 Henevia
1704 4646 2092 4706 Demetarum
2141 4643 2317 4720 urbe,
2365 4644 2494 4705 sive
2541 4641 2624 4703 ad
2656 4650 2939 4704 sanctum
2973 4636 3295 4705 Davidem,
3319 4649 3398 4691 ex
3426 4626 3707 4703 patricio

438 4773 734 4855 genitore_
762 4780 973 4845 natus,
1017 4788 1056 4829 a
1083 4766 1402 4849 plerisque
1431 4765 1851 4846 scriptoribus
1876 4762 2314 4846 philosophus,
2337 4764 2410 4826 ab
2447 4763 2595 4825 aliis
2625 4780 2793 4833 vero,
2829 4759 2935 4821 sed
2962 4775 3311 4841 perperam,
3340 4753 3566 4815 Scotus
3596 4770 3711 4840 co-

442 4899 865 4980 gnominatur.
898 4898 1060 4971 Dum
1091 4895 1328 4977 Anglos
1359 4896 1516 4958 Daci
1555 4896 1802 4976 rapinis
1845 4903 1899 4957 et
1947 4895 2123 4958 bellis
2154 4895 2541 4975 infestarent,
2585 4907 2657 4950 ac
2691 4888 2900 4949 omnia
2933 4884 3068 4948 illic
3105 4876 3484 4947 tumultibus
3517 4881 3711 4935 essent

443 5022 650 5104 plena,
673 5021 920 5100 longam
971 5016 1535 5099 peregrinationem
1581 5016 1851 5078 Athenas
1885 5033 2077 5096 usque
2103 5014 2471 5093 suscipiens,
2517 5027 2698 5091 quam
2736 5007 2954 5087 plures
2987 5018 3185 5064 annos
3207 4997 3412 5059 literis
3443 4990 3714 5073 graecis,

445 5141 786 5207 chaldaicis
817 5149 871 5203 et
898 5139 1171 5202 arabicis
1204 5138 1547 5201 insudavit.
1580 5136 1802 5201 Omnia
1831 5137 1991 5198 enim
2025 5134 2308 5198 visitavit
2354 5128 2878 5212 philosophorum
2913 5124 3052 5186 loca
3102 5130 3158 5183 et
3194 5115 3431 5189 studia,
3491 5113 3615 5175 imo
3660 5118 3717 5170 et

447 5266 654 5344 ipsum
674 5258 1004 5325 oraculum
1029 5258 1207 5332 solis,
1229 5256 1400 5338 quod
1436 5254 1844 5337 Aesculapius
1877 5255 2001 5319 sibi
2021 5258 2485 5318 construxerat.
2513 5249 2587 5311 In
2615 5265 2737 5329 quo
2766 5244 3292 5339 abstinentissimo
3330 5236 3580 5302 cuidam
3599 5234 3721 5297 hu‘

449 5384 751 5449 millimus
779 5381 1059 5455 servivit,
1089 5387 1163 5441 ut
1206 5375 1319 5438 sub
1363 5393 1433 5437 ea
1466 5374 1666 5436 omnis
1685 5373 2126 5454 philosophiae
2150 5370 2549 5450 investigaret
2582 5373 2836 5429 secreta.
2873 5354 3201 5425 Inveniens
3233 5357 3502 5431 tandem,
3540 5351 3715 5436 quod

455 5512 579 5565 tam
624 5503 985 5574 longissimo
1032 5499 1247 5563 labore
1296 5497 1713 5580 quaesiverat,
1763 5495 1833 5557 in
1882 5493 2141 5556 Italiam
2167 5501 2223 5554 et
2263 5489 2540 5555 Galliam
2570 5494 2661 5549 est
2690 5501 2994 5547 reversus.
3030 5479 3147 5544 Ubi
3179 5478 3255 5540 ob
3290 5469 3721 5537 incredibilem

453 5632 867 5697 eruditionem
939 5629 1168 5696 Carolo
1219 5621 1434 5694 Calvo,
1489 5628 1547 5681 et
1593 5625 1740 5700 post
1787 5634 1921 5679 eum
1966 5613 2288 5679 Ludovico
2338 5608 2535 5675 Balbo
2588 5614 2917 5687 acceptus,
2968 5597 3264 5679 Dionysii
3302 5591 3721 5674 Areopagitae

450 5754 655 5831 libros,
698 5753 770 5815 de
823 5752 1068 5824 caglesti
1112 5746 1457 5819 Ierarchia,
1482 5761 1559 5803 ex
1586 5737 2139 5819 Constantinopoli
2179 5745 2326 5799 tunc
2368 5736 2610 5809 missos,
2644 5732 2878 5796 latinos
2906 5729 3049 5807 fecit
3094 5715 3262 5788 anno
3294 5719 3548 5783 Domini
3575 5716 3719 5778 858.
