3952 6152
1716 321 2140 378 PROOEMIUM.
3420 349 3568 388 um

305 448 624 528 Profectus
653 448 1001 529 aliquando
1030 462 1176 532 post
1232 456 1296 514 in
1333 455 1727 515 Britanniam
1776 455 2149 516 Meneviensi
2186 458 2248 516 in
2284 459 2684 533 monasterio,
2725 458 2892 537 quod
2930 460 3012 520 ad
3051 461 3311 522 Davidis
3352 467 3572 544 [unum

182 561 188 566 ’
304 573 560 648 dicitur,
594 593 658 636 se
692 578 1060 638 monachum
1087 578 1234 656 fecit
1274 577 1342 638 in
1371 575 1614 637 ultimis
1647 575 1937 636 Gualliae
1965 577 2218 655 finibus.
2257 578 2381 639 Nec
2414 588 2662 657 poterat
2701 581 2866 672 ineo
2903 580 3014 641 diu
3043 581 3266 657 latere,
3294 583 3399 643 sed
3429 583 3575 644 inde

305 697 558 750 vocatus
610 693 690 754 ab
741 693 1000 774 Alfredo
1059 694 1408 776 Anglorum
1436 711 1598 774 rege,
1649 702 1776 753 tam
1823 694 1968 766 sibi,
2020 713 2203 774 quam
2246 696 2378 755 suis
2426 696 2640 756 liberis
2680 697 3001 759 adhibitus
3035 707 3124 759 est
3159 707 3556 778 praeceptor.

307 808 468 871 Unde
498 819 558 872 et
585 813 725 892 ipso
763 813 1135 874 adhortante
1155 822 1407 891 praeter
1435 811 1564 872 alia
1585 809 1942 872 studiorum
1967 829 2226 872 suorum
2250 823 2640 874 monumenta
2672 835 2699 875 e
2728 817 2962 877 Graeco
2988 817 3321 879 transtulit
3355 819 3421 879 in
3445 824 3572 878 tres

305 923 548 1004 linguas
595 927 1002 1002 Chaldaicam,
1050 928 1364 990 arabicam
1401 935 1457 989 et
1515 929 1778 990 latinam
1823 929 2186 990 Aristotelis
2227 933 2494 992 moralia
2530 931 2602 992 de
2637 936 2888 996 secretis
2919 943 3298 998 secretorum
3328 958 3436 998 seu
3469 956 3570 999 re-

303 1057 397 1110 cto
434 1051 740 1130 regimine
787 1053 1172 1131 principum,
1225 1067 1384 1130 opus
1435 1051 2015 1130 exquisitissimam.
2071 1053 2211 1113 Hoc
2241 1054 2380 1114 viro
2415 1055 2643 1116 eximio
2675 1073 2777 1114 seu
2807 1059 3044 1133 geniali
3071 1057 3338 1138 quodam
3372 1057 3574 1120 sidere

303 1166 652 1232 adornabat
721 1169 1014 1249 Alfredus
1065 1169 1440 1233 academiam
1495 1189 1671 1232 suam
1725 1173 2012 1235 Oxoniae
2040 1182 2188 1234 tunc
2221 1175 2594 1236 inchoatam.
2637 1177 2792 1236 Erat
2835 1177 2940 1236 ille
2982 1177 3252 1254 primus,
3287 1177 3396 1258 qui
3435 1175 3572 1237 illic

304 1287 551 1367 publice
587 1289 784 1350 bonas
827 1297 992 1352 artes
1021 1293 1460 1372 proﬁtebatur.
1503 1295 1778 1356 Joannes
1810 1298 1946 1370 iste,
1993 1297 2344 1358 subtilitate
2396 1300 2632 1377 ingenii
2669 1311 3031 1377 peracutus,
3102 1296 3398 1377 quaedam
3455 1317 3568 1355 no-

300 1419 461 1468 strae
515 1411 848 1488 religionis
902 1417 1367 1477 accuratissime
1393 1417 1718 1496 disputata
1769 1419 2168 1499 conscripsit,
2215 1424 2582 1500 praesertim
2621 1424 2750 1484 :De
2809 1421 3224 1484 immaculatis
3255 1423 3573 1500 mysteriis

311 1529 421 1590 lib.
456 1531 513 1594 I.
553 1531 646 1590 De
671 1532 792 1611 ﬁde
819 1543 1040 1596 contra
1069 1511 1370 1601 barbaros
1407 1539 1516 1602 lib.
1557 1541 1615 1603 Ι.
1650 1541 1736 1600 De
1766 1559 2034 1621 corpore
2069 1551 2124 1603 et
2158 1544 2462 1622 sanguine
2498 1544 2752 1604 Domini
2786 1541 2895 1604 lib.
2924 1541 2979 1601 Ι.
3019 1538 3144 1600 Pro
3174 1537 3580 1599 instituendis

297 1651 604 1712 nobilium
623 1652 778 1731 filiis
808 1654 916 1716 lib.
947 1657 997 1718 l.
1027 1657 1345 1720 Versiones
1377 1660 1669 1739 Dionysii
1704 1661 1814 1723 lib.
1851 1661 1908 1722 Ι.
1946 1661 2226 1723 Moralia
2267 1663 2627 1726 Aristotelis
2656 1664 2764 1726 lib.
2798 1665 2896 1724 IX
2920 1663 3082 1741 [Non
3112 1663 3341 1742 reliqui
3368 1661 3572 1722 locum
3637 1730 3646 1736 _

299 1792 398 1834 nec
428 1775 778 1855 templum].
809 1776 888 1838 In
913 1780 1296 1841 Ierarchiam
1323 1783 1794 1843 commentarios
1827 1782 1934 1844 lib.
1984 1783 2089 1844 IV.
2115 1784 2190 1844 In
2225 1783 2597 1858 theologiam
2625 1783 3078 1870 mysticam’lib.
3116 1784 3170 1843 I.
3203 1781 3573 1861 Paraphra-

297 1901 480 1964 sticos
501 1910 708 1964 tomos
729 1904 842 1967 lib.
865 1905 924 1967 Ῑ.
951 1906 1275 1985 Epistolas
1311 1908 1394 1970 ad
1413 1909 1691 1971 diversos
1719 1908 1826 1970 lib.
1859 1909 1916 1970 Ι.
1951 1910 2254 1988 Dogmata
2287 1907 2807 1988 philosophorum
2841 1906 2950 1968 lib.
2975 1907 3030 1967 1.
3067 1905 3152 1965 Et
3187 1903 3388 1966 adhuc
3419 1904 3570 1965 alia.

301 2019 372 2080 In
404 2019 574 2081 libro
609 2019 684 2081 de
714 2020 1115 2086 Eucharistia
1141 2025 1320 2105 fidem
1345 2045 1520 2088 suam
1552 2043 1630 2086 ex
1656 2025 2009 2104 Scripturis
2039 2025 2376 2106 fatebatur,
2407 2025 2520 2086 hoc
2549 2029 2752 2104 ipsum
2772 2027 3035 2086 sentiens
3058 2034 3112 2086 et
3135 2025 3381 2100 docens,
3409 2026 3606 2106 quod.

302 2163 373 2204 ea:
393 2143 618 2206 bibliis
647 2153 706 2205 et
731 2146 1086 2225 Augustino
1108 2147 1438 2220 didicerat,
1465 2154 1519 2207 et
1540 2145 1709 2227 quod
1727 2149 1994 2208 scicerat
2021 2149 2084 2206 in
2109 2145 2336 2208 Galliis
2357 2149 2746 2208 Bertrainum
2766 2149 3190 2228 presbyterum
3215 2149 3570 2210 tradidisse.

297 2263 418 2339 Qui
438 2263 603 2325 liber
623 2265 690 2327 in
724 2263 1085 2327 Vereellensi
1105 2265 1340 2347 synodo
1363 2287 1399 2328 a
1420 2268 1619 2328 Leone
1637 2268 1738 2329 IX
1754 2267 2052 2346 pontiﬁce
2072 2267 2349 2326 Romano
2389 2276 2604 2346 postea
2634 2266 2988 2337 damnatur,
3020 2267 3190 2348 quod
3219 2287 3428 2330 eorum
3455 2269 3575 2330 ad-

301 2397 576 2451 versetur
607 2391 915 2470 quaestui.
948 2391 1029 2450 ln
1058 2385 1580 2448 Malmesberiensi
1617 2385 1910 2448 coenobio
1955 2384 2220 2456 tandem,
2255 2404 2374 2465 quo
2413 2386 2818 2446 recreationis
2852 2387 3063 2463 gratia
3095 2406 3155 2446 se
3190 2387 3568 2459 contulerat,

300 2509 456 2570 inter
487 2508 810 2588 legendum
839 2529 876 2569 a
903 2507 1271 2590 quibusdam
1306 2505 1637 2586 discipulis
1670 2504 2056 2584 pugionibus
2095 2504 2564 2565 interimebatur
2598 2525 2760 2566 anno
2800 2507 3038 2572 Christi
3070 2511 3189 2574 88's
3215 2557 3230 2585 ,
3281 2515 3576 2594 fortassis

298 2649 420 2691 non
455 2626 590 2691 sine
616 2629 1061 2690 monachorum
1106 2628 1405 2708 impulsu,
1438 2627 1717 2708 quamvis
1761 2645 1896 2687 eum
1924 2628 2087 2687 inter
2118 2625 2440 2704 Ecclesiae
2467 2634 2768 2705 martyres
2818 2640 3034 2709 postea
3079 2637 3566 2696 numeracrrint.

298 2745 720 2827 Dmpiuntur
747 2749 874 2828 fere
904 2765 1106 2808 omnes
1130 2747 1541 2808 historiarum
1585 2746 1950 2823 scriptores,
1983 2745 2094 2824 qui
2126 2745 2310 2804 istum
2340 2763 2477 2804 cum
2500 2745 2899 2823 praecedente
2935 2752 3179 2814 Joanne
3226 2753 3337 2815 illo
3381 2755 3567 2815 Scoto

301 2870 639 2932 Mailrosio
676 2890 870 2934 unum
901 2873 1098 2952 fuisse
1145 2872 1448 2950 fatentur,
1485 2877 1610 2929 tam
1639 2865 1962 2949 vicinitate
2008 2873 2388 2945 temporum,
2426 2884 2608 2945 quam
2652 2871 2972 2932 nominum
3022 2895 3094 2936 ac
3131 2875 3567 2938 doctrinarum

297 2995 570 3072 paritate
597 2990 932 3053 occaecati.
970 2987 1212 3051 Videbit
1249 2987 1521 3068 vigilans
1550 2988 1784 3066 Argus,
1815 3004 1922 3046 seu
1957 2983 2244 3045 oculatus
2275 2983 2492 3056 lector,
2529 3001 2655 3044 non
2685 2986 2839 3046 satis
2871 2993 3221 3067 convenire,
3255 2995 3425 3073 quod
3452 3016 3575 3056 aus

302 3111 528 3173 dicerit
563 3111 818 3185 Bedam,
873 3119 928 3172 et
959 3111 1276 3190 hucusque
1300 3116 1559 3170 aetatem
1579 3101 2002 3187 protenderit,
2036 3104 2165 3164 nisi
2194 3122 2391 3164 annos
2422 3112 2664 3165 centum
2693 3111 2746 3164 et
2778 3105 2954 3169 LXX
2987 3110 3070 3171 ad
3105 3113 3312 3173 minus
3343 3115 3398 3176 ei
3428 3135 3575 3176 con-

300 3243 570 3294 ερεεενιι.

369 3348 522 3410 Post
549 3346 852 3410 Balaeum
878 3354 1227 3428 apostatam
1252 3348 1400 3411 audi
1423 3345 1757 3410 Leslaeum
1791 3343 2163 3424 episcopum
2193 3345 2581 3408 Rossensem
2607 3347 2693 3427 (at
2721 3344 2920 3429 159B),
2947 3350 3303 3412 constantia
3331 3370 3401 3414 ac
3429 3353 3573 3418 ﬁdei

296 3468 669 3531 sinceritate
703 3467 1041 3532 illustrem.
1076 3469 1201 3544 Qui
1235 3470 1302 3532 in
1334 3467 1502 3531 libro
1551 3466 1656 3529 cui
1691 3465 1920 3527 titulus
1948 3485 1962 3523 :
1994 3465 2079 3526 De
2112 3465 2378 3544 origine,
2410 3467 2691 3526 moribus
2727 3476 2781 3527 et
2811 3471 2993 3533 rebus
3023 3474 3211 3551 gestis
3245 3474 3576 3534 Scotorum

295 3587 404 3650 lib.
431 3589 512 3660 Χ,
535 3589 714 3650 Rom.
744 3590 922 3664 1578,
949 3607 1017 3670 p.
1053 3587 1170 3649 188
1191 3585 1270 3648 de
1300 3585 1544 3646 Joanne
1575 3582 1760 3645 Scoto
1781 3581 1941 3643 haec
1963 3580 2218 3660 scripsit
2245 3603 2260 3642 :
2289 3581 2643 3643 Plurimum
2667 3591 3014 3650 ornamenti
3035 3590 3303 3652 contulit
3326 3594 3575 3654 nationi

301 3723 554 3777 nostrae
583 3717 859 3778 Joannes
883 3717 1132 3790 Scotus,
1168 3715 1270 3775 vir
1303 3712 1659 3773 divinarum
1690 3725 1898 3768 rerum
1919 3707 2391 3781 scientissimus,
2418 3710 2528 3788 qui
2561 3717 2709 3788 post
2747 3710 2980 3772 multos
3001 3731 3196 3772 annos
3226 3714 3482 3776 Athenis
3506 3716 3571 3776 in

300 3835 537 3914 graecis
566 3835 772 3897 literis
801 3839 1198 3913 consumptos
1217 3849 1254 3890 a
1282 3827 1602 3891 Ludovico
1625 3826 2046 3886 Romanorum
2066 3823 2454 3898 Imperatore
2486 3829 2832 3889 accersitur
2861 3831 2926 3890 in
2950 3828 3245 3904 Galliam,
3280 3852 3350 3894 ac
3379 3851 3566 3914 prae-

297 3967 386 4018 ter
418 3961 550 4019 alia
579 3958 939 4018 studiorum
973 3961 1388 4024 monumenta,
1420 3949 1678 4030 jubente
1713 3951 1851 4024 ipso
1885 3941 2206 4006 Ludovico
2239 3956 2554 4024 Augusto,
2579 3945 2963 4009 Ierarchiam
2992 3948 3070 4010 D.
3100 3949 3391 4028 Dionysii
3421 3953 3570 4032 fecit

299 4085 580 4150 latinam.
605 4090 838 4150 Exstat
868 4107 1026 4168 opus
1057 4087 1298 4166 insigne
1319 4081 1787 4150 Commentariis
1817 4081 2110 4159 Hugonis
2153 4099 2189 4138 a
2217 4077 2279 4139 S.
2317 4081 2564 4142 Victore
2605 4079 2906 4161 Theologi
2943 4079 3354 4141 illustratum.
3384 4083 3568 4144 Brevi

295 4216 443 4288 post
483 4211 712 4269 missus
745 4228 782 4268 a
812 4207 1040 4270 Carolo
1075 4209 1259 4270 tertio
1297 4209 1366 4269 in
1390 4207 1679 4286 Angliam
1735 4206 1971 4286 legatus
2003 4205 2084 4265 ad
2111 4203 2434 4287 Alfredum
2463 4207 2812 4287 Anglorum
2840 4227 3061 4288 regem,
3103 4207 3340 4285 optimo
3382 4210 3570 4287 prin-

297 4339 430 4418 cipi
471 4339 938 4418 gratulaturus,
972 4338 1140 4420 quod
1169 4345 1316 4418 post
1348 4344 1601 4418 partam
1635 4334 1932 4394 adversus
1977 4333 2188 4394 Danos
2223 4334 2554 4394 victoriam
2581 4353 2792 4414 pacem
2836 4351 2973 4394 cum
3010 4332 3219 4394 Sectis
3255 4352 3326 4394 ac
3364 4333 3568 4393 Fran-

294 4471 380 4534 cis
408 4473 648 4545 inierit,
688 4470 762 4532 ob
794 4461 1084 4532 eximiam
1113 4467 1522 4530 eruditionem
1552 4483 1628 4526 ex
1659 4465 1857 4544 legato
1892 4460 2152 4543 Alfredo
2203 4464 2410 4542 factus
2448 4469 2534 4522 est
2588 4461 2832 4541 hospes,
2864 4460 3176 4541 regiisque
3205 4459 3422 4522 liberis
3463 4459 3569 4520 ad.

293 4601 530 4666 hibitus
557 4610 949 4682 praeceptor.
987 4601 1208 4663 Verum
1239 4605 1455 4678 postea
1485 4599 1552 4659 in
1574 4593 2110 4657 Malmesburiensi
2159 4591 2454 4653 coenobio
2487 4590 2736 4652 divinas
2763 4590 3179 4672 humanasque
3201 4591 3416 4652 literas
3444 4592 3568 4672 fre-

295 4733 506 4811 quenti
555 4731 884 4793 auditorio
925 4731 1344 4810 profitentem,
1369 4725 1623 4809 quidam
1675 4725 2146 4806 corruptissimi
2173 4722 2589 4784 adolescentes
2614 4767 2631 4796 ,
2673 4741 2942 4804 quorum
2979 4723 3384 4785 insolentiam
3425 4743 3568 4784 mo-

295 4876 550 4940 rumque
586 4861 961 4938 pravitatem
1011 4858 1223 4919 acrius
1267 4856 1591 4936 arguebat,
1636 4855 1842 4936 ipsum
1865 4855 2254 4935 pugionibus
2285 4857 2640 4936 confossum
2665 4855 3140 4925 interemerunt,
3179 4871 3353 4933 quem
3399 4853 3563 4914 inter

292 4983 530 5048 Christi
561 4993 865 5064 martyres
893 4987 1113 5050 sumnu‘
1163 4987 1484 5067 pontiﬁcis
1521 4986 1866 5050 autoritate
1891 5003 2010 5048 rex
2060 4985 2412 5061 numerari,
2455 4992 2510 5046 et
2557 4982 2750 5044 eidem
2799 4982 3045 5061 insigne
3085 4991 3563 5044 monumentum

293 5116 359 5175 in
389 5116 596 5177 eodem
616 5117 911 5180 coenobio
943 5119 1104 5198 erigi
1128 5119 1234 5200 pie
1255 5121 1531 5212 curavit.

369 5263 528 5337 523.
565 5262 739 5324 Haec
768 5263 964 5342 igitur
993 5268 1360 5327 testimonia
1391 5311 1414 5341 ,
1445 5265 1920 5346 qualiacunque
1950 5267 2142 5336 sunt,
2179 5259 2539 5342 adjicienda
2572 5261 2762 5322 nobis
2801 5259 2936 5322 visa
2988 5267 3160 5322 sunt.
3195 5261 3458 5319 Errores
3497 5257 3560 5318 in

291 5382 562 5446 Joannis
599 5383 768 5445 Scoti
804 5381 1012 5459 libris,
1043 5384 1156 5464 qui
1187 5393 1537 5464 supersunt
1566 5429 1583 5457 ,
1624 5384 1830 5465 sparsi
1855 5391 1961 5446 aut
1993 5383 2252 5463 scriptis
2286 5380 2882 5459 Pseudo-Diouysii
2922 5365 3257 5449 nituntur,
3316 5382 3426 5436 aut
3484 5395 3561 5437 ex

290 5499 623 5563 similibus
675 5501 1283 5582 NeOplatonicorum
1313 5504 1538 5577 libris,
1594 5522 1873 5586 quorum
1925 5505 2208 5585 aliquam
2246 5504 2495 5584 cOpiam
2543 5501 2976 5565 bibliothecae
3010 5492 3407 5557 Parisienses
3439 5495 3561 5574 ipsi
3624 5533 3627 5536 -

294 5599 742 5699 suppeditasse
777 5621 1078 5684 videntur
1107 5667 1123 5692 ,
1177 5620 1388 5683 hausti
1427 5630 1601 5684 sunt.
1653 5623 2133 5703 Nonnunquam
2188 5638 2337 5684 vero
2375 5621 2666 5699 Originis
2695 5635 2958 5700 quoque
2995 5615 3187 5680 falsas
3219 5617 3563 5696 opiniones

299 5743 477 5805 citat.
511 5745 627 5807 Dei
657 5761 740 5806 ne
771 5745 1015 5822 graecis
1055 5743 1344 5806 Patribus
1379 5745 1482 5804 SS.
1515 5744 1860 5821 Gregorius
1890 5744 2254 5822 Nyssenum
2294 5747 2353 5802 et
2383 5742 2875 5818 Nazianzenum,
2909 5749 2968 5802 et
3005 5741 3062 5800 S.
3096 5740 3401 5804 Basilium
3427 5783 3445 5814 ,
3479 5759 3557 5800 ex
