3952 6152
355 345 525 388 nvm
1775 313 2178 371 PROOEMIUM
2204 335 2210 344 ν

355 461 571 526 latinis
606 457 1038 537 Augustinum
1071 461 1132 518 et
1157 453 1562 517 Ambrosium
1598 452 1657 512 in
1693 452 2132 518 defensionem
2161 448 2298 528 plac
2328 455 2538 510 torum
2572 461 2838 510 suorum
2869 444 3075 506 affert.
3123 443 3250 504 Nec
3269 439 3624 503 defuerunt

357 579 636 656 theologi
667 579 990 658 aequales,
1015 576 1122 655 qui
1155 592 1306 638 sana
1339 575 1442 636 SS.
1474 576 1725 635 Patrum
1757 573 2044 635 doctrina
2077 573 2333 646 imbuti,
2362 571 3104 651 phiIOSOphicam,quam
3137 563 3243 624 ille
3265 561 3620 639 jactitabat,

357 697 423 758 in
461 696 956 778 quaestionibus
997 693 1372 771 tbeologxcis
1399 691 1727 754 solvendis
1761 691 2108 763 rationem,
2151 690 2356 754 indoli
2393 690 2727 754 literarum
2760 689 3263 770 theologicarum
3304 688 3446 767 ejus
3477 687 3620 750 aevi

357 815 629 878 omnino
663 815 1162 893 repugnantem,
1197 811 1450 873 fortiter
1485 818 1546 872 et
1583 827 1807 889 magna
1837 828 1982 873 cum
2019 810 2382 873 eruditione
2411 811 2884 890 impugnarent.
2924 811 2998 870 In
3036 825 3315 890 quorum
3349 823 3626 868 numero

357 933 776 998 Prudentium
804 931 1242 993 Tricassinum
1275 937 1336 992 et
1367 929 1629 991 Florum
1673 927 2170 1006 Lugdunensem
2200 928 2403 992 fuisse
2433 976 2450 1005 ,
2497 949 2533 994 e
2581 932 3019 995 controversia
3058 931 3139 994 de
3179 930 3622 994 Praedestina-

289 1129 298 1134 _
361 1057 538 1120 tiene
571 1058 970 1131 compertum
1005 1056 1124 1113 est.
1157 1050 1454 1118 Ceterum
1489 1049 1771 1110 Joannes
1811 1050 2038 1111 Scotus
2069 1048 2210 1127 ipse
2241 1065 2310 1112 se
2341 1049 2555 1128 prodit
2586 1051 2795 1114 virum
2828 1053 3127 1116 sublimis
3159 1054 3405 1132 ingenii
3431 1097 3451 1120 ,
3498 1055 3622 1116 rari

360 1175 702 1249 acuminis,
725 1170 1099 1250 multiplicis
1130 1170 1480 1240 doctrinae,
1507 1171 1704 1232 mirae
1735 1169 1802 1230 in
1834 1169 2106 1231 dicendo
2140 1167 2487 1231 facilitatis.
2525 1171 2595 1231 ln
2619 1171 2949 1233 veteribus
2977 1169 3190 1232 laudat
3218 1171 3624 1246 Ciceronem,

361 1295 729 1373 Virgilium,
751 1290 1113 1362 Horatium,
1143 1287 1446 1360 Plinium,
1474 1284 1835 1361 Boethium,
1866 1284 2050 1347 alios.
2084 1285 2444 1348 Dolendum
2476 1294 2596 1362 est,
2629 1290 2804 1369 quod
2833 1292 3031 1354 animi
3057 1292 3344 1366 dotibus,
3381 1293 3624 1372 quibus

364 1416 691 1487 excelluit,
725 1430 948 1494 parum
989 1412 1056 1473 in
1087 1409 1363 1471 fructum
1392 1405 1714 1469 Ecclesiae
1739 1421 1896 1466 usus
1932 1399 2054 1466 est.

450 1537 537 1596 De
566 1535 811 1596 Joanne
841 1533 1028 1594 Scoto
1059 1528 1326 1591 uberius
1349 1525 1676 1604 disputant
1705 1523 1917 1586 Oudin
1941 1523 2007 1586 in
2035 1527 2494 1588 commentariis
2520 1527 2592 1588 de
2615 1529 3052 1608 Scriptaribus
3083 1531 3512 1595 ecclesiasticis
3545 1533 3625 1592 V.

373 1662 677 1740 Erigena,
713 1666 775 1721 et
811 1655 1098 1719 Histoire
1129 1647 1437 1710 litte’raire
1468 1644 1539 1705 de
1571 1645 1632 1706 la
1667 1645 1906 1706 France
1968 1645 2142 1708 Tom.
2176 1647 2285 1708 IV.
2323 1649 2390 1707 ιν.
2423 1647 2598 1710 Libri
2650 1649 2981 1727 peculares
3017 1653 3099 1715 de
3141 1653 3386 1714 Joanne
3439 1653 3630 1714 Scoto

369 1783 438 1843 hi
489 1779 860 1844 nominandi
913 1781 1100 1838 sunt:
1151 1769 1346 1832 Peder
1380 1768 1598 1848 Hjorl,
1677 1766 1884 1826 Johan
1930 1766 2152 1852 Scottis
2205 1767 2477 1846 Erigena
2525 1766 2672 1828 adcr
2730 1787 2876 1837 oon.
2906 1767 3036 1829 dem
3097 1769 3420 1848 Ursprung
3466 1770 3636 1830 einrr

371 1901 766 1964 christlichen
811 1893 1214 1974 Philasophie
1246 1887 1376 1951 und
1427 1887 1628 1951 ihrem
1685 1886 1952 1965 heiligen
1981 1888 2184 1967 Bcruf
2225 1887 2628 1966 Copenhagen
2678 1889 2854 1952 1823.
2897 1893 3106 1952 Franz
3167 1893 3378 1954 Anton
3426 1893 3632 1954 Stan-

335 2091 343 2098 _
374 2019 680 2080 denmaier
707 2018 976 2078 Joannes
995 2016 1218 2077 Scotus
1245 2010 1520 2087 Erigena
1553 2007 1682 2066 und
1708 2003 1804 2066 die.
1838 2004 2274 2086 Wissenschaft
2309 2006 2508 2067 seiner
2533 2007 2694 2069 Zeit.
2736 2009 2957 2074 Erster
2986 2015 3160 2076 Theil
3195 2016 3531 2096 Francfurt
3567 2035 3630 2076 α.

373 2136 466 2197 Μ.
495 2135 669 2196 183ἵι.
705 2135 797 2196 Μ.
827 2131 1204 2195 Saint-René
1219 2126 1614 2194 Taillandier
1656 2126 1802 2219 Scal
1851 2125 2110 2204 Erigéne
2138 2134 2192 2187 et
2229 2127 2290 2188 la
2315 2128 2713 2210 philosophia
2741 2133 3180 2215 scholastiquc,
3200 2135 3588 2219 Strasbourg
3613 2197 3630 2219 ,

376 2258 586 2321 Paris.
618 2256 952 2320 18153.1Vic.
985 2254 1216 2317 Miiller
1247 2256 1518 2315 Joannes
1549 2216 1774 2314 Sco’tus
1801 2252 2074 2331 Erigena
2094 2251 2223 2313 und
2255 2253 2418 2315 scine
2448 2254 2801 2316 Irrthiimer
2829 2255 3046 2316 Mainz
3075 2254 3247 2315 18%.
3277 2255 3360 2313 De
3390 2216 3638 2313 Joanne

377 2377 563 2438 Scala
600 2375 874 2454 Erigena
920 2350 1350 2438 commentatio
1386 2376 1638 2436 Bonnae
1669 2374 1845 2438 181ι5.
1877 2375 2088 2455 Atque
2136 2375 2552 2439 novissimam
2593 2374 2757 2441 hanc
2803 2378 3405 2440 commentationem
3441 2376 3638 2438 latine

380 2496 678 2576 scriptam
716 2495 869 2558 huic
900 2495 1169 2559 editioni
1209 2494 1734 2574 praemittendam
1768 2494 2160 2558 curavimus.

467 2617 624 2693 μὴ.
663 2617 1003 2694 Superest,
1043 2623 1114 2677 ut
1162 2632 1480 2688 moneam,
1513 2614 1792 2686 codices,
1842 2630 2009 2694 quos
2045 2613 2334 2689 adhibui,
2380 2615 2450 2677 in
2502 2614 2713 2680 fronte
2755 2617 3160 2697 singulorum
3194 2617 3508 2680 librorum
3540 2617 3643 2678 in-

386 2737 628 2800 dicatos
672 2754 838 2798 esse.
869 2734 1396 2805 Abbreviaturae,
1426 2732 1664 2811 quibus
1701 2749 1856 2795 usus
1887 2748 2055 2805 sum,
2089 2731 2384 2812 vulgares
2416 2740 2589 2796 sunt.
2625 2737 2700 2798 In
2745 2736 2827 2799 iis
2873 2736 3082 2813 libris,
3139 2755 3304 2820 quos
3354 2739 3636 2818 primum
3752 2750 3760 2757 ‘

391 2861 588 2935 edidi,
624 2859 914 2923 codicum
955 2875 1214 2921 manum
1251 2856 1552 2936 religiose
1584 2863 1868 2929 secutus,
1903 2855 1971 2917 in
1995 2855 2185 2917 variis
2208 2854 2597 2920 lectionibus
2619 2857 2808 2920 etiam
2842 2865 3071 2938 puncta
3106 2877 3295 2939 supra
3332 2865 3439 2920 aut
3474 2858 3642 2924 infra

386 2979 720 3058 adscripsi,
755 2996 920 3058 quae
949 2984 1100 3039 sunt
1130 2977 1312 3053 signa
1343 2974 1596 3036 liturae.
1635 2975 1707 3036 In
1745 2973 1861 3036 hac
1893 2990 1959 3034 re
1995 2973 2166 3034 enim
2209 2973 2412 3052 magis
2465 2975 2832 3053 religiosus,
2865 2994 3056 3056 quam
3107 2977 3440 3056 negligens
3493 2995 3641 3041 esse

387 3101 590 3163 volui.
629 3100 920 3178 Plagulas
957 3099 1235 3166 sedecim
1279 3105 1526 3185 priores
1563 3103 1820 3166 Parisiis
1862 3103 2154 3176 correxi;
2197 3109 2439 3166 ceteras
2468 3103 2754 3164 Bonnam
2792 3101 3204 3163 transmissas
3253 3096 3451 3159 semel
3503 3103 3644 3158 tan-

391 3229 526 3285 tum
568 3220 895 3301 perlegere
929 3221 1132 3296 potui.
1189 3222 1376 3317 Quod
1405 3223 1456 3283 si
1491 3221 1718 3284 menda
1768 3220 2154 3299 typolhelica
2195 3220 2299 3285 hic
2334 3222 2467 3285 illic
2493 3228 2830 3286 occurrant
2893 3221 2960 3284 in
2999 3218 3123 3284 hoc
3154 3236 3349 3300 opere
3401 3218 3643 3283 laboris

394 3353 815 3406 etaerumuae
851 3338 1253 3418 plenissimo,
1285 3343 1598 3407 benevole
1631 3359 1934 3406 excusare
1967 3344 2124 3406 velis

1241 3527 1330 3580 Διά
1361 3533 1451 3585 τῆς
1478 3523 1666 3586 πόλεως
1699 3533 1790 3586 τῆς
1816 3525 2079 3602 ἆλλνιτρίας
2109 3529 2194 3581 κλιὶ
2218 3533 2309 3582 τοῦ
2341 3529 2530 3599 χάους.

393 3679 578 3754 Quod
617 3679 729 3742 lib.
769 3679 857 3742 ιιι
888 3697 1025 3760 cap.
1060 3678 1139 3740 [ιο
1180 3679 1259 3742 de
1288 3678 1605 3741 div'sione
1641 3680 1938 3755 Naturae,
1967 3679 2126 3741 infra
2159 3680 2280 3743 col.
2309 3681 2450 3756 τω,
2488 3680 2898 3745 festinantius
2926 3685 3173 3766 conjeci
3217 3685 3438 3767 fulica,
3475 3705 3648 3751 nunc

396 3813 666 3870 retracto
694 3829 708 3868 :
737 3805 1067 3869 retinenda
1089 3812 1182 3868 est
1210 3805 1398 3870 lectio
1423 3806 1686 3878 codicis,
1711 3823 1836 3868 una
1859 3806 2111 3870 literula
2152 3814 2417 3882 mutata,
2442 3807 2662 3888 latigo.
2691 3811 2782 3872 De
2805 3826 2935 3890 quo
2965 3811 3138 3892 pisce
3162 3812 3306 3876 vide
3336 3813 3644 3876 Plinium.

395 3932 693 4012 Denique
746 3930 928 3993 locus
962 3951 977 3991 :
1015 3954 1043 3988 οι
1071 3929 1217 3993 Sive
1267 3929 1681 4010 quotidianos
1733 3934 1949 3991 aestus
2003 3927 2140 3991 sive
2175 3946 2489 4004 recessus,
2520 3930 2657 3994 sive
2689 3931 2959 3996 malinas
2991 3933 3130 3996 sive
3161 3933 3432 3997 ledones
3467 3953 3652 4015 perac

395 4043 498 4135 gat
538 4081 565 4114 υ
595 4031 714 4120 lib.
752 4059 830 4118 V.
865 4075 1003 4138 cap.
1037 4059 1075 4119 3
1105 4059 1184 4122 de
1215 4059 1534 4122 divisione
1572 4061 1870 4132 Naturae,
1909 4059 2072 4121 infra
2108 4060 2227 4122 col.
2257 4061 2399 4134 87h,
2438 4062 2549 4124 ubi
2599 4062 2808 4126 labem
2857 4063 3249 4144 suspicabar,
3283 4081 3482 4126 sanus
3519 4071 3648 4137 est,

399 4189 536 4252 sive
567 4208 642 4253 ex
667 4190 789 4256 fide
812 4191 1104 4256 codicum
1128 4192 1589 4256 Parisiensium
1620 4191 1884 4264 ledanes,
1914 4191 2050 4254 sive
2079 4208 2224 4254 cum
2259 4192 2541 4254 editione
2572 4193 2859 4272 principe
2891 4192 3168 4256 Galeana
3200 4193 3449 4270 Iidunas
3482 4196 3646 4257 scri-

401 4321 600 4384 bitur.
639 4323 790 4384 Nam
825 4339 1015 4386 voces
1047 4321 1280 4384 mulina
1312 4329 1374 4384 et
1407 4320 1568 4395 (edo,
1600 4321 1701 4385 vel
1733 4319 1974 4395 liduna,
2013 4321 2112 4384 vel
2145 4319 2390 4394 leduna,
2424 4322 2781 4400 significare
2821 4347 2850 4379 α
2883 4323 3132 4386 lunaria
3162 4325 3400 4386 Oceani
3441 4325 3653 4386 incre-

403 4459 617 4515 menta
653 4458 714 4514 et
746 4453 1149 4515 decrementa
1175 4475 1204 4509 ιθ
1239 4458 1534 4515 auctores
1556 4457 1708 4514 sunt
1736 4452 1838 4514 Du
1863 4452 2075 4530 Cange
2105 4451 2171 4513 in
2202 4451 2526 4515 Glossario
2557 4458 2618 4514 et
2652 4451 2931 4531 Scaliger
2959 4451 3036 4516 ad
3071 4453 3402 4516 Varronem
3429 4453 3500 4516 de
3527 4455 3652 4517 Iin-

400 4539 527 4660 gu’a
557 4580 755 4642 latina
783 4581 896 4643 lib.
930 4581 1038 4642 ιν.
1071 4581 1171 4643 ed.
1207 4581 1487 4661 Bipont.,
1530 4582 1603 4641 T.
1626 4581 1710 4656 Π,
1745 4599 1808 4661 p.
1843 4582 1942 4643 52.
1976 4579 2070 4642 cr.
2095 4582 2438 4644 Forcellini
2470 4581 2726 4645 lexicon
2777 4582 3125 4657 v.1iduna,
3160 4585 3346 4647 Fabri
3388 4584 3656 4648 dies“-

406 4734 542 4781 rus.
574 4717 978 4779 Postremum
1009 4713 1186 4792 quod
1221 4713 1530 4792 epistolae
1560 4712 1823 4776 Adriani
1857 4714 2055 4792 Papae
2097 4712 2179 4786 ll,
2213 4729 2667 4792 quanquama
2695 4721 2916 4776 nostro
2963 4712 3236 4777 consilio
3269 4713 3542 4791 alienae,
3576 4717 3656 4778 ad

403 4849 641 4911 calcem
673 4848 958 4928 adjectae
989 4853 1163 4922 sunt,
1190 4847 1261 4909 in
1290 4846 1408 4910 hac
1444 4865 1512 4909 re
1542 4847 1934 4925 redemptori
1965 4846 2210 4926 roganti
2240 4845 2560 4908 adversari
2595 4846 2800 4908 nolui.

490 4997 558 5055 Et
591 4992 747 5056 haec
793 4994 1079 5072 quidem,
1131 4994 1327 5056 lector
1359 4992 1690 5064 benevole,
1733 5007 1897 5069 quae
1932 4990 2208 5052 dicerem
2246 4989 2462 5053 habui.
2488 4991 2539 5051 E
2577 4990 2815 5068 quibus
2845 4991 2901 5052 si
2957 4991 3110 5071 quid
3155 4989 3264 5054 tibi
3317 4989 3656 5071 probabile

411 5123 668 5184 videtur
693 5166 709 5192 ,

1077 5276 1218 5334 Dede
1243 5291 1452 5343 manus,
1483 5284 1575 5332 aut
1599 5274 1645 5330 si
1675 5275 1866 5332 falsum
1892 5286 1996 5344 est,
2027 5282 2311 5352 accingere
2341 5282 2556 5331 contra.

570 5478 826 5540 Bonnae
857 5475 970 5538 XI.
1006 5474 1137 5537 Cal.
1169 5473 1459 5536 Octobris
1494 5472 1868 5536 MDCCCLII
