4002 6148
1523 287 3422 301 mw

818 428 938 593 DE
1009 427 1369 546 .IOANNE
1444 432 1748 548 SCOTO
1804 429 2211 547 ERIGENA
2269 430 2934 550 CllllllENTATlO

1419 648 1466 705 Α
1487 650 1586 709 U(‘
1603 647 1816 712 TORE
1871 650 2285 714 ANONYMO

465 907 598 987 DE
651 903 901 986 VITA
963 904 1096 984 ET
1151 899 1772 982 PRAECEPTIS
1837 899 2278 980 JOANNIS
2344 897 2636 978 SCOTI
2701 898 3234 978 ERIGENAE.

1133 1081 1137 1084 ·
1561 1055 1788 1123 PARS
1844 1059 2146 1126 PRIOR.

858 1286 1084 1346 CAPUT
1125 1290 1166 1343 I.

245 1453 264 1524 ἱ
316 1429 401 1482 (ibi
423 1439 467 1482 et
493 1428 706 1492 quando
735 1435 890 1478 natus
917 1425 983 1477 sit
1007 1422 1242 1476 Joannes
1266 1419 1455 1476 Scotus
1485 1420 1733 1488 Erigena.

247 1557 259 1564 ⁷
311 1560 555 1630 Quoniam
595 1557 829 1630 primum
859 1559 923 1613 de
962 1557 1010 1613 J.
1038 1557 1184 1612 Scoti
1218 1556 1479 1625 Erigonae
1515 1555 1691 1624 patria
1720 1554 1805 1609 di-

252 1651 443 1705 cendum
474 1665 596 1703 esse
621 1649 795 1702 visum
825 1646 947 1710 fuit,
975 1661 1155 1699 rerum
1184 1655 1430 1698 auctores
1455 1659 1644 1712 parum
1671 1644 1805 1700 certi

262 1741 307 1796 le
335 1756 388 1794 ca
421 1741 616 1793 afferre
657 1739 854 1801 solent,
893 1738 1091 1806 quippe
1121 1735 1212 1804 qui
1251 1735 1302 1788 in
1334 1734 1578 1789 diversas
1622 1743 1806 1804 partes

256 1832 437 1884 abeant.
479 1831 641 1890 Sunt,
671 1830 762 1898 qui
793 1843 916 1881 eum
966 1828 1018 1881 in
1053 1825 1308 1880 Hibernia
1339 1833 1524 1879 natum
1566 1841 1686 1880 esse
1727 1825 1806 1879 di-

251 1932 375 1986 cant,
417 1931 543 1975 sunt
580 1922 771 1982 etiam,
812 1918 903 1989 qui
931 1917 1177 1989 Angliam
1219 1917 1335 1987 ejus
1370 1916 1600 1985 patriam
1639 1914 1806 1970 fuisse

250 2012 503 2076 allirment,
541 2028 640 2066 nec
671 2011 886 2074 desunt,
915 2010 1006 2078 qui
1040 2009 1176 2062 adeo
1205 2008 1270 2061 de
1316 2005 1404 2060 illa
1439 2015 1604 2069 terra,
1643 2020 1805 2075 quam

250 2121 367 2158 nunc
405 2104 647 2159 Scotiam
693 2102 1062 2172 appellamus,
1125 2098 1367 2168 cogitare
1405 2096 1494 2150 vix
1535 2096 1802 2150 dubitent.

249 2194 375 2258 Quod
416 2196 464 2247 in
514 2203 667 2246 tanta
709 2193 1018 2262 opinionum
1061 2190 1324 2243 varietate
1362 2194 1547 2241 nostra
1585 2185 1807 2256 quidem

250 2288 482 2340 sententia
535 2286 829 2339 maximam
871 2283 1117 2337 veritatis
1163 2280 1398 2350 speciem
1435 2276 1698 2348 praebere
1726 2277 1806 2329 vi-

249 2378 426 2441 deatur,
450 2378 602 2447 ipsos
626 2375 1034 2445 antiquissimos
1071 2373 1364 2440 scriptores
1405 2368 1598 2432 secuti,
1644 2377 1805 2437 atque

249 2479 494 2537 praeterea
521 2467 766 2522 Thomae
803 2466 977 2525 Galei,
1002 2462 1343 2526 Oxouiensis,
1386 2459 1699 2528 conjectura
1726 2459 1801 2530 (a)

247 2562 505 2630 plurimum
533 2560 726 2635 adjuti,
749 2571 1050 2629 proponere
1071 2555 1409 2610 conabimur.

1833 1293 1886 1354 Α
1911 1295 1965 1342 et
1987 1288 2052 1343 de
2073 1286 2187 1356 ejus
2207 1289 2379 1358 patria
2406 1289 2507 1343 hac
2531 1287 2721 1344 saltem
2747 1291 2800 1345 In
2831 1306 2888 1345 re
2909 1308 3098 1348 omnes
3124 1296 3482 1361 consentiant,

1908 1379 2074 1434 fuisse
2099 1394 2220 1433 eam
2247 1381 2301 1434 in
2335 1379 2438 1433 illis
2465 1379 2672 1444 insulis,
2702 1396 2840 1449 quae
2875 1397 2904 1434 a
2933 1382 3088 1437 nobis
3115 1377 3338 1451 Magnae
3361 1385 3478 1439 Bri-

1906 1468 2126 1522 tanniae
2173 1470 2390 1523 nomine
2438 1469 2797 1540 appellantur,
2849 1471 2966 1526 sine
3001 1472 3107 1526 ulla
3152 1474 3487 1532 dubitatione

1906 1557 2010 1612 hoc
2034 1559 2435 1614 concedendum
2463 1574 2584 1614 esse
2609 1570 2879 1629 putamus,
2909 1572 3100 1631 sponte
3129 1565 3305 1635 sequi,
3343 1575 3400 1620 ut
3430 1565 3483 1619 in

1905 1644 2119 1700 iliarum
2168 1647 2391 1718 Magnae
2441 1649 2753 1705 Britanniae
2797 1652 3034 1720 partium
3075 1654 3254 1723 aliqua
3307 1655 3483 1710 locum

1905 1737 2138 1792 natalem
2169 1738 2417 1793 habuerit
2445 1739 2705 1805 Joannes,
2743 1741 2796 1794 in
2827 1757 2932 1811 qua
2967 1757 3064 1811 per
3092 1759 3214 1798 eam
3250 1753 3483 1799 aetatem

1907 1830 2056 1886 Scoti
2084 1833 2330 1887 homines
2369 1835 2550 1887 sedem
2584 1835 2908 1888 habuerunt.
2939 1833 3086 1902 Quae
3116 1845 3298 1905 partes
3335 1835 3488 1892 fuere

1906 1923 2174 1991 imprimis
2193 1922 2474 1989 Hibernia,
2492 1925 2694 1987 Scotia,
2715 1922 2932 1980 Wallia.
2953 1927 3028 1980 Dc
3051 1925 3307 1981 Hibernia
3323 1936 3487 1997 atque

1907 2012 2089 2067 Scotia
2123 2030 2210 2068 res
2236 2025 2319 2069 est
2346 2015 2544 2081 notior,
2575 2031 2736 2084 quam
2779 2026 2837 2070 ut
2871 2017 2978 2072 ulla
3009 2017 3369 2086 explicatione
3400 2019 3484 2074 iu-

1906 2107 2086 2175 digeat
2114 2107 2181 2178 (f)
2207 2125 2220 2161 :
2248 2109 2314 2163 de
2337 2106 2535 2163 Wallia
2563 2086 2754 2180 paucis
2783 2111 3067 2166 dicendum
3105 2112 3332 2167 videtur.
3375 2112 3488 2167 Hac

1905 2197 2072 2267 igitur
2109 2199 2164 2252 in
2202 2208 2345 2254 terra
2375 2200 2479 2254 etsi
2511 2201 2782 2266 homines,
2831 2217 2861 2255 a
2893 2201 3180 2257 Scotorum
3209 2210 3369 2273 gente
3399 2205 3486 2258 di-

1904 2289 2069 2352 versi,
2099 2290 2373 2359 propriam
2404 2302 2724 2360 certamque
2755 2292 3141 2347 habitationem
3182 2293 3484 2358 obtinuere,

1907 2386 2086 2432 tamen
2113 2393 2218 2432 una
2241 2394 2363 2432 cum
2386 2379 2538 2434 hisce
2562 2379 2725 2434 etiam
2749 2379 2941 2434 Scotos
2964 2381 3298 2447 consedisse,
3326 2391 3489 2451 atque

1906 2467 1973 2523 iis
2008 2469 2359 2538 temporibus,
2389 2471 2587 2539 quibus
2619 2469 2810 2524 Noster
2841 2471 2893 2525 in
2925 2472 3066 2527 hanc
3099 2471 3274 2527 lucem
3310 2473 3490 2530 editus

1903 2564 2006 2622 est,
2033 2557 2324 2624 habitasse,
2352 2559 2668 2614 certissimis
2694 2561 3025 2630 argumentis
3055 2562 3224 2626 ducti,
3251 2571 3490 2617 statuen-

305 2650 438 2717 Quod
467 2651 637 2720 igitur
659 2649 787 2702 olim
819 2662 968 2700 more
998 2645 1099 2699 fuit
1128 2651 1441 2713 receptum,
1470 2650 1530 2696 ut
1558 2639 1805 2696 homines
1835 2637 1880 2696 Β
1911 2649 2037 2704 dum
2075 2664 2196 2704 esse
2230 2650 2582 2704 arbitramur.
2635 2650 2878 2704 Primum
2914 2653 3059 2706 enim
3088 2652 3171 2707 vel
3201 2669 3300 2722 per
3329 2669 3386 2708 se
3419 2653 3490 2706 li-

248 2755 512 2810 cognomen
544 2741 807 2794 baberent
834 2753 862 2790 a
896 2737 1066 2807 patria
1095 2735 1317 2796 dictum,
1350 2735 1403 2788 id
1436 2734 1609 2804 ipsum
1639 2731 1802 2788 etiam

248 2831 293 2883 in
312 2831 487 2885 Nostro
523 2847 627 2886 usu
650 2830 816 2884 venit.
850 2828 983 2882 Nam
1011 2826 1226 2880 solitum
1253 2823 1369 2893 ejus
1401 2839 1619 2890 nomen,
1641 2822 1803 2878 Joan-

248 2936 330 2976 nes
349 2921 535 2976 Scotus
557 2921 788 2990 Erigena
808 2919 941 2987 (sive
964 2914 1277 2985 Eriugena),
1300 2914 1487 2984 procul
1512 2914 1675 2969 dubio
1697 2913 1804 2967 duo

250 3009 304 3063 ad
328 3012 548 3081 patriam
583 3010 754 3080 ipsius
781 3008 1190 3079 significandam
1222 3006 1588 3060 additamenta
1615 3004 1799 3059 habet.

249 3102 311 3156 De
338 3104 504 3174 priore
538 3103 773 3173 primum
807 3101 1128 3156 videbimus.
1177 3099 1400 3154 Scotum
1439 3114 1560 3154 eum
1600 3099 1803 3152 dictum

250 3209 380 3260 csse,
417 3197 561 3266 quod
585 3195 806 3258 Scotus,
852 3194 904 3248 id
937 3201 1041 3260 est,
1067 3192 1348 3248 Scotorum
1394 3192 1568 3262 gentis
1609 3190 1801 3255 fuerit,

248 3292 426 3339 certum
467 3295 586 3352 est,
629 3299 754 3340 cum
795 3291 1045 3338 auctores
1086 3281 1204 3350 ejus
1243 3281 1494 3351 aequales
1535 3280 1804 3348 iidemque

249 3376 521 3441 gravissimi
566 3375 770 3446 passim
816 3383 1121 3440 testentur,
1165 3388 1287 3428 eum
1327 3373 1543 3426 natione
1585 3370 1804 3426 Scotum

249 3466 409 3520 fuisse.

307 3558 543 3616 Nicolaus
565 3561 786 3631 quidem
808 3560 851 3615 l.
871 3560 1025 3614 Pont.
1048 3559 1188 3613 Max.
1209 3559 1261 3613 in
1283 3558 1509 3630 epistola
1523 3559 1587 3613 de
1609 3558 1806 3614 Nostro

250 3648 304 3701 ad
324 3649 566 3705 Carolum
591 3651 817 3706 Calvum
859 3651 1048 3706 scribit
1070 3668 1082 3704 :
1119 3669 1137 3700 ‹
1167 3649 1426 3711 Joannes,
1450 3664 1647 3719 genere
1671 3648 1805 3704 Sco-

251 3740 404 3808 tns(b)
434 3760 477 3792 ι.
520 3739 814 3803 Pardulus,
836 3739 1118 3808 episc0pus
1138 3736 1643 3833 Laudunensis,gui
1679 3737 1805 3791 item

249 3826 402 3883 Nostri
430 3831 764 3886 mentionem
800 3827 949 3894 facit,
994 3848 1012 3880 ε
1041 3827 1261 3882 Scotum
1289 3827 1437 3880 illum
1469 3845 1514 3892 ι,
1540 3826 1636 3891 a'it,
1667 3845 1686 3878 ‹
1715 3827 1804 3895 qui

250 3931 321 3974 est
352 3923 400 3976 in
442 3923 645 3992 palatio
688 3922 831 3992 regis
868 3921 1066 3990 (Caroli
1094 3921 1264 3990 Calvi)
1287 3919 1548 3974 Joannem
1590 3921 1807 3974 nomine

1905 2749 2054 2809 quet,
2094 2739 2237 2794 hanc
2265 2739 2654 2795 occidentalem
2689 2739 2917 2810 Angliae
2966 2756 3141 2806 oram,
3173 2743 3259 2796 cui
3291 2759 3486 2798 nomen

1906 2826 2152 2896 Walliae,
2184 2829 2382 2898 quippe
2406 2844 2546 2897 quae
2574 2829 2774 2897 Scotis,
2809 2834 2956 2902 genti
2999 2844 3107 2888 tam
3137 2834 3407 2904 inquietae
3435 2846 3492 2891 et

1902 2918 2207 2984 bellicosae,
2238 2929 2398 2988 atque
2411 2920 2524 2990 jam
2545 2930 2668 2977 ante
2681 2922 2953 2978 Christum
2977 2933 3162 2979 natum
3179 2926 3486 2982 Hiberniam

1905 3009 2190 3075 incolenti,
2224 3009 2468 3080 proxime
2503 3008 2838 3081 adjacuerit,
2875 3011 2990 3080 jam
3025 3029 3123 3084 per
3155 3015 3322 3070 multa
3364 3026 3491 3072 ante

1903 3099 2163 3156 Joannem
2197 3111 2441 3155 nostrum
2468 3102 2646 3156 secula
2679 3103 2792 3158 sive
2819 3104 2958 3159 bello
2993 3106 3107 3160 sive
3133 3105 3486 3176 profectioni-
3567 3089 3574 3097 ’

1905 3193 2005 3247 bus
2051 3210 2080 3247 a
2113 3193 2292 3248 Scotis
2344 3209 2736 3264 saepenumero
2791 3211 3062 3253 accessam
3113 3213 3251 3254 esse.
3305 3199 3492 3270 Neque

1907 3283 2106 3339 frustra
2146 3285 2306 3355 hujus
2338 3287 2413 3339 rei
2459 3286 2657 3342 indicia
2697 3289 2836 3358 apud
2869 3305 3049 3344 rerum
3080 3277 3489 3346 Hibemicarum

1907 3384 2159 3430 auctores
2181 3385 2516 3445 quaeruntur
2551 3377 2646 3448 (g).
2679 3377 2868 3433 Nonne
2903 3389 3084 3434 autem
3115 3394 3336 3436 necesse
3366 3381 3487 3446 fuit,

1909 3464 2000 3518 tali
2050 3465 2332 3519 occasione
2378 3467 2556 3521 oblata
2589 3467 2780 3524 Scotos
2830 3469 3076 3525 homines
3125 3471 3214 3526 hic
3259 3471 3366 3525 illic
3395 3487 3492 3540 per

1907 3554 2156 3608 Walliam
2201 3571 2478 3612 remanere
2507 3557 2716 3627 sibique
2744 3557 3074 3613 domicilium
3109 3561 3488 3615 constituere?

1909 3647 2110 3702 Deinde
2139 3649 2254 3702 sine
2285 3648 2388 3700 ulla
2425 3649 2760 3704 dubitatione
2797 3658 3096 3720 temporum
3132 3652 3360 3706 decursu
3404 3649 3487 3705 fa-

1909 3753 2054 3798 ctum
2107 3749 2212 3805 est,
2259 3748 2316 3794 ut
2347 3739 2623 3796 Pictorum
2679 3757 2810 3811 gens
2855 3758 2887 3797 e
2917 3742 3098 3798 Scotia
3144 3743 3384 3814 profecta
3434 3745 3487 3800 in

1909 3833 2206 3889 Wallorum
2255 3831 2452 3887 ﬁnibus
2501 3833 2843 3897 consederit,
2899 3850 3102 3905 eosque
3159 3838 3342 3906 ipsos,
3397 3839 3490 3906 qui

1910 3923 2074 3978 etiam
2112 3935 2254 3975 nunc
2293 3931 2437 3986 sunt,
2466 3921 2673 3978 Wallos
2710 3925 3146 3993 progeneraverit
3182 3925 3281 3996 (h).
3313 3925 3488 3994 Quum

251 4013 463 4070 scribere
487 4015 770 4086 coegimus
800 4015 871 4086 (c)
904 4033 949 4068 ι.
977 4014 1123 4069 Idem
1147 4013 1304 4083 plane
1326 4013 1392 4066 de
1428 4027 1494 4067 eo
1520 4011 1808 4077 afﬁrmant,
1840 4005 1884 4066 C
1916 4028 2044 4067 vero
2073 4010 2198 4066 huic
2243 4010 2518 4066 Pictorum
2549 4013 2696 4084 genti
2726 4013 2919 4068 Scotos
2962 4013 3130 4070 fuisse
3161 4015 3490 4084 conjunctis-

251 4105 328 4173 qui
353 4125 369 4155 ι
398 4105 744 4177 Scotigenam
776 4125 794 4158 ι
838 4106 1012 4175 ipsum
1056 4103 1346 4175 appellant.
1390 4102 1454 4159 Hi
1487 4113 1614 4158 sunt
1643 4103 1805 4160 Hinc-

251 4208 437 4258 marus,
479 4196 921 4266 archiepiscopus
943 4193 1227 4250 Remensis
1270 4192 1374 4266 (d),
1417 4193 1810 4248 etAnastasius

249 4283 673 4344 bibliothecarius
696 4281 789 4358 (ε).

311 4375 475 4442 Quum
505 4380 672 4448 igitur
693 4377 930 4434 Joannes
952 4385 1134 4432 noster
1159 4377 1319 4432 fuerit
1348 4378 1564 4434 natione
1592 4377 1806 4444 Scotus,

311 4490 381 4560 (a)
418 4491 647 4546 Joannis
687 4491 836 4548 Scoti
877 4489 1132 4560 Erigenae
1175 4489 1528 4560 derdivisione
1572 4489 1812 4544 Naturae

252 4558 610 4631 libri—quinque
639 4562 731 4614 diu
766 4558 1066 4631 desiderati.
1086 4558 1306 4631 Accedit
1327 4559 1588 4631 appendix
1618 4576 1682 4631 ea:
1701 4576 1812 4613 am-

253 4625 406 4694 biguis
443 4625 760 4684 Sfllaximi
782 4627 978 4682 Graece
1005 4639 1051 4682 et
1075 4627 1280 4682 Latine.
1324 4625 1518 4681 Oaiom'i
1551 4645 1578 4682 e
1611 4629 1812 4682 theatro

254 4694 623 4754 Sclieldoniano
667 4715 960 4755 locum.
986 4728 1056 4738 -—
1094 4697 1317 4752 Testim.
1369 4708 1609 4752 veterum
1654 4699 1720 4752 de
1760 4697 1810 4751 J.

254 4765 401 4823 Scoto
418 4766 665 4838 Erigena’
687 4777 904 4824 exstant
931 4785 982 4838 p.
1014 4768 1048 4822 5
1079 4783 1199 4838 sqq.

310 4783 401 4823 'oto
420 4783 510 4823 Ian
553 4786 652 4823 ena
687 4783 904 4824 exstant
931 4785 982 4838 p.
1014 4783 1048 4822 δ
1079 4784 1140 4837 sq
1187 4808 1199 4820 .

310 4839 379 4906 (ὁ)
404 4840 484 4893 Cf.
511 4787 716 4894 gatalis
739 4839 1046 4892 Alexander
1076 4838 1126 4891 iu
1144 4783 1304 4891 illia.
1330 4836 1522 4891 ecclcs.
1549 4837 1715 4891 seculi
1757 4854 1813 4892 Ix

247 4915 369 5030 0:3,
408 4911 629 4963 dissert.
656 4926 746 4963 xw
772 4909 801 4980 §
829 4907 863 4960 4
885 4909 939 4961 in
963 4908 1087 4961 fine.
1132 4907 1282 4962 Gale.
1327 4908 1362 4960 I.
1387 4906 1423 4959 I.
1454 4907 1658 4962 testim.
1703 4924 1754 4978 p.
1781 4907 1814 4961 6

247 4990 270 5026 ε
347 5017 362 5030 .

245 4985 292 5027 et
312 4985 362 5030 δ.

305 5048 371 5116 (c)
399 5046 482 5103 Cf.
506 5048 659 5106 Cale.
685 5049 724 5101 l.
743 5047 779 5101 I.
807 5047 1006 5102 testim.
1033 5061 1084 5114 p.
1101 5047 1151 5100 5.
1179 5045 1276 5101 llic
1297 5047 1410 5116 ipse
1427 5045 1643 5101 Parduli
1667 5046 1816 5102 locus

243 5128 301 5166 ex
323 5119 553 5186 epistola
579 5121 646 5174 ab
675 5133 739 5172 eo
776 5119 841 5171 ad
869 5117 1148 5173 ecclesiam
1179 5116 1586 5186 Lugdunensem
1616 5118 1814 5187 scripta

244 5196 406 5257 fxstat
447 5191 502 5242 in
545 5190 685 5244 libro
714 5187 907 5242 eccles.
945 5187 1114 5256 Lugd.
1140 5187 1203 5239 de
1231 5187 1400 5240 tribus
1426 5187 1666 5257 epistolis
1695 5202 1812 5255 cap.

239 5251 320 5308 59.
354 5259 473 5312 Vid.
502 5259 736 5314 Maxima
765 5251 1152 5312 Bibliothfvet.
1179 5257 1398 5311 Patrum
1438 5251 1570 5310 edit.
1595 5251 1813 5326 Lugdu-

240 5329 582 5400 nensisAtom.
610 5329 724 5394 XV,
749 5345 802 5400 p.
828 5328 930 5383 688
953 5329 1016 5400 Α.

1911 4103 2109 4167 simos,
2151 4102 2391 4173 fidosque
2432 4117 2490 4156 se
2531 4102 2632 4172 ipsi
2683 4103 2953 4158 addidisse
2996 4103 3487 4173 peregrinationum

1911 4191 2279 4260 bellorumque
2328 4191 2502 4246 socios
2529 4232 2544 4256 ,
2610 4205 2677 4246 ex
2737 4193 3116 4246 historicorum
3162 4193 3315 4247 libris
3359 4209 3489 4248 con-

1911 4291 2018 4337 stet
2056 4283 2140 4354 (i),
2188 4291 2338 4338 certe
2387 4281 2618 4337 dubitari
2671 4297 2776 4336 non
2825 4290 3022 4352 potest,
3070 4283 3198 4351 quin
3232 4299 3335 4337 una
3367 4300 3489 4339 cum

1910 4373 2076 4428 Pictis
2136 4375 2299 4428 etiam
2346 4372 2494 4426 Scoti
2558 4373 2612 4426 in
2673 4372 2866 4428 Wallia
2922 4371 3281 4438 incoluerint,
3327 4385 3490 4445 atque

1912 4500 1960 4538 c.
1989 4483 2080 4538 5i.

1984 4553 2052 4625 (ε)
2077 4551 2160 4607 Cf.
2202 4552 2393 4625 fragm.
2437 4552 2695 4625 epistolae
2727 4554 2796 4608 ab
2817 4554 3109 4625 Anastasio
3148 4554 3216 4609 ad
3237 4552 3490 4625 Carolum

1913 4621 2148 4693 Calvum
2166 4621 2398 4692 scriptae
2431 4621 2571 4692 apud
2617 4623 2767 4679 Gale.
2812 4624 2849 4677 I.
2875 4624 2909 4677 l.
2936 4625 3133 4679 testim.
3157 4641 3208 4693 p.
3236 4624 3288 4678 8.

1987 4691 2052 4761 (f)
2080 4692 2166 4764 Cf.
2191 4691 2426 4750 Themas
2454 4691 2658 4754 Moore,
2699 4693 2920 4764 History
2953 4691 3269 4764 oflreland.
3304 4693 3421 4748 Vol.
3448 4694 3486 4754 I.

1914 4779 2032 4831 cap.
2060 4762 2094 4816 6
2119 4773 2173 4818 et
2198 4764 2260 4828 7;
2303 4765 2492 4820 lsidori
2532 4764 2680 4834 Orig.
2706 4781 2815 4826 xw,
2841 4762 2974 4829 I23;
2996 4833 2999 4834 ν
3020 4763 3194 4834 Bedae
3221 4763 3488 4834 Venerat).

1916 4834 2054 4905 Hist.
2085 4833 2278 4888 eccles.
2313 4837 2488 4905 gentis
2510 4833 2880 4905 Angloruml,
2907 4835 2959 4898 I;
2993 4833 3261 4905 Mabillon.
3291 4833 3488 4888 Annal.

1916 4904 2112 4957 Ilened.
2145 4914 2276 4958 tom.
2301 4903 2340 4968 I,
2373 4921 2426 4970 p.
2447 4906 2584 4970 206;
2621 4903 2872 4958 Nouvelle
2893 4905 3142 4958 Biblioth.
3166 4903 3256 4956 des
3278 4915 3490 4958 autem:

1915 4973 2196 5028 ecclesiast.
2235 4990 2334 5044 par
2361 4972 2474 5030 Mre
2503 4977 2563 5030 L.
2585 4975 2748 5029 Ellies
2784 4974 2855 5028 du
2876 4974 2996 5028 Pin.
3030 4983 3158 5030 tom.
3186 4972 3297 5040 VII,
3321 4991 3377 5045 p.
3397 4975 3485 5039 7i,

1915 5052 2042 5097 nota
2070 5061 2120 5096 a.

1988 5115 2061 5182 (g)
2101 5113 2182 5167 Cf.
2227 5113 2420 5170 Thom.
2461 5114 2661 5168 Moore.
2701 5113 2736 5166 l.
2778 5112 2816 5165 I.

1988 5183 2064 5254 (Ii)
2104 5183 2186 5238 Cf.
2229 5185 2418 5254 'I'hom.
2461 5184 2661 5238 Moore.
2701 5183 2739 5236 ι.
2779 5183 2815 5236 l.

2109 5254 2206 5326 CI.
2232 5253 2425 5326 Thom.
2469 5255 2675 5326 Moore.
2711 5254 2753 5326 l._
2788 5253 2824 5307 Ι.
2849 5253 3004 5326 _(hoe
3049 5252 3182 5326 loco
3212 5251 3284 5308 cf.
3313 5251 3489 5326 Bgijae

1928 5322 2115 5396 Vener.
2147 5323 2284 5379 Hist.
2312 5324 2506 5382 eccles.
2534 5325 2710 5395 gentis
2729 5322 2894 5396 Angl.‘
2917 5324 2956 5391 l,
2985 5325 3064 5396 I),
3089 5324 3190 5378 174
3211 5338 3330 5392 sqq.
3366 5322 3483 5376 180.

300 5396 375 5467 (d)
399 5397 484 5453 Cf.
506 5389 721 5455 Ilincm.
735 5389 799 5454 de
822 5399 1086 5468 praedest.
1102 5398 1196 5454 Dei
1219 5407 1272 5455 et
1293 5397 1358 5453 de
1380 5395 1551 5452 libero
1584 5395 1810 5452 arbitrio
1838 5389 1889 5447 D
1913 5394 2036 5448 273.

297 5509 328 5536 ⁵
373 5510 593 5570 Pmstat
627 5514 846 5568 Bonnae
889 5515 1026 5584 apud
1082 5515 1378 5586 Adolphum
1443 5513 1681 5569 Marcum
1758 5526 2089 5567 uncecuxv.

553 5607 821 5664 anor.
845 5604 1098 5667 CXXII.
