4002 6148
504 236 536 292 3
1618 245 1701 299 DE
1734 244 1782 300 J.
1824 244 2043 301 SCOTO
2086 243 2599 302 COMMENTATIO.
3721 248 3756 305 ι

488 369 769 429 praeterea
809 364 1018 410 retento
1050 356 1264 425 proprio
1300 370 1396 410 suo
1418 355 1699 411 Scotorum
1732 357 1948 411 nomine
1983 358 2065 410 in-
2098 362 2142 419 Α
2175 371 2320 410 mum
2352 359 2588 413 tribuere
2613 358 2804 413 solent.
2832 359 3066 414 Thomas
3097 361 3312 430 quidem
3355 363 3603 421 Mooreus
3630 375 3752 422 tan-

492 459 577 504 ter
603 448 781 503 Pictos
810 446 1190 501 habitaverint.
1224 444 1331 500 Nec
1364 456 1661 515 temporum
1695 448 1832 500 ratio
1862 448 1945 502 his
1972 463 2069 502 no-

492 540 621 596 stris
662 538 960 593 rationibus
1000 536 1173 591 ali‘ena
1204 544 1289 590 est
1331 551 1345 589 :
1392 538 1525 590 haec
1569 538 1713 590 enim
1753 536 1894 592 facta
1946 549 2070 591 sunt

491 620 708 686 circiter
740 628 843 684 DC.
879 638 1000 699 post
1029 628 1228 681 Christ.
1259 636 1369 681 nat.
1397 644 1595 682 annum
1622 628 1722 699 (τι),
1750 638 1805 688 et
1830 628 2068 684 Joannes

490 733 695 783 noster,
748 740 853 778 non
902 722 1140 785 mutatis,
1174 729 1432 789 quantum
1487 722 1807 792 reperinms,
1860 739 1958 792 per
2005 739 2069 778 ea

491 823 733 884 tempora
759 813 983 866 Walliae
1028 812 1236 875 incolis,
1267 812 1486 865 circiter
1516 811 1687 866 DCCC
1715 821 1836 882 post
1865 812 2067 867 Christ.

494 922 604 965 nat.
638 925 835 963 annum
865 908 918 962 in
950 909 1089 962 hanc
1119 907 1290 960 lucem
1330 915 1613 974 susceptus
1641 916 1743 961 est.
1770 908 1979 970 Restat,
2009 916 2069 960 ut

491 1000 869 1055 auctoritatem
900 998 1136 1052 Thomae
1165 997 1314 1052 Galei
1347 996 1652 1061 all'eramus,
1701 999 1817 1065 qui,
1841 997 2067 1054 eandem

493 1091 770 1146 nobiscum
812 1104 924 1143 rem
960 1089 1303 1158 probaturus,
1335 1088 1534 1143 diserte
1564 1089 1657 1153 ait,
1704 1107 1722 1140 ι
1754 1087 1946 1144 Scotos
1974 1088 2072 1142 ali-

489 1180 705 1250 quando
744 1179 1042 1235 Wallorum
1083 1178 1220 1233 ﬁnes
1259 1193 1555 1247 occupasse
1594 1178 1667 1249 (b)
1719 1198 1765 1246 ι,
1808 1190 1869 1235 ut
1905 1181 1976 1235 sit
2013 1181 2068 1235 in

490 1270 630 1327 libro
666 1270 927 1325 ecclesiae
955 1267 1322 1323 Landaveusis
1363 1276 1419 1323 et
1444 1268 1584 1338 apud
1608 1266 1884 1323 Giraldum
1911 1268 2069 1324 Cam-

488 1363 760 1416 brensem.

561 1473 768 1540 Quibus
794 1472 868 1527 ita
904 1470 1164 1541 expositis
1191 1479 1437 1540 apparet,
1464 1485 1622 1541 posse
1653 1478 1761 1524 tam
1792 1469 1933 1536 illos,
1977 1470 2069 1539 qui

487 1564 824 1627 Hiberniam,
864 1577 1026 1631 quam
1066 1562 1158 1631 qui
1193 1559 1466 1624 Scotiam,
1503 1559 1587 1615 vel
1626 1560 1856 1630 denique
1896 1560 2068 1629 ipsam

488 1657 734 1728 Angliam
765 1655 943 1710 Nostri
979 1654 1208 1724 patriam
1247 1652 1412 1708 fuisse
1447 1654 1795 1717 contendunt,
1834 1654 1934 1707 etsi
1974 1668 2071 1706 na-

2176 460 2286 503 tum
2316 450 2367 503 in
2400 467 2464 505 eo
2491 451 2604 505 vult
2651 453 2851 516 inesse,
2878 463 2937 508 ut
2965 455 3166 510 nullum
3196 472 3363 527 prope
3405 472 3754 528 argumento-

2175 557 2292 595 rum
2314 544 2525 611 pondus
2547 544 2762 598 vincere
2793 562 2899 599 non
2927 556 3107 616 queat.
3136 549 3204 602 Et
3232 548 3295 604 C.
3322 549 3380 603 Β.
3406 550 3758 609 Sehlueterus

2174 632 2251 686 ait
2279 633 2352 702 (g)
2386 648 2398 686 :
2428 633 2689 687 Thomam
2717 635 2988 691 Mooreum
3021 638 3072 692 in
3104 655 3160 693 re
3188 654 3285 693 sua
3323 659 3342 691 ‹
3378 640 3754 699 conﬁrmanda

2175 725 2495 779 certissimis
2531 746 2549 777 ι
2580 728 2734 781 inniti
2773 746 2791 779 (
2837 731 3168 800 argumentis
3199 751 3242 785 ι.

2243 816 2308 869 Ηί
2357 816 2520 886 igitur
2573 819 2644 872 ita
2701 821 3078 875 contendunt:
3116 841 3135 873 «
3173 822 3484 882 Hiberniam
3525 827 3756 885 Joannis

2172 908 2343 961 nostri
2380 910 2609 978 patriam
2642 927 2782 977 esse,
2834 924 3117 983 propterea
3163 918 3306 986 quod
3359 920 3503 974 nulla
3552 921 3654 975 alia
3687 924 3756 978 de

2173 1013 2337 1052 causa
2371 999 2484 1053 ﬁeri
2532 1003 2787 1070 potuerit,
2815 1012 2873 1056 ut
2899 1020 3196 1074 cognomen
3224 1018 3437 1077 gereret
3466 1010 3755 1082 Erigonae,

2172 1089 2315 1158 quod
2350 1098 2420 1145 snt
2442 1091 2494 1144 in
2525 1092 2656 1146 Erin
2680 1094 2815 1160 (sive
2836 1094 3116 1168 Hibernia)
3144 1100 3255 1152 nati
3288 1119 3334 1153 ι.

2242 1180 2430 1250 Itaque
2457 1182 2524 1236 ad
2553 1183 2782 1238 alterum
2805 1183 3033 1241 Joannis
3072 1190 3241 1244 nostri
3269 1206 3589 1262 cognomen,
3623 1210 3751 1264 quo,

2173 1270 2226 1324 id
2252 1272 2396 1341 quod
2437 1287 2599 1342 supra
2623 1272 2736 1342 jam
2770 1277 3098 1345 monuimus,
3128 1281 3307 1349 patria
3335 1280 3451 1351 ejus
3476 1284 3754 1355 signitice-

2174 1367 2283 1424 tur,
2324 1371 2641 1430 perventum
2672 1372 2776 1419 est.

2242 1450 2358 1504 Hoc
2388 1466 2686 1522 cognomen
2714 1453 2931 1522 Joanni,
2987 1472 3110 1513 cum
3152 1474 3343 1516 omnes
3380 1464 3600 1518 omnino
3649 1467 3754 1521 viri

2172 1539 2318 1594 docti
2345 1556 2513 1610 usque
2542 1544 2610 1597 ab
2639 1545 2875 1615 antiquis
2924 1548 3256 1617 temporibus
3297 1551 3398 1607 bac
3422 1553 3489 1607 de
3530 1570 3587 1609 re
3618 1572 3754 1611 eou-

2174 1630 2467 1697 senserint,
2495 1648 2523 1684 a
2558 1635 2734 1702 patria
2785 1635 3011 1691 inditum
3046 1640 3214 1694 videri
3265 1645 3650 1711 concedimus;
3685 1649 3756 1700 ab

491 1720 636 1804 tione
667 1747 859 1802 Scottis
903 1720 1021 1810 fuit,
1056 1752 1200 1800 recte
1240 1744 1503 1814 judicare.
1553 1742 1671 1799 Jam
1702 1758 1829 1799 vero
1858 1744 1922 1798 de
1957 1744 2068 1798 sin-
2096 1722 2142 1779 Β
2173 1720 2302 1814 Eri"
2331 1723 2504 1790 Pam“
2553 1724 2604 1777 id
2642 1726 2858 1780 duum“
2886 1728 3056 1783 νίάθνί
3100 1746 3360 1801 negamus
3391 1758 3403 1787 ε
3431 1735 3538 1789 imo
3584 1753 3754 1804 (Ιιιυιη

489 1840 627 1913 gulis
654 1829 940 1893 videndum
970 1844 1071 1913 est.

561 1926 660 1994 Qui
714 1927 765 1980 in
817 1925 1074 1979 Hibernia
1104 1922 1368 1978 Joannem
1416 1932 1660 1977 nostrum
1716 1930 1902 1976 natum
1946 1937 2068 1977 esse

491 2018 707 2082 volunt,
758 2016 1001 2085 pluribus
1056 2022 1279 2067 utuntur
1324 2012 1657 2083 argumentis
1700 2011 1792 2081 (c),
1837 2026 2066 2080 quorum

491 2124 759 2163 summam
804 2106 992 2161 ordine
1043 2118 1428 2175 proponemus,
1474 2102 1740 2172 simulque
1784 2101 2069 2171 diligenter

491 2199 940 2255 (‘Xttttillltlbimu8.

561 2292 711 2359 Quol
743 2291 905 2361 igitur
927 2289 1159 2360 primum
1185 2286 1421 2342 Joannes
1447 2286 1609 2341 fuerit
1632 2302 1829 2357 genere
1852 2288 2065 2355 Scotus,

491 2381 749 2437 Hibernia
790 2388 970 2434 autem
1010 2378 1116 2434 illis
1159 2379 1493 2449 temporibus
1534 2379 1750 2447 propria
1784 2377 2066 2434 Scotorum

489 2474 667 2537 sedes,
696 2473 798 2526 hoc
834 2477 1206 2541 argumentum
1252 2468 1567 2532 conciderit,
1594 2468 1880 2524 dummodo
1926 2472 2069 2540 cogi-

490 2565 711 2626 taveris,
739 2562 901 2615 etiam
932 2560 987 2614 in
1014 2559 1196 2615 Scotia
1224 2568 1278 2613 et
1306 2560 1359 2614 in
1382 2556 1577 2614 Wallia
1608 2559 1711 2615 illis
1738 2562 2070 2631 temporibus

488 2653 817 2709 habitavisse
846 2649 1059 2706 Scotos.

562 2743 766 2798 Deinde
798 2741 1000 2796 habent
1031 2739 1091 2795 8.
1116 2738 1491 2804 Prudentium,
1519 2741 1828 2810 episcopum
1858 2741 2069 2796 Tricas-

489 2836 667 2890 sinum
718 2830 854 2903 (sive
877 2829 1248 2900 Trecensem),
1296 2830 1386 2900 qui
1437 2846 1559 2885 cum
1583 2829 1789 2885 Joanne
1833 2832 1987 2893 vixit,
2015 2840 2070 2886 et

491 2928 558 2981 de
586 2942 651 2979 eo
679 2924 904 2993 loquens
937 2940 956 2972 ι
985 2921 1061 2976 Te
1087 2921 1260 2976 solum
1288 2940 1336 2987 ι,
1366 2922 1460 2987 ait,
1503 2940 1520 2971 ι
1546 2922 1786 2974 omnium
1817 2922 2067 2975 acutissi-

489 3034 638 3072 mum
666 3016 873 3072 Galliae
900 3014 1198 3069 transmisit
1232 3012 1484 3068 Hibernia
1508 3013 1585 3085 (d)
1611 3033 1652 3067 ι.
1684 3012 1883 3068 Verum
1912 3029 1977 3068 ne
2002 3029 2068 3067 ex

2170 1813 2277 1866 duo
2300 1816 2479 1883 priora
2505 1826 2820 1885 argumenta
2849 1834 2954 1873 non
2998 1824 3372 1889 ostenderent,
3403 1824 3666 1882 Joannem
3700 1830 3755 1881 in

2131 1932 2143 1943 ο
2170 1901 2424 1958 Hibernia
2468 1921 2588 1967 esse
2622 1917 2829 1979 natum,
2863 1910 2966 1963 hoc
2995 1912 3174 1979 potius
3223 1916 3433 1969 ostendi
3476 1926 3752 1984 putamus.

2170 2011 2293 2050 eum
2337 2012 2441 2049 non
2492 1997 2543 2050 in
2592 1997 2847 2052 Hibernia
2884 2014 3003 2055 esse
3045 2004 3310 2057 natum".
3340 2004 3475 2059 Nam
3513 2008 3753 2076 primum

2164 2087 2285 2157 jure
2337 2088 2574 2152 mireris,
2627 2090 2718 2159 qui
2774 2090 2976 2147 factum
3010 2094 3101 2158 sit,
3153 2104 3213 2149 ut
3256 2097 3436 2165 potius
3484 2099 3754 2153 vocabulo

2170 2179 2541 2234 semibarbaro
2592 2180 2821 2252 Erigena
2877 2184 3177 2253 appellatus
3229 2186 3331 2251 sit,
3389 2203 3548 2256 quam
3600 2204 3755 2243 mere

2171 2268 2339 2323 latino
2366 2269 2745 2338 Hibernigena.
2782 2273 3002 2337 Deinde,
3032 2286 3091 2329 ut
3109 2291 3222 2344 jam
3249 2277 3440 2334 Petrus
3464 2281 3530 2335 de
3546 2279 3751 2345 Marca,

2169 2361 2255 2413 vir
2300 2361 2679 2425 doctissimus,
2735 2366 3176 2437 archiepiscopus
3222 2366 3578 2436 Parisiensis,
3632 2362 3756 2425 abi-

2172 2450 2478 2511 madvertit,
2535 2452 2602 2505 ab
2642 2452 2769 2505 Erin
2830 2454 3055 2509 formari
3105 2457 3289 2511 debuit
3340 2474 3443 2512 non
3493 2459 3752 2531 Erigena,

2172 2540 2264 2593 sed
2296 2540 2599 2609 Erinigena.
2646 2542 2783 2596 Sunt
2829 2545 3068 2615 quidem,
3116 2547 3207 2616 qui
3257 2549 3459 2614 dicant,
3486 2547 3753 2605 Joannem

2171 2633 2331 2685 etiam
2366 2634 2685 2706 Eringenam
2726 2637 3048 2705 appellatum
3102 2654 3244 2704 esse,
3296 2640 3389 2696 sed
3440 2641 3632 2697 horum
3661 2644 3758 2697 de.

2172 2730 2380 2775 cretum
2424 2726 2570 2778 omni
2615 2726 2939 2780 auctoritate
2969 2738 3143 2790 caret,
3174 2744 3338 2797 quum
3370 2737 3495 2784 ante
3529 2731 3753 2787 Trithe-

2174 2812 2364 2876 mium,
2422 2816 2561 2882 quod
2616 2832 2714 2870 nos
2771 2817 2986 2885 quidem
3044 2817 3427 2884 invenerimus,
3481 2836 3641 2876 nemo
3686 2825 3758 2878 de

2174 2902 2439 2975 Eringena
2494 2906 2703 2961 loeutus
2766 2907 2859 2970 sit,
2918 2916 2974 2961 et
3027 2922 3094 2962 ex
3149 2907 3355 2964 Thoma
3406 2908 3571 2966 Galeo
3620 2916 3758 2967 satis

2175 3006 2406 3060 constet,
2473 2996 2738 3052 Joannem
2804 3000 3201 3068 antiquissimis
3264 3003 3594 3071 temporibus
3648 3007 3755 3059 nisi

487 3108 594 3162 hoc
645 3106 863 3175 quidem
915 3104 1210 3173 quidquam
1254 3103 1523 3172 sequitur,
1570 3103 1673 3157 nisi
1702 3100 1961 3157 Joannem
2006 3119 2069 3156 ex

2180 3084 2462 3155 Erigenam
2518 3088 2601 3141 vel
2648 3088 2811 3143 etiam
2877 3088 3203 3159 Eriugenam
3266 3093 3588 3163 appellatum
3642 3111 3756 3149 non

490 3198 748 3253 Hibernia
782 3197 833 3249 in
864 3194 1095 3250 Galliam
1126 3195 1369 3258 venisse;
1419 3192 1564 3247 nullo
1594 3194 1755 3247 modo
1797 3195 1920 3248 inde
1961 3193 2073 3247 elli-

488 3289 653 3351 citur,
700 3296 759 3341 ut
785 3287 947 3339 etiam
982 3284 1034 3338 in
1061 3280 1316 3337 Hibernia
1347 3293 1506 3337 natus
1536 3283 1626 3337 sit.
1664 3283 1769 3338 Sed
1802 3284 2073 3353 putaveris

489 3380 740 3442 forsitan,
786 3392 886 3432 nos
926 3374 1286 3430 S.Prudentii
1330 3375 1494 3429 verba
1545 3376 1706 3429 nimis
1754 3377 1821 3430 ad
1864 3378 2071 3444 apicem

486 3487 606 3526 esse
643 3470 1025 3538 interpretatos
1055 3486 1066 3520 :
1105 3483 1203 3521 nec
1229 3456 1382 3537 plura
1411 3468 1708 3523 concedere
1737 3464 2069 3523 recusamus.

484 3563 621 3619 Nam
666 3577 786 3617 esse
825 3566 1025 3631 potest,
1066 3568 1127 3613 ut
1162 3558 1399 3614 Joannes
1450 3560 1503 3613 in
1538 3558 1793 3614 Hibernia
1842 3559 2073 3615 fortasse

485 3655 703 3723 longum
728 3668 825 3722 per
854 3661 1061 3720 tempus
1086 3649 1281 3704 litteris
1306 3665 1524 3718 operam
1554 3651 1781 3715 dederit,
1809 3660 1970 3721 atque
1998 3653 2069 3705 ita

488 3748 555 3800 ab
585 3744 838 3799 Hibernis
868 3741 1116 3796 eruditus
1144 3740 1196 3793 in
1224 3738 1449 3794 Galliam
1492 3755 1548 3794 se
1577 3741 1883 3794 contulerit.
1919 3740 2071 3806 Quod

487 3851 677 3893 revera
722 3834 929 3891 factum
976 3832 1167 3897 videri,
1218 3831 1360 3886 infra
1399 3831 1468 3903 (e)
1514 3832 1879 3886 ostendemus.
1925 3831 2069 3886 Haec

488 3936 668 3982 autem
705 3922 981 3980 concessio
1027 3932 1211 3977 nostra
1237 3922 1457 3977 omnino
1503 3921 1561 3977 S.
1585 3921 1861 3977 Prudentii
1891 3923 2070 3977 verbis

486 4016 806 4073 satisfaciet.
840 4014 999 4069 Certe
1038 4012 1250 4067 Marcus
1290 4010 1507 4081 quidam
1559 4028 1945 4083 saepenumero
1991 4014 2069 4067 di-

487 4109 713 4164 cebatur
741 4105 1036 4169 Hibernas,
1065 4119 1187 4159 cum
1226 4112 1371 4158 esset
1403 4103 1661 4157 educatus
1710 4103 1762 4156 in
1789 4103 2067 4167 Hibernia,

487 4202 707 4256 natione
741 4197 932 4261 Britto,
983 4204 1040 4249 ut
1080 4196 1147 4251 de
1191 4208 1255 4251 eo
1296 4194 1485 4249 scribit
1516 4193 1706 4248 Ericus
1733 4190 2069 4249 Antissiodo-

488 4293 661 4346 rcusis
693 4291 744 4343 in
773 4288 879 4343 {ine
907 4287 999 4341 lib.
1031 4286 1070 4340 l.
1099 4286 1166 4340 de
1190 4284 1462 4340 Miraculis
1494 4283 1551 4339 S.
1575 4283 1830 4339 Germani
1863 4285 1936 4354 (f)

560 4379 746 4433 Restat
789 4376 1004 4432 tertium
1040 4382 1436 4449 argumentum,
1500 4372 1584 4429 cui
1629 4381 1879 4427 auctores
1904 4374 2065 4442 pluri-

562 4531 638 4603 (τι)
677 4530 760 4603 Cl’.
800 4531 993 4603 Ibem.
1037 4531 1238 4603 Moore.
1277 4532 1313 4603 l.
1353 4533 1390 4587 l.

560 4599 633 4673 (b)
674 4600 755 4673 tif.
787 4601 993 4673 jhom.
1032 4599 1185 4673 Cale.
1226 4601 1259 4673 l.
1305 4602 1362 4663 l.,
1405 4618 1457 4673 p.
1484 4602 1570 4673 il).

560 4618 633 4673 (υ)
674 4618 755 4654 u.
810 4618 993 4656 tuom.
1032 4618 1185 4655 uate.
1229 4618 1259 4654 l.
1305 4618 1362 4663 ι..
1484 4618 1570 4658 tu.

560 4674 630 4742 (ε)
662 4671 745 4742 Ci.
779 4669 1011 4742 Histoire
1043 4668 1294 4742 (introire
1319 4673 1383 4725 de
1428 4690 1458 4724 (ι
1484 4672 1706 4736 France,
1730 4689 1829 4740 par
1852 4675 1940 4725 des
1965 4671 2067 4726 Re-

487 4740 687 4812 ligieugo
710 4740 1039 4812 Bénédictips
1061 4744 1127 4812 de
1150 4740 1202 4792 la
1221 4740 1597 4812 Congrégation
1617 4743 1679 4796 de
1703 4742 2066 4808 Saint-Maur,

488 4799 622 4868 tom.
647 4811 712 4871 V,
741 4810 945 4881 p.4i6;
972 4809 1194 4881 DuPin,
1222 4799 1393 4881 Nou'u.
1419 4799 1667 4881 Biblioth.
1690 4813 1727 4865 l.
1753 4812 1787 4865 l.
1816 4813 1915 4881 (se.
1935 4799 2066 4867 tom.

490 4828 622 4868 tom.
656 4828 712 4871 ν,
782 4828 945 4876 .uo;
973 4828 1049 4864 uu
1072 4828 1194 4874 rm,
1222 4828 1393 4864 nouo.
1419 4828 1667 4865 urouom.
1692 4828 1727 4865 ι.
1754 4828 1787 4865 ι.
1816 4828 1915 4881 (δε.
1935 4828 2066 4867 ιοηι.

490 4882 603 4954 Yll)
628 4828 1247 4954 p.‘i_£l);1_‘hom:__bioore.
1281 4880 1316 4933 ι.
1342 4880 1378 4933 l.
1410 4880 1525 4937 Vol.
1552 4882 1589 4946 l,
1614 4897 1732 4954 cap.
1756 4882 1841 4936 15.
1865 4883 2066 4953 lnterp.

488 4949 675 5009 Germ.
711 4950 825 5005 Vol.
845 4949 887 5014 l,
915 4966 969 5020 p.
998 4949 1123 5004 554.
1147 4958 1255 5006 cet.
1282 4959 1387 5006 cet.

562 5040 753 5115 (ἀλα.
812 5041 1006 5115 Thom.
1035 5038 1184 5115 Gale.
1219 5040 1326 5115 l_.“l.
1360 5050 1481 5115 test.
1499 5056 1585 5115 _p.
1617 5040 1670 5115 5,
1703 5042 1794 5110 qui
1821 5042 1965 5115 hunc
1992 5041 2072 5095 lo-

489 5109 813 5169 cumbabet
842 5124 907 5164 ex
953 5110 1009 5165 8.
1038 5109 1200 5165 Prud.
1233 5110 1371 5165 libro
1411 5112 1477 5165 de
1499 5109 1777 5165 Praedest.
1814 5112 2074 5167 adversus

490 5183 739 5244 Scotum,
765 5195 882 5248 cap.
910 5178 997 5234 Ν.
1031 5179 1114 5235 Cf.
1142 5181 1373 5234 Maxima
1404 5180 1651 5234 biblioth.
1686 5189 1793 5235 vet.
1829 5181 2070 5247 Patrum,

487 5254 621 5309 edit.
670 5251 1041 5322 Lugdunensis
1094 5260 1222 5322 tom.
1253 5250 1369 5322 ΧΥ
1393 5266 1445 5320 p.
1480 5250 1584 5304 554
1620 5251 1679 5305 Ε.
1725 5251 1838 5305 Hoc
1866 5252 1984 5307 loco
2012 5252 2069 5305 S.

488 5319 816 5378 Prudentius
868 5339 886 5372 ι
941 5319 1244 5375 Hiber-uicis
1284 5321 1551 5391 Erigenae
1600 5322 1990 5376 eruditionibus
2039 5341 2058 5374 ι

560 5458 593 5492 ’⁸
621 5456 852 5525 Erigena
896 5456 1109 5509 nonnisi
1156 5456 1503 5526 depravatum
1566 5470 1760 5510 nomen
1807 5455 2074 5526 Jerugena

490 5536 593 5588 est,
625 5530 765 5593 quod
804 5536 889 5580 est
924 5526 1179 5579 oriundus
1209 5542 1272 5578 ea:
1297 5525 1470 5579 insula
1510 5537 1841 5589 sanctorum,
1875 5525 2079 5583 scilicet

493 5594 950 5668 HiberniaQnare
962 5611 1045 5661 ea,
1061 5610 1199 5666 quae
1214 5596 1313 5651 hoc
1327 5596 1443 5649 loco
1456 5598 1519 5649 de
1532 5598 2080 5668 cognomiuelirigeua

494 5666 763 5735 copiosius
790 5666 1153 5735 disputantur,
1180 5675 1234 5720 ut
1253 5681 1386 5719 vana
1411 5682 1630 5731 prorsus
1651 5666 2082 5723 reiicienda'essc

718 5894 745 5911 ρ

2096 4446 2150 4507 D

2176 3200 2295 3238 esse
2326 3186 2424 3254 (Ιι).
2455 3185 2588 3239 Nam
2636 3187 2874 3242 Thomas
2918 3186 3116 3243 Galeus
3163 3189 3199 3243 1.
3260 3189 3297 3243 l.
3358 3192 3491 3246 haec
3537 3191 3699 3248 habet
3739 3211 3753 3246 :

2180 3294 2200 3327 ι
2241 3275 2442 3332 Omnes
2486 3281 2703 3335 codices
2751 3298 2877 3336 mss.
2936 3298 3044 3337 uno
3087 3284 3243 3353 quasi
3275 3300 3369 3340 ore
3411 3294 3466 3340 et
3494 3296 3759 3356 perpetuo

2175 3381 2305 3435 prae
2326 3382 2383 3421 se
2413 3366 2590 3422 ferunt
2616 3379 2708 3424 aut
2735 3371 3019 3440 Erigenam
3049 3381 3143 3427 aut
3170 3372 3493 3444 Eriugenam
3528 3394 3548 3428 ι
3579 3375 3646 3411 *⁸
3673 3388 3759 3441 et,

2184 3476 2201 3507 ι
2237 3458 2450 3527 saepius
2477 3460 2528 3513 in
2560 3461 2793 3530 antiquis
2835 3461 2988 3517 libris
3023 3463 3287 3532 Eriugena
3338 3465 3557 3530 dicitur,
3590 3482 3759 3535 quam

2175 3547 2441 3618 Erigena;
2489 3564 2637 3606 certe
2687 3552 2740 3606 in
2788 3554 2973 3608 codice
3000 3553 3220 3607 ultimae
3271 3556 3631 3624 antiquitatis,
3661 3560 3759 3626 qui

2175 3654 2318 3692 nunc
2364 3649 2615 3694 servatur
2670 3642 2722 3695 in
2799 3641 3046 3697 biblioth.
3099 3643 3310 3713 collegii
3363 3644 3420 3699 S.
3473 3645 3763 3702 Trinitatis

2173 3727 2453 3794 Cantabr.,
2513 3747 2619 3800 quo
2685 3748 2815 3787 usus
2862 3744 2947 3788 est
3000 3734 3259 3790 Usserius
3302 3737 3677 3792 Armaehanus
3704 3749 3766 3793 et

2172 3837 2273 3892 ego
2309 3838 2544 3892 quoque,
2591 3825 2847 3879 scribitur
2893 3827 3183 3897 Eriugena,
3236 3844 3342 3884 non
3398 3830 3649 3899 Erigena.
3677 3831 3761 3887 ita

2172 3927 2385 3984 quoque
2410 3914 2676 3970 Suﬂ‘ridus
2720 3916 2881 3983 Petri,
2916 3920 2988 3973 ita
3022 3920 3075 3973 in
3109 3922 3220 3976 suis
3248 3923 3444 3990 reperit
3470 3923 3758 3995 Dionysius

2172 4004 2443 4071 Petavius,
2468 4008 2539 4062 ita
2572 4007 2845 4079 Philippus
2871 4010 3119 4067 Labbcus
3157 4032 3201 4065 ι.
3243 4012 3471 4069 Constat
3519 4016 3757 4084 denique

2171 4096 2313 4151 inter
2334 4113 2543 4163 omnes,
2568 4100 2744 4154 Nostri
2771 4102 3099 4170 temporibus
3122 4103 3382 4171 plurimos
3403 4121 3469 4159 ex
3497 4105 3758 4161 Hibernia

2172 4186 2224 4240 in
2255 4186 2482 4241 Galliam
2530 4190 2745 4244 venisse
2772 4191 2932 4254 viros,
2973 4192 3250 4248 doctrinae
3275 4193 3431 4249 laude
3459 4195 3758 4250 admodum

2168 4277 2441 4345 ﬂorentes,
2466 4297 2564 4335 nec
2602 4292 2778 4337 tamen
2822 4284 2985 4338 ullum
3037 4285 3294 4354 reperies,
3331 4287 3422 4355 qui
3455 4288 3760 4357 appellatus

2172 4375 2243 4429 sit
2280 4375 2543 4445 Erigena;
2576 4391 2765 4432 omnes
2812 4378 2926 4432 sive
2974 4375 3145 4443 Scoti,
3190 4379 3303 4432 sive
3348 4378 3594 4445 Hiberni,
3641 4381 3761 4437 sive

2171 4529 2393 4599 opponit
2441 4548 2459 4580 ‹
2498 4545 2648 4583 suam
2683 4530 2849 4600 ipsius
2882 4530 3243 4601 eloquentiam
3273 4529 3528 4585 Celticum
3565 4551 3613 4596 ι,
3664 4533 3757 4601 qui

2174 4608 2373 4664 utnon,
2403 4608 2463 4653 ut
2493 4601 2607 4669 ipse
2633 4602 2699 4654 de
2730 4616 2787 4654 se
2813 4601 2912 4662 ait,
2943 4600 3047 4653 fuit

2375 4678 2615 4740 Hesperia
2640 4682 2853 4741 genitus,
2875 4678 3037 4730 Celtas
3068 4675 3309 4729 deductus
3333 4686 3385 4729 et
3409 4678 3548 4730 altus.

2171 4760 2255 4817 Cf.
2284 4758 2423 4813 Hist.
2447 4760 2548 4813 liu.
2574 4760 2636 4814 de
2664 4759 2715 4812 la
2739 4757 2965 4829 France,
2997 4767 3129 4813 tom.
3160 4761 3224 4825 V,
3260 4774 3314 4829 ι).
3338 4760 3445 4814 240
3469 4769 3525 4815 et
3546 4760 3754 4817 Mabill.

2171 4831 2364 4889 Annal.
2399 4829 2597 4885 Bened.
2633 4838 2763 4885 tom.
2792 4828 2880 4896 Ill,
2908 4843 2963 4899 p.
2994 4829 3049 4884 6.

2270 4899 2316 4971 e)
2346 4899 2402 4971 In
2431 4901 2558 4971 Cap.
2589 4900 2652 4954 ll.

2272 4917 2316 4971 ε)
2346 4917 2402 4955 tn
2431 4917 2558 5023 Cap.
2589 4917 2652 4954 ll.

2272 4973 2322 5047 ί)
2348 4970 2440 5047 pr.
2464 4971 2505 5047 fl‘
2530 4989 2564 5047 l_.
2581 4968 2738 5047 Cale.
2768 4969 2803 5047 l_.
2837 4970 3027 5047 l._test.
3060 4986 3114 5040 p.
3150 4969 3375 5047 §._Eriei
3411 4968 3548 5026 liber
3573 4980 3758 5026 exstat

2176 5042 2229 5099 in
2262 5040 2320 5094 Ρ.
2348 5041 2548 5095 Labbei
2581 5040 2832 5094 Biblioth.
2872 5040 2998 5095 Mss.
3034 5040 3241 5094 tomfl.

2247 5111 2320 5181 (g)
2350 5110 2432 5164 Cf.
2462 5110 2520 5164 .I.
2556 5108 2698 5165 Scoti
2740 5109 2888 5181 Erig.
2914 5109 2978 5164 de
3001 5109 3110 5181 diu.
3145 5108 3276 5165 Nat.
3320 5110 3441 5181 ljbrt’
3479 5107 3540 5163 V.
3575 5107 3757 5181 Editio

2178 5177 2439 5250 recognita
2515 5190 2562 5234 et
2599 5177 2923 5251 'emenddta.
3008 5177 3245 5235 Mona“.
3312 5177 3756 5251 Cuestphalorum

2180 5266 2578 5319 locccxxxvm,
2608 5265 2661 5319 p.
2689 5250 2743 5319 ᾗ.

2253 5321 2328 5392 (h)
2352 5317 2436 5375 Cf.
2471 5317 2667 5374 Thom.
2700 5317 2853 5373 Gale.
2883 5317 2920 5373 l.
2949 5319 2988 5373 ι.
3018 5327 3142 5376 test.
3172 5334 3227 5392 p.
3261 5319 3314 5376 9.

2179 5458 2447 5513 videntur.
2475 5455 2557 5512 Cf.
2601 5454 2930 5511 Prooemium
2974 5466 3237 5514 nostrum.
3283 5456 3551 5513 ANIIIADV.
3592 5459 3754 5515 Eutr.

2253 5530 2318 5563 "
2354 5528 2451 5600 \fix
2478 5528 2819 5600 crediderim,
2867 5528 3145 5600 codicibus
3167 5528 3404 5600 antiquis
3431 5530 3532 5600 legi
3568 5527 3757 5599 Erige-

2189 5615 2329 5651 nam.
2360 5597 2496 5669 Quid
2530 5599 2766 5661 codices,
2809 5613 2947 5666 quos
2973 5599 3074 5667 ipsi
3102 5597 3420 5669 evolvimus,
3448 5597 3750 5669 proteram,

2192 5669 2326 5738 legis
2365 5670 2415 5722 in
2453 5665 2723 5723 Prooemio
2748 5665 2949 5723 nostro.
2991 5665 3254 5722 ΆκιιιΑυν.
3282 5667 3437 5723 Εοιτ.
