4002 6148
236 225 265 279 5
1048 212 1135 277 DE
1171 221 1327 276 νιτΑ
1367 220 1452 276 ΕΤ
1494 217 1785 273 PRAL'CEP

1933 216 1979 271 J.
2023 212 2237 274 SCOTI.
2267 249 2335 259 --
2358 217 2535 274 PARS
2573 211 2612 272 1.
3425 218 3460 270 6

235 337 622 402 scuto-Hiberni
663 334 1002 392 dicebantur.
1032 336 1219 390 Ericus
1265 335 1485 404 quidem
1524 333 1784 387 Aulissio-
1815 340 1860 396 Α
1891 347 2030 400 quae
2057 332 2270 400 quidem
2297 333 2461 386 dictio
2492 347 2680 398 parum
2711 329 3070 399 discrepatab
3093 331 3324 405 Eriugcn
3345 329 3452 406 (e)'

235 433 454 490 utorensis
477 431 542 484 ad
572 427 830 484 Carolum
862 427 1085 483 Calvum
1115 427 1186 480 ita
1216 428 1405 480 scribit
1435 426 1509 496 (α)
1547 443 1559 477 :
1595 443 1612 474 ι
1650 425 1787 489 Quid

235 524 515 581 lliberniam
560 533 882 581 memorem,
911 526 1220 587 contempto
1249 517 1418 586 pelagi
1452 515 1787 577 discrimine,

235 631 350 688 pene
377 623 482 668 toto
505 627 626 667 eum
650 625 815 679 grege
841 610 1278 678 phil050pborunt
1305 609 1370 661 ad
1398 607 1574 660 littora
1607 617 1786 659 nostra

237 706 528 775 tuigrantcm
567 701 626 754 »Ξ
659 701 862 754 Eadem
890 699 955 754 de
1001 714 1060 753 re
1103 699 1308 753 consuli
1348 705 1524 767 potest
1557 696 1790 750 Jacobus

241 796 483 856 Usscrius,
505 793 885 854 Armachanus
903 790 1363 859 archiepiscopus,
1381 789 1432 842 in
1459 787 1790 858 praefatione

239 893 294 946 ad
317 889 650 960 epistularum
682 886 1094 940 llibcrnicarun't
1123 883 1361 954 syllogen
1389 899 1402 936 :
1437 882 1616 952 plures
1641 895 1788 934 enim

241 984 370 1037 hiccc
413 979 488 1034 vir
541 977 886 1032 doctissimus
939 983 1185 1030 recenset
1233 973 1520 1035 lliheruos,
1566 970 1656 1040 qui
1697 984 1792 1038 per

239 1071 390 1126 Caroli
419 1069 610 1138 Magni,
637 1067 819 1122 Caroli
863 1065 1034 1128 Calvi,
1077 1065 1280 1130 Alfredi
1325 1063 1502 1134 Magni
1550 1072 1790 1131 tempora

241 1163 452 1217 doctrina
485 1168 823 1232 praestantes
851 1159 1151 1212 innotuere.
1175 1156 1276 1222 Qui
1305 1170 1434 1208 vero
1461 1155 1530 1210 ob
1559 1153 1790 1224 patriam

213 1247 518 1307 “Hiberniam
566 1251 798 1320 Erigena
840 1247 1249 1318 cognominatus
1279 1246 1370 1311 sit,
1407 1246 1658 1301 inventus
1707 1252 1793 1299 est

242 1359 394 1397 nemo.

297 1433 649 1488 Ccrtissimum
699 1429 870 1500 igitur
908 1444 1028 1484 esse
1056 1436 1330 1498 putamus,
1371 1425 1632 1482 Joannem
1681 1440 1788 1480 non

242 1523 343 1576 ideo
389 1539 502 1577 esse
549 1521 988 1591 cognominatum
1042 1520 1352 1589 Erigenam,
1405 1527 1467 1572 ut
1523 1518 1792 1572 indicetur

247 1632 263 1664 ι
291 1612 350 1666 ab
379 1613 498 1666 Erin
524 1612 740 1681 genitus
771 1629 789 1662 ι
821 1611 924 1680 (b),
951 1610 1044 1665 sed
1073 1624 1372 1680 cognomen
1403 1609 1668 1678 Erigonae
1689 1608 1790 1678 ipsi

1895 425 1974 495 (et
1995 433 2274 478 contracte
2306 424 2554 492 Ergone).
2583 423 2700 477 Jam
2731 431 2840 476 tota
2867 432 3012 476 terra
3037 424 3105 478 ab
3127 425 3256 493 ipsis
3279 424 3470 483 Wallis

1892 516 2170 570 modernis
2213 517 2410 569 dicitur
2449 515 2686 586 Eryung,
2718 515 2802 568 rel
2854 516 3104 570 Ereinnc.
3150 515 3250 584 Qui
3281 519 3469 571 obser-

1891 609 2120 668 vaverit,
2165 614 2399 674 quantae
2455 605 2506 658 in
2557 605 2674 659 aliis
2723 605 3050 659 dictionibus
3106 606 3350 660 barbaris
3398 607 3468 660 ad

1891 709 2135 748 normam
2154 695 2375 747 latinam
2398 694 2784 762 detorquendis
2805 695 3130 749 minationes
3151 695 3468 764 plerumque

1891 786 2046 851 ﬁant,
2072 800 2174 840 non
2227 801 2388 856 aegre
2431 786 2531 839 has
2560 786 2879 840 lcviusculas
2921 785 3302 842 altercationes
3339 788 3474 842 mihi

1891 877 1996 931 hac
2045 877 2098 931 in
2155 891 2286 931 voce
2339 879 2615 931 concedet.
2685 877 2972 930 Enimvero
3031 878 3167 931 liber
3209 879 3476 933 ecclesiae

1890 965 2262 1021 Landavcnsis
2300 967 2354 1020 in
2403 976 2533 1020 tom.
2567 966 2629 1020 lll
2687 967 2964 1021 Monastiri
3013 968 3320 1038 Anglicani,
3373 969 3472 1024 Gi—

1893 1057 2078 1112 raldus
2106 1073 2322 1127 quoque
2349 1057 2699 1112 Cambrcnsis
2725 1058 2776 1111 in
2799 1058 3086 1113 Cambriae
3111 1061 3476 1131 descriptione

1888 1151 2103 1220 plenius
2143 1152 2208 1205 de
2247 1152 2350 1206 hac
2394 1151 2706 1221 regiuncula
2750 1151 3039 1204 docebunt.
3101 1152 3340 1218 Quorum
3389 1153 3477 1208 hic

1891 1250 2064 1306 notat,
2119 1242 2284 1297 fuisse
2335 1253 2543 1312 partem
2593 1244 2905 1298 dioecescos
2949 1243 3286 1300 lllcncvcnsls
3331 1245 3471 1316 (f)...

1890 1331 2062 1400 Hujus
2083 1349 2296 1403 quoque
2319 1334 2684 1402 prorinciolae
2705 1335 2952 1388 meminit
2985 1334 3120 1389 liber
3146 1337 3468 1408 Domesday,

1893 1425 1946 1480 in
1975 1441 2082 1495 quo
2102 1426 2180 1480 sic
2209 1425 2326 1494 lego
2357 1443 2370 1479 :
2405 1445 2422 1477 ι
2442 1445 2460 1476 ι
2497 1445 2516 1476 ι
2554 1425 2668 1480 llae
2699 1425 3119 1480 consuetudines
3149 1436 3301 1480 erant
3327 1427 3474 1483 Wal-

1891 1515 2122 1572 lensium
2148 1515 2214 1570 Τ.
2239 1515 2302 1568 lt.
2329 1516 2389 1570 E.
2416 1517 2468 1570 in
2503 1515 2904 1580 Arcbcnefcldt,
2935 1517 2986 1570 id
3016 1527 3100 1571 est
3137 1517 3346 1588 Ergone
3386 1538 3402 1570 ι
3423 1539 3466 1572 ι.

1965 1607 2114 1674 Quae
2138 1621 2260 1660 cum
2293 1606 2364 1659 ita
2389 1607 2516 1670 sint,
2551 1607 2692 1660 hanc
2717 1606 2783 1659 de
2815 1605 2962 1661 Scoti
2995 1607 3167 1674 patria
3201 1607 3477 1675 conjec-tn-

241 1702 426 1756 atiuude
459 1701 693 1756 venisse.
748 1701 806 1755 ld
849 1712 1016 1770 quum
1065 1700 1426 1771 intelligerent
1473 1700 1574 1753 viri
1621 1700 1788 1764 docti,
1823 1684 1865 1742 Β
1894 1713 2011 1752 ram
2039 1697 2240 1752 nemini
2274 1712 2378 1750 non
2420 1695 2738 1766 placituram
2784 1711 2905 1750 esse
2933 1697 3284 1751 arbitramur.
3311 1697 3476 1756 Nobis

241 1804 456 1862 coeptum
483 1801 565 1847 est
594 1792 816 1862 quaeri,
849 1808 978 1846 nmn
1017 1793 1244 1860 vestigia
1272 1792 1448 1860 aliqua
1487 1791 1791 1859 deprehen-

239 1883 484 1946 derentur,
503 1885 644 1937 unde
667 1883 927 1954 Erigonae
949 1899 1143 1938 nomen
1169 1885 1387 1938 ductum
1409 1882 1576 1937 videri
1601 1882 1788 1950 possit.

297 1972 400 2026 Jam
431 1973 610 2028 cuncti
653 1983 979 2036 statuerunt,
1011 1974 1064 2028 id
1093 1974 1236 2043 quod
1281 1988 1380 2027 nos
1418 1987 1633 2042 quoque
1663 1986 1790 2041 pro-

239 2065 423 2127 bamus,
453 2080 554 2118 non
587 2063 766 2119 minus
797 2064 1084 2134 Erigeuae,
1114 2078 1277 2133 quam
1305 2061 1452 2118 Scoti
1488 2078 1682 2118 nomen
1725 2063 1794 2116 ad

240 2155 390 2210 Nostri
427 2157 695 2230 originem
737 2155 1120 2210 declarandam
1166 2155 1478 2224 pertinere,
1523 2164 1688 2222 atque
1719 2154 1790 2208 ita

241 2263 395 2316 pono,
421 2263 582 2317 quum
609 2247 827 2302 nomine
853 2246 1004 2302 Scoti
1037 2245 1206 2312 natio,
1227 2256 1280 2300 et
1307 2246 1432 2300 inde
1451 2255 1594 2300 terra
1617 2232 1792 2314 patria

241 2341 508 2410 significata
557 2341 648 2404 sit,
697 2341 917 2396 nomine
959 2342 1226 2412 Erigonae
1275 2341 1446 2411 ipsam
1496 2343 1788 2410 regionem,

241 2431 310 2483 rel
343 2431 500 2502 ipsum
533 2431 814 2500 oppidum,
856 2432 906 2485 in
937 2447 1046 2502 quo
1093 2431 1254 2502 hujus
1297 2431 1433 2486 coeli
1476 2431 1649 2486 lucem
1683 2431 1795 2501 pri-

239 2537 365 2576 mum
391 2523 751 2592 conspexerit,
781 2523 1031 2580 indicari.

299 2613 432 2670 llanc
457 2616 722 2670 rationem
753 2624 972 2671 secutus
995 2616 1059 2672 G.
1103 2615 1446 2672 Mackenzius
1479 2615 1792 2688 conjectura

240 2707 427 2775 assequi
474 2707 662 2771 voluit,
703 2705 945 2762 Scotiam
993 2722 1116 2764 esse
1165 2707 1389 2763 Joannis
1435 2709 1662 2778 patriam
1694 2707 1790 2780 (ο).

240 2797 352 2851 Nam
379 2799 426 2852 in
455 2797 636 2853 Scotia
675 2801 840 2854 situm
884 2814 1005 2855 esse
1048 2800 1302 2870 oppidum
1333 2800 1481 2864 Aire,
1511 2799 1653 2869 quod
1682 2801 1794 2855 for-

243 2897 362 2944 tasse
384 2891 816 2960 progenerat-erit
841 2889 1126 2954 Joannem,
1151 2907 1315 2962 quum
1341 2909 1409 2946 ex
1435 2891 1592 2961 hujus
1611 2894 1792 2964 oppidi

241 2983 430 3036 nomine
449 2983 604 3038 facile
642 2984 862 3038 ductum
888 2998 1006 3038 esse
1059 2985 1230 3054 possit
1275 3000 1470 3038 nomen
1505 2984 1783 3056 Erigonae.

1892 1800 2042 1844 certe
2077 1790 2150 1843 ita
2186 1789 2415 1851 arridet,
2439 1797 2517 1851 ut,
2551 1789 2640 1857 qui
2678 1798 2960 1858 praetcrea
2985 1789 3136 1854 nihil,
3170 1790 3320 1858 quod
3347 1807 3473 1861 pro-

1889 1881 2012 1950 pius
2033 1881 2100 1934 ad
2131 1879 2654 1934 verisimilitudinem
2711 1880 2956 1944 accedat,
2977 1897 3168 1935 eruere
3205 1897 3362 1952 posse
3395 1883 3474 1937 via-

1891 1973 2136 2038 deamur,
2171 1973 2273 2028 hoc
2303 1971 2418 2026 loco
2451 1973 2502 2026 in
2532 1988 2595 2026 ca
2623 1973 3078 2042 acquiesceudam
3111 1985 3378 2043 putemus.
3408 1975 3471 2011 ’"

1891 2067 2057 2135 quue
2097 2081 2162 2120 eo
2215 2065 2473 2120 libentius
2527 2063 2794 2131 facimus,
2843 2082 3008 2136 quum
3071 2068 3236 2122 etiam
3295 2067 3473 2122 \‘irum

1892 2156 2264 2212 doctissimum
2312 2155 2404 2210 Dr.
2449 2156 2510 2212 C.
2561 2155 2626 2210 F.
2681 2156 2982 2223 llockium,
3023 2157 3178 2226 cujus
3207 2157 3472 2228 judicium

1891 2249 2049 2304 nobis
2078 2247 2296 2318 plurimi
2339 2262 2460 2304 esse
2493 2249 2672 2314 debet,
2719 2249 2823 2304 hac
2853 2251 2907 2304 in
2951 2250 3220 2306 sententia
3267 2248 3472 2304 versari

1891 2339 2177 2394 rideamus
2205 2341 2298 2410 (g).

1962 2431 2174 2496 Restat,
2206 2430 2400 2499 utjam
2443 2432 2511 2486 de
2549 2441 2792 2503 tempore
2827 2434 3126 2500 rideamus,
3167 2449 3274 2504 quo
3312 2443 3476 2492 natus

1893 2529 1966 2583 sit
1989 2527 2244 2582 Joannes.
2273 2527 2384 2582 Etsi
2419 2528 2583 2600 igitur
2612 2543 2680 2583 ne
2718 2529 2821 2582 hac
2857 2529 3076 2598 quidem
3124 2530 3190 2585 de
3233 2543 3292 2584 re
3333 2529 3475 2600 apud

1893 2621 2145 2690 antiquos
2167 2629 2418 2676 auctores
2445 2621 2661 2675 disertis
2689 2621 2871 2675 verbis
2915 2621 3208 2690 quidquam
3235 2621 3474 2692 perscri-

1891 2719 2043 2780 ptum
2071 2711 2163 2774 sit,
2187 2711 2532 2780 reperiuntur
2560 2720 2734 2763 tamen
2769 2709 2984 2775 indicia,
3009 2727 3076 2764 ex
3129 2711 3326 2781 quibus
3360 2711 3472 2765 sal-

1896 2810 2002 2856 tem
2029 2801 2228 2870 aliqnid
2249 2796 2428 2872 colligi
2452 2809 2634 2870 queat.
2664 2799 2888 2855 Constat
2911 2801 3056 2854 enim
3079 2801 3476 2871 quodammodo

1895 2893 1962 2946 de
2004 2900 2278 2962 tempore,
2328 2907 2426 2963 per
2459 2892 2606 2960 quod
2640 2891 2920 2946 doctrinae
2955 2891 3113 2946 laude
3149 2892 3474 2962 conSpicuus

1895 2983 2017 3037 fuit.

298 3071 368 3124 En
394 3073 644 3142 quidquid
670 3088 870 3128 causae
905 3073 1005 3127 viri
1049 3035 1214 3135 docti,
1252 3081 1310 3127 ut
1338 3072 1552 3129 Scotiae
1578 3035 1787 3144 patriae
1814 3035 1860 3098 Ο
1960 3073 2094 3128 Nam
2121 3089 2312 3130 versus
2331 3073 2536 3144 aliquot
2555 3073 2623 3129 ab
2650 3073 2766 3143 ipso
2790 3073 3066 3130 confectos
3089 3074 3349 3130 habemus
3375 3075 3473 3146 (It),

241 3157 466 3216 Joannem
514 3162 870 3229 vindicarent,
909 3164 1229 3218 inmedium
1279 3165 1639 3235 protulerunt.
1683 3165 1790 3222 Ve-

243 3265 342 3303 rum
370 3251 418 3306 in
443 3267 526 3318 eo,
555 3255 682 3307 dum
706 3253 908 3309 certius
941 3253 1026 3309 vel
1055 3255 1388 3324 probabilius
1411 3256 1612 3326 aliquid
1644 3257 1792 3312 inve-

240 3341 414 3406 niatur,
461 3344 602 3398 haud
640 3343 796 3400 facile
845 3360 1171 3414 quemquam
1229 3347 1578 3416 acquiescere
1635 3364 1792 3418 posse

243 3433 554 3488 arbitramur.
581 3434 735 3502 Quod
763 3436 890 3490 dum
917 3451 1094 3505 neque
1118 3453 1181 3491 ex
1214 3437 1494 3502 Hibernia,
1527 3453 1700 3508 neque
1724 3455 1792 3494 ex

244 3521 399 3578 Scotia
425 3525 643 3580 allatum
691 3527 964 3590 videmus,
990 3527 1228 3582 Thomas
1253 3527 1455 3582 Galeus
1503 3528 1684 3582 attulit
1723 3544 1790 3584 ex

242 3614 427 3672 Wallia.
459 3619 603 3674 Illius
648 3619 916 3674 sententia
955 3618 1069 3674 fere
1109 3620 1242 3674 haec
1282 3628 1410 3675 cst:
1445 3636 1639 3677 nomen
1675 3621 1792 3676 Eri-

243 3722 388 3776 geuac
412 3726 512 3766 non
541 3725 664 3766 esse
688 3711 1066 3781 compositum,
1093 3711 1184 3765 sed
1217 3711 1535 3780 simpliciter
1569 3712 1792 3766 ductum

243 3814 268 3851 a
293 3803 489 3858 nomine
521 3803 624 3858 loci
655 3802 872 3858 natalis.
911 3803 986 3858 De
1035 3803 1140 3858 hoc
1184 3801 1304 3858 loco
1344 3803 1508 3857 natali
1561 3803 1633 3857 ita
1677 3804 1790 3858 dis-

245 3895 357 3946 serit
397 3894 470 3965 (tl)
513 3913 526 3948 :
579 3911 598 3945 ι
656 3894 751 3948 Est
795 3893 1003 3963 Ergene
1058 3910 1185 3963 pars
1235 3909 1342 3948 non
1393 3895 1792 3949 contemnenda

247 3983 620 4041 llcrcfordeusis
649 3986 966 4046 comitatus,
995 3983 1226 4040 Walliae
1253 3986 1624 4051 contermina;
1659 3987 1788 4048 into,

247 4091 442 4132 anume
473 4077 653 4147 regnis
678 4075 910 4132 Walliae
962 4074 1060 4130 fuit
1113 4077 1214 4131 hoc
1265 4086 1526 4145 tempore,
1583 4076 1792 4134 Alfrido

245 4169 574 4225 tributariam.
603 4169 662 4224 ln
699 4169 804 4225 hoc
853 4176 1029 4224 tracta
1055 4168 1266 4238 reperio
1309 4169 1484 4224 locum
1518 4169 1782 4236 Eriuvcn,

221 4310 233 4328 ’
303 4303 370 4372 (al
405 4304 485 4360 Cf.
515 4305 709 4360 'I'bom.
736 4303 940 4360 Moore.
970 4303 1006 4358 Ι.
1039 4303 1074 4356 l.
1107 4303 1148 4357 I.
1177 4303 1266 4358 l3.

1892 3166 2006 3236 qui,
2036 3179 2158 3219 cum
2182 3163 2404 3220 Joannis
2429 3164 2558 3231 Vlll,
2587 3165 2793 3246 Summi
2823 3165 3118 3230 Pontificis,
3145 3167 3474 3221 mentionem

1893 3257 2094 3313 faciant
2113 3257 2228 3324 ³⁵⁸⁸⁸⁸,
2246 3273 2350 3312 non
2371 3267 2498 3313 ante
2540 3258 2699 3312 finem
2725 3259 2850 3312 at-ni
2883 3258 3241 3314 DCCCLXXli
3265 3275 3318 3329 p.
3341 3258 3472 3314 Chr.

1894 3359 2006 3404 nat.
2043 3350 2231 3420 scripti
2270 3359 2428 3414 sunt;
2463 3366 2564 3406 nec
2593 3360 2770 3405 tamen
2793 3361 3175 3422 praeterquam
3204 3350 3476 3422 quodjam

1892 3443 2113 3497 circiter
2143 3457 2344 3496 annum
2401 3441 2800 3508 DCCCLXXV,
2847 3453 2908 3497 ut
2955 3458 3075 3499 cum
3111 3444 3284 3513 aliqua
3327 3455 3478 3499 certe

1891 3532 2360 3587 verisimilitudine
2407 3547 2472 3588 ex
2501 3531 2729 3602 epistola
2758 3533 3028 3589 Anastasii
3082 3535 3476 3590 bibliotltccaril

1895 3624 1960 3676 de
2008 3620 2214 3675 Joanne
2249 3629 2436 3675 nostro
2482 3622 2550 3675 ad
2591 3621 2845 3678 Carolnm
2894 3623 3118 3678 Calvum
3173 3626 3374 3696 scripta
3408 3627 3474 3695 (ἰ)

1893 3712 2184 3782 colligitur,
2239 3712 2382 3767 diem
2433 3727 2748 3782 supremum
2796 3715 3010 3769 videtur
3064 3715 3299 3780 obiisse,
3355 3717 3481 3770 ullis

1893 3805 2138 3866 omnino,
2162 3818 2302 3874 quae
2333 3804 2552 3874 probari
2593 3807 2820 3874 possint,
2851 3808 3206 3877 argumentis,
3237 3808 3291 3864 id
3328 3810 3472 3878 quod

1896 3898 2032 3952 infra
2077 3901 2216 3969 (cap.
2263 3897 2329 3966 ν)
2375 3898 2742 3961 ostendemus,
2786 3895 3042 3962 cllicitur,
3101 3898 3274 3967 ipsum
3330 3899 3470 3952 ultra

1895 4005 2093 4045 atuuun
2124 3988 2342 4042 circiter
2373 3988 2739 4044 DCCCLXXV'
2766 3989 2930 4042 vitam
2962 3988 3300 4058 produxisse.

1966 4079 2168 4135 Deinde
2191 4080 2322 4144 satis
2347 4079 2686 4148 exploratum
2713 4079 2960 4144 habetur,
2987 4077 3098 4146 jam
3131 4079 3348 4132 circiter
3375 4093 3475 4130 aua-

1895 4184 2024 4228 num
2057 4169 2273 4224 DCCCI.
2301 4168 2562 4224 Joannem
2598 4176 2848 4223 nostrum
2901 4184 2962 4222 ca
2994 4169 3271 4224 doctrinae
3307 4169 3475 4238 gloria

1895 4301 2068 4381 wood
2099 4301 2256 4381 (Hist.
2283 4310 2338 4381 et
2367 4301 2534 4381 antiq.
2557 4299 2748 4381 Oxonij
2777 4299 2942 4372 p.15)
2971 4300 3476 4381 auctoribus-Baiter)

303 4367 371 4444 ζι)
406 4373 572 4446 Supra
604 4375 841 4429 diximus
889 4393 907 4425 ι
943 4374 1155 4446 inErin
1197 4384 1359 4446 natus
1395 4392 1456 4446 ι,
1486 4373 1792 4429 accuratior
1817 4385 1869 4444 ι)
1895 4383 1948 4446 et
1981 4367 2161 4446 Pitseo
2193 4373 2319 4446 illud
2343 4367 2620 4446 oppidum,
2653 4371 2740 4446 cui
2777 4367 2974 4424 nomen
3091 4367 3332 4446 Meitevia
3361 4372 3478 4424 sire

243 4443 596 4514 grammaticae
639 4447 783 4500 ratio
840 4445 1074 4514 postulat
1129 4464 1147 4495 ι
1187 4445 1270 4500 ‘ab
1317 4443 1444 4499 Erin
1494 4447 1707 4514 genitus
1741 4463 1788 4498 ι.

244 4513 320 4586 ει.
341 4518 637 4586 anguigena,
666 4513 980 4586 alienigena,
1005 4515 1399 4586 Latonigenu...

303 4583 588 4656 (c)t3f.'G.
644 4583 1325 4656 MackcnzieLLiveslqnd
1358 4583 1692 4656 _Cltaracters
1737 4584 1798 4656 of

245 4651 375 4708 sum
391 4655 627 4709 Writers.
656 4655 852 4710 Edinb.
887 4653 1044 4718 1708,
1073 4653 1167 4708 fol.
1209 4654 1328 4709 Vol.
1355 4654 1400 4720 J,
1423 4670 1477 4724 p.
1507 4655 1598 4710 69.

303 4724 372 4794 (ιι)
393 4725 470 4780 Cf.
507 4725 700 4780 Thom.
724 4724 876 4781 Gate.
905 4725 942 4778 l.
969 4725 1006 4777 1.
1044 4731 1166 4778 test.
1195 4739 1250 4794 p.
1287 4724 1374 4778 10.

305 4795 369 4862 (e)
392 4794 709 4850 Manendum
759 4803 843 4849 est
886 4795 990 4848 hoc
1028 4793 1166 4857 loco,
1200 4793 1487 4856 Nostrum,
1537 4801 1595 4848 ut
1629 4808 1792 4864 supra

238 4866 564 4934 ostendimus.
595 4865 650 4918 in
681 4865 1076 4934 antiquissimis
1117 4865 1272 4920 libris
1323 4875 1430 4918 tam
1467 4864 1792 4934 Eriugenam

238 4933 352 4996 dici,
387 4950 540 5005 quam
589 4933 900 5006 Erigonam.
945 4933 1092 5001 Quae
1141 4949 1231 4990 res
1274 4935 1499 4990 maximi
1549 4933 1796 5005 profecto

238 5014 310 5056 est
332 5007 574 5060 momenti
589 5007 640 5058 ⁸.

299 5073 362 5143 (f)
383 5074 468 5145 Est
503 5073 1030 5145 igitur‘fortassemt
1054 5074 1164 5145 feri
1195 5074 1398 5145 aliquid
1423 5073 1590 5130 lateat
1625 5075 1677 5128 in
1705 5089 1794 5140 eo,

237 5145 363 5211 quod
398 5143 626 5201 Bulaeus
653 5143 817 5216 (Hist.
853 5143 1010 5199 Univ.
1053 5143 1232 5200 Paris.
1267 5143 1398 5200 tom.
1427 5145 1468 5212 I,
1503 5160 1555 5214 p.
1588 5145 1712 5217 609)
1741 5154 1797 5201 et

295 5283 322 5314 λ’
341 5281 392 5336 ln
412 5303 429 5334 ι
451 5282 870 5356 antiquissimis»
895 5281 1048 5356 libris
1069 5281 1369 5339 Johannem
1391 5285 1495 5339 dici
1524 5285 1796 5356 Eriginam

233 5367 320 5424 nec
346 5356 520 5408 docuit
548 5351 790 5408 Thomas
817 5351 1032 5424 Galeus,
1062 5369 1234 5424 neque
1262 5356 1483 5409 omnino
1507 5351 1798 5409 veriSimile

233 5423 439 5476 videtur.
468 5424 522 5478 In
548 5425 923 5494 antiquissimis
944 5423 1089 5494 enim
1119 5423 1391 5479 cndicibus
1419 5426 1614 5479 dicitur
1641 5425 1799 5478 Jeru-

232 5509 366 5559 9ma,
403 5495 456 5546 in
489 5495 609 5547 aliis
639 5510 753 5548 sec.
787 5509 840 5546 XI
871 5493 953 5547 vel
988 5509 1060 5547 xu
1089 5493 1395 5565 iliriugena;
1435 5495 1660 5564 Erigcna
1700 5511 1799 5548 no.

231 5578 338 5614 ηιξ-ιι
371 5565 421 5614 in
470 5565 747 5618 codicibus
782 5578 1047 5631 nusquam
1084 5564 1284 5618 inteni.
1333 5567 1601 5619 Amnanv.
1634 5565 1792 5620 Eutr.

291 5634 342 5664 ”
369 5634 618 5704 ltespicc,
639 5649 867 5704 quaeso,
897 5647 982 5699 ea,
1011 5649 1148 5704 quae
1178 5637 1244 5690 de
1273 5637 1489 5690 nomine
1510 5636 1794 5704 Jerugma,

1899 4442 2113 4512 Fanum
2136 4439 2390 4512 Doridis,
2415 4440 2639 4496 Joannis
2680 4439 3132 4512 locunrmttalem
3167 4440 3333 4512 fuisse
3374 4458 3478 4512 pu-

1898 4521 2034 4584 tant.
2078 4511 2238 4584 llisce
2287 4511 2432 4564 enim
2487 4509 2914 4584 auctoribus,_de
2952 4509 2992 4564 l.
3039 4509 3204 4584 Scoto
3240 4509 3478 4584 ΔΙιξισὶςὲιιιςι

1896 4582 2256 4654 referentibus
2281 4595 2473 4650 parum
2504 4579 2627 4634 lidci
2657 4579 2844 4635 haberi
2870 4595 3051 4650 posse,
3075 4581 3210 4636 infra
3225 4579 3382 4654 (Cap.
3410 4583 3476 4648 Υ)

1898 4652 2267 4708 ostendemus.

1971 4720 2044 4793 (g)
2073 4720 2156 4776 Cf.
2189 4721 2305 4790 ejus
2339 4721 2405 4793 de
2428 4717 2478 4774 J.
2519 4717 2608 4774 Sc.
2629 4719 2796 4793 __Erig.
2846 4720 3312 4793 scriptint‘teulam,
3338 4737 3478 4791 quae

1897 4789 2172 4881 reperitur
2218 4789 2270 4847 in
2303 4790 2578 4860 ephemer.
2627 4789 2900 4846 Bonnens.
2956 4789 3218 4846 l'asciculo
3268 4789 3380 4854 xvi,
3421 4808 3474 4862 p.

1897 4861 2356 5072 rigggbmeta
2405 4929 2657 4986 Sanctor.
2705 4927 2839 4986 0rd.
2891 4929 2948 4986 S.
3000 4930 3297 4986 Benedicti.
3342 4931 3476 4986 Pars

1947 5037 2048 5142 '(t'j'
2067 5037 2299 5127 ἑῖῖἐιεη.
2332 5069 2483 5126 Alex.
2515 5069 2894 5142 Hist.eccles.,
2921 5079 3050 5126 tom.
3085 5070 3174 5140 vr,
3198 5072 3475 5127 dissertat.

1902 5139 2047 5200 de‘J.
2079 5142 2224 5197 Scot.
2255 5141 2550 5212 Erigena...
2584 5139 2613 5211 §
2643 5141 2697 5206 l,
2723 5139 2792 5196 Vl
3162 5139 3167 5140 “
3241 5185 3244 5188 .

1901 5277 2131 5348 Erigena
2161 5277 2327 5348 modo
2346 5277 2672 5348 monuimus,
2713 5291 2814 5332 nec
2841 5292 2948 5330 non
2988 5275 3098 5340 illa,
3131 5292 3269 5336 quae
3289 5275 3356 5331 de
3378 5277 3481 5331 hoc

1899 5352 2078 5417 capite
2104 5363 2267 5470 ἕψω
2319 5347 2373 5400 in
2423 5347 2698 5402 Prooemio
2734 5356 2919 5403 nostro
2950 5348 3308 5418 disputantur.
3343 5348 3478 5400 ANI-

1905 5434 2070 5470 muv.
2152 5433 2264 5470 utr.

1905 5434 2070 5522 me:
2097 5433 2478 5542 leJobannes
2509 5503 2646 5556 papa
2689 5486 2799 5542 Vlll
2837 5486 3213 5558 intelligendus
3255 5487 3346 5550 sit,
3385 5488 3477 5557 qui

1901 5558 1954 5612 in
1979 5557 2096 5612 istis
2119 5557 2363 5610 versibus
2390 5557 2654 5622 laudatur,
2683 5568 2859 5626 potest
2883 5557 3138 5622 dubitari,
3159 5572 3259 5613 nec
3285 5561 3482 5613 adsunt

1896 5628 2162 5692 rationes,
2193 5626 2386 5695 quibus
2417 5628 2468 5684 id
2499 5627 2747 5683 evincere
2779 5629 2971 5700 possis.
3009 5629 3275 5684 Asmanv.
3321 5629 3477 5687 Eutr.
