4002 6148
472 221 503 274 7
1587 216 1675 271 DE
1709 211 1760 271 J.
1805 214 2021 276 scere
2075 215 2594 273 commune.
3697 239 3729 289 κ

473 353 574 411 per
602 334 829 393 Calliam
858 341 1045 390 notum
1069 331 1255 398 fuisse,
1283 338 1344 386 ut
1369 332 1422 386 in
1453 345 1785 386 summorum
1809 331 2045 385 virorum
2074 335 2122 394 Α
2149 335 2293 387 οηιιιί
2324 336 2600 391 doctrinae
2627 350 2823 406 genere
2854 326 3176 395 instructum
3199 379 3215 404 ,
3250 340 3302 395 in
3343 338 3573 397 Cailiam
3615 356 3735 413 per-

472 428 542 483 de
559 425 1054 499 praedestinatione
1078 421 1446 479 controversia
1469 420 1811 485 Hincmarus,
1837 421 2052 475 archie-

473 518 729 589 piscopus
757 514 1072 578 Remensis,
1108 519 1162 567 et
1186 509 1483 574 Pardulus,
1515 511 1799 581 episcopus
1835 511 2052 566 Laudu-

471 608 679 673 nensis,
710 621 857 669 eum,
887 606 978 676 qui
1004 618 1157 659 suam
1187 616 1399 671 quoque
1428 602 1529 657 hac
1552 603 1616 656 de
1641 618 1701 657 re
1729 603 2050 657 sententiam

472 699 670 755 litteris
718 698 1044 758 illustraret,
1095 693 1408 763 impulerint
1457 694 1554 765 (α).
1610 693 1756 748 Scoti
1808 693 1944 748 liber
1986 694 2052 749 de

473 786 964 860 praedestinatione
984 784 1185 855 prodiit
1217 798 1359 838 anno
1388 783 1625 838 DCCCLI
1643 784 1737 852 (ὁ).
1765 783 1881 839 lluc
1898 798 2051 838 acce-

473 880 571 943 dit,
596 877 738 947 quod
761 874 958 930 Scotus
979 874 1095 929 sine
1116 872 1223 926 ulla
1248 872 1603 937 dubitatione,
1629 874 1761 926 utin
1792 872 1966 941 capite
1986 871 2051 926 lll

470 968 853 1029 ostendemus,
902 963 1013 1033 jam
1063 971 1186 1016 ante
1234 960 1452 1016 DCCCL
1481 960 1659 1016 Caroli
1706 961 1855 1016 Calvi
1896 960 2049 1029 jussu

470 1053 957 1126 Pseudo-Dionysii
995 1051 1354 1121 Areopagitae
1394 1050 1560 1104 libros
1601 1065 1665 1104 ex
1700 1064 1896 1119 graeco
1937 1064 2052 1104 ser-

471 1162 633 1203 mone
678 1147 731 1201 in
778 1146 1005 1199 latinum
1065 1142 1358 1198 transtulit.
1410 1140 1610 1195 Verum
1654 1141 1697 1195 si
1745 1142 1867 1209 quis
1910 1141 2050 1196 hanc

471 1238 644 1309 ipsam
677 1252 788 1290 rem
817 1242 1070 1289 accurate
1117 1231 1460 1301 perpenderit
1480 1270 1495 1294 ,
1527 1229 1683 1284 facile
1700 1243 1724 1294 ,'
1741 1230 2047 1303 opinamur,

471 1327 761 1387 concedet,
789 1323 1051 1379 Joannem
1090 1321 1200 1391 jam
1244 1320 1449 1389 aliquot
1481 1319 1712 1374 fortasse
1745 1319 1899 1373 annis
1930 1327 2052 1372 ante

470 1434 672 1474 annum
721 1414 941 1474 DCCCL
987 1414 1038 1468 in
1087 1411 1257 1468 Gallia
1307 1411 1494 1465 fuisse.
1537 1410 1686 1478 Quae
1723 1424 1812 1464 res
1852 1409 2049 1463 mirum

471 1518 731 1579 quantum
763 1520 827 1560 eo
864 1503 1137 1568 ﬁrmatur,
1180 1501 1324 1570 quod
1355 1498 1413 1554 S.
1444 1498 1807 1562 Prudentius,
1836 1497 2048 1568 episcor

471 1618 572 1672 pus
620 1597 991 1660 Tricassinus,
1039 1604 1099 1649 ut
1145 1590 1331 1663 procul
1375 1591 1535 1645 dubio
1585 1588 1852 1644 affirmare
1893 1602 2049 1659 posse

2153 423 2360 478 rexisse
2381 426 2446 479 ad
2469 427 2720 482 Carolum
2744 426 2986 492 Calvum,
3007 430 3100 500 qui
3120 431 3190 486 ob
3210 446 3331 486 eam
3355 432 3550 502 ipsam,
3571 448 3735 503 quam

2152 514 2346 567 miram
2397 516 2451 569 in
2498 515 2717 572 homine
2761 520 2937 574 inesse
2965 520 3188 587 viderit,
3217 522 3520 577 litterarum
3559 524 3735 578 scien-

2152 603 2282 656 tiam
2307 643 2322 669 ,
2352 619 2475 660 eum
2508 606 2628 660 aula
2670 622 2765 662 sua
2793 608 3177 681 benignissime
3217 613 3510 683 exceperit.
3550 612 3736 684 Neque

2152 691 2431 758 habemus,
2465 710 2562 750 cur
2590 697 2693 752 hac
2719 698 2772 752 in
2801 714 2883 763 re,
2914 702 2965 754 id
2991 701 3134 769 quod
3165 702 3303 756 infra
3334 703 3391 758 iu
3426 702 3548 759 aliis
3572 704 3737 760 rebus

2150 796 2250 836 usu
2281 785 2476 850 veniet,
2506 785 2772 843 Guilelmo
2797 790 2868 844 sit
2892 791 3257 847 dillidendum.

2221 874 2354 929 Cum
2384 886 2615 948 utroque
2639 879 2757 934 loco
2779 880 2969 937 iisdem
2989 880 3108 938 fere
3126 883 3306 939 verbis
3328 898 3461 940 usus
3484 885 3578 951 sit,
3600 884 3735 938 alte-

2151 980 2270 1019 rum
2301 973 2542 1033 tantum,
2577 984 2809 1040 eumque
2841 974 3075 1029 maxime
3101 976 3445 1045 perspicuum
3486 977 3593 1031 huc
3637 992 3736 1045 ap-

2149 1071 2412 1127 ponemus
2437 1059 2499 1130 (1')
2531 1078 2544 1113 :
2577 1079 2596 1112 ι
2621 1060 3006 1135 HictErigena)
3034 1065 3219 1121 relicta
3242 1067 3533 1137 patria(in)
3557 1067 3737 1123 Fran-

2150 1147 2290 1202 ciam
2317 1149 2383 1203 ad
2411 1148 2661 1205 Carolum
2681 1151 2902 1208 Calvum
2931 1156 3096 1222 venit,
3121 1171 3152 1211 a
3181 1172 3289 1226 quo
3325 1173 3518 1227 magna
3546 1160 3736 1230 digna-

2151 1238 2296 1293 tione
2345 1249 2667 1310 susceptus,
2717 1242 3062 1300 familiarium
3118 1247 3354 1316 partium
3409 1248 3732 1313 habebatur,

2151 1329 2588 1399 transigebatque
2609 1346 2732 1385 cum
2758 1347 2823 1387 eo
2853 1341 2960 1387 tam
2985 1334 3147 1397 seria,
3178 1350 3339 1404 quam
3363 1334 3580 1405 joca,...
3606 1337 3734 1407 quia

2150 1416 2413 1474 miraculo
2441 1420 2701 1476 scienti-ae
2728 1420 2848 1490 ejus
2878 1437 2971 1478 rex
2997 1432 3186 1494 captus
3213 1443 3234 1477 ι
3264 1434 3428 1482 esset.

2224 1504 2279 1559 Si
2312 1506 2477 1577 igitur
2503 1509 2816 1566 accuratius
2847 1509 3065 1566 tandem
3108 1524 3232 1566 eum
3256 1550 3273 1579 ,
3311 1526 3471 1582 quem
3518 1512 3737 1583 quaeri-

2151 1611 2292 1662 mus,
2321 1614 2522 1653 annum
2552 1601 2882 1657 constituere
2910 1602 3168 1669 velimus,
3218 1603 3353 1658 haec
3391 1603 3504 1658 sint
3541 1604 3735 1659 obser-

476 1692 743 1755 videmur,
769 1689 882 1760 jam
913 1693 1036 1741 ante
1078 1699 1277 1738 annum
1306 1680 1664 1737 DCCCXLVII
1709 1681 1761 1734 in
1804 1679 2047 1733 intimam
2078 1679 2124 1738 B
2153 1688 2327 1742 vanda
2351 1707 2364 1742 :
2392 1690 2625 1759 primum
2648 1731 2663 1758 ,
2711 1693 2924 1748 ostendi
2970 1693 3151 1763 potius
3182 1708 3375 1765 posse,
3407 1692 3734 1766 Erigenain,

473 1802 594 1841 cum
614 1783 821 1840 Joanne
846 1787 1031 1834 nostro
1052 1776 1475 1831 familiaritatem
1502 1773 1782 1843 pervenit;
1811 1771 1971 1840 idque
1993 1771 2049 1825 in

474 1880 587 1946 ipsa
620 1872 796 1929 Caroli
836 1869 983 1925 Calvi
1028 1868 1174 1939 regia
1206 1878 1450 1920 versans.
1488 1861 1789 1933 Compellat
1814 1861 1954 1917 enim
1988 1859 2046 1915 S.

472 1965 800 2025 Prudentius
846 1964 898 2017 in
927 1961 1066 2015 libro
1110 1972 1232 2020 suo,
1265 1955 1355 2025 qui
1386 1955 1702 2011 inscribitur
1731 1970 1749 2003 ι
1781 1951 1857 2006 De
1893 1964 2049 2021 prae-

472 2057 833 2115 destinatione
867 2061 1054 2108 contra
1095 2048 1144 2103 J.
1179 2049 1400 2103 Scotum
1431 2066 1449 2098 ι
1472 2042 1827 2117 (Erigenam),
1850 2042 2050 2111 quique

471 2151 610 2205 liber
654 2161 722 2201 co
764 2146 911 2214 ipso,
959 2138 1115 2209 cujus
1154 2137 1483 2193 mentionem
1510 2133 1791 2197 fecimus,
1824 2130 2049 2186 Joannis

473 2240 619 2296 Scoti
650 2240 716 2293 de
739 2231 1234 2307 praedestinatione
1259 2228 1397 2283 libro
1418 2235 1743 2296 provocatus
1761 2233 1901 2289 erat,
1923 2237 2047 2278 eum

474 2342 534 2387 ut
555 2331 853 2392 hominem,
887 2325 1106 2393 antiqua
1134 2321 1247 2392 jam
1289 2317 1658 2373 familiaritate
1690 2315 1792 2370 sibi
1831 2311 2050 2382 conjun-

471 2422 803 2477 t'tissitnum.
832 2417 890 2470 ln
914 2416 1030 2485 ipso
1068 2411 1189 2468 libri
1224 2409 1446 2465 exordio
1474 2407 1544 2479 (ε)
1572 2425 1585 2459 :
1618 2425 1637 2459 ι
1680 2403 2049 2475 Blasphemias

473 2526 594 2570 tuas
634 2534 681 2577 ι,
715 2512 820 2575 ait,
867 2527 886 2560 ‹
924 2507 1184 2569 Joannes,
1226 2515 1484 2572 percurso
1510 2496 1884 2568 perversitatis
1926 2502 2049 2548 tuae

469 2607 611 2660 libro
637 2619 701 2658 eo
734 2598 1016 2657 molestius
1043 2594 1258 2664 accepi,
1286 2608 1393 2662 quo
1421 2600 1474 2646 te
1501 2587 1822 2644 familiarius
1848 2584 2049 2655 ample-

471 2694 678 2756 i-Iebar,
709 2687 1033 2760 peculiarius
1071 2682 1356 2753 diligebam
1392 2701 1438 2745 ι,
1469 2687 1524 2734 et
1562 2678 1615 2733 in
1656 2676 1761 2731 fine
1806 2673 2045 2745 ejusdem

471 2786 592 2841 libri
633 2785 711 2855 (ά)
738 2785 871 2837 haec
894 2779 1092 2834 habet:
1127 2795 1145 2828 ι
1176 2774 1272 2830 His
1306 2775 1359 2827 in
1398 2772 1611 2827 nomine
1640 2768 1731 2824 Dei
1762 2783 1860 2838 pro
1888 2773 2047 2836 captu

473 2892 630 2932 meae
659 2872 969 2947 pusillitatis
989 2911 1005 2936 ,
1051 2877 1173 2923 tuae
1198 2879 1413 2937 quoque
1445 2862 1826 2926 correctionis,
1856 2860 2050 2915 Frater

473 2967 734 3031 Joannes,
766 2963 939 3036 gratia
971 2960 1210 3015 exaratis
1246 2958 1375 3012 libet
1407 2957 1683 3011 succincte
1713 2953 1922 3023 singula
1954 2953 2047 3007 ad-

2152 1780 2253 1835 etsi
2280 1782 2381 1835 sub
2408 1783 2570 1838 linem
2611 1783 2739 1838 anni
2769 1783 3131 1840 DCCCLXXII
3161 1786 3340 1841 adhuc
3364 1785 3527 1849 vixit,
3552 1793 3734 1841 tamen

2151 1878 2277 1924 ante
2303 1885 2504 1925 annum
2542 1870 2907 1928 DCCCLXXV
2933 1880 3212 1929 mortuum
3235 1887 3389 1940 esse,
3416 1888 3575 1943 quam
3607 1888 3735 1928 eum

2149 1969 2272 2030 post
2294 1961 2440 2017 hunc
2464 1962 2638 2032 ipsum
2669 1977 2872 2017 annum
2900 1964 3373 2031 vixisse;deinde,
3408 1979 3536 2021 eum
3575 1966 3735 2021 circi-

2153 2064 2232 2111 ter
2259 2073 2460 2112 annum
2492 2056 2807 2114 DCCCXLV
2831 2059 3013 2113 adulta
3043 2057 3154 2126 jam
3181 2059 3347 2115 fuisse
3367 2067 3547 2115 aetate
3572 2068 3736 2129 atque

2150 2147 2218 2202 ab
2236 2149 2382 2202 omni
2413 2149 2693 2204 doctrinae
2718 2163 2920 2220 genere
2960 2149 3307 2204 instructum.
3348 2149 3528 2219 Atque
3570 2150 3728 2214 hinc,

2149 2238 2275 2293 dum
2306 2238 2516 2293 illorum
2549 2248 2878 2308 temporum,
2900 2238 3099 2308 quibus
3123 2238 3266 2293 haud
3295 2237 3452 2294 facile
3477 2248 3603 2293 ante
3630 2239 3734 2293 tri-

2149 2330 2409 2384 cesimum
2436 2330 2581 2384 vitae
2606 2345 2808 2384 annum
2837 2329 3122 2399 quisquam
3148 2328 3311 2384 talem
3333 2328 3435 2383 sibi
3454 2327 3735 2384 doctrinae

2148 2418 2372 2489 gloriam
2412 2432 2607 2489 parare
2654 2417 2872 2489 potuit,
2925 2417 3195 2473 rationem
3236 2416 3527 2482 habueris,
3574 2416 3737 2473 facile

2148 2512 2429 2567 nobiscum
2444 2511 2680 2582 colliges,
2700 2519 2886 2564 natum
2900 2508 3070 2565 videri
3093 2509 3376 2580 Erigenam
3400 2508 3542 2563 inter
3559 2506 3738 2564 DCCC

2148 2615 2205 2660 et
2226 2603 2494 2661 DCCCXV
2526 2602 2641 2661 fere
2668 2618 2724 2672 p.
2751 2602 2881 2657 Chr.
2907 2610 3023 2657 nat.
3049 2614 3238 2656 eum

2222 2693 2425 2750 Verum
2445 2702 2722 2762 utcunque
2753 2707 2844 2748 res
2872 2706 2932 2748 se
2961 2691 3157 2757 habet,
3195 2691 3297 2746 hoc
3323 2697 3470 2745 certe
3504 2704 3609 2745 non
3636 2705 3738 2745 ve-

2158 2800 2365 2849 remur,
2382 2799 2451 2839 ne
2473 2784 2596 2852 quis
2609 2781 2763 2839 nobis
2783 2791 3019 2853 opponat
3037 2779 3571 2845 Staudenmaierum,
3588 2794 3741 2835 eum-

2152 2892 2288 2946 que,
2339 2875 2431 2946 qui
2483 2875 2630 2930 hunc
2670 2884 2890 2928 secutus
2934 2882 3049 2937 est,
3099 2872 3473 2928 Schlueterum
3502 2870 3607 2946 (ἢ,
3643 2872 3739 2941 qui

2150 2966 2438 3037 Erigenam
2466 2965 2684 3019 circiter
2729 2979 2929 3018 annum
2963 2961 3346 3019 DCCCXXVlll
3385 2971 3569 3017 natum
3617 2977 3743 3020 esse

474 3058 665 3115 notare
699 3077 744 3110 ι.
767 3020 937 3124 inqui
964 3051 1022 3107 S.
1048 3048 1396 3110 Prudentius,
1421 3044 1679 3115 puerulus
1704 3058 1770 3099 ex
1794 3042 2046 3113 Hispania
2077 3020 2122 3083 (ἶ
2157 3020 2346 3113 volam
2368 3094 2385 3120 ν
2434 3054 2521 3109 his
2577 3056 2660 3109 υεί
2710 3054 3011 3110 rationibus
3053 3053 3128 3125 (κ)
3157 3068 3173 3108 ε
3217 3072 3236 3105 ι
3269 3053 3499 3110 Gil-cile,
3539 3068 3749 3109 annum

474 3153 648 3230 patria
683 3152 736 3205 in
765 3148 997 3205 Galliam
1045 3143 1309 3198 deductus
1349 3139 1534 3207 ibique
1572 3137 1865 3200 educatus,
1908 3150 2055 3189 com-

475 3226 659 3316 plures
697 3253 870 3296 annos
913 3243 1039 3289 ante
1068 3230 1338 3288 dioecesin
1370 3227 1733 3283 Tricassinam
1771 3226 1872 3296 ipsi
1903 3241 2056 3281 man-

476 3314 657 3389 datam
686 3326 1120 3386 mandandamve
1144 3324 1198 3378 in
1227 3320 1405 3376 Caroli
1431 3318 1580 3373 Calvi
1628 3316 1751 3373 aula
1792 3317 1928 3372 vixit
1960 3314 2056 3388 (e),

478 3429 786 3483 litterarum
838 3419 1033 3477 studiis
1100 3415 1259 3471 unice
1321 3412 1534 3468 deditus
1586 3428 1601 3466 :
1662 3424 1804 3466 anno
1876 3417 2059 3465 autem

481 3512 838 3575 DCCCXLV’II
872 3526 995 3568 eum
1030 3507 1140 3577 jam
1173 3505 1474 3575 suscepisse
1506 3502 1812 3557 invenimus
1851 3501 2061 3557 dioece-

479 3617 562 3669 sin
597 3609 960 3667 Tricassinam
995 3604 1091 3677 (Ῑ).
1128 3603 1278 3670 Quae
1319 3615 1442 3655 cum
1477 3598 1551 3654 ita
1580 3596 1725 3664 sint,
1766 3612 1928 3653 nemo
1954 3612 2062 3652 non

478 3706 709 3761 libenter
748 3698 1084 3756 adsentietur
1110 3693 1351 3750 Thomae
1390 3689 1640 3752 Mooreo,
1678 3689 1734 3744 in
1777 3688 1863 3743 his
1903 3687 2065 3744 rebus

479 3776 816 3865 Laniganum
874 3786 1153 3860 sequenti,
1216 3784 1309 3855 qui
1371 3790 1556 3852 putat,
1602 3779 1819 3836 circiter
1864 3793 2065 3834 annum

481 3868 794 3944 DCCCXIN
824 3881 1110 3952 Erigenam
1139 3877 1204 3931 ad
1227 3874 1408 3931 Gallos
1430 3873 1647 3928 venisse
1673 3870 1771 3943 (g).

552 3975 776 4045 Quodsi,
800 3987 940 4043 quae
964 3971 1140 4025 adhuc
1162 3970 1228 4024 de
1248 3966 1394 4023 Scoti
1417 3974 1595 4021 aetate
1616 3964 1888 4034 disputata
1914 3971 2062 4027 sunt,

2146 3139 2442 3201 'DCCCLlll
2470 3144 2701 3216 Erigena
2723 3145 2836 3216 jam
2862 3143 3006 3199 fama
3026 3143 3159 3199 satis
3182 3158 3375 3217 magna
3398 3142 3693 3200 excellebat
3718 3162 3747 3195 ι

2161 3235 2434 3304 (vidimus,
2452 3237 2556 3292 hoc
2574 3236 2675 3307 ipsi
2687 3234 2800 3305 jam
2816 3236 3058 3307 pluribus
3070 3236 3227 3291 annis
3248 3244 3374 3291 ante
3393 3250 3518 3291 eum
3539 3250 3747 3292 annum

2161 3328 2483 3400 contigisse)
2512 3347 2526 3382 :
2561 3347 2579 3381 ι
2611 3328 2813 3399 scripta
2841 3327 2960 3398 ejus
2990 3327 3288 3400 juvenilem
3331 3327 3541 3397 spirant
3576 3328 3746 3383 animi

2162 3421 2413 3477 ardorem
2466 3418 2615 3482 {talia
2661 3426 2978 3490 argumenta
3033 3417 3147 3489 jam
3208 3431 3307 3487 per
3356 3431 3416 3472 se
3457 3417 3749 3472 admodum

2165 3524 2288 3567 esse
2331 3509 2511 3565 solent
2536 3508 2784 3575 inﬁma;
2821 3515 3136 3578 praeterea,
3165 3506 3211 3562 si
3244 3504 3446 3562 Hockio
3481 3505 3543 3577 (ι)
3570 3505 3752 3561 credi-

2163 3616 2316 3667 mus,
2350 3601 2532 3656 omnia
2578 3599 2682 3655 alia
2724 3597 3064 3669 invenimus)
3101 3615 3116 3652 :
3148 3599 3331 3668 itaque
3378 3598 3749 3662 confidenter,

2164 3696 2453 3769 Erigenam
2476 3695 2591 3760 illo,
2622 3695 2691 3750 de
2713 3709 2822 3763 quo
2851 3693 3109 3758 diximus,
3134 3701 3396 3762 tempore,
3430 3690 3751 3746 vicesimum

2166 3788 2414 3859 quintum
2442 3786 2588 3842 vitae
2616 3799 2819 3840 annum
2846 3783 3046 3853 egisse,
3065 3782 3235 3838 statui
3265 3788 3443 3852 potest
3470 3800 3517 3836 ι.

2785 3954 3015 4013 CAPUT
3061 3954 3125 4009 ll.

482 4072 535 4164 id
562 4068 704 4164 (inf’d
735 4064 897 4164 refl}?
926 4061 1320 4164 θτθξίίδῗτίωυδ
1338 4099 1354 4121 ‘
1381 4073 1412 4113 ³
1435 4072 1567 4164 ἭξΪο
1592 4071 1707 4164 nol},
1738 4055 2065 4164 ἒδέοῗῗίῗθῦ
2172 4095 2318 4162 Quae
2358 4095 2412 4149 in
2448 4093 2653 4149 Joanne
2681 4088 2838 4164 Scoto
2875 4087 3068 4157 fuerint
3097 4083 3323 4164 eruditio
3345 4092 3500 4154 atque
3525 4081 3752 4147 litterae,

482 4161 747 4219 Guilelmo
795 4153 1272 4213 Malmesburiense
1292 4150 1557 4207 accersito
1578 4148 1777 4204 certius
1805 4147 2069 4216 Quodam-
2452 4147 2464 4149 '
2642 4172 2689 4214 ει
2714 4159 2851 4213 unde
2874 4147 2964 4211 ξω
2988 4155 3291 4226 perapera,

484 4250 642 4307 modo
671 4246 866 4303 natalis
894 4246 1012 4316 ejus
1060 4256 1235 4298 annus
1283 4238 1536 4296 constitui
1580 4245 1777 4308 potest.
1818 4235 1868 4289 ls
1907 4235 2071 4307 igitur

2243 4315 2771 4389 Recognoscentibus
2794 4313 2951 4369 nobis
2982 4310 3355 4366 tantummodo
3376 4323 3465 4376 ea,
3486 4322 3625 4377 quae
3640 4305 3755 4376 jam

2173 4410 2421 4481 proximo
2451 4408 2629 4478 capite
2659 4406 2725 4460 de
2758 4404 2923 4460 Scoto
2950 4403 3221 4473 disputata
3250 4409 3405 4464 sunt,
3439 4407 3756 4469 promptum

2173 4499 2618 4569 propositumque
2646 4494 2791 4560 erit,
2821 4495 2962 4549 haud
2996 4492 3202 4563 vulgari
3250 4490 3400 4546 illum
3445 4488 3758 4552 hominem,

2173 4602 2312 4656 quae
2357 4585 2473 4655 ejus
2522 4584 2715 4640 aetatis
2765 4592 2846 4637 est
2889 4581 3061 4647 ratio,
3107 4580 3353 4636 doctrina
3398 4576 3757 4642 excelluisse,

2175 4686 2339 4746 atque
2371 4676 2507 4731 adeo
2539 4675 2680 4729 inter
2708 4673 2878 4743 ipsius
2907 4671 3194 4741 aequales,
3229 4670 3320 4740 qui
3353 4669 3456 4724 hac
3485 4667 3537 4721 in
3564 4682 3623 4723 re
3653 4668 3759 4738 ipsi

2174 4775 2605 4839 compararetur,
2640 4766 2728 4819 vix
2760 4765 3038 4820 inventum
3075 4778 3197 4819 esse
3235 4774 3578 4832 quemquam.
3607 4758 3764 4835 Quae

2660 4896 2863 4969 p._35&.

485 4339 918 4409 antiquissimus,
948 4341 1210 4404 quantum
1231 4330 1552 4402 reperimus,
1580 4336 1793 4393 auctor,
1821 4328 1911 4397 qui
1940 4326 2065 4380 data
2097 4360 2146 4419 Β

484 4448 646 4504 opera
677 4433 743 4486 de
767 4431 1029 4500 Erigenae
1046 4424 1270 4482 historia
1293 4423 1423 4494 egit,
1447 4434 1715 4491 quemque
1740 4417 2068 4488 posteriores

486 4522 862 4579 chronicorum
888 4518 1187 4588 scriptores
1212 4517 1316 4571 hac
1339 4514 1391 4568 in
1424 4527 1484 4568 re
1504 4553 1519 4578 ,
1550 4519 1611 4565 ut
1635 4510 1723 4577 lit,
1753 4509 1820 4564 ad
1842 4509 2067 4563 verbum

486 4612 602 4667 fere
644 4608 811 4664 secuti
843 4616 1001 4670 sunt,
1033 4605 1238 4661 duobus
1277 4602 1443 4666 locis,
1471 4615 1607 4671 quos
1638 4615 1704 4656 ex
1738 4616 1757 4650 ι
1792 4597 2010 4653 ineditis
2043 4615 2061 4648 ι

487 4703 605 4771 cjus
639 4702 790 4757 libris
812 4698 1050 4753 Thomas
1068 4694 1265 4751 Galeus
1291 4693 1530 4763 integros
1555 4688 1845 4758 exscripsit
1861 4686 1960 4758 (Ii),
1982 4701 2071 4742 sa-

490 4793 566 4848 tis
601 4799 785 4851 auerte
815 4787 991 4852 docet,
1012 4784 1300 4855 Erigenam
1333 4781 1512 4837 adulta
1534 4780 1647 4850 jam
1678 4788 1880 4846 aetate,
1907 4787 2071 4848 atque

2174 4902 2434 4959 German.
2468 4898 2588 4955 Vol.
2611 4898 2631 4953 l

561 4911 1350 4991 (α)(Ξὲοξειρ-ε91·¹ν.ῑι.οὲοσο
1403 4978 1414 4991 .
1820 4976 1862 4991 υ
1958 4976 1990 4991 ..
2174 4911 2434 4991 υθ,ηιιιει,ει;
2474 4911 2902 4991 ,ἴ-ἓὲἐνιπθέἓὲοι
2957 4964 2971 4991 ι
3023 4964 3200 4991 .--κη
3254 4978 3286 4991 ..
3351 4962 3381 4991 ,-

2271 4971 2326 5041 h)
2365 4969 2449 5041 Cf.
2474 4961 2678 5041 Thom.-
2703 4966 2854 5041 Cale.
2957 4964 2993 5017 l.
3023 4964 3224 5019 testim.
3254 4978 3306 5033 p.
3349 4962 3403 5017 5.
3433 4961 3485 5016 7.

563 4976 637 5051 ἱρή
678 4985 760 5041 Cf.
795 4976 918 5051 Nat.
949 4976 1274 5038 Aleleist.
1305 4978 1499 5051 eccle_s.
1531 4992 1673 5034 saec.
1713 4976 1870 5051 ιιι-ξς
1893 5017 1907 5041 ,
1939 4976 2070 5051 diss:

489 5061 533 5116 v
564 5035 1107 5132 {tenuasse
1136 5050 1329 5132 ΙὶίιᾸΛάε
1348 5048 1400 5103 ια
1416 5048 1653 5132 βταηεε,
1671 5056 1801 5104 tom.
1829 5045 1870 5101 v
1896 5035 1951 5117 'p.
1968 5045 2076 5100 ηε
2250 5035 2318 5132 gi);
2352 5039 2435 5132 Et}
2476 5036 2847 5132 Ξιι1ς.ηιί-1.ήιξ.
2878 5035 2930 5132 ἶ.

491 5097 1451 5203 illeid}.i9}'ééi'éxir-Yiafié?"est:
1481 5097 1596 5203 ’ξῗ
1608 5097 1653 5114 ’⁷
1847 5097 1855 5101 ’
1898 5097 1998 5203 ἶξ
2005 5097 2075 5203 .1—
2184 5097 2443 5203 --ζὶὶέῧ
2478 5097 2846 5203 Ξίιιξ.¹ίδτυτί¹ν
2888 5118 3049 5175 qm
3078 5117 3201 5173 δυνο
3245 5103 3348 5158 εο¹·
3371 5100 3427 5168 ⁴ν
3453 5109 3566 5155 ηοε-
3589 5114 3623 5169 9
3645 5097 3763 5152 ¹²⁶¹¹ο

564 5143 661 5195 30.,
731 5168 745 5180 .
766 5143 873 5181 Ζιδ
900 5143 1066 5189 Θιιῐη
1089 5143 1144 5203 Ρ.
1173 5143 1280 5178 ΖΖυ
1311 5143 1451 5175 lucu.
2249 5143 2321 5193 υ,
2362 5143 2443 5165 υ..
2479 5143 2597 5179 ηαδ
2627 5143 2846 5171 ..νιν-ιιι,
2889 5143 3049 5175 quc...
3078 5143 3201 5173 ου...
3246 5143 3348 5158 νυ..
3371 5143 3427 5168 τ,
3453 5143 3566 5155 ην-.
3589 5143 3617 5169 υ
3645 5143 3724 5151 -...

564 5143 761 5271 (cigtlllf.
796 5194 1028 5250 Maxima
1056 5191 1302 5248 biblioth.
1344 5198 1453 5245 vet.
1495 5187 1739 5253 Patrum,
1789 5196 1918 5241 tom.
1951 5184 2070 5250 XV,
2179 5182 2445 5271 damnas.
2478 5177 2892 5271 gill‘ljmmnm
2935 5241 3029 5271 m‘
3086 5243 3212 5271 CM.
3268 5242 3492 5271 mgnum
3533 5238 3639 5271 nm.
3672 5237 3724 5271 ,κ

492 5238 769 5344 ρδὶάὸᾜί
796 5238 1028 5250 ’.Μ-ω-
1056 5238 1302 5248 “ww”
1358 5238 1453 5245 τ’--
1497 5238 1519 5243 -
1542 5238 1739 5253 mum,
1955 5238 1999 5242 ﬁ
2028 5238 2031 5239 ν
2057 5238 2069 5250 ’
2252 5249 2326 5321 (It)
2364 5248 2448 5304 Cf.
2478 5238 2898 5344 St‘audenma'i'er.
2929 5241 3052 5299 Joh.
3086 5243 3235 5300 Scot.
3266 5242 3494 5325 Erigena
3533 5238 3640 5293 und
3672 5238 3764 5292 die

574 5342 579 5344 _
610 5341 617 5344 .
689 5335 749 5344 μ...
793 5336 806 5344 .
856 5334 870 5344 .
1016 5331 1114 5344 ..ΛΑ
1145 5331 1186 5344 ιη
2179 5320 2525 5344 Ἡγεμηικηηι...
2559 5327 2570 5344 ι
2604 5331 2781 5344 ...ειηηηι
2854 5323 2922 5344 Α..
2975 5314 3159 5344 Dumm-
3178 5313 3328 5344 'FLnd
3384 5307 3667 5344 pmn‘lrlll‘l
3705 5323 3733 5344 α

2179 5307 2578 5376 Wissenscliaft
2604 5317 2781 5371 seiuer
2811 5313 2945 5369 Zeit.
2973 5314 3159 5370 Erster
3178 5307 3673 5368 'I‘heilfFraukfurt
3703 5323 3763 5360 a.

2180 5391 2250 5445 M.
2282 5389 2418 5446 1854
2446 5403 2498 5458 p.
2549 5386 2652 5443 126
2682 5402 2819 5454 seq.,
2851 5385 2941 5439 ubi
2973 5393 3150 5439 tamen
3184 5384 3241 5458 in_
3255 5383 3364 5458 ima
3395 5397 3516 5458 pag.
3545 5377 3667 5441 126,
3701 5384 3766 5457 ut

2178 5477 2248 5516 ex
2281 5462 2366 5524 iis,
2390 5447 2539 5528 quae
2557 5447 2874 5526 sequuntur,
2900 5464 3070 5525 patet,
3095 5460 3193 5525 pro
3214 5453 3319 5508 853
3345 5447 3603 5506 titettdose
3623 5447 3764 5503 scri-

2176 5542 2335 5602 ptum
2363 5527 2446 5602 est
2465 5527 2599 5602 .858-

2247 5600 2309 5674 (l)
2348 5598 2429 5655 Cf.
2465 5597 2659 5653 librum
2688 5597 2789 5653 col.
2824 5596 2877 5661 6,
2905 5602 3015 5647 not.
3040 5610 3072 5661 g
3100 5592 3241 5647 laud.

564 5334 893 5417 ((1‘)_Cf.l._l‘.
924 5349 980 5417 ρ.
1013 5331 1117 5388 592
1145 5331 1206 5386 Β.
1286 5398 1410 5417 ﬁt”
1440 5396 1539 5417 υ.)
1582 5413 1671 5417 AM
1720 5396 1792 5417 μ’
1836 5398 1852 5417 Ι
1900 5405 1985 5417 Μ.
2035 5363 2055 5417 ζ

564 5396 636 5479 (αἱ
652 5410 715 5479 ln_
731 5396 1075 5479 quaErt'gena
1090 5416 1304 5479 quoque
1316 5396 1561 5479 fuit.Vid.
1579 5413 1697 5479 sup,
1712 5396 2008 5479 col.nl_.nnot.
2025 5412 2076 5449 ο.

567 5467 768 5550 (Πῼῇ
795 5467 1063 5550 ῌὶιι-Πὶιι.
1084 5467 1148 5526 de
1170 5467 1232 5526 la'
1246 5469 1471 5533 France,
1500 5477 1628 5524 tom.
1654 5467 1718 5533 ν,
1736 5483 1787 5536 p.
1813 5467 2072 5535 21.0mm,

496 5562 549 5605 et
578 5546 668 5617 qui
701 5548 772 5617 ibi
804 5546 1090 5617 laudantur
1114 5550 1383 5617 auctores.

568 5606 643 5690 ίῤ)
681 5615 765 5671 Cf.
808 5616 1039 5672 Historia
1084 5611 1200 5681 ejus
1246 5609 1366 5665 llib.
1398 5607 1514 5664 Vol.
1562 5607 1614 5675 Ι,
1646 5624 1762 5679 cap.
1805 5609 1884 5663 15.
1915 5606 2067 5664 Vers.
