4002 6148
422 309 483 366 ‘Il
1561 311 1648 363 DE
1682 310 1731 365 .l.
1772 309 1991 366 SCOTO
2037 308 2553 368 COMMENTATIO.
3619 315 3684 370 I2

423 417 676 473 dulsisse.
709 415 883 472 Unum
917 424 1098 472 tamen
1125 418 1227 472 hoc
1254 417 1371 472 loco
1392 419 1716 487 monendum
1756 435 1878 474 esse
1905 435 2001 490 pu-
2029 425 2075 480 Α
2105 421 2244 490 apud
2287 435 2384 476 nos
2413 421 2668 492 ponderis
2693 435 2811 476 esse
2839 423 2996 497 debet
3021 423 3112 495 (ε).
3136 424 3312 494 Atque
3330 424 3399 480 de
3419 425 3683 482 industria

423 519 623 566 tamus.
657 508 878 564 Scotum
913 519 1154 563 nostrum
1183 510 1249 562 de
1291 509 1450 564 rebus
1479 510 1880 566 mathematicis
1915 512 1996 566 di-

423 609 756 671 sputantem,
789 599 982 653 mirum
1023 606 1280 666 quantum
1315 614 1346 652 a
1375 602 1759 657 mathematica
1793 603 2004 658 subtili-

425 699 534 744 tate
586 690 777 744 abesse
831 688 1157 756 deprehendi
1194 707 1207 740 :
1247 691 1390 759 quod
1425 707 1547 746 cum
1590 693 1724 748 alias
1766 695 1864 762 ipsi
1903 710 2003 749 usu

423 783 592 845 venit,
625 791 735 834 tum
767 795 895 834 vero
925 779 1014 852 (de
1053 780 1162 835 div.
1189 781 1311 836 Nat.
1353 783 1450 848 III,
1474 781 1736 856 54-456),
1772 787 1859 841 ubi
1883 789 2003 856 plu-

423 874 574 928 ribns
597 871 850 942 caplicat,
877 888 1017 941 quae
1057 874 1159 928 sibi
1196 875 1263 928 de
1300 891 1552 930 mensura
1592 886 1792 939 terrae.
1823 879 2000 945 lunae,

426 973 531 1018 et-t.
567 972 672 1016 cet.
705 963 1098 1018 verisimillima
1124 965 1410 1019 videantur
1435 966 1532 1038 (ιι).
1586 977 1600 988 ’

491 1056 675 1123 Itaque
699 1069 761 1109 eo
796 1065 1112 1123 perventum
1141 1068 1243 1120 est,
1272 1066 1350 1120 ut,
1375 1073 1514 1126 quae
1538 1059 1588 1112 in
1611 1057 1819 1115 Joanne
1841 1061 2002 1116 fuerit

421 1144 794 1214 philosophiae
821 1153 878 1198 et
905 1143 1204 1216 theologiac
1239 1146 1488 1213 scientia,
1521 1149 1999 1204 demonstrandum

421 1235 515 1287 sit.
1729 1251 1742 1262 -

491 1327 713 1380 Certum
756 1326 918 1397 igitur
959 1326 1410 1396 exploratumque
1449 1328 1725 1391 habemus,
1760 1330 2000 1383 omnium

423 1436 614 1473 earum
649 1435 849 1481 rerum,
877 1435 1016 1488 quae
1048 1419 1133 1472 illa
1160 1429 1336 1474 aetate
1367 1437 1396 1474 a
1428 1421 1690 1490 theologis
1721 1421 2002 1476 disceban-

422 1518 527 1569 tur,
567 1509 740 1576 ipsum
770 1509 903 1562 satis
934 1513 1159 1577 gnarum
1189 1507 1376 1564 fuisse.
1409 1511 1754 1580 Quantopere
1791 1511 2002 1579 graecis

421 1599 666 1653 ecclesia:
693 1598 940 1653 Pati-ibus
961 1613 1080 1654 sese
1107 1599 1333 1666 dederit,
1365 1601 1478 1669 jam
1503 1617 1665 1670 supra
1699 1603 2003 1673 expositum

419 1699 521 1753 ast,
547 1703 648 1744 nee
683 1689 878 1744 iterum
907 1689 1198 1744 decantare
1226 1689 1358 1744 libet
1389 1707 1402 1743 :
1429 1698 1486 1746 et
1523 1689 1740 1755 latinos,
1773 1691 1875 1744 etsi
1916 1705 2004 1744 ra-

2104 528 2199 568 eos
2229 524 2435 568 tantum
2471 516 2572 570 hoc
2617 515 2736 570 loco
2766 523 2930 571 testes
2973 517 3341 582 adhibuimus,
3372 519 3464 588 qui
3513 519 3682 588 ipsam

2103 606 2370 676 Erigenae
2414 607 2810 678 philosophiam
2860 623 3072 663 summo
3114 623 3279 678 opere
3322 608 3683 663 detestantur.

2105 698 2220 765 Qua
2249 700 2315 754 de
2355 715 2415 754 re
2454 701 2649 754 iterum
2694 699 2953 754 Bruckeri
3009 701 3169 755 verba
3228 702 3592 756 transcribere
3621 703 3686 756 lio

2104 799 2222 843 ceat
2241 807 2252 840 :
2274 791 2592 858 praesertim
2617 805 2778 858 quum
2802 790 2979 853 simul,
2999 792 3050 845 id
3067 793 3206 860 quod
3235 792 3286 846 in
3317 801 3556 846 extrema
3585 795 3685 846 litt-

2099 879 2186 950 jus
2198 884 2388 952 capitis
2407 881 2725 954 parte'nobis
2748 885 2863 938 usui
2889 887 3014 950 erit,
3031 887 3370 954 apertissime
3389 886 3682 948 declarent,

2104 974 2278 1042 qualis
2308 976 2442 1030 haec
2484 976 2598 1045 ipsa
2637 977 2973 1046 philosophia
3015 977 3196 1032 fuerit.
3226 977 3317 1032 Ait
3348 979 3512 1048 igitur
3549 979 3682 1032 Bru-

2103 1067 2300 1122 ckcrus
2327 1067 2420 1137 (f),
2461 1083 2681 1122 omnem
2706 1069 2851 1122 Scoti
2882 1069 3272 1140 philosophiam
3321 1071 3427 1126 huc
3455 1072 3632 1126 redire
3665 1088 3680 1124 :

2110 1177 2129 1210 ι
2158 1157 2374 1222 Omnia,
2404 1173 2760 1228 quaecunque
2805 1167 2954 1224 sunt,
3005 1175 3113 1213 non
3171 1160 3479 1214 radiealiter
3524 1163 3685 1215 modo

2104 1258 2158 1304 et
2190 1249 2514 1315 virtualiter,
2546 1251 2638 1304 sed
2675 1259 2729 1304 et
2771 1251 3132 1305 essentialiter
3169 1252 3221 1305 in
3251 1251 3360 1306 Deo
3395 1253 3680 1316 contineri,

2105 1350 2267 1410 atque.
2294 1341 2428 1394 adeo
2458 1341 2640 1396 omnia
2675 1357 2742 1395 ex
2773 1342 2880 1396 Deo
2905 1343 2970 1396 ab
2999 1351 3220 1396 aeterno
3246 1359 3531 1413 progreSsa
3565 1359 3684 1398 esse

2105 1440 2159 1482 et
2189 1428 2429 1493 ﬂuxisse,
2461 1430 2624 1500 inque
2655 1431 2834 1485 varias
2864 1431 3065 1485 classes
3094 1431 3410 1486 inferiorum
3434 1441 3490 1486 et
3528 1447 3688 1502 supe-

2108 1520 2332 1584 riorum,
2375 1520 2703 1575 deteriorum
2735 1521 3123 1589 meliorumque
3169 1522 3370 1576 entium
3403 1522 3683 1586 distincta,

2108 1615 2324 1669 tandem
2383 1613 2434 1668 in
2497 1612 2701 1668 fontem
2762 1614 3135 1684 originemque
3180 1631 3332 1670 suam
3381 1615 3456 1686 (id
3508 1623 3590 1671 est
3631 1616 3684 1670 in

2107 1705 2298 1776 Deum)
2347 1705 2584 1758 reditura
2629 1719 2749 1760 esse
2785 1725 2828 1758 ι.
2867 1703 2998 1760 Jure
3056 1706 3122 1760 de
3178 1705 3366 1760 eadem
3419 1705 3688 1777 Erigenae

417 1780 531 1834 rius
555 1793 742 1832 eorum
789 1778 1096 1832 testimonia
1137 1777 1361 1848 profert,
1398 1786 1580 1834 tamen
1612 1780 1734 1834 ideo
1771 1795 1878 1835 non
1910 1796 2005 1836 ne—
2035 1767 2080 1826 Β
2107 1767 2445 1866 philosophia
2474 1790 2574 1849 hoc
2599 1809 2812 1864 quoque
2836 1793 3034 1864 legitur
3056 1795 3196 1864 aplld
3218 1767 3546 1849 BI‘UCMPNri
3567 1795 3641 1866 (9)
3668 1814 3682 1848 ε

416 1871 602 1939 glexit.
633 1868 990 1941 Augustinum
1024 1869 1241 1938 quidem
1275 1869 1444 1938 pluris
1479 1869 1595 1926 fere
1630 1871 1924 1926 aestimare
1950 1879 2006 1924 et

424 1962 734 2032 diligentius
793 1961 988 2031 legisse
1037 1961 1287 2028 videtur,
1337 1977 1501 2032 quam
1555 1962 1724 2018 ullum
1761 1963 1828 2018 de
1864 1977 2005 2030 grae-

417 2055 497 2109 cis
535 2054 636 2124 (ὁ).

490 2144 714 2200 Sacram
741 2142 931 2198 deinde
971 2141 1328 2212 Seripturam,
1363 2157 1469 2212 quo
1498 2142 1677 2198 studio
1699 2141 2008 2212 pervoluta-

421 2237 496 2290 \it
517 2237 540 2290 ?
565 2237 736 2304 Quam
758 2237 1000 2292 otnniutn
1033 2237 1227 2290 virium
1269 2237 1566 2292 intentione
1595 2237 2007 2293 accuratissime

415 2325 690 2396 etplicarc
722 2334 951 2380 conatus
1001 2325 1127 2379 est?
1161 2325 1447 2380 Innumera
1500 2325 1661 2394 hujus
1693 2325 2006 2398 diligentiae

417 2427 734 2486 argumenta
756 2417 840 2472 vel
863 2417 994 2474 solis
1013 2418 1080 2472 de
1105 2409 1368 2473 dirisidne
1390 2417 1626 2472 Naturae
1648 2417 1800 2472 libris
1828 2419 2006 2472 inesse

416 2509 682 2563 videmus.
729 2507 839 2564 Nec
872 2508 1108 2576 denique
1141 2508 1246 2562 alia
1279 2509 1343 2564 de
1368 2524 1531 2564 causa
1561 2509 1676 2563 fieri
1710 2510 1905 2578 potuit,
1947 2518 2007 2563 ut

417 2599 504 2656 bis
541 2599 593 2652 in
625 2598 1060 2654 doctissimorum
1099 2599 1377 2653 hominum
1409 2599 1475 2654 de
1504 2601 1666 2655 rebus
1694 2599 2006 2671 theologicis

417 2689 776 2754 dissensione,
819 2689 871 2744 id
891 2689 1034 2760 quod
1057 2705 1180 2744 mox
1207 2688 1466 2760 peculiari
1494 2689 1858 2760 disputatione
1889 2705 2007 2760 per-

417 2795 710 2849 sequemur
739 2780 832 2851 (c),
865 2795 897 2835 a
934 2780 1266 2852 gravissimis
1289 2779 1421 2834 viris
1443 2789 1498 2836 et
1518 2781 1637 2851 ipse
1667 2781 1735 2836 ad
1761 2781 2004 2840 scriben-

419 2871 545 2926 dum
575 2871 649 2924 sit
673 2871 955 2940 impulsus.
1734 2887 1743 2897 ‘

489 2963 642 3030 Quod
668 2972 847 3016 autem
879 2963 933 3017 in
961 2961 1262 3032 theologiae
1288 2962 1424 3017 lines
1453 2961 1670 3032 ingenio
1701 2977 1798 3018 suo
1829 2963 2006 3034 philo-

418 3053 590 3124 seplio
617 3053 777 3108 nimis
804 3068 930 3108 acre
961 3052 1273 3123 permisisse
1300 3053 1498 3108 dicitur
1524 3055 1810 3122 imperium
1828 3094 1844 3118 ,
1876 3053 2004 3108 licet

2113 1905 2130 1937 ‹
2156 1885 2306 1952 Quae
2341 1886 2590 1954 quamvis
2635 1891 2858 1939 externa
2910 1884 3226 1939 dialecticae
3273 1885 3530 1940 methodo
3571 1895 3681 1940 tra-

2108 1975 2400 2044 claudique
2425 1975 2617 2030 ordine
2639 1973 2988 2029 Aristotelem
3025 1974 3247 2039 referat,
3275 1991 3434 2044 quem
3466 1975 3686 2043 Scottis,

2107 2062 2348 2119 Graecae
2390 2063 2604 2133 linguae
2643 2072 2896 2118 accurate
2945 2078 3164 2133 gnarus,
3219 2063 3410 2133 legisse
3448 2065 3687 2128 videtur,

2109 2163 2219 2209 tota
2251 2164 2431 2210 tamen
2455 2153 2876 2208 Alexandrinum
2899 2153 3297 2208 Platonicorum
3325 2157 3685 2210 recentiorum

2107 2257 2342 2317 systema
2396 2245 2682 2315 exprimit,
2744 2253 3101 2314 apertumque
3153 2243 3300 2310 facit,
3352 2253 3515 2300 totam
3561 2260 3685 2299 eum

2109 2335 2376 2408 (Scotum)
2418 2335 2838 2404 metapbysicam
2886 2349 3037 2388 suam
3087 2348 3154 2388 ex
3198 2333 3686 2404 Pseudo-Dionysio

2108 2425 2474 2496 (Areopagita)
2520 2425 2788 2490 hausisse,
2834 2434 2890 2478 et
2913 2423 3068 2492 juxta
3122 2424 3310 2479 horum
3342 2425 3685 2496 philosopbe-
3768 2443 3774 2446 ·

2108 2532 2226 2570 rum
2253 2515 2444 2586 placita
2478 2515 2846 2585 philosophari
2879 2534 2948 2569 ι..

2177 2651 2354 2721 Atque
2378 2649 2444 2705 de
2468 2647 2616 2704 Scoti
2641 2649 2885 2704 doctrina
2917 2649 3052 2704 satis
3073 2648 3275 2704 dictum
3297 2659 3400 2704 est.
3425 2649 3686 2704 Venimus

2107 2757 2250 2796 nunc
2291 2742 2356 2795 ad
2384 2741 2458 2805 id,
2491 2737 2646 2808 cujus
2679 2739 2850 2810 gratia
2880 2747 3048 2793 totam
3081 2739 3226 2793 illam
3267 2739 3685 2809 disputationem

2108 2833 2211 2887 hoc
2239 2832 2356 2887 loco
2386 2831 2714 2887 inseruimus
2734 2870 2750 2897 ,
2795 2831 2940 2886 unde
2974 2830 3170 2888 Scotus
3201 2832 3504 2888 doctrinam
3532 2846 3684 2887 suam

2106 2924 2428 2994 perceperit.

2176 3035 2516 3104 Quamquam
2541 3047 2607 3088 ea
2635 3041 2835 3098 aetate,
2873 3049 2978 3104 qua
3008 3042 3195 3088 nostro
3218 3030 3420 3100 judicio
3453 3032 3686 3103 Erigena

415 3159 607 3200 verum
638 3144 745 3210 sit,
785 3143 926 3198 hanc
956 3151 1136 3198 tamen
1170 3144 1494 3198 sententiam
1523 3155 1765 3200 nostram
1789 3145 2002 3199 irritam

2114 3136 2270 3180 natus
2293 3137 2398 3190 est,
2443 3123 2624 3179 seculo
2677 3139 2820 3178 nono
2863 3124 3102 3188 ineunte,
3130 3139 3226 3194 per
3250 3133 3414 3179 totam
3447 3122 3686 3181 Scotiam

419 3252 525 3295 non
562 3233 714 3289 facit.

489 3328 612 3384 .Iam
636 3343 767 3382 vero
797 3327 850 3381 in
883 3325 1244 3396 philosophia,
1293 3327 1600 3398 quicunque
1627 3327 1803 3383 idonei
1843 3325 2004 3398 hujus

429 3420 507 3473 rei
529 3417 741 3486 iudices
769 3425 936 3482 sunt,
967 3417 1132 3472 Scoto
1160 3432 1290 3486 prae
1339 3419 1593 3473 onmihus
1619 3418 1738 3490 ejus
1763 3419 2005 3488 aequali-

418 3511 522 3564 bus
544 3507 776 3578 palmam
809 3506 1021 3562 deferre
1059 3521 1167 3561 non
1207 3507 1471 3562 dubitant.
1501 3509 1734 3564 Prodeat
1753 3511 1836 3563 vir
1858 3510 2004 3564 cele-

419 3595 785 3660 berrimus,.l.
817 3595 1140 3660 Bruckcrus,
1183 3597 1274 3666 qui
1320 3598 1372 3651 in
1415 3598 1601 3653 critica
1636 3599 2032 3669 philosophiae.

419 3689 648 3743 historia
689 3687 769 3758 (τί)
815 3689 893 3742 ita
928 3687 1196 3758 scripsit:
1241 3708 1260 3741 ‹
1289 3689 1461 3745 Ncmo
1525 3689 1628 3745 hoc
1673 3691 1857 3745 seculo
1904 3692 2004 3759 (is)

417 3777 790 3848 philosophiae
814 3776 971 3837 laude
993 3778 1167 3848 magis
1190 3779 1436 3844 eminuit,
1472 3794 1634 3849 quam
1661 3779 1712 3835 J.
1742 3782 1936 3834 Scotns
1958 3800 2003 3834 ι.

415 3871 487 3926 Et
514 3870 710 3926 deinde
738 3887 750 3924 :
783 3887 802 3922 ι
833 3869 1113 3940 Sapientis
1137 3885 1332 3926 nomen
1367 3871 1437 3926 ob
1463 3871 1839 3941 philosophiae
1869 3873 2008 3926 noti-

418 3963 549 4016 tiam
574 3975 802 4030 prorsus
823 3960 1154 4032 singularem
1180 3959 1560 4031 accepit.—In
1585 3962 1780 4030 pusillo
1809 3961 2004 4031 (Scoti)

415 4069 649 4124 corpore
689 4067 942 4124 maguum
971 4052 1238 4108 habitavit
1281 4052 1559 4124 ingenium
1590 4083 1662 4093 ——
1691 4067 1854 4122 supra
1885 4068 2006 4110 mo-

424 4146 551 4200 dum
591 4155 809 4199 acutum
847 4151 904 4198 et
933 4142 1226 4209 excdlens,
1251 4145 1348 4208 sic,
1382 4153 1444 4198 ut
1477 4159 1636 4200 nemo
1664 4143 1739 4198 illi
1774 4145 1875 4199 ista
1916 4159 2008 4200 ae-

415 4243 526 4290 tate
575 4236 628 4290 in
673 4235 1011 4306 philosophia
1048 4235 1384 4304 praestiterit
1418 4255 1465 4290 i.
1496 4234 1593 4290 llis
1628 4235 1887 4290 Bruckeri
1927 4237 2008 4292 di-

419 4329 544 4389 ctis,
580 4328 776 4396 quibus
817 4327 970 4398 plura
1015 4325 1260 4397 ejusdem
1299 4328 1540 4384 auctoris
1579 4329 1781 4383 addere
1820 4344 2007 4398 possc-

417 4433 541 4474 tnus
577 4433 682 4472 non
719 4418 897 4475 minus
955 4419 1122 4475 Scoto
1163 4419 1486 4484 honorifica,
1517 4419 1740 4474 omnino
1778 4433 2008 4474 consen-

421 4507 564 4560 tiunt
603 4505 693 4560 alii
739 4507 864 4572 viri,
905 4522 1134 4578 quorum
1169 4507 1432 4578 judicium
1476 4518 1532 4564 et
1573 4511 1748 4581 ipsum
1784 4509 2004 4580 plurimi

491 4643 568 4714 (η)
610 4641 787 4708 Quare
812 4641 1189 4714 Scliluetennm
1221 4645 1386 4700 etiam
1414 4647 1466 4703 in
1490 4661 1554 4700 eo
1581 4661 1798 4702 errasse
1827 4647 2005 4702 credi-

419 4713 562 4778 mus,
594 4714 734 4782 quod
772 4719 847 4783 (p.
882 4713 968 4782 Ill)
1017 4715 1148 4768 dicit
1181 4732 1201 4765 ι
1235 4715 1461 4771 Carolus
1497 4716 1692 4772 Calvus
1743 4733 1838 4772 rex
1868 4716 2005 4772 Sco-

423 4794 532 4838 tum
583 4783 830 4855 Parisios
867 4786 1082 4840 vocavit
1117 4794 1174 4839 et
1219 4787 1539 4855 magistrum
1600 4787 1653 4842 in
1699 4788 2000 4842 mathesi...

420 4857 767 4925 constituit».
794 4853 1080 4909 Caeterum
1111 4855 1161 4908 id
1189 4853 1405 4925 quoque
1433 4856 1707 4911 fatendum
1743 4867 1848 4920 est,
1881 4857 2002 4911 nul-

421 4926 530 4980 lntn
567 4924 788 4978 omnino
817 4941 854 4996 a_
872 4927 1025 4996 nobis
1049 4924 1240 4979 testem
1265 4924 1534 4996 repertum
1558 4943 1700 4988 esse,
1723 4927 1875 4994 cujus
1904 4943 2002 4979 au-

422 4997 675 5051 atoritate
725 4994 964 5050 conlisus
1010 4994 1364 5052 Seldaeturu's
1426 4999 1529 5052 hoc
1575 4996 1776 5051 dixisse
1826 4997 2004 5065 putari

462 5075 603 5120 neat.

421 5081 692 5206 (mazLCf.
725 5134 792 5188 de
820 5135 928 5189 div.
958 5135 1079 5190 Nat.
1114 5135 1154 5197 I,
1178 5137 1275 5198 43;
1310 5135 1397 5198 IV,
1431 5137 1498 5190 Ii
1523 5135 1634 5205 (ubi
1667 5155 1686 5186 r
1707 5136 2006 5190 scientissi-

421 5205 570 5266 mum
629 5205 1130 5277 divinissinuunquc
1183 5208 1489 5277 theologum
1543 5225 1560 5258 ι
1623 5224 1671 5277 εί
1707 5215 1913 5259 tantum
1950 5213 2005 5260 et

426 5287 536 5333 tam
565 5291 817 5346 magnum
851 5275 1090 5331 virum)
1127 5293 1248 5331 eum
1284 5275 1550 5344 appellat,
1587 5275 1814 5344 aliisque
1848 5291 2002 5346 prae-

427 5357 573 5404 torea
621 5345 869 5401 laudibus
897 5358 1072 5405 ornat,
1104 5363 1202 5400 nec
1250 5364 1353 5399 non
1393 5347 1862 5415 diligentissimam
1889 5345 2005 5410 ejus

430 5419 716 5472 lectionem
743 5417 1027 5484 ostendit),
1061 5417 1099 5482 I,
1141 5417 1242 5482 43;
1279 5417 1342 5482 ll,
1382 5417 1470 5482 15,
1497 5417 1592 5482 '20,
1648 5415 1739 5480 9.5,
1777 5416 1872 5482 ΞΒ,
1899 5417 2001 5478 29ς
2048 5445 2055 5452 ·

425 5487 512 5549 Ill,
542 5488 594 5552 8,
625 5489 714 5550 l6,
743 5495 849 5541 cet.
890 5495 996 5542 cet.

497 5559 566 5614 (ei
609 5557 738 5623 Cap.
771 5555 859 5611 ιν.

512 5627 566 5694 (ί)
596 5621 843 5678 Chium.
871 5623 938 5678 Ill
963 5623 1116 5694 (edit.
1145 5621 1418 5694 LipSiCIIS.
1456 5621 1702 5694 «ηιμ».
1736 5621 1839 5673 (3H.
1865 5636 1978 5688 ser].

512 5692 558 5766 ci
599 5697 681 5748 (ιΓ-
718 5697 804 5755 υΐ-
850 5693 1020 5758 ﬂock.
1058 5694 1095 5749 I.
1133 5695 1170 5748 ι.
1203 5707 1258 5768 ρ.
1293 5692 1359 5746 55
1385 5707 1516 5762 seqq
1547 5733 1561 5758 ,
1597 5692 1976 5746 Teunetnanu.

2108 3225 2272 3286 atque
2292 3215 2537 3286 Angliam
2561 3213 2864 3268 litterarum
2889 3214 3064 3268 studia
3086 3213 3306 3268 omnino
3329 3214 3688 3268 intermortua

2102 3308 2383 3377 jacehant,
2420 3317 2623 3371 tamen,
2656 3307 2770 3362 sive
2801 3307 2854 3360 in
2885 3305 3070 3360 Scotia
3109 3307 3344 3362 natalem
3385 3307 3561 3362 locum
3591 3307 3691 3361 ha-

2107 3399 2241 3464 buit,
2266 3399 2399 3462 sive,
2423 3397 2478 3452 id
2510 3397 2653 3468 quod
2693 3397 2848 3452 nobis
2874 3396 3238 3450 certissimum
3272 3398 3449 3450 visum
3489 3403 3592 3460 est,
3633 3385 3690 3451 in

2106 3489 2323 3558 Anglia,
2369 3495 2599 3557 utroque
2627 3496 2778 3542 certe
2809 3485 2930 3541 loco
2957 3486 3129 3556 prima
3162 3486 3484 3540 erttditionis
3524 3495 3691 3556 atque

2108 3581 2391 3636 doctrinae
2419 3595 2550 3634 suae
2577 3579 2928 3634 fundamenta
2959 3578 3214 3632 facillime
3236 3576 3336 3631 sibi
3361 3577 3691 3631 constituere

2108 3675 2303 3744 potuit.
2337 3673 2569 3728 Asserus
2595 3673 2834 3742 quidem,
2880 3672 2963 3726 vir
3010 3671 3098 3726 ille
3140 3671 3505 3733 doctissimus,
3535 3671 3690 3739 cujus

2108 3761 2424 3817 ﬁdelissima
2479 3777 2644 3830 opera
2682 3761 2736 3814 in
2785 3759 3092 3814 excitandis
3137 3758 3444 3812 litterarum
3498 3757 3692 3812 studiis

2107 3853 2362 3908 Alfredus
2391 3868 2618 3922 magnus
2647 3853 2921 3915 utebatur,
2974 3851 3026 3905 in
3057 3866 3122 3905 ea
3167 3851 3282 3920 ipsa
3327 3851 3546 3920 regione
3576 3850 3654 3919 (ὴ)
3675 3890 3690 3914 ,

2106 3959 2212 4012 qua
2253 3943 2540 4014 Erlgenam
2597 3952 2783 3996 natum
2851 3941 3014 3995 rideri
3063 3940 3317 4006 diximus,
3363 3955 3471 3994 non
3516 3940 3691 3994 solum

2107 4039 2390 4098 educatus,
2407 4052 2594 4092 verum
2617 4036 2778 4090 etiam
2800 4035 3044 4090 eruditus
3061 4041 3166 4088 est.
3189 4033 3298 4088 Nec
3313 4033 3483 4088 niulto
3503 4041 3689 4102 postea

2107 4131 2210 4186 hoc
2239 4129 2438 4184 factum
2473 4143 2591 4182 esse
2617 4135 2850 4182 constat.

2177 4240 2596 4297 Considerantes
2660 4249 2834 4293 autem
2865 4278 2880 4304 ,
2931 4246 3190 4307 quantam
3241 4251 3424 4290 rerum
3478 4234 3690 4304 copiam

2109 4349 2268 4404 quam
2299 4339 2550 4387 accurate
2576 4331 2849 4400 cognitam
2874 4329 3124 4384 habuerit
3153 4328 3404 4398 Erigena,
3435 4326 3550 4381 sine
3583 4325 3688 4378 ulla

2109 4413 2446 4477 dubitatione
2477 4420 2754 4490 rejicimur
2769 4420 2834 4472 ad
2857 4417 3188 4480 lliberniam,
3205 4432 3343 4486 quae
3358 4415 3682 4484 illistempo-

2113 4514 2262 4568 ribus
2282 4523 2336 4566 et
2361 4510 2742 4567 florentissima
2771 4509 3096 4581 optimarum
3124 4508 3321 4562 artium
3349 4506 3503 4576 Quasi
3533 4505 3690 4560 sedes

2109 4643 2245 4699 Hist.
2288 4643 2486 4697 Philos.
2529 4641 2648 4696 Vol.
2681 4640 2816 4702 VIII,
2860 4655 2986 4710 pars
3013 4637 3057 4704 I,
3085 4655 3136 4708 p.
3159 4638 3228 4710 65
3257 4653 3437 4710 seqq.,
3465 4636 3690 4710 doetis-

2109 4715 2231 4768 simi
2260 4712 2594 4768 Benedictini
2633 4727 2664 4764 e
2709 4707 3127 4780 congregatione
3156 4709 3216 4764 S.
3263 4707 3432 4762 Mauri
3463 4709 3518 4760 in
3542 4707 3685 4760 I'Iist.

2106 4783 2236 4839 Litt.
2266 4795 2395 4837 tom.
2429 4782 2494 4847 V,
2529 4799 2583 4852 p.
2613 4781 2736 4852 “7,
2771 4789 2874 4852 cet.
2905 4789 3011 4834 cet.

2181 4853 2255 4925 (ι’)
2282 4854 2362 4910 Cf.
2391 4853 2428 4911 ι.
2611 4851 2734 4925 621.
2768 4851 2944 4925 Quare
2995 4850 3080 4925 hic
3119 4849 3184 4925 ad
3217 4849 3480 4925 Erigenae
3515 4845 3690 4925 philo-

2109 4919 2352 4995 sophiam
2381 4919 3034 4995 declarandamAliruckeri
3065 4920 3244 4995 potius
3264 4919 3442 4995 verbis
3465 4919 3538 4969 uti
3572 4932 3688 4970 ina-

2107 4990 2383 5054 Inerinnts,
2418 5009 2578 5063 quam
2607 4991 2828 5053 nostris,
2861 4999 2966 5052 est,
2989 4991 3293 5063 opinamur,
3325 4990 3376 5042 in
3411 4997 3685 5063 promptu.

2108 5063 2292 5134 Neque
2321 5057 2525 5134 magno
2549 5078 2712 5131 opere
2751 5077 2848 5114 nos
2883 5068 3081 5123 movet,
3122 5061 3263 5134 quod
3307 5073 3444 5111 unus
3474 5065 3526 5134 et
3560 5057 3688 5134 item

2109 5127 2263 5194 alter.
2313 5127 2777 5203 qui'syllabarum
2822 5127 3472 5203 aucupenrvelitagere,
3511 5128 3564 5180 in
3606 5127 3692 5203 his

2107 5197 2368 5258 Ili-iirkei'i
2405 5197 2603 5268 verbis,
2633 5217 2773 5270 quae
2810 5197 3194 5271 reprehendat,
3245 5199 3385 5253 facili
3417 5213 3580 5268 Opera
3608 5197 3692 5251 in-

2108 5279 2290 5330 venire
2325 5275 2512 5341 possit.

2183 5349 2257 5415 (gl
2289 5344 2369 5399 et.
2408 5344 2442 5396 l.
2473 5343 2506 5394 ι.
2540 5359 2592 5413 ρ.
2620 5341 2745 5395 6-20.

2183 5408 2258 5488 (ii)
2284 5415 2346 5488 In
2373 5408 2652 5488 parte:_ut
2699 5412 2930 5488 traditur
2958 5411 3070 5488 Δ(ρι’.
3100 5426 3268 5488 _s_upra
3290 5409 3432 5488 .Cap.
3467 5409 3510 5477 I)
3542 5408 3690 5488 dice:

2109 5479 2251 5540 cceiis'
2281 5479 2617 5538 Menevensis
2643 5501 2654 5536 :
2685 5494 2848 5551 atque
2877 5484 2924 5535 in
2957 5479 3072 5550 ipsa
3098 5479 3604 5551 MeneviamAsserns
3619 5479 3694 5551 ad

2109 5557 2320 5610 litteras
2375 5555 2637 5608 incubuit.
2697 5549 2781 5608 (if.
2840 5549 3040 5606 Mahill.
3097 5552 3277 5606 aunal.
3335 5550 3534 5605 Bened.
3594 5549 3693 5609 lib,

2109 5643 2336 5690 surtu,
2373 5643 2425 5678 n.
2458 5625 2543 5678 7I.
