4002 6148
262 301 318 354 13
1065 295 1155 351 DE
1196 294 1353 351 VlTA
1389 296 1477 351 ET
1516 295 1854 353 ΡῐῖίΕΟΕΡΤ
1859 294 1920 351 IS
1957 295 2006 351 J.
2049 295 2265 354 SCOTI.
2302 327 2375 339 —-
2407 299 2584 355 PARS
2628 300 2668 354 l.
3446 300 3507 352 Η

255 421 361 468 erat
403 409 594 481 (a),‘et
630 408 701 463 ab
730 407 1029 467 innumera
1072 408 1457 479 prepemodum
1513 418 1820 464 exterarum
1854 411 1897 472 Α
1996 408 2134 465 Hinc
2152 408 2267 480 jam
2296 411 2427 467 satis
2449 412 2753 467 existimari
2781 412 2924 477 licet,
2954 414 3148 484 quibus
3172 429 3239 470 ex
3272 414 3508 469 fontibus

256 502 538 565 hominum,
565 499 660 570 qui
703 500 772 555 ad
813 500 1117 555 litterarum
1147 502 1324 555 studia
1362 517 1422 556 se
1448 501 1813 571 applieahant,

255 591 578 647 multitudine
621 590 907 660 petebatur
949 590 1048 663 (b).
1095 592 1386 646 Hiberniae
1439 593 1604 660 igitur
1654 592 1819 645 etiam

256 685 434 739 Scotus
461 691 664 746 noster,
713 690 773 735 ιιι
800 681 1111 751 conjectura
1139 683 1226 737 illa
1255 684 1497 752 quidem,
1532 692 1587 735 at
1616 682 1812 737 certis-

253 777 406 839 sima,
426 774 635 842 assequi
667 789 972 842 possumus,
1003 775 1197 829 saltem
1228 774 1495 844 politioris
1520 774 1682 837 illius,
1712 787 1819 841 qua

254 866 423 927 valuit,
470 865 751 919 doctrinae
797 879 1060 917 summam
1094 864 1362 920 debebat:
1392 865 1480 919 hic
1511 865 1726 927 latinae
1762 872 1818 921 et

253 969 460 1027 graecae
510 954 583 1025 (ε)
628 956 843 1022 linguae
874 964 1257 1025 praeceptores
1299 956 1537 1010 nancisci
1586 965 1818 1025 poterat,

256 1047 334 1099 hic
360 1046 618 1099 bonarum
650 1044 847 1097 artium
880 1085 894 1109 ,
945 1045 1034 1098 hic
1079 1045 1383 1115 theologiae
1411 1054 1467 1100 et
1498 1046 1818 1100 nominatim

253 1132 549 1189 dialecticae
577 1133 931 1203 philos0phae
959 1132 1058 1203 (ά).

316 1226 452 1281 Haec
480 1226 796 1295 conjectura
823 1225 1044 1279 omnino
1072 1239 1200 1279 vera
1230 1240 1352 1279 esse
1392 1225 1701 1281 declaratur
1728 1225 1819 1282 illo

256 1321 306 1372 S.
334 1317 630 1383 Prudentii,
658 1319 896 1388 episcOpi
931 1318 1221 1373 Tricassini
1242 1359 1257 1382 ,
1289 1319 1432 1386 loco,
1466 1334 1626 1389 quem
1656 1335 1816 1390 supra

255 1407 535 1471 attulimus,
588 1422 805 1476 quoque
854 1408 942 1462 hic
986 1409 1337 1465 doctissimus
1390 1410 1514 1475 vir,
1565 1409 1714 1465 Scoti
1764 1421 1820 1466 et

254 1499 474 1567 aequalis
506 1509 563 1553 et
606 1514 675 1553 ex
719 1499 896 1555 amico
951 1500 1331 1566 adversarius,
1385 1500 1487 1571 ipsi
1538 1502 1609 1571 (e)
1648 1519 1710 1554 ει
1744 1502 1820 1558 Te

252 1590 407 1643 solum
433 1589 681 1643 omnium
720 1609 767 1654 ι,
800 1589 908 1656 ait,
946 1608 966 1642 ι
995 1591 1375 1645 acutissimum
1405 1589 1615 1646 Galliae
1645 1600 1817 1646 trans-

254 1679 381 1732 misit
419 1677 717 1744 Hibernia,
766 1687 866 1745 ut,
918 1694 1059 1748 quae
1090 1680 1269 1735 nullus
1317 1681 1524 1749 absque
1575 1689 1627 1736 te
1678 1682 1819 1737 scire

251 1778 456 1838 poterat,
485 1770 601 1824 tuis
623 1768 1022 1826 eruditionibus
1058 1772 1365 1837 obtineret;
1403 1771 1497 1827 sed
1545 1773 1706 1837 absit,
1756 1780 1815 1827 ut
1846 1786 1894 1846 Β

253 1858 430 1913 Celtica
490 1859 805 1929 eloquentia
874 1869 993 1915 tuas
1054 1862 1417 1916 nubilationes
1474 1862 1724 1915 admittat
1762 1881 1810 1916 ι.

254 1950 376 2018 Quid
403 1951 501 2007 hoc
531 1951 657 2006 loco
684 1953 964 2021 apertius?
996 1953 1281 2023 Expressis
1333 1953 1446 2008 fere
1473 1954 1654 2008 verbis
1696 1953 1816 2007 Eri-

255 2057 422 2109 genam
459 2044 514 2096 in
568 2042 825 2096 Hibernia
854 2044 1151 2110 eruditum,
1194 2053 1358 2115 atque
1391 2045 1466 2099 ita
1508 2044 1563 2099 in
1590 2042 1817 2101 Galliam

255 2132 526 2202 profectum
552 2148 677 2188 esse
703 2133 1009 2188 conﬁrmat.

322 2225 556 2281 Diximus
577 2226 738 2281 modo
764 2244 782 2277 ι
801 2226 1139 2282 dialecticam
1158 2228 1530 2298 philosopham
1556 2248 1574 2280 ι
1602 2243 1629 2281 a
1655 2227 1817 2282 Scuto

258 2318 303 2371 in
327 2317 572 2374 Hibernia
603 2320 738 2375 disci
777 2321 1035 2390 potuisse,
1068 2321 1240 2391 ipsam
1277 2322 1669 2392 philosophiam
1712 2337 1818 2375 non

257 2420 737 2476 commemorantes,
779 2426 945 2481 quum
974 2419 1174 2476 tamen,
1225 2421 1285 2466 ut
1334 2413 1387 2466 in
1432 2413 1614 2482 priore
1659 2410 1819 2480 hujus

260 2500 424 2568 capitis
444 2512 597 2571 parte
616 2502 870 2568 vidimus,
885 2503 1049 2556 etiam
1077 2502 1221 2556 illius
1244 2504 1379 2557 satis
1404 2504 1608 2572 peritus
1633 2502 1816 2557 fuerit.

259 2587 355 2646 Hoc
396 2593 511 2647 ideo
560 2592 765 2648 factum
792 2603 900 2659 est,
933 2594 1077 2664 quod
1124 2594 1236 2649 sola
1278 2595 1365 2648 illa
1414 2594 1717 2657 dialectica,
1766 2593 1819 2675 in

262 2702 348 2753 qua
373 2696 595 2742 externa
638 2688 997 2758 Erigenianae
1026 2688 1401 2757 philosoiihiae
1432 2685 1605 2740 forma
1644 2685 1825 2740 cerui-

262 2787 356 2842 t’.r,
384 2793 443 2832 ex
473 2778 732 2833 Hibernia
758 2779 859 2847 ipsi
882 2780 1123 2847 profecta
1151 2794 1271 2833 esse
1309 2785 1489 2847 potest
1515 2796 1528 2830 :
1564 2778 1677 2845 ipsa
1706 2776 1823 2846 cjns

261 2868 571 2938 philosophia
595 2909 608 2930 ,
653 2870 706 2924 id
735 2870 880 2939 quod
903 2868 1016 2937 jam
1052 2885 1119 2923 ex
1150 2868 1409 2923 Bruckeri
1439 2868 1642 2931 verbis,
1684 2882 1824 2935 quae

262 2970 401 3024 supra
426 2958 499 3027 (f)
529 2958 728 3012 ultimo
748 2957 867 3013 loco
888 2960 1189 3028 posuimus,
1221 2958 1439 3028 planum
1470 2966 1573 3021 est,
1602 2958 1820 3011 aliunde

261 3047 401 3100 venit.
447 3046 619 3119 llujus
666 3049 746 3102 rei
799 3048 1283 3104 luculentissimum
1330 3048 1497 3116 ipsius
1557 3048 1823 3118 Erigenae

1925 500 2189 571 Erigenae
2218 503 2559 572 philosophia
2608 505 2939 573 provenerit,
2975 521 3207 576 eumque
3237 508 3291 560 in
3332 504 3509 561 Gallia

1921 591 2157 659 primum
2188 591 2308 645 illos
2338 591 2819 663 Pseudo-Dionysii
2848 593 3011 649 libros
3038 597 3373 665 cognovisse.

1990 681 2167 749 Atque
2192 681 2296 735 hoc
2318 680 2439 737 loco
2471 699 2576 737 non
2607 694 2689 737 est
2718 686 3194 753 praetereundum,
3223 686 3365 756 quod
3394 685 3511 755 plu-

1922 768 2045 821 rimi
2086 777 2338 824 auctores
2386 771 2451 824 de
2496 770 2802 841 longinquis
2832 773 3134 836 itineribus,
3162 777 3359 844 quibus
3386 773 3507 827 Eri-

1920 873 2079 929 gena,
2103 867 2392 929 antequam
2415 862 2466 916 in
2488 861 2716 916 Galliam
2739 863 3011 933 profectus
3031 865 3119 929 sit,
3151 873 3205 919 et
3225 863 3509 919 Graeciam

1921 960 1976 1006 et
2019 950 2292 1006 Orientem
2344 953 2643 1007 studiorum
2676 952 2857 1009 'causa
2912 954 3355 1023 pcrlustravcrit,
3386 970 3511 1024 par-

1922 1040 2018 1095 tim
2050 1041 2427 1106 conﬁdentius,
2458 1044 2655 1112 partim
2703 1044 2943 1098 timidius
2974 1046 3298 1101 mentionem
3332 1045 3512 1100 facere

1923 1130 2152 1185 soleant.
2188 1130 2394 1198 Quibus
2441 1134 2785 1188 sermonibus
2834 1134 3035 1188 nullam
3081 1151 3307 1204 prorsus
3353 1135 3509 1189 ﬁdem

1922 1221 2284 1275 adhibendam
2312 1236 2432 1277 esse
2455 1237 2759 1279 censemus.
2791 1224 3025 1279 Tantum
3068 1227 3211 1280 enim
3240 1228 3410 1291 abest,
3454 1237 3514 1281 ιιι

1922 1311 2031 1365 ulla
2056 1313 2188 1367 satis
2214 1312 2367 1366 ﬁrma
2396 1314 2721 1369 auctoritate
2749 1325 2842 1369 aut
2871 1316 2973 1369 alia
3006 1317 3215 1371 ratione
3243 1318 3509 1381 nitantur,

1921 1410 2001 1467 ut,
2027 1402 2224 1471 quibus
2246 1405 2469 1461 omnino
2508 1418 2907 1478 expugnenlur,
2935 1411 2984 1464 in
3015 1412 3251 1465 medium
3283 1412 3511 1482 proferri

1921 1503 2147 1562 queant.
2177 1493 2374 1549 Baleus
2403 1497 2565 1565 igitur
2588 1507 2641 1552 et
2666 1499 2899 1564 Pitseus,
2938 1502 3029 1570 qui
3064 1519 3082 1551 ι
3116 1501 3395 1556 historiam
3429 1502 3513 1555 lit-

1923 1582 2185 1636 terariam
2242 1584 2625 1641 Britannorum
2662 1607 2680 1639 ι
2732 1600 3190 1658 composuerunt,
3249 1602 3512 1661 quantum

1922 1685 2024 1726 nos
2052 1671 2275 1741 quidem
2310 1673 2510 1729 scimus
2533 1677 2616 1746 (i),
2658 1677 2819 1746 primi
2864 1679 2931 1733 de
2974 1680 3077 1733 illis
3118 1681 3510 1750 peregrinatio-

1922 1758 2081 1813 nibus
2107 1761 2391 1829 scripsere.
2426 1762 2626 1818 Verum
2655 1765 2854 1820 frustra
2887 1767 3031 1838 ipsos
3064 1769 3129 1823 iis
3157 1768 3511 1825 defendendis

1922 1862 2085 1921 atque
2112 1853 2441 1910 aﬁirmandis
2469 1864 2691 1912 conatos
2734 1873 2875 1924 esse,
2916 1859 3027 1929 jam
3062 1876 3127 1915 ex
3165 1861 3437 1917 Bruckere
3461 1875 3515 1918 et

1922 1942 2128 1997 Thema
2159 1944 2326 2000 Galco
2359 1944 2435 2017 (j)
2468 1948 2839 2020 intelligimus.
2889 1951 3113 2006 Multum
3162 1954 3357 2009 deinde
3412 1956 3509 2010 tri-

1919 2032 2092 2087 buunt
2144 2034 2211 2090 iis
2264 2038 2464 2102 verbis,
2499 2055 2640 2108 quae
2682 2049 2741 2095 ut
2774 2059 2792 2091 ι
2827 2042 2998 2111 ipsius
3046 2043 3309 2114 Erigenae
3350 2049 3516 2101 verba

1921 2126 2190 2197 Rogernm
2256 2130 2525 2186 Baconem
2584 2136 2877 2190 memoriae
2923 2137 3227 2205 prodidisse
3273 2138 3514 2208 legamus

1922 2221 2060 2288 apud
2106 2220 2233 2275 Ant.
2269 2222 2442 2278 Wood
2486 2224 2577 2295 (It),
2635 2226 2927 2281 dummodo
2972 2226 3218 2298 ltogerus
3264 2229 3405 2284 Baco
3448 2231 3513 2283 de

1921 2326 2109 2366 eorum
2163 2322 2384 2368 auctore
2429 2331 2533 2369 non
2584 2317 2851 2370 erraverit
2889 2316 3027 2387 (1)..
3065 2317 3176 2373 Nos
3220 2328 3422 2385 autem,
3467 2322 3510 2374 si

1923 2401 2050 2470 quid
2076 2400 2344 2468 videmus,
2376 2404 2539 2457 etiam
2584 2405 2688 2458 hoc
2717 2405 2993 2459 fatendum
3018 2421 3136 2461 esse
3158 2409 3510 2472 arbitramur,

1922 2508 1991 2547 ne
2021 2492 2215 2547 Baconi
2247 2494 2461 2561 quidem
2489 2494 2577 2547 illa
2607 2493 2772 2549 verba
2804 2496 3118 2551 necessario
3152 2498 3512 2553 adscribenda

1924 2600 2063 2640 esse.
2097 2584 2174 2638 Ita
2220 2585 2365 2638 enim
2406 2585 2499 2641 illo
2534 2585 2654 2641 loco
2702 2587 2964 2656 scriptum
2999 2595 3082 2643 cst
3105 2606 3166 2655 ιιι
3194 2588 3438 2659 Rogerus
3469 2590 3514 2643 si

1924 2675 2139 2742 quidem
2186 2673 2498 2728 Baconus...
2551 2690 2651 2743 pro
2690 2675 2953 2731 ﬁdissimo
3005 2693 3130 2732 eum
3173 2677 3511 2749 (Scotum)...

1925 2764 2229 2835 linguarum
2263 2766 2626 2835 interprete...
2660 2769 3007 2837 depraedicat
3034 2770 3111 2841 (in
3138 2770 3332 2841 glossis
3354 2787 3517 2841 super

1927 2856 2121 2911 librum
2138 2858 2445 2912 Aristotelis
2465 2862 2532 2913 de
2546 2862 2771 2915 secretis
2785 2872 3120 2917 secretorum
3139 2894 3209 2903 —
3230 2879 3303 2916 m.
3324 2866 3512 2933 script.

1928 2964 1976 3017 p.
2004 2948 2093 3019 4);
2124 2949 2209 3001 cui
2242 2948 2583 3003 tribuendum
2611 2966 2774 3020 porro
2799 2961 3001 3015 censet,
3047 2955 3190 3023 quod
3219 2953 3373 3008 libris
3397 2956 3514 3023 qui~

1930 3038 2153 3093 busdam
2182 3039 2545 3095 Aristotelicis
2574 3042 2721 3096 veris
2751 3055 2816 3097 ac
2842 3043 3091 3112 genuinis
3119 3043 3370 3097 fruimur.
3398 3043 3515 3098 Non

266 3136 610 3192 testimonium
643 3154 1030 3209 proponemus,
1063 3139 1205 3209 quod
1237 3148 1414 3194 exstat,
1446 3139 1497 3191 in
1545 3138 1824 3206 prooemio
1854 3140 1895 3199 ί]
1930 3130 2119 3198 reliqui
2148 3129 2345 3195 locum,
2392 3130 2565 3198 inquit
2609 3131 2698 3185 ille
2724 3131 2982 3198 Joannes,
3012 3148 3113 3187 nec
3143 3132 3426 3203 templum,
3457 3134 3511 3187 ὶιι

263 3226 317 3279 ad
338 3246 353 3276 ι
373 3226 585 3283 Scholia
606 3229 665 3283 S.
693 3229 907 3283 Maximi
934 3231 985 3283 in
1006 3230 1326 3299 Gregorium
1350 3230 1657 3299 theologum
1684 3229 1759 3298 (g)
1776 3248 1819 3282 ι.

263 3314 328 3368 Eo
352 3316 504 3386 igitur
530 3318 656 3373 loco
681 3319 872 3389 paucis
897 3319 1079 3373 verbis
1111 3319 1273 3373 totius
1300 3318 1827 3388 pliilosophiaesuae

265 3407 471 3464 indolem
519 3421 781 3467 accurate
829 3411 1115 3475 describit,
1172 3412 1299 3466 huic
1346 3411 1699 3480 descriptioni
1750 3412 1826 3465 ita

261 3500 508 3566 praefatus
546 3519 563 3556 :
603 3521 622 3554 ι
662 3502 1002 3558 Fortassis...
1032 3519 1140 3558 non
1174 3512 1283 3556 tam
1326 3504 1523 3559 densas
1566 3503 1827 3558 subierim

264 3589 492 3658 caligines
514 3591 601 3662 (S.
632 3592 910 3662 Maximi),
964 3594 1066 3648 nisi
1116 3595 1358 3648 viderem
1411 3594 1713 3664 praefatum
1762 3594 1825 3648 B.

264 3674 604 3737 Maximum...
643 3682 699 3736 in
744 3698 1002 3753 processu
1051 3684 1133 3738 sui
1182 3685 1363 3753 operis
1408 3685 1826 3740 obscurissimas

265 3765 313 3820 S.
341 3769 960 3845 Dionysii-Armpagitae
981 3777 1297 3842 sententias,
1321 3776 1474 3844 cujus
1496 3777 1826 3847 symbolicos

265 3858 672 3933 theologicosque
717 3880 910 3921 sensus
954 3882 1127 3935 nuper
1154 3868 1306 3922 vobis
1343 3868 1420 3938 (li)
1454 3868 1705 3922 similiter
1721 3868 1812 3936 ju-

266 3945 489 4007 bentibus
535 3955 813 4021 transtuli,
865 3957 1255 4023 introduxisse,
1296 3959 1642 4027 mirabilique
1668 3959 1827 4014 modo

270 4036 595 4105 iilncidasse,
632 4044 687 4096 in
718 4054 926 4100 tantum
949 4087 964 4109 ,
996 4057 1056 4101 ut
1101 4049 1250 4102 nullo
1294 4051 1454 4102 modo
1497 4049 1823 4114 dubitarem,

276 4126 475 4187 lirinam
524 4134 893 4200 clementiam,
924 4153 1065 4206 quae
1107 4140 1376 4194 illuminat
1404 4139 1721 4194 abscondita
1752 4148 1831 4193 te-

271 4217 555 4287 nebrarum,
586 4238 685 4276 sua
715 4222 968 4278 ineffabili
992 4228 1327 4295 providentia
1355 4229 1457 4282 hoc
1481 4228 1829 4296 disposuisse,

1927 3221 2123 3288 quibus
2170 3220 2472 3289 philosophi
2504 3235 2902 3277 consueverunt.
2932 3237 3255 3292 componere
3283 3232 3338 3277 et
3362 3238 3517 3291 repo-

1928 3326 2185 3365 nerevsua
2225 3325 2389 3380 opera
2413 3322 2644 3378 secreta,
2668 3328 2808 3383 quae
2840 3329 2944 3368 non
2970 3315 3208 3380 visitavi,
3268 3329 3368 3369 nec
3419 3314 3517 3368 ali-

1927 3417 2086 3471 quem
2104 3402 2680 3473 peritissimum,quem
2696 3405 2898 3460 credidi
2930 3405 3132 3460 habere
3157 3405 3392 3476 aliquam
3420 3421 3517 3459 no-

1929 3491 2101 3545 titiam
2133 3492 2197 3546 de
2211 3492 2428 3561 scriptis
2452 3493 2856 3563 philosophieis,
2880 3510 3039 3564 quem
3064 3511 3170 3549 non
3193 3495 3512 3566 exquisivi».

2001 3580 2152 3646 Quae
2176 3581 2342 3649 igitur
2367 3581 2550 3647 verba,
2596 3582 2641 3638 si
2678 3598 2744 3637 ne
2770 3582 3000 3639 Bacenis
3035 3586 3250 3653 quidem
3280 3586 3408 3650 sint,
3438 3586 3516 3637 in-

1932 3674 2133 3728 certius
2145 3674 2308 3728 etiam
2329 3683 2432 3737 est,
2459 3691 2585 3729 num
2603 3676 2712 3731 sint
2731 3676 3013 3746 Erigenae.
3030 3677 3189 3741 Esto;
3217 3678 3520 3732 habeantur

1932 3774 1986 3820 et
2012 3765 2241 3820 Bacenis
2284 3775 2336 3821 et
2368 3767 2657 3837 Erigenae.
2691 3768 2830 3834 Quid
2863 3769 3023 3824 inde?
3052 3769 3187 3823 Num
3221 3769 3287 3823 de
3315 3785 3378 3823 ea
3424 3786 3519 3839 pe-

1931 3858 2305 3926 regrinatione
2342 3858 2659 3927 loquuntur,
2690 3875 2854 3928 quam
2884 3875 3045 3930 supra
3074 3858 3358 3914 diximus?
3385 3859 3520 3915 Cor-

1931 3948 2164 4013 ruerint,
2197 3948 2310 4013 tibi,
2343 3950 2489 4019 quod
2525 3948 2875 4011 mox,facturi
2909 3967 3119 4015 sumus,
3164 3952 3415 4022 graviora
3447 3966 3512 4003 ac

1932 4040 2169 4094 certiora
2198 4039 2330 4107 ipsis
2364 4041 2780 4110 opposuerimus
2811 4041 2927 4113 (m).
2954 4040 3094 4095 Sunt
3123 4042 3358 4111 denique
3380 4082 3392 4102 ,
3427 4043 3519 4110 qui

1931 4141 2157 4201 putent,
2206 4132 2291 4187 vel
2323 4148 2386 4187 ea
2421 4135 2486 4187 de
2518 4148 2678 4189 causa
2713 4134 2861 4188 Scoti
2893 4134 3022 4188 illud
3054 4134 3156 4188 iter
3200 4135 3251 4187 in
3301 4133 3519 4187 dubita-

1936 4226 2135 4280 tionem
2166 4226 2467 4278 vocandum
2519 4240 2625 4278 non
2676 4240 2818 4290 esse,
2872 4226 3017 4293 quod
3068 4233 3176 4277 tam
3227 4223 3519 4279 multarum

267 4313 389 4360 utea
411 4311 649 4376 quidem,
681 4326 821 4380 quae
846 4314 1001 4368 nobis
1028 4316 1262 4370 maxime
1302 4317 1549 4371 abstrusa
1597 4318 1649 4370 in
1681 4332 1835 4385 prae-
1934 4330 2116 4370 rerum
2149 4315 2435 4369 scientiam
2490 4315 2542 4368 in
2591 4332 2656 4371 eo
2704 4315 3191 4386 deprehendamus,
3224 4331 3384 4384 quas,
3417 4317 3518 4370 nisi

268 4395 404 4451 dictis
447 4399 504 4453 Β.
559 4401 802 4472 Dionysii
848 4404 1003 4459 libris
1039 4415 1131 4459 aut
1170 4407 1258 4460 vix
1300 4407 1485 4475 pervia
1522 4411 1835 4477 ’seususque

1937 4409 1991 4462 in
2023 4406 2266 4470 Oriente,
2293 4423 2557 4476 nusquam
2583 4407 2791 4461 discere
2817 4406 3071 4477 potuerit.
3092 4406 3188 4462 His
3211 4417 3390 4461 autem
3415 4409 3519 4465 huc

269 4495 457 4543 nostros
482 4490 675 4560 fugere
703 4493 1046 4558 videbantur,
1095 4497 1368 4565 aperiret,
1424 4497 1829 4566 sapientissimo
1862 4492 1907 4550 D
1937 4497 2055 4567 ipso
2082 4498 2259 4565 capite
2289 4497 2402 4567 jam
2435 4496 2769 4551 satisfactum
2796 4512 2918 4551 esse
2952 4507 3225 4568 putamus.
3258 4498 3523 4553 Hebraice

271 4580 482 4636 "metato
529 4583 767 4640 Maximo
808 4585 1139 4641 lucidissime
1192 4588 1538 4657 explanante.
1588 4589 1828 4658 Exempli

295 4687 425 4735 ausa,
458 4685 515 4728 ut
556 4692 723 4731 unum
765 4678 831 4732 de
857 4679 1103 4747 pluribus
1129 4681 1328 4746 dicam,
1368 4683 1637 4751 quomodo
1667 4698 1829 4739 causa

301 4777 550 4819 .nmum...
580 4786 624 4820 ι.

292 4938 304 4949 ν
330 4867 500 4951 ((1)ςῇ
534 4876 727 4951 Thom.
756 4877 959 4951 Ligure.
982 4920 997 4943 ,
1026 4880 1157 4951 hist.
1203 4879 1325 4936 Ilib.
1359 4881 1478 4936 Vol.
1505 4881 1548 4947 l,
1576 4898 1700 4951 cap.
1737 4884 1823 4947 l3,

267 4937 404 5016 γει-ξ.
434 4942 613 5016 Germ.
647 4946 687 5007 l,
719 4964 771 5016 p.
807 4937 1067 5005 διε-534.

351 5011 397 5089 b)
527 5011 739 5090 Ilion).
767 5017 967 5090 Moore.
1002 5021 1036 5073 l.
1067 5020 1104 5072 Ι.
1137 5036 1190 5090 p.
1219 5019 1343 5083 55L
1376 5021 1506 5075 551.

294 5082 393 5161 “(cy
527 5084 721 5161 Thom.
771 5087 974 5161 Moore.
1007 5090 1041 5143 Ι.
1070 5090 1107 5143 l.
1138 5082 1206 5161 'p.
1235 5082 1375 5155 5501
1420 5100 1504 5156 et,
1537 5106 1695 5161 quem
1742 5092 1830 5148 ille

267 5153 401 5223 citat,
437 5153 619 5223 Usscr.
651 5156 701 5209 in
730 5159 890 5223 epist.
921 5159 1044 5214 llib.

331 5220 402 5300 (Δ)
536 5225 732 5300 "lilium.
762 5220 964 5300 hloore.
1002 5230 1038 5283 ι.
1066 5229 1102 5283 l.
1129 5246 1182 5300 p.
1209 5232 1332 5286 552.

333 5293 603 5369 (ελςίῑκξ.
640 5296 805 5349 Prud.
858 5300 924 5369 de
970 5293 1241 5369 praetl'est.
1294 5311 1478 5355 contra
1504 5301 1551 5355 J.
1606 5302 1828 5357 Scotum

268 5371 370 5442 fat).
404 5364 747 5442 inlichlaviina
776 5364 1021 5442 biblioth.
1048 5380 1153 5426 vet.
1187 5380 1399 5441 patrum
1423 5374 1553 5427 edit.
1579 5372 1825 5442 Lugdun.

269 5424 383 5502 tam.
413 5432 528 5497 XV,
566 5451 617 5502 ι).
650 5424 774 5491 554.
808 5440 868 5493 Ε.

331 5500 402 5567 (ll
536 5500 666 5580 gap.
704 5507 903 5580 “scel.
934 5511 1021 5572 l2,
1048 5520 1156 5565 not.
1182 5528 1233 5580 g.

332 5580 402 5705 lg;
424 5575 505 5645 ω’.
540 5576 729 5630 Thom.
764 5579 914 5634 Cale.
946 5575 1201 5649 Appeud:
1223 5600 1273 5652 p.
1305 5583 1368 5637 ll.

332 5650 378 5705 tl:
430 5643 510 5696 Gd
543 5649 869 5705 esu-Carolo
902 5652 1083 5705 Calvo.
1120 5652 1201 5705 Cf.
1234 5652 1368 5705 infra

330 5643 402 5724 ψ)
543 5649 869 5724 esu-(larido
902 5643 1083 5724 Gal'v'u.
1120 5652 1201 5705 Cf.
1223 5643 1369 5706 infra
1399 5670 1517 5724 cap.
1560 5655 1643 5708 lll.

332 5714 386 5772 ll)
430 5714 509 5765 Cl.
550 5716 800 5773 Brurlxer.
853 5722 888 5774 ι.
940 5722 972 5774 ι.
1018 5739 1067 5791 p.
1123 5724 1257 5786 lilii;
1311 5714 1501 5779 Thurii.
1552 5726 1681 5780 Cale
1725 5727 1755 5780 Ι.
1790 5726 1823 5779 l.

1937 4597 2032 4641 aut
2083 4587 2290 4657 syriace
2353 4586 2550 4641 Scotus
2602 4586 2882 4640 nescivit:
2935 4602 3161 4657 graecas
3213 4587 3422 4643 litteras
3468 4591 3519 4641 in

1938 4678 2195 4733 Hibernia
2219 4678 2430 4733 discere
2451 4679 2661 4748 potuit:
2691 4680 2854 4733 etiam
2880 4680 2981 4733 hoc
3007 4680 3519 4744 demonstravimus,

1938 4786 2044 4839 quo
2074 4769 2138 4825 de
2168 4769 2317 4825 fonte
2351 4768 2469 4839 ejus
2500 4769 2840 4840 philosophia
2872 4769 3196 4826 manaverit.
3228 4770 3337 4825 Nec
3388 4771 3519 4827 illud

1941 4883 2136 4936 testim.
2173 4898 2225 4950 p.
2256 4883 2309 4938 9.

2008 4954 2084 5021 (j)
2111 4952 2192 5006 Cf.
2219 4954 2321 5007 loc.
2351 4952 2494 5008 laud.

2007 5022 2192 5092 (ωας.
2230 5025 2432 5078 llistor.
2483 5032 2538 5079 et
2591 5026 2760 5095 antiq.
2813 5026 2972 5081 Univ.
3029 5024 3202 5080 Oxon.
3256 5025 3393 5080 1674
3425 5026 3518 5080 fol.

1933 5091 2049 5145 Lib.
2088 5092 2126 5145 Ι.
2159 5109 2212 5145 υ.
2245 5094 2332 5145 15.

1982 5110 2049 5145 ιι).
2088 5110 2126 5155 ι,
2159 5110 2212 5155 p.
2245 5110 2332 5147 τί).

2007 5109 2386 5236 la")
2417 5164 2696 5236 p.58.39;
2730 5164 3162 5220 Standenmaier.
3185 5182 3235 5236 p.
3260 5166 3516 5220 Hii-IN.

2005 5234 2101 5302 (m)
2139 5232 2389 5285 Celei-uin
2418 5232 2611 5288 ﬁctiani
2664 5236 2752 5288 [)r.
2807 5236 3097 5295 lleckinin,
3134 5232 3198 5289 vf
3248 5238 3354 5296 el.,
3401 5237 3518 5296 his.

1935 5320 2075 5371 quae
2104 5303 2382 5375 dicuntur,
2415 5304 2678 5375 Erigenae
2707 5308 2903 5363 verbis.
2953 5317 3154 5359 motum
3197 5322 3316 5359 esse
3347 5322 3516 5374 appa-

1944 5382 2061 5446 ret;
2090 5374 2409 5446 concedens
2453 5374 2598 5428 enim
2630 5376 2687 5442 (Ι.
2714 5377 2748 5427 l.
2779 5392 2833 5445 p.
2869 5377 2957 5446 ἷιῖί)
3006 5378 3072 5428 de
3120 5376 3402 5429 itineribus
3449 5378 3519 5431 ita

1940 5443 2129 5496 si~ribit
2162 5460 2176 5495 :
2213 5461 2229 5493 ι
2263 5443 2332 5496 Er
2357 5444 2478 5497 kam
2521 5448 2659 5499 nat-.h
2703 5443 3151 5513 grosson'ﬂeisrn
3179 5485 3192 5507 ,
3223 5446 3310 5499 die
3335 5461 3397 5497 er
3423 5463 3520 5499 znr

1939 5515 2291 5586 Atil’suclinng
2319 5514 2778 5583 plnlusmiliisrher
2804 5516 2999 5570 Wcrkc
3024 5519 3127 5567 und
3155 5519 3223 5567 iin
3247 5516 3523 5586 [lingunge

1941 5587 2037 5637 tnit
2062 5586 2161 5636 dcit
2191 5582 2409 5639 Weisen
2441 5582 2620 5640 scitior
2649 5586 2767 5638 Zeit
2790 5587 3100 5641 verwendet
3131 5587 3295 5647 Iintto,
3322 5582 3389 5639 :lll
3420 5582 3520 5638 diu

1943 5654 2047 5707 llnl'
2076 5653 2229 5725 (Zarls
2264 5655 2358 5708 des
2404 5656 2608 5708 liablen
2648 5678 2663 5705 ι
2710 5657 2834 5721 (Ιιυιπ
2859 5666 2941 5709 est
2971 5673 2983 5684 ·
3018 5655 3222 5725 linguis
3252 5659 3524 5710 itincribus

1940 5746 1999 5777 (tu
2033 5724 2376 5798 μἰιιιιὲλιήιια
2403 5743 2556 5796 opem
2581 5725 2935 5796 philosophica
2961 5736 3006 5782 cl
3030 5730 3094 5780 ..ιιι
3113 5724 3522 5798 ὲηρὶωιέέδδὲιιιυδ
