4002 6148
392 294 458 348 15
1509 293 1595 347 DE
1631 293 1678 348 J.
1725 291 1945 347 SCOTU
1981 291 2499 350 COMMENTATIO.
3577 296 3642 348 16

281 411 287 416 ’
392 407 685 477 quidquam
710 404 874 467 valet,
905 406 1047 477 quod
1080 421 1111 461 a
1141 406 1269 461 viris
1300 405 1474 460 doctis
1512 404 1588 475 (a)
1616 405 1965 461 animadver—
1993 406 2042 465 Α
2069 406 2315 475 epistola,
2356 407 2423 459 ad
2472 406 2646 475 ipsum
2696 404 2948 461 Carolum
2980 405 3201 462 Calvum
3232 405 3432 476 scripta
3473 407 3644 461 couti-

392 515 509 553 sum
540 508 643 563 est,
683 498 1011 554 simillimam
1036 513 1157 554 esse
1196 497 1460 568 Erigenae
1493 496 1885 567 philosophiam
1912 505 1969 552 et
2067 506 2282 561 nentur,
2314 512 2641 568 magnopere
2665 496 2897 563 difﬁdas,
2928 507 3214 568 propterea
3244 499 3411 567 quod,
3442 498 3642 567 quibus

392 589 666 654 ludorum,
696 603 834 657 quae
861 586 1162 658 Sankhyiea
1187 596 1410 642 vocatur
1443 597 1499 641 et
1530 586 1749 658 Vogica.
1783 586 1967 658 Neque

390 680 534 734 enim
563 694 761 733 novum
792 687 887 734 aut
913 678 1213 733 inauditum
1241 675 1402 741 foret,
1433 678 1477 731 si
1505 686 1560 732 et
1586 677 1781 733 Scotus
1809 686 1864 733 et
1882 678 1966 733 ln-

389 772 544 827 dicae
574 771 717 826 illius
740 770 1114 841 philosophiae
1138 779 1390 825 auctores
1414 785 1512 824 suo
1538 770 1766 840 quisque
1794 770 1965 826 Marte

389 862 492 917 sibi
539 878 638 916 ova
687 862 967 932 pullosque
1022 862 1294 917 fecerint:
1325 870 1502 917 eteos
1533 862 1679 932 ipsos
1722 850 1962 932 philoso-

386 956 553 1023 phos,
586 969 721 1024 quos
760 954 990 1024 Erigena
1021 955 1123 1008 sibi
1160 954 1325 1009 duces
1361 953 1525 1025 elegit
1553 968 1617 1008 ac
1665 963 1963 1023 praecepto-

387 1062 497 1110 res,
518 1046 808 1117 plurimum
833 1032 1084 1103 ludorum
1106 1046 1548 1118 philosophorum
1579 1046 1779 1103 scrinia
1809 1062 1961 1102 com-

382 1138 579 1207 pilasse
608 1137 828 1193 scimus.

451 1227 571 1282 Jam
599 1243 727 1283 vero
754 1228 1002 1297 exposito
1024 1269 1040 1292 ,
1088 1243 1250 1298 quam
1280 1227 1425 1282 nulla
1456 1226 1719 1298 probabili
1748 1226 1961 1282 ratione

380 1319 623 1375 adhibita
647 1333 894 1374 rumores
920 1319 993 1373 illi
1017 1320 1082 1373 de
1104 1318 1329 1374 Joannis
1351 1318 1521 1373 nostri
1546 1318 1829 1372 itineribus
1852 1318 1962 1372 cir-

382 1409 600 1464 cumlati
628 1408 864 1474 fuerint,
887 1409 1074 1481 paucis
1100 1408 1151 1463 id
1170 1449 1185 1471 ,
1207 1417 1428 1478 propter
1452 1407 1592 1477 quod
1618 1407 1958 1475 potissimum

380 1518 442 1556 ea
478 1501 701 1556 omnino
745 1500 893 1555 nulla
921 1515 1042 1555 esse
1078 1508 1367 1570 putemus,
1400 1497 1807 1568 explicabimus.
1841 1496 1960 1552 Pri-

377 1608 525 1646 mum
574 1592 741 1663 igitur
782 1591 1041 1647 habemus
1071 1589 1433 1661 fragmentum
1461 1588 1754 1659 epistolae,
1795 1603 1955 1658 quam

376 1684 696 1740 Anastasius
714 1682 1178 1747 bibliothecarius,
1204 1681 1351 1738 Scoti
1375 1680 1614 1751 aequalis
1632 1688 1688 1734 et
1707 1696 1953 1736 summus

2067 586 2270 639 firmari
2301 594 2539 656 queant,
2569 587 2704 642 satis
2746 588 2911 643 multa
2946 588 3206 645 habemus
3232 588 3331 658 (ι’).
3363 587 3453 643 Ille
3480 588 3644 657 igitur

2066 676 2284 731 Ericus:
2307 695 2325 728 ι
2348 678 2441 732 Vel
2463 678 2751 743 maxime»,
2767 678 2963 747 inquit,
2984 697 3003 730 ι
3022 678 3182 734 Vobis
3195 688 3469 734 aeternam
3490 689 3644 747 parat

2067 769 2378 823 memoriam
2397 809 2411 833 ,
2442 770 2584 839 quod
2614 768 2951 826 famatissimi
2978 770 3062 825 avi
3095 770 3273 825 Vestri
3317 770 3496 825 Caroli
3523 782 3640 826 stu-

2024 922 2037 927 _
2064 858 2212 913 dium
2235 872 2365 927 erga
2387 858 2720 915 immortales
2741 860 3055 931 disciplinas
3074 876 3180 915 non
3202 862 3361 916 modo
3381 877 3444 916 ex
3469 875 3645 929 aequo

2063 948 2520 1017 repraesentatis,
2552 964 2739 1004 verum
2770 950 2935 1005 etiam
2984 950 3392 1019 incomparabili
3431 950 3643 1007 fervore

2063 1040 2476 1106 trauscenditis;
2504 1040 2631 1094 dum
2651 1080 2667 1107 ,
2693 1041 2838 1110 quod
2865 1040 2954 1095 ille
2978 1042 3170 1111 30pitis
3211 1040 3398 1096 eduxit
3446 1043 3645 1096 cineri-

2061 1132 2194 1196 bus,
2246 1132 2357 1187 Vos
2397 1132 2638 1187 fomento
2684 1130 3004 1203 multiplici,
3051 1143 3163 1187 tum
3222 1132 3640 1197 beneficiorum,

2063 1232 2174 1279 tum
2228 1224 2601 1288 auctoritatis,
2659 1240 2832 1293 usque
2881 1240 3094 1295 quaque
3134 1226 3544 1295 provehitis.....
3584 1227 3642 1280 Id

2060 1316 2215 1372 vobis
2241 1316 2512 1387 singulare
2532 1317 2765 1372 studium
2789 1316 3061 1379 effecistis,
3090 1327 3151 1372 ut
3175 1317 3347 1373 sicubi
3376 1326 3641 1372 terrarum

2060 1406 2305 1478 magistri
2333 1404 2593 1462 ﬂorerent
2618 1407 2817 1462 artium
2836 1448 2849 1470 ,
2874 1422 3105 1477 quarum
3134 1407 3487 1478 principalem
3515 1423 3647 1477 ope-

2060 1511 2177 1551 ram
2207 1496 2549 1567 philosophia
2584 1497 2891 1568 pollicetur,
2935 1500 3040 1555 hoc
3064 1499 3131 1554 ad
3157 1499 3428 1570 publicam
3456 1501 3642 1555 erudi-

2060 1587 2261 1643 tionem
2316 1589 2677 1659 undecunque
2726 1589 2918 1646 Vestra
2964 1590 3228 1646 celsitudo
3275 1592 3642 1656 conduceret,

2059 1680 2286 1734 comitas
2355 1680 2688 1745 attraheret,
2746 1679 3025 1750 dapsilitas
3083 1690 3639 1752 provocaret.......

376 1776 698 1842 admirator,
734 1777 801 1832 de
827 1791 893 1831 eo
921 1777 988 1831 ad
1019 1774 1271 1831 Carolum
1298 1774 1519 1830 Calvum
1557 1774 1739 1835 misit,
1772 1788 1879 1843 qua
1908 1774 1955 1829 is
1985 1763 2030 1823 Β
2057 1771 2196 1839 Quid
2223 1771 2535 1829 Hiberniam
2556 1788 2852 1829 memorem
2872 1814 2887 1839 ,
2910 1782 3222 1844 contempto
3241 1774 3414 1845 pelagi
3442 1775 3641 1831 discri-

376 1866 593 1935 quidem
623 1867 962 1938 apertissime
988 1868 1352 1931 demonstrat,
1381 1879 1439 1921 se
1464 1864 1598 1920 nihil
1623 1879 1859 1936 unquam
1890 1866 1957 1921 de

376 1959 482 2012 ulla
511 1958 802 2029 longinqua
827 1958 944 2028 ejus
973 1958 1411 2029 peregrinatione
1440 1956 1730 2012 audivisse.
1755 1954 1957 2012 Scribit

374 2049 518 2102 enim
547 2048 621 2119 (b)
655 2066 668 2104 :
707 2065 727 2100 ι
764 2046 1067 2102 Mirandum
1095 2061 1311 2117 quoque
1331 2054 1450 2112 est,
1472 2045 1742 2116 quomodo
1765 2044 1853 2100 ille
1875 2045 1958 2100 vir

374 2141 658 2205 barbarus,
689 2138 948 2195 Joannem
980 2140 1133 2203 dico,
1167 2139 1287 2206 ille,
1316 2138 1408 2209 qui
1450 2140 1503 2193 in
1549 2137 1743 2193 finibus
1770 2136 1955 2192 mundi

372 2229 600 2300 positus,
632 2237 837 2300 quanto
859 2227 1364 2283 ab'hominihus
1391 2226 1953 2291 conversatione,

376 2328 525 2375 tanto
549 2319 695 2375 credi
742 2319 915 2390 potuit
956 2319 1182 2377 alterius
1225 2319 1440 2388 linguae
1479 2318 1714 2374 dictione
1738 2316 1953 2387 longin-

372 2429 543 2484 quus,
574 2413 705 2468 talia
744 2412 1022 2468 intellectu
1052 2427 1247 2482 capere
1291 2412 1345 2465 in
1394 2410 1666 2479 aliamque
1710 2409 1952 2479 linguam

371 2503 668 2559 transferre
716 2502 947 2558 valuerit
991 2503 1061 2574 (ε)
1116 2523 1164 2556 υ.
1215 2500 1417 2557 Deinde
1475 2500 1533 2556 S.
1591 2499 1951 2564 Prudentius,

368 2610 531 2665 quem
556 2594 812 2663 et'ipsum
842 2593 990 2649 Scoti
1019 2592 1298 2664 aequalem
1326 2601 1381 2648 et
1407 2607 1474 2647 ex
1501 2592 1677 2647 amico
1698 2592 1953 2668 adversa-

372 2685 508 2741 rium
540 2682 744 2739 factum
775 2698 895 2739 esse
926 2683 1263 2741 audivimus.
1300 2698 1409 2751 quo
1439 2680 1558 2737 loco
1592 2682 1659 2735 de
1692 2679 1952 2735 Hibernia

371 2784 427 2829 ut
450 2776 711 2842 Erigenae
733 2774 991 2846 magistra
1017 2774 1255 2843 loquitur
1275 2772 1376 2843 (ά),
1404 2782 1553 2827 certe
1574 2772 1738 2826 etiam
1761 2769 1954 2825 Orien-

370 2866 439 2920 tis
458 2874 551 2919 aut
569 2863 831 2920 Graeciae
854 2864 1182 2917 mentionem
1202 2862 1490 2931 injecisset,
1511 2862 1635 2915 dum
1658 2859 1953 2931 quidquam

368 2956 434 3010 de
460 2954 545 3010 his
563 2952 939 3023 comperisset.
962 2951 1079 3006 Huc
1105 2952 1344 3014 accedit,
1366 2951 1511 3020 quod
1532 2949 1709 3005 nullus
1730 2951 1952 3005 omnino

366 3062 430 3101 ex
465 3046 727 3117 Erigenae
757 3042 976 3113 scriptis
1005 3041 1155 3097 locus
1178 3039 1358 3096 all‘erri
1382 3047 1589 3111 potest,
1620 3040 1711 3095 ubi
1743 3040 1857 3110 ipse
1885 3040 1952 3095 de

2056 1864 2202 1918 mine
2219 1878 2394 1934 paene
2418 1872 2532 1919 toto
2557 1879 2679 1920 cum
2710 1880 2873 1936 grege
2897 1865 3344 1936 philosophorum
3366 1866 3433 1922 ad
3456 1866 3641 1921 littora

2054 1962 2239 2009 nostra
2286 1954 2644 2024 migrantem?
2687 1955 2928 2023 Quorum
2975 1957 3219 2027 quisquis
3264 1958 3487 2026 peritior
3525 1968 3636 2023 est,

2055 2042 2198 2097 ultro
2221 2043 2322 2099 sibi
2346 2044 2534 2101 indicit
2561 2043 2782 2100 exilium
2801 2085 2817 2111 ,
2850 2054 2910 2101 ut
2935 2044 3210 2101 Salomoni
3238 2048 3640 2117 sapientissimo

2056 2132 2437 2191 famuleturad
2461 2121 2761 2192 votum..."
2794 2155 2814 2189 ι

2122 2225 2300 2296 Atque
2322 2225 2465 2281 inter
2485 2226 2585 2282 hos
2605 2226 2777 2293 viros,
2802 2226 3085 2283 doctrinae
3107 2226 3263 2282 laude
3292 2228 3638 2298 conspicuos,

2052 2333 2282 2389 quorum
2328 2318 2525 2390 partim
2570 2328 2825 2386 vocatos,
2864 2321 3065 2390 partim
3114 2320 3257 2377 ultro
3283 2321 3351 2376 ad
3380 2320 3636 2378 Carolum
3704 2364 3715 2367 ι

2052 2409 2268 2465 venisse
2297 2423 2367 2490 ex
2394 2409 2556 2465 Erico
2589 2410 2865 2474 videmus,
2910 2409 3053 2466 fama
3100 2411 3167 2465 ad
3216 2418 3459 2481 posteros
3489 2421 3640 2468 certe

2051 2515 2187 2570 prae
2232 2501 2488 2556 omnibus
2514 2501 2717 2558 ceteris
2743 2502 2974 2558 eminuit
2996 2501 3231 2558 Joannes
3274 2502 3487 2557 Scotus.
3519 2503 3640 2570 Quo

2053 2598 2233 2645 autem
2261 2590 2387 2661 jure
2415 2591 2783 2647 recentiorum
2811 2591 3031 2663 plurimi
3079 2590 3154 2663 (g)
3194 2607 3319 2647 eum
3365 2607 3396 2646 a
3441 2591 3638 2650 Carolo

2052 2678 2218 2734 Calvo
2242 2681 2566 2736 arcessitum
2595 2682 2800 2746 dicant,
2851 2698 2950 2738 nos
2996 2682 3213 2752 quidem
3255 2681 3499 2752 profecto
3527 2698 3638 2738 non

2054 2770 2424 2841 intelligimus.
2440 2771 2739 2829 Guilelmus
2767 2774 2912 2829 enim
2939 2772 3454 2838 Malmesburiensis,
3469 2788 3635 2843 quem

2053 2864 2288 2935 primum
2311 2866 2415 2920 hac
2439 2866 2504 2921 de
2528 2880 2588 2921 re
2611 2866 2896 2936 scripsisse
2912 2864 3024 2934 jam
3049 2882 3119 2921 ex
3141 2866 3344 2922 'l‘homa
3366 2866 3534 2922 Galeo
3556 2866 3635 2936 (It)

2053 2954 2305 3025 colligas,
2360 2942 2629 3026 quemque
2658 2955 2878 3013 Simeon
2930 2957 3335 3021 Dunelmensis,
3382 2956 3636 3012 Matthias

2053 3045 2694 3113 Westmonasteriensis,
2727 3048 2817 3104 alii
2842 3050 2911 3104 ad
2934 3049 3158 3104 verbum
3189 3049 3304 3105 fere
3335 3049 3636 3118 descripse-

367 3136 569 3191 exteris
616 3133 989 3205 philosophis,
1043 3131 1364 3200 qnibusmlm
1409 3144 1594 3184 coram
1642 3127 1745 3183 sibi
1791 3127 1954 3182 cnllo-
1978 3140 2024 3202 C
2056 3138 2333 3200 runt;sed
2364 3135 2663 3194 Guilelmus
2686 3139 3184 3195 Malmesburiensis
3220 3139 3391 3195 tribus
3414 3139 3549 3195 locis
3568 3139 3633 3211 (ὅ)

367 3229 567 3299 quendi
596 3224 826 3281 facultas
869 3222 1062 3287 fuerit,
1104 3236 1408 3277 sermonem
1439 3220 1637 3285 faciat,
1669 3227 1766 3274 aut
1792 3219 1953 3276 ullius

367 3316 820 3391 peregrinationis
850 3314 1153 3371 studiorum
1183 3328 1342 3369 causa
1385 3320 1665 3381 susceptae
1691 3311 1953 3367 memine-

368 3412 473 3478 rit;
515 3426 679 3481 quum
712 3422 929 3478 semper
970 3422 1065 3461 eos
1097 3414 1347 3461 auctores
1376 3405 1599 3476 alleget,
1630 3420 1859 3474 quorum
1888 3405 1952 3460 li-

374 3504 500 3557 hros
529 3502 583 3557 in
615 3500 874 3556 Hibernia
906 3508 1002 3554 aut
1024 3498 1078 3552 in
1100 3496 1272 3554 Gallia
1306 3506 1563 3552 excutere
1590 3496 1784 3566 potuit.
1812 3495 1951 3566 Quid

370 3592 602 3661 denique
630 3590 721 3645 illa
748 3597 1068 3661 tempestate
1095 3588 1179 3645 vel
1211 3588 1266 3643 in
1292 3586 1521 3643 Graecia
1552 3587 1835 3643 doctrinae
1863 3602 1954 3642 ac—

370 3681 512 3751 quiri
559 3679 833 3750 potuerit,
862 3695 969 3735 non
996 3678 1180 3734 hercle
1209 3676 1560 3747 intelligimus
1590 3694 1603 3730 :
1635 3691 1704 3732 ne
1730 3676 1801 3732 ibi
1829 3676 1953 3746 qui-

371 3771 492 3826 dem
524 3769 855 3839 splendidam
884 3776 997 3824 tum
1044 3767 1415 3838 philosophiae
1455 3765 1820 3822 conditionem
1866 3766 1950 3821 in-

371 3862 655 3916 venimus:
683 3858 925 3917 Athenae
951 3860 1330 3915 obmutuerant
1358 3858 1451 3931 (ε).

442 3953 618 4024 Atque
641 3953 778 4008 haec
800 3952 869 4007 de
893 3967 954 4007 re
980 3961 1090 4008 tam
1116 3951 1257 4007 futili
1288 3952 1490 4008 dixisse
1520 3950 1751 4008 sulliciat
1783 3970 1796 4007 :
1828 3966 1955 4025 pro-

371 4042 680 4114 grediamur
704 4042 775 4099 ad
802 4041 1027 4115 reliqua.

983 4129 1212 4187 CAPUT
1246 4131 1334 4186 Ill.

443 4222 591 4288 Quae
609 4220 767 4291 fuerit
788 4220 935 4279 Scoti
955 4220 1184 4277 conditio
1203 4222 1347 4293 apud
1367 4221 1615 4278 Carolum
1637 4222 1876 4283 Calvum.

438 4315 664 4371 Carolus
683 4314 899 4381 Calvus,
922 4330 1090 4388 quum
1113 4315 1308 4383 multa,
1329 4330 1471 4387 quae
1487 4316 1616 4372 boni
1639 4316 1781 4388 regis
1800 4325 1944 4382 sunt,

372 4407 423 4461 in
451 4420 511 4461 se
537 4405 893 4461 desideranda
920 4408 1141 4474 faceret,
1164 4407 1400 4478 optimas
1425 4414 1607 4464 tamen
1647 4417 1794 4464 artes
1821 4422 1948 4479 pro-

2055 3227 2245 3282 iisdem
2270 3230 2659 3299 propemodum
2688 3231 2873 3285 verbis
2902 3248 2916 3286 :
2947 3250 2966 3284 ι
2995 3230 3237 3303 (Scotus)
3256 3271 3272 3297 ,
3304 3231 3414 3301 ait,
3446 3232 3634 3287 relicta

2049 3316 2225 3387 patria
2256 3317 2541 3373 Frauciam
2569 3318 2637 3375 ad
2660 3318 2909 3376 Carolum
2932 3319 3153 3376 Calvum
3193 3322 3434 3382 transiit,
3465 3336 3494 3375 a
3525 3336 3635 3391 quo

2050 3424 2248 3479 magna
2299 3409 2609 3479 dignatione
2667 3419 2947 3481 susceptus
3001 3410 3350 3466 familiarium
3396 3412 3632 3481 partium

2051 3500 2418 3556 habebatur...
2459 3519 2505 3556 ι.
2543 3501 2709 3557 Addit
2749 3511 3031 3571 praeterea
3073 3504 3128 3557 in
3167 3502 3320 3556 libris
3366 3502 3434 3556 de
3463 3504 3633 3573 gestis

2053 3605 2238 3660 regum
2258 3590 2576 3662 Anglorum,
2599 3609 2619 3643 ‹
2638 3593 3093 3661 concrepantibus
3112 3593 3349 3663 undique
3367 3593 3631 3649 bellorum

2054 3681 2360 3754 fragoribus
2393 3701 2413 3736 ι
2449 3683 2623 3752 ipsum
2652 3682 2707 3738 in
2734 3681 2964 3739 Galliam
3013 3683 3233 3739 abiisse.

2125 3774 2243 3841 Quo
2270 3781 2514 3844 tempore
2541 3774 2611 3828 ad
2649 3773 2901 3828 Carolum
2946 3775 3236 3829 secessisse
3278 3774 3543 3836 videatur,
3576 3775 3631 3829 in

2052 3864 2230 3934 primo
2247 3864 2426 3935 capite
2445 3863 2815 3934 exposuimus,
2828 3864 3048 3920 circiter
3065 3880 3266 3919 annum
3291 3863 3628 3920 DCCCXLV.

2126 3956 2312 4021 Hunc,
2349 3957 2394 4012 si
2423 3958 2743 4027 quisquam,
2770 3971 2960 4011 verum
3003 3956 3104 4011 sibi
3134 3956 3500 4012 Maecenatem
3531 3959 3630 4012 de-

2053 4048 2245 4107 vinxit.
2274 4048 2458 4119 anue
2479 4047 2656 4104 Caroli
2686 4048 2947 4104 facilitate
2972 4049 3045 4103 ita
3076 4063 3209 4103 usus
3236 4048 3402 4105 fuisse
3435 4065 3630 4103 narra-

2055 4147 2165 4204 tur,
2196 4146 2258 4193 ut
2278 4153 2384 4194 non
2412 4153 2744 4211 magnopere
2769 4148 2955 4210 ageret
2980 4138 3258 4194 Horatium
3275 4180 3290 4204 ,
3317 4140 3402 4194 cui
3427 4141 3496 4193 ab
3520 4140 3633 4193 Au-

2051 4237 2208 4300 gusto
2236 4227 2496 4298 scriptum
2528 4226 2736 4294 ferunt,
2781 4247 2801 4280 r
2832 4238 3072 4283 sumeret
3115 4228 3215 4282 sibi
3262 4227 3464 4298 aliquid
3488 4226 3634 4296 juris

2050 4321 2192 4390 apud
2240 4334 2338 4385 se,
2383 4328 2641 4389 tanquam
2677 4320 2722 4375 si
2760 4321 3043 4376 convictor
3084 4321 3184 4376 sibi
3220 4320 3384 4375 fuerit
3420 4340 3464 4375 ι.
3495 4319 3670 4391 Μαι-ι

2050 4409 2437 4465 mesburiensis
2461 4410 2676 4480 quidem
2717 4409 2791 4479 (j)
2821 4424 2836 4463 :
2867 4428 2886 4460 ι
2922 4409 3184 4481 (Scotus),
3216 4410 3420 4480 inquit,
3454 4420 3633 4466 trans-

368 4507 551 4566 pterea
572 4511 680 4552 non
710 4495 962 4566 neglexit.
995 4497 1187 4553 Ericus
1208 4498 1427 4569 quidem
1454 4496 1946 4569 Altissiodorensis,
1976 4499 2028 4560 ι)
2053 4499 2235 4570 igebat
2277 4514 2399 4555 cum
2428 4514 2495 4555 eo
2534 4498 2770 4573 (Carolo)
2804 4508 2913 4555 tam
2940 4502 3082 4557 seria
3108 4543 3123 4567 ,
3151 4518 3314 4573 quam
3348 4502 3471 4571 joca
3489 4544 3504 4570 ,
3540 4504 3628 4556 in.

372 4590 463 4657 qui
519 4587 637 4657 ejus
685 4589 926 4660 aequalis
978 4589 1118 4656 fuit,
1184 4593 1413 4649 summis
1458 4607 1581 4649 eum
1629 4593 1732 4649 hac
1780 4593 1849 4649 de
1893 4609 1954 4650 re

373 4677 623 4734 laudibus
651 4686 811 4734 ornat
842 4696 855 4732 :
887 4694 987 4734 nec
1015 4688 1129 4746 est,
1159 4694 1257 4735 cur
1281 4680 1440 4751 hujus
1465 4681 1743 4748 laudibus,
1772 4682 1873 4738 etsi
1897 4682 1951 4738 in

367 4823 595 4891 quosth
622 4808 718 4888 sui
744 4781 855 4889 nevi
877 4809 1252 4865 convenieudos
1278 4812 1531 4881 susceptis
1551 4812 1621 4866 ad
1642 4812 1823 4866 aulam
1840 4812 1950 4868 Ca-

367 4876 465 4950 roli
487 4875 633 4950 Calui
654 4885 807 4950 sentt.
836 4877 1102 4950 Annum.
1125 4880 1309 4950 Enn.)
1398 4948 1413 4950 _
1492 4947 1523 4950 _
1548 4948 1555 4950 Α
1734 4948 1755 4950 _
1864 4949 1870 4950 ί

793 4915 807 4929 ι
836 4896 1102 4933 ANIIADV.
1125 4896 1284 4937 EDIT.

439 4946 516 5017 (a)
546 4944 626 5018 Cf.
664 4945 832 5018 Hoek.
867 4947 902 5001 l.
935 4948 991 5013 Ι,
1018 4964 1071 5018 p.
1103 4950 1174 5005 53
1197 4992 1213 5016 ,
1241 4944 1356 5006 not.
1387 4948 1452 5015 2;
1492 4947 1689 5004 Hitter.
1718 4948 1943 5008 Geschi-

367 5013 635 5139 ggte'fer
666 5013 1034 5087 Pbilosophie.
1085 5013 1381 5091 Hamburg.
1412 5013 1532 5076 Vol.
1564 5019 1656 5087 IV,
1701 5035 1756 5091 p.
1803 5020 1900 5075 ὅϐι
1925 5060 1939 5085 ,

364 5101 476 5141 ηοῑ.
507 5101 561 5139 4.

439 5155 513 5229 (ὁ)
552 5154 638 5229 Cf.
669 5154 864 5212 Thom.
896 5157 1049 5214 Gale.
1081 5160 1280 5214 testim.
1317 5174 1374 5229 p.
1408 5160 1462 5215 8.

436 5228 508 5295 (ε)
548 5226 742 5282 Sermo
765 5238 844 5283 est
870 5231 936 5283 de
958 5226 1438 5302 Pseudeionysii
1464 5229 1634 5295 libris,
1659 5247 1796 5302 quos
1820 5231 1936 5302 Eri-

364 5309 501 5377 gena
534 5310 565 5350 e
600 5311 851 5379 graeca
892 5300 1155 5379 oratione
1186 5301 1252 5379 in_
1278 5299 1502 5379 latinam
1542 5299 1830 5379 convertit.
1862 5301 1940 5379 Eo

366 5365 544 5442 minus
599 5365 764 5442 igitur
821 5369 975 5442 nobis
1028 5369 1377 5424 dubitationis
1442 5370 1558 5425 dari
1622 5381 1832 5442 potest,
1886 5373 1937 5426 in

365 5434 409 5494 (ἶ
429 5434 657 5511 raecia
686 5454 808 5494 eum
840 5437 1006 5511 fuisse
1029 5442 1368 5511 negantibus.

435 5503 514 5577 (ά)
544 5506 626 5577 Cf.
650 5524 823 5577 supra
853 5509 959 5564 col.
991 5510 1079 5575 15,
1102 5503 1230 5565 ἠοι.
1262 5527 1310 5565 e.

437 5568 507 5651 (cl
646 5568 903 5651 Bgrucker.
936 5580 971 5634 1.
1010 5568 1140 5651 Ιίῃ.
1170 5581 1293 5636 615.

434 5645 514 5713 if)
553 5647 635 5701 Cl'.
671 5645 1108 5722 Staudenmaier,
1131 5652 1164 5705 l.
1190 5653 1239 5716 Ι,
1268 5666 1319 5722 p.
1352 5651 1614 5713 151459,
1645 5653 1736 5722 qui
1770 5652 1940 5706 inusi-

365 5731 508 5775 mutu
580 5717 1011 5782 testimoniorum
1079 5717 1291 5782 turbam
1358 5722 1593 5797 undique
1642 5717 1933 5798 congessit.

2051 4590 2405 4659 dividuusque
2425 4605 2610 4647 comes
2637 4599 2693 4646 et
2721 4606 2942 4646 mensae
2967 4602 3023 4647 et
3050 4593 3285 4649 cubiculi
3309 4603 3425 4648 erat
3444 4635 3459 4654 .
3491 4594 3629 4647 mul-

2053 4688 2138 4737 tae
2192 4680 2420 4736 facetiae
2469 4681 2796 4753 ingenuique
2844 4683 3072 4754 leporis,
3104 4701 3335 4753 uuorum
3379 4700 3631 4747 exempta

2046 4811 2104 4888 l_n
2134 4814 2441 4888 hoc_autem
2465 4815 2759 4888 Ericigloco
2779 4816 3135 4873 describendo
3161 4818 3375 4888 saepius
3402 4833 3428 4870 a
3463 4819 3628 4873 Stan-

2048 4882 2359 4957 denmaiero
2435 4886 2790 4957 recessimus,
2835 4902 3003 4956 quum
3068 4882 3270 4957 potius'
3309 4886 3633 4943 Bollanilum'

2053 4951 2199 5029 (dulii
2232 4970 2402 5029 mens.
2433 4963 2564 5009 tom.
2601 4954 2721 5019 νη,
2758 4973 2812 5026 ρ.
2848 4951 3239 5029 iﬁlli-#222
3284 4957 3353 5029 Α)
3399 4973 3631 5027 sequen-

2054 5022 2189 5095 dum
2213 5038 2334 5095 esse
2360 5025 2677 5095 dnceremus
2691 5066 2706 5087 ,
2734 5022 2896 5095 quam
2939 5027 3109 5083 illum.
3334 5022 3367 5074 ἐ

2125 5092 2199 5166 (g)
2231 5093 2313 5148 Cf.
2364 5093 2537 5149 Hiort.
2570 5108 2622 5163 p.
2669 5092 2870 5159 39:40,
2917 5095 3346 5152 Staudenmaier.
3389 5112 3443 5166 p.
3499 5097 3623 5154 151.

2052 5161 2400 5235 _Sch_lu_eterus
2429 5161 2637 5235 saltem
2663 5166 2765 5219 hoc
2811 5167 3004 5227 habet,
3056 5166 3274 5235 Scotum
3297 5207 3312 5231 ,
3343 5161 3624 5235 postquam

2050 5232 2103 5287 in
2131 5232 2359 5288 Galliam
2385 5248 2445 5288 se
2465 5234 2809 5301 contulisset,
2834 5251 2864 5288 a
2890 5250 3016 5305 rege
3038 5234 3231 5291 Carolo
3264 5232 3503 5293 Parisios
3530 5252 3625 5291 νος

2049 5318 2111 5356 ca
2121 5312 2229 5357 ιιιηι
2258 5318 2398 5357 8888.

2119 5372 2511 5445 (h)_Cf._7Thom_
2540 5373 2690 5445 Galc.
2719 5374 2755 5427 Ι.
2785 5374 2821 5428 l.
2855 5375 3053 5430 testim.
3082 5392 3134 5445 p.
3169 5374 3221 5429 5.

2116 5445 2177 5517 (ᾗ)
2211 5442 2438 5517 ln_libro
2470 5443 2605 5517 Vde
2648 5444 2997 5517 Pontiﬁcihus
3034 5442 3236 5517 inedito
3278 5444 3450 5517 (Gale.
3491 5451 3620 5517 test.

2046 5527 2103 5585 pg.
2131 5514 2219 5582 5),
2269 5513 2321 5566 in
2351 5513 2578 5585 cpistola
2623 5515 2689 5567 ad
2729 5514 2948 5569 Petrum
2980 5515 3247 5584 quendam
3289 5513 3380 5585 "(ex
3430 5516 3621 5585 codice

2047 5584 2305 5659 :l'huaneo
2350 5582 2463 5659 MS.
2496 5585 2636 5653 apud
2692 5586 2953 5659 Thomam
2990 5582 3137 5659 G_alc_.
3174 5585 3207 5639 Ι.
3264 5582 3310 5639 Ι.’
3342 5600 3394 5657 p.
3442 5584 3533 5659 ⁵7),
3563 5586 3618 5643 ill

2047 5652 2197 5706 libris
2226 5654 2290 5723 tle
2320 5654 2485 5719 gestis
2517 5652 2697 5715 regum
2747 5657 2961 5723 Anglor.
3005 5656 3071 5720 ll,
3102 5655 3154 5713 4.

2119 5724 2192 5793 (il
2222 5722 2297 5777 at.
2337 5723 2482 5779 ραις.
2516 5725 2549 5777 ι.
2589 5725 2618 5777 l.
2650 5733 2706 5790 ι».
2742 5722 2857 5780 5—6.
