4002 6148
266 297 328 350 17.
1058 295 1145 351 DE
1184 295 1343 351 VITA
1382 297 1467 353 ET
1503 298 1814 357 PRIECEI’Y

1945 302 1994 358 ι.
2038 304 2254 363 SCOII.
2296 308 2365 350 —4
2402 309 2579 367 PARS
2620 313 2660 367 1.
3433 324 3500 378 18

256 403 501 472 hodieque
526 409 779 458 constant
809 400 917 475 (a),
962 414 1022 459 ut
1062 414 1188 462 sunt
1222 406 1323 463 ista
1352 426 1365 462 :
1405 408 1699 466 Assederat
1746 411 1814 467 ad
1843 417 1890 475 Α
1919 430 2091 471 annos
2113 417 2411 487 praefuisse
2443 424 2688 479 traditur.
2724 422 2991 482 Plurimos
3035 427 3299 487 habemus
3342 432 3502 502 hujus

257 513 477 556 mensam
507 508 699 553 contra
748 514 930 569 regem
980 500 1049 555 ad
1095 501 1258 557 aliam
1306 503 1521 558 tabulae
1567 513 1811 574 partem:

259 588 652 660 procedentibus
712 589 1010 658 poculis....
1057 590 1286 647 Carolus
1339 592 1516 649 fronte
1568 596 1815 651 hilariori

260 690 363 746 post
400 678 662 746 quaedam
697 678 825 743 alia,
848 696 971 735 cum
1002 679 1226 737 vidisset
1258 681 1521 739 Joannem
1557 686 1812 756 quiddam

260 768 461 832 fecisse,
486 769 630 835 quod
660 769 991 825 Gallicanam
1027 773 1338 827 comitatem
1365 773 1694 840 oﬂ'enderet,
1724 793 1816 831 ur-

258 864 378 915 bane
406 863 670 932 increpuit
702 874 757 918 et
788 865 924 918 dixit
957 882 971 918 :
1020 864 1159 932 Quid
1208 867 1376 921 distat
1427 868 1571 923 inter
1599 868 1812 923 Sottum

256 965 299 1007 et
324 954 595 1021 Scottum?
622 954 824 1010 Retulit
861 957 947 1011 ille
978 958 1199 1012 solenne
1228 959 1520 1013 convitium
1550 962 1604 1014 in
1630 970 1816 1016 aucto-

259 1062 353 1100 rem
374 1055 425 1100 et
454 1047 728 1115 respondit
756 1065 769 1101 :
810 1048 1011 1102 Tabula
1045 1058 1249 1103 tantmn
1418 1050 1528 1106 Nec
1561 1067 1690 1107 vero
1719 1066 1813 1106 rex

257 1149 534 1193 cotttiuotus
557 1149 673 1204 est,
696 1142 839 1208 quod
868 1141 1129 1226 migretth
1152 1142 1412 1196 scientiae
1437 1142 1603 1211 ipsius
1624 1150 1814 1211 captus

256 1233 491 1287 adtersus
538 1219 855 1299 Magistrum
903 1219 1002 1287 neve
1030 1234 1172 1288 dicto
1201 1234 1482 1304 insurgere
1515 1234 1693 1289 vellet.
1722 1234 1813 1288 Sic

254 1340 359 1378 eum
387 1327 582 1378 usitate
607 1326 856 1377 vocabat.
882 1324 1015 1379 Item
1050 1341 1173 1379 cum
1222 1312 1332 1394 regi
1363 1326 1674 1379 convivanti
1706 1325 1810 1378 mi-

255 1416 402 1467 nister
444 1414 685 1480 patinam
729 1411 1043 1476 obtulisset,
1074 1429 1214 1482 quae
1260 1414 1394 1469 duos
1439 1414 1616 1483 pisces
1654 1428 1813 1483 prae-

255 1506 460 1572 grandes
504 1504 717 1573 adjecto
767 1519 874 1558 uno
920 1504 1221 1560 minusculo
1275 1506 1617 1570 contineret,
1662 1506 1812 1560 dedit

255 1596 329 1647 ille
371 1592 655 1660 Magistro,
700 1602 762 1648 ut
805 1594 1252 1649 accumbentibus
1300 1594 1511 1649 duobus
1552 1594 1707 1665 juxta
1752 1610 1810 1650 se

255 1685 439 1738 clericis
464 1684 850 1754 departiretur.
874 1684 1047 1738 Erant
1073 1685 1148 1738 illi
1171 1686 1453 1755 giganteae
1476 1685 1667 1751 molis;
1693 1686 1810 1756 ipse

1921 507 1996 560 rei
2048 518 2332 577 auctores;
2383 529 2584 579 unum,
2636 532 2797 586 quem
2861 519 3055 590 reliqui
3109 524 3283 578 secuti
3329 535 3500 591 sunt,

1917 612 2187 667 quemque
2226 599 2351 668 jure
2394 604 2545 673 sequi
2577 616 2902 674 potuerunt,
2933 612 2975 665 si
3010 628 3066 666 re
3092 629 3219 667 vera
3248 613 3393 669 illius
3417 626 3501 671 est

1919 689 2287 744 testimonium
2337 690 2442 761 (e),
2513 694 2617 749 huc
2667 696 3041 767 allegabimus.
3102 701 3296 757 Exstat
3347 704 3499 760 locus

1916 776 2177 844 epistolae
2208 777 2411 835 Nicolai
2458 782 2477 835 1
2509 782 2667 838 Ροηι.
2715 785 2855 840 Max.
2899 789 2966 842 ad
2997 788 3246 847 Carolum
3277 794 3497 849 Calvum

1916 868 2182 937 scriptae,
2234 887 2343 939 quo
2390 873 2541 939 loco,
2586 884 2649 929 ut
2689 877 2907 946 plurimi
2952 885 3318 951 contendunt,
3364 888 3499 942 haec

1916 966 2042 1013 sunt
2092 960 2317 1032 legenda
2349 982 2363 1018 :
2399 982 2418 1014 ι
2456 965 2594 1020 Hinc
2636 976 2751 1032 est,
2797 971 2941 1039 quod
2969 973 3239 1029 dilectioni
3283 987 3498 1035 vestrae

1914 1055 2262 1107 vehementer
2293 1066 2546 1125 rogantes
2593 1060 2944 1126 mandamus,
2975 1073 3241 1131 quatenus
3265 1067 3498 1135 Aposto-

1914 1139 2043 1195 latui
2077 1154 2262 1198 nostro
2306 1148 2643 1215 praedictum
2688 1148 2952 1204 Joannem
3003 1158 3397 1222 repraesentari
3427 1156 3499 1210 fa-

1914 1231 2094 1298 ciatis,
2123 1244 2217 1288 aut
2263 1247 2410 1293 certe
2437 1238 2662 1293 Parisiis
2692 1241 2743 1294 in
2775 1241 2966 1298 Studio
2989 1263 3006 1294 »
3041 1241 3116 1315 (id
3145 1256 3227 1301 est
3263 1248 3495 1317 schola),

1919 1340 1938 1373 ι
1970 1322 2126 1392 cujus
2154 1327 2349 1396 capital
2378 1348 2396 1379 ι
2426 1328 2502 1394 (id
2525 1338 2607 1385 est
2631 1331 2813 1401 caput)
2855 1350 2873 1383 ι
2899 1333 3009 1402 jam
3032 1335 3159 1389 olim
3190 1336 3355 1392 fuisse
3375 1354 3498 1408 per-

1914 1415 2149 1481 hibetur,
2174 1420 2373 1473 morari
2402 1435 2507 1475 non
2534 1422 2795 1477 sinatis...
2824 1423 2900 1494 (f)
2932 1443 2977 1478 ι.
3004 1425 3080 1480 De
3104 1438 3365 1497 tempore,
3390 1445 3497 1499 quo

1913 1504 2049 1561 haec
2095 1508 2322 1577 epistola
2369 1511 2568 1581 scripta
2618 1512 2721 1577 sit,
2769 1513 2967 1584 legitur
3013 1516 3156 1586 apud
3196 1517 3498 1574 Bulaeum:

1920 1615 1940 1649 ι
1974 1596 2171 1653 Datum
2215 1615 2357 1655 anno
2398 1601 2590 1671 Apost.
2639 1604 2810 1658 nostri
2861 1604 2955 1667 Ill,
2996 1624 3015 1657 ι
3061 1607 3153 1675 qui
3201 1616 3284 1661 est
3331 1624 3503 1665 annus

1915 1686 2183 1743 DCCCLX
2214 1706 2227 1743 :
2269 1689 2361 1744 alii
2390 1689 2625 1755 dicunt,
2656 1692 2877 1747 circiter
2900 1693 3140 1765 quinque
3182 1696 3340 1751 annis
3381 1707 3506 1766 post

256 1777 478 1846 perexilis
507 1776 775 1847 corporis.
807 1774 977 1841 Tum,
1003 1776 1094 1847 qui
1118 1791 1339 1855 semper
1366 1776 1568 1847 aliquid
1594 1777 1809 1834 honesti
1843 1770 1885 1829 Β
1912 1790 2031 1830 eam
2074 1790 2196 1832 esse
2226 1777 2428 1833 datam.
2457 1778 2612 1846 Quod
2634 1781 2680 1835 si
2723 1780 2812 1836 hic
2839 1781 2985 1838 illius
3024 1784 3286 1853 epistolae
3314 1784 3466 1841 locus
3485 1827 3501 1852 ,

260 1867 562 1931 inveniebat,
586 1876 646 1921 ut
682 1868 944 1923 laetitiam
964 1868 1368 1923 convivantium
1394 1871 1680 1936 excitaret,
1725 1886 1811 1927 re-

257 1960 396 2013 tentis
418 1960 519 2014 sibi
553 1960 765 2015 duobus
807 1958 1137 2030 majoribus,
1178 1974 1342 2014 unum
1384 1960 1647 2016 minorem
1678 1961 1811 2017 duo-

256 2048 339 2101 bus
357 2049 645 2103 distribuit.
669 2048 934 2119 Arguenti
963 2048 1301 2118 iniquitatem
1319 2050 1630 2120 partitionis
1651 2051 1766 2123 regi
1792 2069 1805 2105 :

257 2138 367 2204 bno,
384 2141 577 2210 inquit,
594 2142 732 2197 bene
753 2139 857 2197 feci
882 2148 938 2195 et
959 2155 1151 2210 aeque,
1172 2155 1297 2195 nam
1314 2140 1405 2196 hic
1418 2149 1502 2197 est
1522 2157 1662 2196 unus
1682 2156 1811 2211 par-

260 2246 356 2296 vus,
369 2233 429 2287 de
444 2248 504 2288 se
520 2234 728 2299 dicens,
743 2242 799 2289 et
811 2233 918 2289 duo
930 2233 1179 2303 grandes,
1196 2233 1372 2303 pisces
1388 2242 1613 2305 tangens
1630 2253 1643 2288 :
1661 2235 1811 2289 item-

259 2336 343 2390 que
361 2323 419 2376 ad
440 2337 537 2379 eos
558 2338 876 2387 conversus,
894 2324 983 2379 hic
1015 2332 1143 2378 sunt
1163 2324 1271 2379 duo
1300 2325 1480 2396 magni
1503 2324 1685 2380 clerici
1710 2326 1810 2380 im-

259 2415 402 2469 mensi
422 2423 475 2470 et
495 2431 638 2471 unus
661 2416 908 2488 exiguus,
922 2417 1122 2486 piscem
1144 2416 1496 2472 nihilominus
1519 2426 1742 2489 tangens
1762 2439 1808 2473 ι.

315 2504 483 2575 Itaque
510 2505 750 2562 Joannes
775 2515 980 2570 noster,
1009 2515 1071 2562 ut
1091 2506 1365 2569 videmus,
1397 2506 1589 2562 intima
1617 2506 1812 2563 Carolo

260 2597 597 2655 lamiliaritate
615 2600 937 2671 coniunctus
957 2601 1011 2655 in
1033 2601 1148 2670 ipsa
1173 2601 1321 2671 regia
1342 2608 1505 2669 atque
1521 2601 1576 2655 in
1598 2615 1810 2656 summa

260 2687 507 2744 hominum
533 2690 852 2746 celebritate
877 2691 1216 2748 versabatur.
1262 2690 1414 2758 Quod
1446 2692 1575 2746 item
1605 2691 1812 2747 Pardu-

259 2776 327 2830 lus
350 2779 626 2849 episcopus
650 2780 1019 2836 Lauduuensis
1066 2787 1318 2846 testatur,
1342 2782 1434 2849 qui
1462 2781 1682 2836 circiter
1717 2796 1813 2835 an-

258 2883 365 2922 num
391 2869 673 2925 DCCCLIll
696 2872 771 2925 ita
797 2873 867 2926 de
894 2885 960 2926 eo
984 2871 1204 2942 scripsit
1238 2889 1252 2925 :
1287 2890 1306 2923 ι
1343 2871 1540 2927 Scotus
1569 2872 1685 2934 ille,
1717 2873 1810 2942 qui

259 2968 329 3012 est
369 2959 416 3013 in
464 2960 667 3029 palatio
723 2961 865 3032 regis
915 2960 1118 3031 (Caroli
1167 2959 1378 3031 Calvi),
1430 2958 1666 3015 Ioannes
1716 2976 1812 3016 no-

260 3046 380 3101 mine
413 3048 484 3119 (b)
523 3068 571 3103 ι.
604 3048 725 3104 Iam
759 3063 825 3103 ex
873 3049 960 3104 his
1006 3049 1298 3117 conjicias,
1351 3063 1475 3104 eum
1522 3063 1696 3119 usque
1743 3050 1812 3106 ab

259 3136 334 3191 illo
360 3113 588 3211 tempore
606 3181 621 3203 ,
644 3154 755 3209 quo
774 3139 840 3194 ad
859 3113 1123 3195 Carolum'
1141 3139 1290 3202 yenit
1305 3178 1321 3205 ,
1344 3113 1623 3209 plurimos.
1640 3154 1812 3195 annos
1838 3113 1883 3175 Ο

258 3225 479 3300 deinceps
501 3231 557 3284 in
583 3230 703 3300 ejus
730 3232 875 3302 regia
902 3230 1124 3285 vixisse.
1153 3228 1269 3285 Hoc
1297 3239 1485 3284 autem
1511 3229 1806 3293 nescimus,

260 3332 315 3373 an
343 3323 537 3377 certius
568 3323 735 3378 etiam
769 3322 945 3393 colligi
972 3331 1137 3393 queat
1164 3335 1231 3376 ex
1265 3321 1372 3376 illis
1406 3320 1555 3376 Scoti
1606 3321 1810 3376 carmi-

261 3411 423 3479 nibus,
449 3428 592 3483 quae
620 3412 970 3468 Sehlueterus
998 3426 1129 3468 suae
1174 3411 1398 3467 editioni
1444 3410 1704 3465 librorum
1746 3411 1812 3465 de

260 3501 493 3559 divisione
535 3504 774 3560 Naturae
802 3502 1034 3573 adjecit;
1081 3519 1203 3574 qua:
1239 3512 1388 3559 certe
1418 3503 1647 3557 diversis
1677 3511 1814 3556 tem-

261 3593 454 3659 poribus
480 3597 779 3666 composita
822 3604 983 3659 sunt,
1014 3610 1078 3650 ac
1116 3594 1320 3664 passim
1370 3591 1812 3648 manifestissime

261 3683 462 3748 docent,
488 3700 613 3739 eum
642 3685 749 3739 sibi
781 3684 945 3739 fuisse
972 3692 1249 3738 auctorem
1271 3723 1286 3748 ,
1314 3682 1405 3751 qui
1432 3697 1463 3736 a
1486 3681 1678 3736 Carolo
1707 3680 1815 3735 ale-

264 3781 390 3825 retur
414 3774 501 3845 (c).
528 3773 661 3839 Quae
681 3788 770 3828 res
795 3773 961 3828 etiam
983 3788 1049 3828 eo
1077 3786 1421 3841 summopere
1448 3771 1659 3825 videtur
1684 3785 1815 3825 cou-

263 3858 473 3928 firmari,
510 3864 653 3934 quod
682 3865 797 3934 ipse
829 3862 1022 3919 Scotus
1052 3862 1106 3916 in
1139 3862 1416 3932 prooemio
1444 3860 1567 3914 libri
1616 3859 1699 3914 sui
1747 3860 1815 3914 de

261 3950 732 4011 Praedestinatione
765 3955 941 4011 Caroli
978 3954 1351 4010 benevolentia
1394 3969 1458 4009 ac
1492 3952 1815 4008 liberalitate

260 4045 344 4098 sibi
370 4049 619 4119 obtigisse
642 4050 741 4112 ait,
766 4058 843 4110 ut,
863 4047 1006 4118 quod
1030 4058 1240 4116 tempus
1260 4046 1350 4100 alii
1378 4047 1539 4100 rebus
1560 4045 1815 4114 gerendis

260 4135 507 4195 insumere
536 4141 804 4204 debeant,
833 4140 884 4193 id
912 4154 942 4194 a
969 4154 1028 4193 se
1048 4121 1351 4193 litterarth
1384 4138 1577 4191 studiis
1603 4137 1815 4205 impen-

262 4238 414 4283 «atur.
432 4231 612 4298 Quaad
639 4233 725 4287 hic
747 4232 1010 4287 mansisse
1033 4231 1331 4287 existimari
1365 4231 1556 4301 possit,
1583 4245 1708 4284 mox
1731 4230 1810 4302 (ά)

261 4321 535 4378 videbimus
554 4364 570 4388 ,
606 4339 774 4393 quum
802 4326 868 4377 de
891 4322 1097 4377 ultimis
1122 4320 1239 4390 ejus
1278 4321 1406 4374 fatis
1429 4321 1811 4389 disputabitur.

322 4409 494 4481 Neque
534 4413 700 4469 solius
724 4413 934 4478 Caroli,
967 4413 1023 4468 id
1053 4414 1197 4483 quod
1227 4421 1375 4482 patet
1401 4426 1467 4467 ex
1494 4412 1817 4468 Malmesbu-

262 4500 447 4565 riinse,
476 4504 791 4575 Magistrum
840 4505 1026 4559 dicunt
1053 4502 1362 4558 Joannem:
1411 4517 1599 4557 verum
1647 4504 1811 4558 etiam

262 4590 615 4650 celeberrimae
653 4596 729 4651 illi
768 4616 787 4647 ι
826 4594 1048 4650 scholae
1095 4593 1373 4649 Palatinae
1412 4613 1431 4646 ι
1486 4593 1682 4649 multos
1716 4609 1816 4665 per

323 4728 391 4801 (tt)
415 4729 495 4801 Cl”.
528 4731 677 4801 Cale.
700 4731 748 4801 _l.
781 4731 1082 4801 l,7appeno.
1113 4745 1164 4799 p.
1194 4731 1281 4785 88.

324 4798 391 4870 ib)
423 4799 504 4870 Cf.
536 4800 667 4870 Cap.
698 4799 740 4861 I,
764 4798 960 4870 col.'9,
996 4798 1189 4854 notIc.

261 4864 398 4990 81(ε)ι
418 4864 705 4994 εἶδε-ἕλξω.
736 4869 840 4934 X1,
868 4870 932 4936 4;
968 4870 1032 4925 Vl
1054 4910 1068 4937 ,
1097 4869 1257 4924 55-41
1284 4885 1298 4935 ;
1328 4868 1392 4935 Il,
1422 4867 1618 4935 69-72;
1646 4868 1696 4935 1,
1724 4869 1817 4925 77-

322 4979 610 5079 iniiinii;
626 4979 697 5064 ϊιῖ
1250 5077 1275 5079 η
1432 5062 1435 5065 ,

320 5077 954 5150 (e)Cl'.‘Staudeomaier.
984 5080 1023 5136 I.
1055 5079 1096 5134 ι.
1127 5094 1182 5150 p.
1211 5077 1315 5135 l59
1344 5087 1456 5134 not.
1488 5079 1522 5135 5
1551 5088 1606 5136 et
1629 5094 1683 5150 p.
1718 5079 1818 5135 I66

260 5149 811 5303 Ὺξῖίξξοᾙίεομιῃ.
848 5221 1013 5303 verba
1064 5234 1133 5303 se_
1165 5218 1815 5303 habentnapudoBulaeum

270 5284 403 5351 (bist.
436 5288 723 5344 Universit.
753 5292 924 5346 Paris.
955 5301 1086 5345 tom.
1116 5290 1164 5347 l.
1188 5305 1243 5359 p.
1274 5290 1395 5361 184)
1416 5284 1439 5354 ζ
1463 5292 1552 5359 qui
1581 5291 1646 5345 de
1675 5291 1817 5344 auti-

262 5360 1254 5443 quo'ex‘emplarinea-deprompta.esse
1272 5361 1368 5443 ait,
1408 5361 1637 5443 laudans
1662 5382 1679 5410 ι
1699 5361 1823 5443 _Qa-

265 5423 401 5479 hriel.
434 5423 629 5483 Nan'dei
668 5423 893 5485 Collecl.
939 5423 1029 5485 ex'
1052 5431 1296 5485 bibliotlt.
1329 5434 1500 5485 Oxon.
1545 5450 1562 5481 ι
1606 5430 1710 5485 Sed
1742 5432 1820 5485 in-

265 5502 443 5550 ventus
467 5509 545 5553 est
563 5540 578 5563 ,
604 5503 693 5569 qui
716 5501 952 5555 Bttlreutn
977 5500 1285 5555 fraudiculaz
1302 5500 1615 5556 insimulare
1640 5501 1816 5567 vellet,

326 5606 352 5639 "
365 5604 547 5664 Ioanni
563 5629 594 5664 a
611 5609 801 5666 Carolo
817 5610 975 5668 Calvo
990 5614 1295 5667 mandatum
1311 5628 1448 5675 esse,
1465 5624 1521 5666 nt
1537 5615 1585 5666 in
1605 5623 1822 5667 contro-

266 5678 427 5735 versia
457 5677 806 5743 Paschasiaua
848 5699 1001 5738 suum
1042 5686 1109 5738 de
1139 5700 1213 5739 ss.
1244 5685 1567 5738 eurlmistin
1602 5700 1818 5739 atiilblim

1914 1880 2017 1920 nec
2044 1866 2383 1935 dubitamus,
2418 1869 2548 1938 quin
2600 1870 2674 1925 ita
2722 1871 2825 1937 sit,
2872 1887 2931 1927 re
2973 1888 3101 1928 vera
3133 1883 3217 1929 est
3258 1874 3503 1942 Nicolai,

1916 1955 2113 2013 Scotus
2141 1968 2330 2015 noster
2358 1961 2502 2016 circa
2547 1977 2642 2017 eos
2671 1977 2843 2019 annos
2862 2004 2877 2030 ,
2908 1980 3044 2034 quos
3094 1966 3358 2031 diximus,
3390 1965 3503 2034 jam

1912 2047 2120 2117 pridem
2151 2048 2546 2107 Parisiensibus
2593 2050 2901 2108 litterarum
2933 2054 3125 2110 studiis
3170 2070 3279 2110 non
3324 2056 3500 2112 solum

1914 2137 2188 2207 interfuit,
2229 2154 2420 2196 verum
2477 2143 2642 2197 etiam
2692 2144 2949 2215 praefuit.
3004 2145 3272 2213 Quamdiu
3321 2158 3501 2203 autem

1912 2239 2100 2298 postea
2122 2246 2187 2287 eo
2207 2230 2417 2289 honore
2438 2249 2503 2289 ac
2523 2233 2644 2290 loco
2666 2235 2949 2301 manserit,
2973 2236 3134 2307 plane
3153 2236 3465 2308 ignoramus
3489 2256 3504 2292 :

1913 2334 2015 2393 nec
2059 2321 2207 2378 ullibi
2247 2324 2544 2394 quidquam
2593 2327 2958 2396 perscriptum
2990 2327 3294 2384 invenimus
3316 2368 3331 2394 ,
3365 2330 3508 2384 unde

1914 2421 2202 2481 appareat,
2240 2422 2421 2468 utrum
2472 2413 2680 2469 Nicolai
2707 2415 2863 2486 jussu
2911 2416 3140 2471 Romam
3168 2417 3371 2473 missus
3401 2418 3502 2482 sit,

1913 2517 2019 2558 nec
2047 2519 2135 2557 ne.
2172 2503 2656 2562 Staudenmaierus
2683 2506 2760 2577 (p.
2794 2506 3057 2581 ltiti-I67)
3084 2524 3209 2564 eum
3238 2525 3347 2565 non
3382 2525 3505 2566 esse

1914 2595 2138 2652 missum
2185 2595 2463 2653 aﬁirmat:
2506 2614 2609 2654 nec
2649 2608 2732 2654 est
2776 2601 2922 2669 quod
2966 2602 3169 2656 nimiae
3207 2602 3382 2671 ipsum
3427 2612 3507 2657 te-

1913 2687 2178 2742 tneritatis
2207 2702 2437 2759 arguere
2481 2689 2729 2746 velimus.
2760 2690 2982 2747 Constat
3013 2694 3190 2758 enim,
3218 2707 3381 2763 quam
3412 2708 3501 2747 ca-

1913 2794 2006 2832 rus
2022 2778 2135 2847 regi
2152 2794 2250 2835 suo
2263 2778 2690 2862 fueritErigena,
2707 2793 2763 2839 et
2784 2786 2927 2841 hunc
2947 2786 3120 2857 ipsum
3140 2801 3321 2857 regem
3339 2787 3502 2842 etiam
3596 2787 3603 2798 '

1913 2868 2048 2923 alias
2066 2884 2399 2925 summorum
2427 2874 2743 2942 pontilicum
2767 2876 3022 2930 mandata
3046 2892 3235 2946 parum
3260 2892 3502 2933 curasse.

1983 2958 2272 3028 Reliquum
2299 2969 2415 3025 est,
2444 2970 2504 3015 ut
2527 2961 2596 3016 de
2620 2964 2959 3033 gravioribus
2985 2967 3312 3033 quibusdam
3338 2982 3505 3036 nego-

1916 3049 2038 3112 tiis,
2070 3064 2210 3118 quae
2251 3060 2534 3120 praeterea
2574 3051 2768 3107 Joanui
2802 3069 2831 3107 a
2874 3053 3069 3111 Carolo
3096 3058 3353 3112 mandata
3382 3072 3506 3113 esse

1914 3140 2223 3209 accepimus
2242 3182 2258 3207 ,
2288 3142 2475 3211 paucis
2501 3143 2789 3198 dicendum
2834 3146 2925 3200 sit.
2956 3145 3108 3213 Quae
3143 3148 3362 3217 quidem
3391 3164 3509 3204 om-

1913 3231 2042 3286 nino
2070 3231 2219 3287 luere
2244 3234 2351 3288 duo
2380 3252 2392 3288 :
2419 3233 2673 3299 alterum,
2701 3246 2761 3290 ut
2784 3236 2950 3292 latine
2979 3239 3231 3294 redderet
3255 3248 3311 3294 et
3335 3239 3506 3296 libros

1914 3322 2119 3390 aliquot
2143 3322 2627 3396 Pseudo-Dionysii
2653 3333 2710 3379 et
2731 3325 2948 3383 Scholia
2977 3329 3195 3385 Maximi
3227 3330 3507 3400 cujusdam

1914 3413 1968 3468 in
1995 3413 2318 3485 Gregorium
2351 3418 2655 3491 theologum
2699 3423 2861 3493 (quae
2896 3421 3024 3476 item
3056 3421 3338 3503 subdijitia
3382 3438 3506 3479 esse

1916 3507 2271 3578 creduntur),
2300 3509 2531 3564 alterum
2551 3553 2566 3577 ,
2596 3521 2657 3567 ut
2675 3554 2690 3578 ,
2718 3522 2837 3568 orta
2865 3528 2962 3583 per
2984 3512 3338 3568 Paschasium
3367 3514 3512 3568 Rad-

1916 3596 2131 3651 bertum
2159 3598 2497 3655 dissensione
2524 3602 2591 3656 de
2635 3601 2693 3657 S.
2731 3601 3070 3656 Eucharistia
3093 3641 3108 3665 ,
3146 3602 3264 3671 ipse
3293 3616 3511 3671 quoque

1914 3685 2205 3741 scribendo
2252 3688 2394 3743 hanc
2440 3704 2555 3743 rem
2604 3689 2901 3760 explicaret
2922 3689 2976 3742 ".
3008 3690 3253 3745 Alterum
3286 3700 3508 3759 autent,

1913 3776 2162 3845 proximo
2183 3778 2356 3848 capite
2379 3780 2653 3850 sigillatim
2687 3782 2753 3836 de
2775 3781 3163 3836 controversiis
3190 3781 3509 3851 theologicis

1913 3869 2111 3937 quibus
2138 3869 2369 3939 Erigena
2399 3871 2706 3941 implicatus
2733 3872 2836 3926 fuit
2854 3913 2869 3937 ,
2895 3872 3101 3928 acturis
3119 3912 3133 3938 ,
3157 3872 3244 3928 hic
3268 3880 3511 3926 tantum.

1915 3960 2075 4013 modo
2095 3964 2651 4028 commemorandmn,
2676 3964 2990 4032 ceteroquin
3033 3962 3353 4017 mittendum
3383 3971 3467 4017 est
3491 3980 3506 4023 ξ

1864 4086 1874 4095 -
1916 4050 1982 4104 de
2010 4049 2207 4115 altero,
2243 4067 2381 4120 quae
2415 4053 2596 4107 dicere
2626 4054 2959 4117 habeamus,
3001 4055 3136 4108 haec
3167 4061 3317 4107 sunt.

1984 4140 2257 4197 Ludovico
2284 4142 2378 4197 Pio
2429 4144 2703 4214 complura
2748 4143 3224 4214 Pseudo-Dionysii
3261 4140 3508 4211 Areopa-

1916 4234 2060 4304 gitae
2093 4236 2293 4305 scripta
2325 4237 2465 4291 dono
2502 4237 2726 4290 miserat
2756 4235 2979 4290 Michael
3015 4233 3247 4297 Balbus;
3279 4247 3421 4298 non,
3449 4243 3509 4294 ut

1919 4325 2137 4394 quidam
2167 4327 2369 4395 opinati
2404 4326 2621 4380 fuerunt
2660 4327 2760 4395 (ς),
2788 4340 2929 4378 anno
2952 4320 3383 4388 DCCCXXIVW,
3412 4322 3509 4382 sed

1919 4432 2061 4470 anno
2083 4416 2545 4481 DCCCXXVIIM,
2581 4432 2680 4470 nec
2705 4418 2754 4469 in
2784 4416 3011 4468 latiumn
3042 4427 3350 4469 sermonem
3372 4428 3504 4468 con.

1918 4523 2072 4562 versa
2092 4548 2105 4571 ,
2135 4508 2275 4576 quod
2300 4508 2423 4561 item
2448 4515 2706 4577 putarunt
2736 4507 2832 4560 viri
2864 4507 3006 4561 docti
3038 4506 3137 4578 (Ιι),
3161 4506 3253 4560 sed
3288 4521 3505 4577 graeca.

1920 4596 2070 4652 IIanc
2100 4598 2356 4667 temporis
2380 4599 2641 4651 rationem
2686 4612 2865 4651 veram
2890 4609 3010 4650 esse
3038 4594 3430 4649 demonstravit
3450 4608 3504 4655 v,

1925 4731 2068 4799 quod
2098 4729 2260 4784 verba
2291 4730 2358 4784 de
2390 4748 2408 4781 ι
2453 4728 2649 4783 Schola
2677 4728 2967 4799 Parisieusi
3001 4727 3223 4799 ejusque
3252 4724 3509 4799 praefecto

1925 4794 2155 4867 Erigena
2194 4820 2212 4850 ›
2245 4801 2359 4873 ipse
2393 4800 2731 4873 inseruisscl..
2777 4797 2976 4873 yeruni
3027 4794 3335 4873 enimvero,
3364 4795 3507 4864 quod

1925 4865 2046 4932 alii,
2064 4872 2154 4941 qui
2184 4865 2388 4941 tantum
2413 4870 2657 4941 qua-dam
2680 4885 2749 4941 rex
2772 4866 2975 4941 Nieolai
3003 4865 3507 4941 epistolaexcerpta

1926 4934 2230 5003 habebant,
2263 4940 2312 4992 in
2347 4934 2545 4993 Itis—illa
2578 4940 2740 4991 verba
2773 4953 2875 4989 non
2905 4934 3179 5004 legerent,
3207 4934 3388 4988 Bulaei
3451 4934 3507 4987 li-

1924 5012 2043 5064 detn
2069 5026 2172 5062 non
2201 5018 2505 5078 expugnat;
2540 5023 2637 5062 nec
2677 5008 2761 5070 id,
2788 5007 2928 5075 quod
2962 5005 3033 5078 illi
3067 5004 3338 5078 quaedam
3367 5005 3509 5072 Iege-
3549 5066 3555 5072 ,

1923 5089 2220 5155 t'ettt_,qttae
2268 5074 2407 5155 apud
2448 5080 2590 5155 hunc
2620 5093 2723 5132 nou
2754 5074 2929 5129 eraut.
2977 5074 3114 5155 Nam
3160 5074 3507 5155 et-Bulaeus,

1924 5161 1982 5204 ut
2022 5143 2455 5203 Standenniaicr.
2499 5148 2533 5201 ι.
2570 5148 2606 5201 l.
2655 5158 2801 5203 recte
2838 5154 3043 5212 monet,
3073 5144 3300 5200 forsitan
3336 5143 3510 5199 solum

1922 5218 2427 5291 excerplahabuit;
2544 5287 2555 5291 -
2626 5286 2635 5291 -
2712 5285 2749 5291 _
3029 5283 3074 5291 -.

1999 5281 2187 5360 (g)'Cl.
2224 5287 2362 5360 Hist.
2392 5289 2490 5342 litt.
2520 5287 2585 5340 de
2618 5286 2670 5340 la
2692 5283 3160 5360 Ιίοαιιιτεηιζὶῖῌρἶ
3335 5281 3509 5346 lliort,

1927 5359 1965 5414 l.
2000 5350 2520 5431 Πῂκιίόιςξιβξιιθοιι.
2543 5359 2725 5431 annal.
2747 5350 3440 5431 ail__a_t_t_._l)CCC_§X|_\_(.eet;

1999 5419 2077 5499 (It)
2221 5419 2425 5482 Mabill.
2463 5429 2643 5499 annal.
2676 5428 2764 5481 lib.
2799 5423 2987 5488 XXIV,
3019 5436 3072 5472 ιι.
3101 5422 3192 5486 59,
3234 5419 3373 5475 Hist.
3404 5419 3505 5475 (ἱιι.

1924 5501 1989 5554 de
2009 5496 2068 5554 Ἰιι
2087 5498 2319 5564 France,
2352 5507 2483 5553 tom.
2521 5496 2581 5563 V,
2616 5515 2667 5568 [ι.
2694 5498 2797 5550 4'25
2822 5504 2927 5547 uel.

1926 5616 2181 5683 aperiret,
2197 5615 2419 5669 omnino
2436 5630 2538 5668 nou
2555 5623 2757 5670 cons'ai
2797 5609 2932 5683 Quid
2947 5616 3130 5683 noster
3153 5608 3204 5661 in
3230 5608 3318 5661 illo
3330 5620 3504 5683 «ξςιτιτις

1926 5680 2067 5742 tuine
2090 5689 2279 5751 θείη-ιι.
2304 5687 2354 5740 in
2384 5685 2771 5747 Prmzniorxiu
2795 5681 3017 5741 snituus.
3044 5680 3306 5741 Amatur.
3344 5680 3501 5745 Eutr,
