3952 6152
394 304 459 360 I9
1512 304 1597 358 DE
1634 303 1684 358 J.
1728 302 1950 360 SCOTO
1986 301 2503 360 COMMENTATIO.
3586 314 3656 370 eo

393 415 466 469 cl.
503 413 700 485 Pagius
734 413 787 469 in
825 431 845 466 ‹
879 388 1079 471 Critica
1125 414 1180 469 in
1223 414 1404 469 annal.
1456 415 1670 470 Baronii
1706 435 1723 466 ι
1754 415 1830 486 (α)
1861 434 1874 469 :
1906 416 1973 470 de
2004 420 2048 478 Α
2076 417 2530 486 quemadmodum
2575 418 2752 489 capite
2782 420 3030 490 proximo
3063 437 3091 476 a
3134 421 3289 479 nobis
3315 432 3399 481 est
3420 424 3657 498 explica-

394 503 549 558 Iibris
576 517 769 574 graeco
798 518 1050 559 sermone
1079 503 1295 573 scriptis
1333 518 1550 558 omnem
1576 504 1757 557 animo
1787 512 1975 559 nostro

397 595 708 664 scrupulum
735 596 916 652 evellit
939 596 1223 651 Hilduinus
1257 596 1442 661 abbas,
1483 598 1573 665 qui
1602 597 1716 667 ipse
1744 612 1838 652 eos
1856 613 1972 652 ser-

399 687 610 742 vaudos
666 697 980 756 acceperat,
1031 678 1193 756 atque
1238 688 1311 741 ita
1362 688 1428 743 de
1486 689 1552 741 iis
1601 689 1820 758 scripsit
1857 688 1971 757 (bl:

2076 513 2188 560 tum
2211 547 2226 570 ,
2254 515 2425 562 totum
2461 522 2523 563 se
2550 508 2617 565 iis
2642 509 2794 564 daret
2819 550 2834 577 ,
2864 518 3143 582 totamque
3170 526 3239 568 ex
3266 528 3455 570 eorum
3486 518 3661 572 sacris

2074 599 2467 670 philosophiam
2488 600 2591 655 sibi
2622 614 2779 659 suum
2804 610 3089 671 repeteret.

2147 691 2223 744 De
2246 699 2488 760 tempore
2506 730 2521 755 ,
2548 704 2656 758 quo
2681 689 2765 745 his
2791 690 3023 761 negotiis
3048 701 3343 763 occupatus
3367 690 3496 759 fuit,
3524 694 3661 750 nihil

406 791 425 825 ι
469 773 826 831 Authenticos
856 791 1089 846 namque
1120 777 1339 831 eosdem
1380 777 1548 832 libros
1574 793 1764 848 graeca
1794 778 1975 847 lingua
2074 777 2234 848 plane
2260 779 2401 848 apud
2426 787 2680 834 auctores
2702 779 2951 833 habetur.
2988 779 3272 834 Credimus
3301 789 3480 835 autem
3505 822 3521 847 ,
3555 797 3663 836 non

399 866 735 934 conscriptos
763 904 778 919 .
807 904 823 919 .
853 905 869 920 .
900 904 917 920 .
948 905 963 920 .
996 883 1093 937 pro
1118 884 1341 923 munere
1365 885 1557 938 magno
1571 871 1905 939 suscepimus
1928 890 1973 923 ο.

472 957 751 1012 Summum
792 958 877 1029 his
920 957 1130 1015 frivolis
1154 969 1281 1016 tunc
1302 977 1424 1015 cum
1452 962 1685 1016 maxime
1716 963 1976 1018 honorem

399 1047 671 1101 habebant
697 1046 856 1103 Galli.
900 1046 1167 1103 Putabant
1213 1051 1390 1116 enim,
1438 1051 1556 1121 ejus
1587 1052 1825 1123 Dionysii
1864 1052 1980 1123 ipsa

397 1152 539 1201 csse,
570 1137 661 1206 qui
685 1138 892 1207 primus
919 1139 1143 1194 Athenis
1172 1142 1459 1211 episcopus
1487 1141 1609 1207 fuit,
1640 1152 1693 1197 et
1718 1144 1769 1197 in
1807 1142 1977 1197 Gallia

400 1226 636 1281 divinam
680 1226 805 1282 Jesu
833 1226 1033 1282 Christi
1062 1229 1361 1284 doctrinam
1391 1231 1696 1301 divulgasse
1726 1232 1982 1286 credeba-

402 1328 493 1372 tur
519 1318 611 1391 (c).
634 1317 938 1374 Ludovicus
961 1320 1145 1390 igitur,
1172 1322 1387 1391 quando
1412 1338 1509 1393 per
1538 1332 1704 1378 totam
1730 1324 1976 1388 Galliam,

400 1409 492 1476 qui
520 1425 624 1463 non
652 1409 942 1473 mediocri,
972 1411 1066 1465 sed
1092 1412 1270 1481 aliqua
1300 1427 1527 1482 graecae
1558 1412 1772 1484 linguae
1800 1414 1982 1467 scien-

402 1498 477 1551 tia
509 1498 746 1553 imbutus
791 1508 967 1565 esset,
1005 1499 1092 1554 vix
1121 1494 1538 1571 'reperiebatur,
1563 1504 1746 1556 statim
1790 1503 1982 1557 horum

400 1591 661 1646 librorum
687 1594 841 1662 quasi
874 1596 1176 1650 versionem
1200 1596 1471 1667 quandam
1504 1598 1800 1653 instituisse
1838 1599 1985 1653 vide-

405 1689 511 1744 tur,
543 1682 700 1752 idque
719 1698 816 1752 per
839 1684 1145 1741 llilduinum
1165 1728 1181 1752 ,
1210 1687 1262 1741 in
1304 1690 1633 1744 monasterio
1662 1688 1721 1743 S.
1743 1689 1982 1759 Dionysii

2078 868 2246 922 multo
2276 876 2397 938 post
2423 868 2539 937 ejus
2562 868 2615 922 in
2638 866 2868 922 Galliam
2897 868 3206 933 adventum,
3229 870 3395 923 etiam
3421 879 3548 923 ante
3569 884 3666 923 an-

2080 979 2206 1017 num
2243 960 2456 1017 DCCCL
2497 963 2636 1017 hanc
2690 976 2804 1017 rem
2831 980 2930 1018 usu
2970 964 3202 1020 venisse.
3229 963 3392 1020 Certe
3438 966 3491 1020 in
3527 965 3668 1020 libro

2081 1069 2179 1109 suo
2195 1054 2261 1108 de
2281 1053 2789 1122 praedestinatione,
2805 1070 2963 1124 quem
2981 1055 3199 1111 circiter
3221 1071 3422 1111 annum
3453 1055 3669 1112 DCCCL

2081 1143 2432 1214 conscripsit,
2461 1143 2574 1214 jam
2602 1145 2773 1198 multo
2810 1144 3262 1228 plurglongeque
3300 1147 3405 1201 alia
3440 1146 3508 1218 (ἱ)
3536 1162 3671 1216 pro-

2083 1232 2232 1293 tulit,
2266 1247 2426 1301 quam
2456 1247 2597 1302 quae
2639 1249 2668 1287 a
2722 1233 2854 1289 solis
2900 1234 3154 1289 Hibernis
3196 1235 3533 1306 philosophis
3575 1243 3673 1289 aut

2085 1324 2345 1395 theologis
2368 1341 2490 1381 eum
2538 1326 2794 1381 didicisse
2830 1327 3039 1382 credas.
3084 1327 3201 1382 Huc
3245 1329 3473 1392 accedit,
3526 1328 3674 1397 quod

2083 1415 2333 1471 Carolum
2356 1457 2370 1480 ,
2408 1415 2593 1485 procul
2626 1416 2789 1472 dubio
2823 1417 3202 1488 Areopagitam
3247 1417 3428 1488 legere
3456 1434 3674 1473 summe

2085 1508 2412 1578 cupientem,
2438 1522 2603 1577 quum
2635 1506 2920 1579 Erigeuam
2946 1509 3178 1578 hospitio
3206 1510 3533 1580 excepisset,
3564 1525 3671 1565 nou

2086 1598 2176 1653 ditt
2197 1598 2379 1669 graeci
2408 1597 2490 1653 sui
2517 1598 2721 1653 codicis
2745 1598 2970 1654 oblitum
3012 1597 3183 1654 fuisse
3209 1608 3483 1669 putamus.
3514 1599 3681 1654 Deni-

2088 1703 2193 1758 que
2230 1702 2496 1757 nusquam
2517 1727 2531 1751 ,
2558 1696 2820 1756 quantum
2850 1687 3083 1753 scimus,
3112 1688 3214 1742 nisi
3247 1689 3301 1742 in
3329 1687 3558 1757 epistola
3583 1688 3678 1742 illa

405 1771 658 1825 abbatem
678 1813 693 1837 ,
730 1789 855 1827 cum
906 1774 1112 1843 ipsum,
1142 1778 1231 1832 cui
1272 1777 1392 1833 illos
1418 1781 1713 1835 servandos
1746 1756 1983 1834 tradide-
2016 1756 2059 1815 B
2088 1756 2438 1841 dedicatoria,
2459 1777 3069 1849 versiouiAreopagitae
3099 1756 3428 1848 praemissa,
3450 1779 3562 1833 ulla
3583 1794 3675 1833 ra-

316 1931 326 1942 _
407 1871 494 1914 rat
537 1862 637 1932 (ά).
670 1860 787 1918 Hac
814 1865 880 1919 de
918 1867 1197 1933 versione,
1239 1877 1514 1939 utcunque
1560 1868 1693 1933 fuit,
1721 1885 1987 1939 nusquam

406 1949 525 2006 fere
556 1965 1038 2010 commemoratum
1060 1966 1174 2022 est;
1200 1973 1367 2027 quare
1387 1998 1401 2023 ,
1427 1959 1471 2013 si
1494 1957 1597 2012 fuit
1620 1998 1635 2023 ,
1665 1969 1812 2013 certe
1844 1958 1991 2014 nullo

412 2040 465 2094 iu
506 2043 682 2111 pretio
705 2044 892 2099 haberi
917 2047 1089 2115 potuit
1112 2046 1204 2119 (e).
1234 2048 1421 2117 Itaque
1440 2048 1667 2104 Carolus
1687 2050 1906 2115 Calvus,
1932 2057 1992 2103 ut

408 2142 530 2188 erat
557 2134 891 2202 litterarum,
944 2140 1232 2210 praecipue
1261 2156 1572 2206 sacrarum,
1616 2143 1795 2197 studio
1836 2144 1994 2198 unice

408 2226 659 2291 deditus,
715 2244 882 2297 quum
943 2240 1137 2287 nactus
1180 2242 1325 2289 esset
1372 2234 1657 2305 Erigenam
1719 2234 1993 2291 hominem

411 2330 629 2388 praeter
657 2321 873 2378 solitum
923 2341 1150 2394 graecae
1186 2327 1403 2398 linguae
1447 2330 1718 2399 peritum,
1748 2330 1997 2384 commit-

412 2410 631 2464 tendum
657 2426 761 2467 non
784 2415 1024 2483 putavit,
1048 2425 1109 2470 ut
1136 2432 1163 2469 a
1187 2415 1402 2472 fortuna
1424 2417 1608 2472 datam
1631 2420 1995 2483 occasionem,

407 2500 609 2571 justam
634 2505 848 2560 tandem
868 2506 1079 2561 illorum
1100 2508 1357 2564 librorum
1375 2511 1873 2589 interpretatiojtem
1897 2511 1996 2564 sibi

411 2597 760 2664 comparandi
783 2638 799 2662 ,
821 2598 1137 2653 dimitteret.
1163 2599 1527 2666 Quamobrem
1555 2618 1621 2656 eo
1636 2601 1859 2670 jubente
1886 2602 2002 2656 Eri-

413 2700 552 2753 gena
581 2687 648 2740 ad
673 2685 843 2743 libros
863 2689 1339 2762 Pseudo-Diouysii
1369 2692 1421 2746 in
1447 2692 1671 2746 latinum
1694 2707 1999 2748 sermonem

410 2779 807 2834 convertendos
835 2780 1076 2835 animum
1107 2782 1306 2852 adjecit
1331 2783 1433 2853 (Ῑ).
1464 2782 1610 2849 Quos
1640 2792 1819 2837 autem
1852 2782 1999 2837 illius

412 2869 652 2924 auctoris
674 2869 840 2925 libros
862 2870 1027 2926 latine
1049 2873 1376 2936 reddiderit,
1409 2873 1525 2943 ipse
1552 2873 1788 2943 Erigena
1814 2879 2005 2926 narrat

414 2957 472 3011 in
529 2958 758 3028 epistola
792 2960 1121 3017 dedicatoria
1163 2962 1232 3018 ad
1277 2962 1532 3018 Carolum
1575 2963 1808 3033 scripta,
1840 2977 2000 3032 quam

416 3048 586 3104 latine
615 3065 713 3105 suo
737 3051 1099 3122 Areopagitae
1122 3055 1408 3122 praemisit
1432 3053 1507 3123 (g)
1540 3070 1553 3106 :
1592 3053 1760 3108 libros
1785 3053 1852 3106 de
1882 3052 2000 3113 hie-

415 3143 629 3198 rarchia
657 3145 879 3199 coelesti
902 3184 918 3211 ,
949 3145 1017 3199 de
1055 3145 1363 3200 bierarcbia
1396 3144 1763 3198 ecclesiastica
1786 3183 1800 3205 ,
1828 3143 1894 3197 de
1923 3142 2006 3195 di-

415 3233 557 3287 vinis
574 3233 883 3288 nominibus
903 3273 920 3301 ,
953 3235 1021 3289 de
1046 3233 1313 3302 theologia
1333 3232 1588 3304 mystica,
1617 3240 1894 3300 praeterea
1916 3231 2007 3285 de-

416 3338 537 3377 eam
571 3321 852 3390 epistolas.

493 3412 810 3467 IIocIabore
844 3411 1094 3468 absoluto
1122 3411 1354 3482 Erigena
1404 3409 1647 3479 ejusdem
1676 3425 1818 3482 regis
1847 3408 2006 3479 jussu

419 3507 661 3576 suscepit
689 3504 837 3560 illum
868 3506 1122 3572 alterum,
1155 3506 1213 3561 S.
1247 3506 1464 3561 Maximi
1489 3506 1705 3562 Scholia
1743 3520 1774 3560 e
1812 3520 2006 3576 graeca

419 3601 602 3672 lingua
633 3601 685 3654 in
708 3600 929 3655 latinam
954 3601 1308 3656 transferendi
1338 3603 1436 3672 (It).
1463 3601 1628 3655 Facta
1662 3600 1826 3670 igitur
1846 3599 2009 3652 Scoto

424 3698 611 3746 nostro
634 3691 735 3746 hac
754 3691 1040 3747 occasione
1063 3691 1274 3745 illorum
1301 3690 1560 3745 librorum
1584 3691 1738 3758 copia
1762 3728 1777 3752 ,
1802 3702 1939 3756 quos
1953 3695 2010 3739 et

427 3784 560 3853 ipse,
581 3792 816 3852 utsupra
839 3783 933 3854 (cf.
951 3781 1263 3855 notic.)jatn
1288 3780 1736 3853 significavimus,
1769 3778 2010 3850 Dionysii

422 3884 480 3930 et
512 3874 763 3939 Maximi,
794 3876 1037 3931 virorum’
1066 3883 1407 3937 sanctorum,
1442 3889 1563 3930 esse
1589 3871 1846 3943 putabat,
1875 3872 2011 3925 adeo

426 3964 594 4034 ipsius
625 3963 898 4034 ingenium
927 3971 982 4017 et
1016 3975 1236 4033 propter
1280 3963 1577 4032 sapientiae
1597 4003 1611 4028 ,
1644 3977 1805 4031 quam
1834 3960 2009 4015 couti-

425 4063 649 4120 nerent,
690 4053 1080 4123 praestantiam
1131 4061 1186 4108 et
1231 4062 1454 4122 prepter
1488 4051 1750 4131 illorum,
1782 4050 1872 4119 qui
1918 4064 2013 4103 eos

427 4143 888 4213 composuissent,
920 4144 1327 4207 auctoritatem,
1358 4143 1515 4198 abiis
1538 4142 1775 4197 illectum
1799 4149 1903 4206 est,
1930 4147 2010 4207 ut,

502 4278 1190 4352 in)r_Cf.___Pagi.:_Critica
1235 4279 1289 4335 in
1330 4277 1511 4333 annal.
1566 4275 1763 4332 Baron.
1818 4276 1885 4331 ad
1919 4290 2006 4331 an.

430 4348 817 4413 DCCCXXVII,
848 4348 902 4404 ιῖ.
938 4350 1074 4405 XIV.

503 4418 577 4489 (b)
607 4419 691 4473 Cf.
728 4420 963 4490 llilduini
992 4422 1151 4490 epist.
1185 4419 1251 4475 ad
1280 4418 1487 4490 Ludov.
1511 4418 1688 4481 Pium,
1716 4416 2010 4490 Areopagi:

435 4485 567 4560 ticis
604 4490 767 4560 (edit.
801 4485 1135 4560 Colonieus.)
1166 4494 1429 4560 praelixa.
1456 4489 1755 4560 Invenitur
1775 4485 2015 4560 Ilililttiui

432 4557 583 4681 :(icusi
615 4557 772 4680 iqlmd
819 4557 1255 4615 Standeumaier.
1304 4575 1356 4630 p.
1405 4559 1505 4615 163
1539 4568 1593 4614 et
1621 4558 1761 4629 apud
1792 4558 2015 4627 Pagium

454 4645 538 4681 oc.
591 4644 672 4680 :Illl
700 4668 714 4681 .

454 4645 538 4683 DC.
571 4644 714 4681 ltltttl.

506 4700 575 4765 (ε)
598 4698 681 4753 Cf.
701 4698 848 4753 Seoti
876 4714 1045 4753 carm.
1068 4698 1135 4753 Χ.
1157 4698 1230 4753 XI
1250 4707 1307 4753 et
1331 4696 1445 4766 XII,
1468 4698 1522 4753 in
1550 4698 1679 4753 edit.
1710 4695 2013 4752 Schlueter.

432 4785 488 4840 p.
521 4769 772 4840 συγοίξθεξ.

510 4839 585 4901 id)
618 4837 700 4892 (2f.
727 4838 1160 4893 Stauelcnmaier.
1191 4854 1243 4906 p.
1274 4838 1377 4890 165
1406 4852 1521 4906 seq.

509 4912 579 4979 (ε)
613 4908 694 4979 Cf.
732 4910 1046 4962 Staudenm.
1076 4908 1415 4979 palati-I64.

511 4974 584 5048 (1)
599 4978 682 5033 Cf.
716 4980 977 5050 Erigenac
998 4974 1166 5045 praef.
1184 4979 1251 5031 ad
1273 4992 1530 5050 conversa
1547 4977 1613 5031 ab
1634 4991 1699 5050 e_o
1715 4975 1772 5050 _S.
1799 4974 2020 5050 Maximi

441 5045 692 5105 Scholiac
727 5045 960 5112 et.'cct.,
980 5065 1117 5116 quae
1148 5057 1231 5102 est
1263 5048 1402 5117 apud
1425 5048 1617 5101 Thom.
1641 5046 1791 5102 Cale.
1816 5046 1868 5099 in
1885 5045 2017 5099 edit.

440 5120 565 5175 libr.
597 5120 663 5174 de
689 5121 795 5173 div.
822 5119 966 5182 Nat.,
999 5119 1238 5187 Append.
1263 5134 1315 5187 p.
1344 5118 1385 5170 II
1408 5127 1462 5173 et
1493 5118 1573 5187 III.

513 5192 587 5259 (θ)
620 5188 775 5244 Edita
803 5199 885 5244 est
916 5185 1057 5242 haec
1081 5185 1304 5257 epistola
1344 5198 1397 5241 et
1426 5204 1455 5240 a
1494 5186 1692 5242 Jacoho
1720 5185 1940 5242 l’sserio
1962 5185 2016 5259 in

439 5254 600 5330 epi‘st’.
634 5254 1288 5340 Iliberniearutn.sylloge
1336 5259 1507 5340 Paris.
1562 5258 1822 5340 “ilia/ll.0
1864 5273 1916 5325 p.
1950 5254 2019 5308 40

440 5328 580 5399 seq.,
606 5342 661 5387 ct
688 5331 739 5384 in
770 5328 1160 5399 Areopagiticis
1200 5328 1255 5401 (ἶ.
1292 5345 1341 5383 e.
1391 5329 1636 5401 collectio
1660 5328 2011 5401 plurimarum

441 5398 786 5470 antitptarum
815 5398 1169 5470 Areopagitae
1196 5398 1500 5453 versiouum
1526 5399 1564 5463 ),
1595 5416 1731 5470 quae
1764 5398 1903 5470 typis
1928 5398 2017 5451 tle-

442 5468 1167 5542 scriptaeprodiere'tlolou.
1206 5471 1337 5525 1550
1366 5480 1420 5523 et
1446 5470 1601 5542 1.3.36.
1637 5468 1727 5522 fol.

516 5540 594 5603 (Ἰ)
618 5540 957 5613 CfIErigeu.
988 5541 1092 5597 lue.
1125 5558 1287 5609 supra
1325 5541 1427 5594 col.
1456 5540 1684 5613 15,1101.
1718 5556 1769 5609 g.

514 5612 579 5681 (ἰ)
616 5612 764 5676 Nam,
795 5611 849 5665 ut
882 5613 983 5666 alia
1016 5623 1307 5671 taceamus,
1332 5611 1653 5665 sententiam
1685 5612 2016 5681 deprecato,

451 5684 511 5745 ὼ
543 5703 619 5750 ,ιρι
640 5684 743 5735 rati
781 5698 971 5752 pnezzu,
1011 5701 1061 5751 qi
1088 5700 1171 5736 aut
1224 5683 1575 5753 Areopagitae
1604 5683 1781 5741 debet,
1810 5680 1939 5749 jam,
1968 5680 2018 5735 in

2090 1868 2237 1923 tione
2267 1868 2336 1923 ab
2364 1868 2595 1939 Erigena
2647 1867 3008 1939 signiﬁcatum
3039 1878 3120 1924 est
3145 1908 3160 1935 ,
3210 1868 3425 1925 aliunde
3470 1884 3591 1925 sese
3624 1870 3681 1923 in

2090 1958 2319 2015 Galliam
2348 1961 2581 2016 venisse.
2616 1960 2694 2015 Eo
2720 1970 2901 2015 autem
2936 1960 3057 2018 loco
3083 1961 3300 2031 scripsit
3328 1979 3341 2015 :
3376 1981 3395 2013 ‹
3438 1961 3590 2016 Hanc
3622 1962 3683 2016 li-

2091 2050 2218 2105 ham
2234 2066 2391 2106 sacro
2410 2034 2743 2106 Graecorum
2762 2061 2981 2107 nectare
3012 2051 3207 2107 fartam
3224 2093 3240 2119 ,
3263 2052 3483 2108 Advena
3507 2052 3680 2109 Joan-

2094 2157 2191 2196 nes
2219 2141 2423 2197 σπένδω
2450 2158 2571 2197 meo
2593 2142 2787 2198 Carolo
2827 2144 2890 2215 (ί)
2939 2164 2981 2197 ι.

2168 2234 2367 2290 Verum
2393 2237 2654 2306 quidquid
2678 2237 2783 2292 hac
2805 2238 2872 2292 de
2886 2253 2945 2292 re
2972 2239 3166 2294 statuis
3186 2237 3259 2311 (ft)
3284 2256 3298 2293 :
3323 2247 3449 2293 ante
3475 2253 3684 2293 annum

2098 2324 2365 2381 DCCCLX
2420 2325 2503 2380 vel
2540 2324 2855 2383 DCCCLXV
2914 2328 3204 2399 Dionysius
3241 2328 3520 2384 absolutus
3559 2328 3684 2384 fuit.

2100 2418 2370 2473 Exstatea
2391 2418 2457 2473 de
2483 2434 2543 2473 re
2557 2419 2696 2489 apud
2712 2418 2967 2474 Bulaeum
2985 2419 3076 2489 (cf.
3097 2421 3202 2476 col.
3217 2419 3309 2487 25,
3335 2431 3445 2475 not.
3465 2420 3531 2491 f).
3552 2421 3689 2477 haec

2099 2509 2305 2563 Nicolai
2338 2508 2405 2573 1.,
2437 2508 2594 2563 Pout.
2627 2508 2795 2575 Max.,
2819 2510 3044 2580 epistola
3077 2530 3089 2564 :
3127 2530 3147 2563 ε
3183 2510 3301 2566 Nic.
3332 2511 3391 2566 S.
3417 2511 3478 2567 S.
3509 2512 3569 2565 D.
3601 2512 3691 2566 Di-

2102 2599 2242 2654 lecto
2273 2600 2381 2654 filio
2411 2599 2604 2656 Carolo
2633 2599 2784 2655 Glor.
2821 2600 3017 2656 Frauc.
3259 2601 3366 2657 Sed
3392 2617 3568 2672 nuper
3592 2602 3694 2657 do-

2106 2692 2301 2745 luimus
2316 2732 2330 2756 ,
2356 2701 2413 2745 ut
2436 2691 2661 2746 relatum
2681 2699 2766 2747 est
2786 2692 3122 2761 Apostolatui
3145 2703 3331 2749 nostro
3345 2735 3359 2758 ,
3391 2694 3534 2762 quod
3553 2708 3695 2762 opus

2106 2780 2345 2852 Dionysii
2394 2780 2751 2851 Areopagitae
2789 2782 3007 2851 quidam
3039 2782 3120 2836 vir
3159 2781 3424 2847 Joannes,
3470 2782 3697 2838 natione

2109 2869 2336 2935 Scotus,
2394 2887 2566 2940 nuper
2614 2872 2890 2926 transtulit
2927 2873 2981 2926 in
3018 2870 3301 2937 Latinum,
3345 2872 3487 2943 quod
3528 2871 3692 2940 juxta

2108 2976 2313 3016 morem
2339 2961 2616 3016 Ecclesiae
2643 2962 2798 3015 nobis
2827 2961 2964 3016 mitti
2986 2972 3040 3015 et
3071 2970 3253 3018 nostro
3277 2962 3481 3032 judicio
3506 2963 3698 3017 debuit

2108 3051 2412 3121 approbari.
2461 3050 2788 3104 Praesertim
2838 3066 3001 3119 quum
3034 3051 3173 3106 idem
3215 3049 3453 3107 Joannes
3490 3051 3698 3107 multae

2108 3141 2371 3196 scientiae
2396 3156 2517 3195 esse
2541 3141 2882 3208 praedicetur
2901 3140 3029 3195 olim
3045 3182 3060 3206 ,
3093 3142 3185 3197 sed
3210 3156 3315 3196 non
3344 3156 3476 3196 sane
3501 3157 3698 3212 sapere

2108 3233 2162 3287 in
2199 3232 2520 3301 quibusdam
2552 3230 2822 3300 frequenti
2864 3248 3082 3286 rumore
3117 3233 3467 3287 dicatur......
3497 3233 3697 3287 Datum

2107 3339 2248 3378 anno
2272 3323 2459 3392 Apost.
2485 3324 2653 3377 nostri
2684 3323 2766 3376 III.
2792 3343 2811 3376 ι
2844 3323 2942 3379 llic
2964 3331 3047 3379 est
3072 3339 3244 3379 annus
3272 3323 3573 3387 DCCCLX;
3600 3326 3697 3378 sed

2107 3414 2199 3469 alii
2217 3414 2418 3477 volunt,
2440 3414 2578 3468 hanc
2598 3413 2879 3483 epistolam
2913 3415 3132 3469 circiter
3153 3430 3356 3470 annum
3378 3413 3698 3470 DCCCLXV

2108 3505 2364 3573 scriptam
2396 3520 2516 3559 esse
2540 3504 2622 3576 (ι).

2179 3596 2331 3663 Quod
2377 3595 2632 3652 Nicolaus
2660 3596 2725 3659 I.,
2763 3596 3124 3660 Pont..Max.,
3173 3597 3419 3667 queritur
3463 3596 3566 3652 sibi
3600 3611 3704 3652 eos

2109 3690 2279 3745 libros
2324 3691 2558 3743 nondum
2600 3692 2798 3745 missos
2828 3689 3022 3755 fuisse,
3056 3691 3323 3744 incertum
3348 3696 3463 3753 est,
3514 3698 3701 3742 utrum

2111 3783 2215 3837 hoc
2243 3794 2428 3852 postea
2458 3781 2659 3836 factum
2690 3784 2762 3836 sit
2789 3822 2803 3847 ,
2848 3796 2949 3837 nec
2975 3796 3061 3836 ne.
3096 3780 3205 3837 Nos
3237 3781 3455 3851 quidem
3495 3780 3598 3834 hac
3632 3780 3704 3833 de

2112 3888 2173 3929 re
2201 3872 2331 3928 nihil
2362 3873 2637 3943 cognitum
2664 3873 2927 3927 habemus
2948 3872 3064 3943 (m).

2182 3962 2502 4019 Anastasius
2528 3963 2974 4018 hibliothecarius
3007 3960 3377 4032 compluribus
3396 3957 3703 4028 annis'posl

2113 4055 2188 4109 ita
2213 4055 2279 4109 de
2308 4055 2629 4123 Erigeniana
2661 4054 3021 4124 Areopagitae
3065 4053 3315 4108 versione
3339 4053 3407 4105 ad
3445 4050 3702 4106 Carolum

2112 4148 2334 4204 Calvum
2372 4147 2587 4218 scripsit
2612 4146 2686 4218 (η)
2719 4161 2733 4200 :
2770 4164 2789 4197 ι
2840 4146 3140 4200 Mirandum
3172 4159 3386 4215 quoque
3409 4151 3521 4209 est,
3563 4155 3705 4211 quo-

2114 4280 2252 4334 libro
2267 4279 2333 4333 de
2354 4276 2623 4348 praedest.
2647 4278 2912 4345 exposuit.
2934 4275 3175 4348 Cf._infra
3201 4275 3334 4348 Cap.
3356 4272 3445 4337 IV,
3470 4271 3574 4348 col.
3600 4270 3700 4335 27,

2117 4359 2231 4404 not.
2265 4365 2312 4401 c.
2353 4343 2535 4416 Neque
2563 4343 2742 4401 tamen
2767 4348 2819 4401 id
2849 4346 3122 4416 quodjam
3153 4343 3399 4415 proximo
3430 4343 3607 4416 capite
3630 4356 3701 4395 ex

2043 4443 2092 4503 ι)
2117 4420 2236 4502 ιροο
2256 4411 2497 4503 suae“
2520 4411 3212 4503 (ςίοξυηιεαςρῖ-Αδέῑιοιεὲι)
3230 4411 3706 4503 lacessit???

2121 4483 2360 4544 niani-ad
2389 4488 2593 4543 scholia
2625 4483 2929 4541 SCMaximi
2965 4483 3703 4557 patereranimadvertimus,

2121 4559 2230 4616 ullo
2265 4568 2442 4631 pacto,
2468 4568 2549 4611 est
2577 4558 2894 4631 verisimile,
2925 4550 3069 4631 eum,
3104 4556 3416 4631 priusquam
3441 4552 3506 4605 ad
3537 4550 3709 4631 Caro-

2122 4631 2235 4685 lum
2265 4625 2491 4684 Calvum
2527 4628 2762 4693 venerit,
2789 4625 3145 4696 Areopagitae
3167 4625 3333 4680 libros
3362 4625 3703 4689 cognovisse.

2194 4699 2268 4771 (j)
2300 4697 2383 4771 Cl".
2409 4697 2650 4771 Scliluet.
2686 4698 2895 4766 p.'608.
3008 4700 3013 4705 ’

2192 4765 2264 4839 (is)
2294 4768 2644 4839 Schlueterus
2668 4765 3036 4839 compertum
3077 4765 3550 4839 liahcredvidetur,
3585 4770 3710 4839 post

2122 4832 2321 4895 annum
2358 4838 2619 4893 DCCCLV
2646 4832 2859 4891 deumm
2884 4838 3166 4905 Erigenam
3192 4837 3256 4889 ad
3282 4834 3409 4905 illud
3431 4832 3707 4905 negotium

2124 4910 2412 4978 impulsum
2445 4925 2584 4962 esse.
2626 4909 2915 4977 Postquam
2948 4900 3091 4961 enim
3118 4905 3266 4978 (edit.
3286 4903 3490 4978 _cjt_t_s_p.
3512 4900 3608 4965 IV)
3639 4903 3708 4978 d‘e

2122 4971 2353 5034 concilio
2392 4978 2603 5033 Valent.
2626 4971 2883 5049 quod'illo
2914 4979 3028 5049 ipso
3058 4971 3199 5049 anno
3222 4971 3489 5049 (cllﬁblab.
3520 4971 3704 5025 annal.

2122 5049 2321 5103 Beued.
2341 5049 2461 5103 libr.
2482 5049 2570 5102 54.
2599 5043 2764 5108 11.95,
2784 5049 2887 5101 Nat
2931 5043 3190 5101 Alexaud.
3223 5043 3348 5100 hist.
3377 5043 3569 5098 ecclcs.
3591 5056 3703 5096 see.

2122 5120 2192 5174 IX
2217 5130 2273 5174 ct
2298 5120 2367 5184 X,
2392 5121 2609 5172 dissert.
2634 5117 2701 5177 ν.
2734 5119 2762 5189 §
2790 5117 3150 5189 XILhabitum
3177 5125 3279 5189 est,
3314 5128 3711 5189 eorumeorum}-

2126 5193 2221 5253 vit,
2257 5181 2363 5244 hoc
2385 5192 2542 5243 modo
2570 5181 2783 5259 pergit":
2817 5209 2835 5240 (
2866 5181 3006 5241 Post
3034 5188 3167 5259 haec
3193 5185 3370 5259 Cat-oi.
3399 5183 3546 5239 Calv.
3583 5181 3708 5259 hiri-

2123 5252 2313 5331 genam
2337 5262 2401 5312 ad
2421 5252 2705 5329 (Pseudle-ﬂ)
2730 5259 3093 5331 Dionysium)
3124 5255 3356 5331 [siellh
3392 5252 3711 5331 vertendum

2121 5322 2377 5385 Excitavit
2399 5322 2443 5382 ιζ
2472 5330 2546 5383 Ne
2570 5332 2670 5383 hoc
2689 5322 2906 5399 quidem
2922 5369 2937 5395 ,
2962 5327 3102 5382 unde
3125 5322 3395 5390 didicerit,
3419 5325 3528 5379 ullo
3550 5322 3708 5378 tnodc

2124 5403 2361 5471 reperire
2390 5402 2677 5470 potuimus.

2200 5473 2261 5541 (Ι)
2286 5472 2366 5524 Cf.
2391 5466 2836 5525 'Staudenmaier.
2868 5468 2904 5521 1.
2931 5468 2964 5522 l.
2994 5484 3047 5541 p.
3072 5466 3175 5541 lliG
3208 5476 3321 5520 not.
3356 5466 3403 5520 I.

2201 5539 2296 5609 (ηε)
2322 5540 2404 5594 Cf.
2438 5541 2866 5594 blandeutnaier.
2903 5555 2957 5607 p.
2988 5539 3090 5593 166
3120 5554 3232 5605 seq.

2203 5608 2280 5677 (ιι)
2313 5612 2492 5666 Usscr.
2523 5627 2609 5681 ep.
2641 5610 2750 5664 hib.
2786 5610 2976 5680 syllog.
3010 5624 3061 5677 p.
3090 5608 3156 5662 λίῦ
3184 5624 3296 5678 seq.
