4002 6148
297 309 354 363 21
1123 310 1206 363 DI‘.
1252 311 1402 365 \‘t'lA
1445 312 1524 366 Εἰ
1575 312 1862 369 I’BJLCEP

1977 341 1980 361 ι
2015 313 2065 368 .I.
2109 314 2324 369 SGOTI.
2363 345 2432 355 -—~
2471 315 2650 373 PARS
2687 315 2728 372 I.
3478 323 3550 378 22

296 419 448 471 modo
469 415 559 470 ille
585 415 666 468 vir
689 414 1090 472 barbarus..."
1118 407 1543 476 talia'intcllertu
1571 439 1781 492 capere,
1815 424 1866 476 in
1895 426 1945 483 Α
1973 425 2159 478 citavit
2208 425 2533 480 Paschasius
2567 427 2894 494 Radbertus,
2933 426 3124 484 Gallici
3157 429 3401 486 coenobii
3429 429 3561 487 Gor-

291 509 558 576 aliamque
585 507 820 576 linguam
851 509 1150 562 transferre
1178 511 1522 566 valuerit.....
1548 544 1616 554 -—-
1644 514 1748 568 Sed
1769 518 1870 568 hoc

290 606 538 665 aperatus
565 603 648 648 est
677 596 766 648 ilte
795 595 988 650 artifex
1021 599 1274 666 spiritus,
1307 602 1396 669 qui
1424 603 1564 656 hunc
1591 604 1869 657 ardentem

293 688 488 755 pariter
513 695 567 738 et
595 687 900 754 loquentem
934 687 1092 753 feeit;
1121 691 1220 742 nisi
1251 692 1392 744 enim
1420 705 1484 746 ex
1512 695 1681 762 gratia
1706 694 1872 763 ipsius

291 777 405 845 igne
430 776 678 829 caritatis
722 774 1031 842 ﬂagrasset,
1073 795 1415 850 nequaquam
1447 787 1645 837 donum
1675 784 1870 854 linguis

291 866 530 935 loquendi
575 868 766 936 procul
797 869 960 923 dubio
1009 874 1429 940 suscepisset....
1457 907 1522 914 —
1545 875 1679 930 Cum
1727 887 1872 932 esset

293 957 500 1011 humilis
528 959 720 1026 spiritu
750 997 765 1021 ,
799 974 904 1011 non
951 964 1310 1031 praesumpsit
1335 1005 1348 1022 ,
1390 966 1536 1018 verbi
1568 968 1867 1034 proprieta-

293 1057 390 1099 tem
417 1048 736 1101 deserere...
754 1046 991 1102 —Unde
1019 1051 1216 1103 factum
1235 1062 1315 1104 est
1336 1093 1349 1114 ,
1376 1061 1434 1106 ut
1460 1063 1663 1108 tantum
1693 1049 1866 1108 virum

293 1137 627 1207 (Dionysium
655 1135 1058 1208 Arcopagitant)
1089 1140 1225 1193 intra
1247 1142 1524 1206 cujusdam
1551 1144 1866 1218 Lahyrinthi

290 1225 510 1281 difficilia
546 1227 784 1282 irretiret
811 1269 826 1292 ,
855 1236 909 1282 et
939 1229 990 1282 in
1017 1231 1187 1283 antris
1218 1233 1655 1300 prol‘umliorilnts
1685 1235 1869 1289 inrisi-

291 1315 526 1372 biliorem
553 1319 788 1386 quodam
821 1319 980 1372 modo
1007 1321 1314 1384 collocaret,
1345 1333 1397 1375 et
1421 1340 1579 1391 quem
1606 1325 1868 1394 interpre-

294 1418 518 1461 taturum
558 1418 906 1476 susceperat,
985 1411 1160 1465 adhuc
1203 1413 1294 1465 red
1320 1414 1448 1467 teret
1503 1415 1862 1481 interpretan-

288 1503 405 1556 dum
443 1522 490 1554 ι.
523 1502 725 1555 Eodem
749 1502 908 1571 plane
948 1506 1104 1557 modo
1130 1505 1196 1558 de
1220 1505 1308 1558 illa
1332 1507 1578 1559 versione
1601 1508 1866 1577 Erigonae

285 1591 475 1660 judicat
506 1591 810 1647 Guilelmus
853 1593 1371 1660 Malmesburieusis,
1423 1597 1668 1665 judicant
1697 1599 1729 1652 ii
1771 1599 1863 1668 qui

293 1684 422 1737 hunc
463 1683 1046 1752 sequuntur,.Simeon
1088 1687 1482 1754 Dunelmensis,
1526 1697 1582 1742 et
1613 1689 1865 1745 Matthias

1969 512 2203 568 beiensis
2230 515 2480 580 antistes.

2046 605 2240 658 Verum
2289 619 2353 656 ex
2410 605 2641 660 instituti
2689 607 2860 662 nostri
2911 609 3122 662 ratione
3167 624 3273 664 non
3323 611 3562 682 integras

1971 693 2088 746 illas
2110 695 2278 757 rixas,
2304 695 2396 747 sed
2419 710 2514 748 eas
2544 705 2751 750 tantum
2781 707 2960 766 partes
2986 699 3398 767 explicabimus,
3421 717 3561 771 quae

1971 783 2116 836 Scoti
2153 785 2388 846 fuerunt,
2439 801 2686 854 quaeque
2735 787 2816 841 his
2847 789 2977 854 ipsis
3005 787 3151 842 Scoti
3183 793 3429 859 partibus
3457 809 3557 848 ne-

1969 875 2256 926 cessariam
2285 874 2460 926 lucem
2491 874 2769 930 all‘undere
2806 876 3110 931 vidcantur.

2041 963 2323 1014 Damnavit
2356 962 2521 1030 igitur
2546 963 2958 1018 Gothescalcum
2993 967 3069 1036 (f)
3101 975 3159 1020 ut
3188 968 3558 1036 praedestina-

1969 1053 2148 1106 tianae
2195 1053 2437 1107 haeresis
2484 1057 2791 1110 convictum
2828 1057 3167 1123 Hincmarus,
3200 1060 3563 1130 archiepisco-

1969 1157 2068 1211 pus
2115 1145 2417 1208 ltemensis,
2467 1161 2589 1199 cum
2636 1147 2842 1216 synodo
2899 1148 2916 1202 Ι
2971 1151 3110 1218 apud
3146 1151 3475 1207 Carisiacum
3503 1168 3558 1207 a.

1973 1237 2315 1291 DCCCXLIX
2367 1239 2548 1292 habita
2604 1239 2700 1309 (ῃ).
2755 1242 3116 1298 Damnaverat
3171 1244 3559 1311 eundemjam

1968 1328 2217 1395 proximo
2263 1343 2405 1381 anno
2456 1329 2744 1383 concilitttn
2780 1331 3147 1401 Moguntinum
3190 1332 3234 1386 II
3284 1335 3382 1388 sub
3419 1334 3558 1389 lira-

1969 1418 2127 1480 hano,
2159 1419 2249 1486 qui
2282 1433 2347 1471 eo
2398 1419 2516 1486 ipso
2547 1428 2786 1489 tempore
2817 1421 3261 1492 archiepiscopus
3289 1423 3558 1493 Mogunti-

1967 1524 2067 1562 nus
2097 1518 2214 1562 erat
2241 1517 2458 1562 creatus
2487 1509 2585 1580 (Ii).
2616 1509 2769 1579 Apud
2805 1511 2950 1565 illum
2979 1513 3118 1566 enim
3149 1511 3557 1578 Gothescalcus,

1967 1599 2057 1668 qui
2108 1598 2160 1650 in
2203 1598 2487 1652 itincribus
2535 1614 2634 1668 per
2659 1600 2864 1654 Italiam
2908 1601 3362 1672 Germaniamque
3403 1603 3563 1659 factis

1967 1690 2202 1758 primum
2234 1691 2300 1744 de
2348 1690 2558 1760 gemina
2600 1692 3093 1760 praedestinatione
3123 1709 3428 1750 sermonem
3476 1695 3559 1751 fe-

291 1775 900 1829 Westmonasteriensis.
943 1775 1071 1829 lllc:
1109 1793 1127 1825 ι
1174 1775 1408 1830 Verbum
1448 1796 1492 1841 ι,
1529 1779 1732 1846 inquit.
1764 1797 1783 1828 ι
1835 1793 1866 1833 e
1898 1772 1940 1829 Β
1969 1783 2157 1843 cisset,
2211 1782 2366 1836 istius
2397 1782 2603 1837 erroris
2649 1793 2936 1839 accusatus
2980 1783 3188 1839 fuerat:
3215 1794 3377 1854 atque
3420 1787 3555 1842 haec

294 1867 562 1935 turbela),
590 1865 890 1920 transtulit.
922 1865 1040 1932 Quo
1091 1866 1181 1931 lit,
1222 1875 1280 1920 ut
1307 1869 1393 1922 vix
1427 1869 1762 1938 intelligatur
1786 1869 1862 1921 la-

294 1960 390 2009 tina
420 1959 618 2019 littera,
669 1972 808 2026 quae
853 1957 1192 2014 volubilitate
1237 1961 1408 2029 magis
1449 1975 1670 2030 graeca,
1700 1977 1860 2030 quam

291 2049 537 2116 msitione
572 2047 914 2102 construitur
937 2058 1120 2102 nostra
1157 2069 1176 2100 ι
1209 2050 1244 2102 i.
1274 2065 1324 2104 e.
1352 2050 1541 2105 latina.

353 2140 516 2208 Atque
544 2149 770 2208 propter
801 2141 943 2194 hanc
969 2140 1139 2208 ipsam
1171 2141 1633 2211 interpretationis
1672 2140 1861 2208 Erige-

296 2231 466 2282 nianae
509 2231 907 2285 obscuritatem
947 2230 1147 2286 factum
1173 2247 1296 2287 esse
1325 2242 1532 2302 putant,
1578 2242 1638 2287 ut
1678 2246 1863 2304 postea

296 2321 526 2374 οἳ,Ιίνίοηί
549 2323 880 2387 traderetur,
910 2338 1010 2378 nec
1036 2323 1136 2376 nisi
1163 2337 1428 2393 perpauca
1455 2325 1572 2394 ejus
1592 2326 1866 2394 exempla-

296 2411 362 2464 ria
381 2413 598 2480 pmpius
621 2413 688 2464 ad
712 2422 953 2466 nostram
975 2422 1210 2468 aetatem
1235 2417 1562 2470 accesserint
1591 2416 1665 2488 (b)
1685 2417 1736 2469 δι.
1763 2417 1868 2486 Ty-

296 2501 367 2570 pis
379 2503 644 2572 descripta
661 2502 1126 2571 prodiitGoloniae
1138 2504 1463 2575 Agrippinae
1485 2523 1587 2560 una
1607 2523 1726 2561 cum
1745 2508 1866 2562 aliis

297 2595 598 2661 quibusdam
620 2596 858 2665 antiquis
884 2595 1370 2668 Pseudo—Dionysii
1404 2599 1742 2653 versionibus
1771 2599 1862 2670 (c).

356 2685 616 2752 Alterum,
655 2687 870 2756 de.quo
917 2687 1173 2754 diximus,
1215 2689 1478 2760 Erigonae
1505 2706 1658 2760 opus,
1702 2692 1868 2746 inter-

297 2779 643 2846 pretationem
689 2780 1035 2836 Scholiorum
1083 2783 1136 2836 in
1183 2782 1503 2852 Gregorium
1533 2783 1866 2854 theologum,

298 2866 516 2922 Thomas
551 2867 772 2934 Galeas,
817 2868 1169 2936 Oxoniensis,
1206 2887 1312 2925 una
1343 2887 1466 2926 cum
1497 2872 1648 2927 libris
1677 2875 1742 2927 de
1781 2875 1866 2927 di-

297 2958 482 3012 visione
504 2958 746 3014 Naturae
773 2961 944 3015 edidit
970 2960 1072 3031 (d).
1103 2963 1402 3032 Acceperat
1425 2963 1500 3029 id,
1536 2971 1596 3018 ut
1625 2965 1740 3034 ipse
1770 2965 1862 3028 ait,

298 3061 440 3118 opera
465 3047 692 3105 Joannis
727 3049 1020 3105 Mabillonii
1047 3051 1136 3121 (ε).

883 3162 1110 3219 CAPUT
1160 3164 1253 3218 IV.

301 3247 430 3314 Quae
453 3254 668 3320 gesserit
694 3253 928 3326 iErigena
955 3255 1006 3308 in
1047 3255 1153 3309 illis
1181 3254 1538 3326 theologorum
1569 3267 1867 3312 controver-

658 3325 771 3386 siis,
823 3341 1047 3394 quorum
1090 3325 1498 3396 particeps’fuil.

360 3411 496 3468 Duae
522 3414 763 3478 omnino,
779 3424 840 3466 ut
856 3429 1016 3484 supra
1035 3412 1145 3482 jam
1167 3415 1467 3480 docuimus,
1491 3417 1702 3472 luerunt
1723 3419 1870 3472 theo-

299 3503 524 3573 logorum
553 3521 764 3576 pugnae
800 3505 946 3560 Scoti
977 3507 1308 3576 temporibus
1338 3523 1436 3576 per
1463 3509 1691 3562 Galliam
1723 3523 1870 3563 com-

302 3595 516 3658 missae,
568 3611 800 3666 quarum
851 3611 992 3650 nunc
1039 3611 1226 3650 sumus
1268 3598 1596 3651 mentionem
1649 3598 1864 3652 facturi.

300 3681 462 3739 Altera
497 3687 564 3740 de
604 3687 1099 3759 praedestinatione
1134 3695 1275 3740 mota
1309 3697 1392 3740 est
1422 3687 1865 3778 a’Gothescalco,

301 3773 568 3831 Orhacensi
622 3776 924 3841 monacho,
958 3777 1185 3832 alteram
1216 3779 1282 3833 dc
1311 3777 1368 3831 S.
1400 3773 1736 3833 Eucharistia
1769 3795 1866 3834 ex-

363 3912 430 3982 (a)
462 3912 546 3967 Cf.
581 3914 773 3967 Thom.
805 3913 956 3968 Gale.
993 3915 1028 3966 Ι.
1065 3913 1099 3967 I.
1129 3915 1330 3969 testim.
1366 3929 1418 3982 p.
1462 3913 1516 3968 6.

361 3983 428 4054 (b)
569 3983 793 4036 Histoir.
825 3983 935 4054 litt.
957 3984 1020 4036 de
1047 3983 1098 4035 la
1130 3983 1251 4046 [τι-η
1291 3993 1426 4040 lout.
1454 3984 1515 4047 V,
1541 3999 1594 4054 p.
1620 3983 1745 4038 426.

362 4051 424 4122 (r)
450 4052 555 4123 CL,
587 4068 751 4123 supra
783 4052 884 4106 col.
917 4053 1007 4116 l9,
1057 4063 1166 4106 not.
1198 4071 1248 4122 g.

1969 1873 2082 1940 ipsa
2133 1871 2371 1938 synodus
2413 1871 2726 1925 damnatum
2782 1888 2904 1927 eum
2958 1874 3179 1929 miserat
3226 1874 3561 1940 Hincmaro,

1968 1965 2356 2019 monachorum
2389 1961 2776 2018 Orliacensium
2807 1967 3179 2035 metropolitae
3206 1968 3288 2038 (ὅ).

2037 2055 2188 2122 Quae
2211 2054 2372 2109 fuerit
2393 2055 2606 2110 concilii
2639 2055 2931 2126 Moguntini
2963 2059 3230 2112 sententia
3263 2059 3328 2113 de
3357 2058 3562 2114 Gothe-

1967 2145 2146 2202 scalco
2177 2145 2304 2208 lata,
2339 2146 2493 2200 docet
2541 2145 2766 2216 epistola
2793 2147 3054 2211 llrabani,
3086 2160 3304 2218 peracto
3332 2149 3562 2203 concilio

1967 2251 2130 2306 super
2159 2237 2258 2290 hac
2286 2236 2398 2305 ipsa
2425 2251 2486 2290 re
2517 2239 2582 2290 ad
2608 2237 2958 2292 Iliucmarum
2981 2240 3200 2308 scripta.
3233 2239 3288 2294 In
3315 2256 3376 2294 ea
3400 2240 3564 2308 igitur

1969 2329 2193 2398 epistola
2223 2329 2290 2399 υ)
2319 2346 2333 2382 :
2362 2348 2380 2380 ι
2412 2328 2734 2384 Gothescalc
2767 2349 2814 2394 ι,
2845 2331 2942 2394 ait,
2989 2349 3009 2382 ι
3049 2332 3196 2384 venit
3226 2332 3290 2384 ad
3319 2347 3418 2386 nos
3450 2332 3563 2386 Mo-

1969 2424 2232 2494 guntiam,
2277 2437 2444 2476 novas
2466 2421 2878 2490 superstitiones
2908 2431 2963 2475 et
3005 2422 3222 2476 noxiam
3257 2423 3561 2476 doctrinam

1969 2513 2037 2568 de
2079 2511 2576 2581 praedestinatione
2624 2511 2716 2565 Dei
2747 2511 3119 2574 introduccns,
3150 2519 3204 2564 et
3251 2511 3475 2581 populos
3507 2513 3562 2565 in

1971 2617 2211 2657 errorem
2261 2601 2501 2663 mittens,
2536 2601 2744 2664 dicens,
2781 2601 2924 2670 quod
2972 2600 3396 2668 praedestinatio
3445 2599 3562 2662 Det,

1971 2693 2112 2748 sicut
2153 2694 2204 2746 in
2233 2693 2394 2755 bono,
2422 2691 2493 2744 sit
2522 2691 2594 2745 ita
2625 2701 2678 2745 et
2708 2692 2759 2744 in
2789 2691 2954 2755 malo,
2981 2701 3035 2745 et
3071 2691 3208 2746 tales
3237 2691 3344 2745 sint
3373 2691 3427 2744 in
3460 2692 3564 2745 hoc

1970 2784 2172 2838 mundo
2199 2783 2435 2852 quidam.
2467 2782 2556 2850 qui
2592 2791 2814 2851 propter
2840 2781 3388 2850 praetlcstinationem
3439 2779 3561 2847 Dei,

1971 2893 2109 2946 quae
2131 2892 2224 2930 eos
2253 2885 2408 2945 cogat
2438 2876 2488 2928 in
2523 2884 2750 2929 mortem
2777 2875 2877 2937 ire,
2912 2890 3014 2926 non
3049 2873 3258 2943 possint
3283 2873 3349 2925 ab
3379 2889 3566 2928 errore

1971 2978 2025 3022 et
2064 2977 2286 3038 peccato
2315 2982 2374 3020 se
2405 2967 2701 3036 corrigere,
2728 2965 2883 3034 quasi
2918 2965 3059 3018 Deus
3089 2979 3184 3018 eos
3235 2965 3452 3019 fecisset
3497 2966 3566 3020 ah

1973 3059 2128 3113 initio
2153 3056 2548 3127 incorrigibiles
2574 3070 2717 3120 esse,
2742 3063 3020 3126 etpocnae
3045 3053 3309 3110 obnoxios
3332 3055 3386 3109 in
3415 3055 3556 3110 inte-

1972 3151 2136 3204 ritum
2169 3149 2248 3202 ire
2280 3167 2320 3198 ι.

2044 3239 2158 3294 Iloc
2203 3237 2467 3308 judicium
2518 3235 2758 3308 synodus
2808 3234 3220 3298 Carisiacensis,
3276 3236 3342 3289 ad
3394 3249 3560 3305 quam

1971 3329 2294 3384 Hincmarus
2347 3329 2571 3380 missum
2624 3325 2725 3380 sibi
2777 3325 3194 3381 Gothescalcum
3239 3325 3307 3379 de
3356 3325 3566 3396 integro

1963 3419 2314 3488 judicandnm
2365 3419 2681 3480 adduxerat,
2713 3417 2936 3472 omnino
2960 3425 3134 3470 ratum
3162 3415 3368 3478 habuit,
3401 3426 3564 3485 atque

1969 3519 2249 3581 praetcrea
2280 3509 2549 3563 infelicem
2582 3507 2731 3561 illum
2778 3507 3102 3562 monachum
3143 3515 3365 3575 pr0pter
3389 3505 3560 3574 perti-

1970 3600 2202 3662 naciam,
2247 3613 2352 3668 qua
2400 3613 2530 3651 usus
2574 3605 2749 3661 esset,
2803 3597 3122 3667 gravissima
3155 3611 3325 3665 poena
3357 3596 3560 3652 aﬂecit.

1971 3690 2166 3744 Narrat
2205 3691 2342 3743 hanc
2393 3704 2504 3743 rem
2551 3687 2876 3754 Ilincmarus
2909 3689 2961 3741 in
3003 3687 3140 3742 libro
3165 3688 3232 3742 de
3262 3687 3561 3758 praedesti-

1968 3780 2190 3834 nationc
2217 3777 2297 3849 (Ις)
2323 3795 2335 3830 :
2372 3795 2388 3826 ι
2417 3776 2805 3835 Gotltescalcus
2836 3796 2883 3842 ι,
2909 3777 3107 3846 inquit,
3141 3793 3160 3826 ι
3208 3777 3310 3842 sic,
3341 3783 3476 3830 utet
3507 3776 3560 3829 in

1969 3921 2271 3982 cogeretur.
2307 3910 2356 3964 ls
2389 3919 2567 3963 tamen
2593 3909 2644 3962 in
2676 3911 2937 3982 coenobio
2967 3910 3222 3965 Fnldensi
3254 3909 3392 3982 apud
3425 3909 3559 3982 lira—

1966 3980 2164 4037 banum
2195 3983 2395 4034 diutius
2429 3996 2648 4033 manere
2672 3981 2862 4043 noluit,
2891 3981 3222 4049 secessitque
3249 3983 3314 4033 ad
3345 3980 3554 4042 Gallos,

1967 4053 2055 4105 ubi
2087 4052 2137 4104 in
2166 4051 2476 4106 Orhareuse
2507 4052 2892 4103 monasterium
2925 4066 3044 4105 sese
3075 4050 3301 4104 abdidit.
3329 4049 3412 4102 Gl'.
3448 4049 3559 4102 Ma-

361 4111 430 4189 (d')
461 4111 553 4175 Cl.
575 4111 669 4176 .Io:
721 4125 810 4176 Sc.
840 4111 1084 4192 Et-ig.'tle
1111 4111 1268 4179 divis.
1301 4121 1421 4176 Nat.
1453 4123 1574 4177 libri
1607 4125 1672 4179 V.
1700 4123 1867 4179 Acce-

301 4191 368 4262 dit
397 4194 667 4261 Appendix
699 4207 764 4245 ex
805 4191 1086 4262 Anthiguis
1116 4193 1173 4248 S.
1215 4193 1433 4248 Maximi
1463 4194 1649 4247 Graece
1679 4203 1732 4246 et
1763 4195 1864 4249 La-

301 4260 415 4314 tine.
437 4260 625 4316 Oxooii
651 4279 681 4316 e
714 4263 926 4315 theatro
956 4260 1354 4317 Scheldoniano
1379 4279 1428 4316 a.
1482 4262 1861 4319 MDGLXX'XI.

359 4332 422 4398 le)
451 4331 532 4385 Cl.
560 4331 920 4387 Thom.Gale.
955 4333 991 4386 l.
1026 4332 1060 4386 l.
1100 4337 1302 4388 testim.
1337 4335 1507 4401 p.12.

267 4454 274 4466 ,
359 4403 429 4469 (f)
464 4402 592 4455 Erat
625 4403 669 4454 is
698 4401 1021 4456 Orhacensis
1048 4405 1264 4471 quidem
1299 4405 1612 4468 utotutchns,
1656 4419 1755 4459 nec
1786 4413 1864 4460 ta-

266 4486 403 4536 ,men
432 4473 647 4525 natione
673 4471 882 4536 Gal1ns,
923 4473 1014 4525 sed
1043 4473 1208 4527 Saxo.
1239 4473 1398 4527 Patre
1443 4475 1586 4527 enim
1621 4490 1748 4528 usus
1779 4485 1864 4530 est

267 4542 472 4613 ignaue
518 4540 722 4603 Beroe,
777 4541 1114 4613 notatissimo
1163 4544 1306 4597 inter
1349 4543 1591 4598 Saxones
1641 4561 1859 4613 genere.

298 4609 518 4664 Tnt-iunt
568 4623 771 4674 autem,
819 4611 1234 4666 Gothescalcum
1281 4615 1561 4680 puerulmn
1613 4609 1790 4670 adhuc
1830 4631 1860 4669 a

297 4682 584 4798 parentibus
612 4684 726 4734 suis
768 4681 820 4734 in
847 4682 1108 4737 coenobio
1138 4682 1389 4736 Fuldcnsi
1427 4703 1444 4733 ι
1489 4684 1597 4736 lico
1625 4701 1744 4738 esse
1767 4685 1863 4738 ob-

313 4760 443 4798 aium
477 4770 516 4798 ι.
550 4750 646 4798 llic
673 4767 776 4798 una
809 4766 928 4798 cum
962 4767 1027 4798 eo
1053 4755 1118 4798 ad
1150 4753 1357 4798 litteras
1387 4753 1623 4798 inmtlmil
1677 4755 1860 4798 ὶνηις.-

313 4760 443 4803 a:um
477 4770 516 4802 I.
550 4750 646 4804 llic
673 4767 776 4804 una
809 4766 928 4803 cum
962 4767 1027 4806 eo
1053 4755 1118 4805 ad
1150 4753 1357 4806 litteras
1387 4753 1626 4807 ineuhait
1677 4755 1860 4807 Wala-

297 4820 446 4888 lridus
472 4819 698 4884 Strabo,
727 4835 886 4888 quem
917 4821 1106 4874 habuit
1137 4823 1544 4875 amicissimum.
1597 4823 1680 4875 (1i.
1725 4825 1859 4876 Wa-

295 4887 404 4941 lal’r.
430 4905 600 4963 poem.
636 4891 688 4944 in
720 4887 1144 4963 Mg'trx.__bib_lioth.
1179 4902 1414 4963 patrum,
1445 4894 1576 4946 edit.
1607 4893 1850 4963 Lugtlutt.

290 4958 571 5023 Jour—XV,
619 4975 672 5028 p.
718 4962 814 5015 251
869 4960 1022 5014 C-G.
1057 4958 1232 5027 Qtutitt
1282 4962 1642 5024 adolescrret,
1689 4958 1853 5017 {itam

294 5032 646 5102 monachicam
700 5041 982 5102 pertaesus
1021 5033 1175 5101 petiit
1221 5032 1290 5083 ab
1335 5031 1575 5098 Otgario,
1609 5036 1853 5102 archirp.

293 5097 537 5168 Mogunt.,
566 5110 644 5160 ttt,
697 5097 951 5170 quoniam
994 5097 1196 5155 invitus
1225 5103 1288 5154 ad
1319 5097 1440 5154 eam
1477 5105 1741 5156 adductus
1771 5097 1856 5156 es-

291 5180 392 5230 ενι,
423 5171 534 5238 ejus
565 5171 841 5224 voluntate
885 5172 1054 5238 ipsam
1089 5173 1390 5238 relinquere
1435 5173 1535 5225 sibi
1574 5176 1854 5240 permitte-

293 5251 442 5310 retur.
492 5240 676 5309 Neque
720 5239 974 5309 Otgaritts
1015 5241 1062 5293 ei
1097 5243 1294 5310 petenti
1347 5242 1533 5295 defuit.
1567 5239 1684 5296 Jam
1727 5259 1856 5298 vero

292 5305 816 5374 IIrabanusJaltbas"
841 5305 1118 5365 Fuldeusis
1150 5323 1222 5376 (a.
1259 5312 1644 5378 IXIGGXXIXi,
1677 5313 1853 5366 Ludo.

294 5378 448 5430 \irum
480 5380 605 5448 Imp.
660 5396 756 5448 per
786 5381 993 5434 litteras
1039 5382 1191 5444 adiit,
1237 5384 1392 5450 eique
1441 5385 1850 5449 demonstravit,

295 5459 552 5512 parentum
583 5461 705 5503 voto
737 5466 932 5518 pueros
959 5451 1011 5504 itt
1043 5463 1358 5518 perpetuum
1401 5455 1729 5507 constrictos
1778 5465 1854 5508 lc-

293 5517 412 5569 tueri.
463 5519 572 5585 Quo
627 5517 830 5574 iactitat
879 5530 982 5583 est,
1043 5517 1100 5574 ut
1127 5517 1513 5577 Gothescalcus
1572 5539 1853 5578 romam-rc

1967 4123 2152 4182 billon.
2179 4137 2302 4174 anu.
2329 4121 2423 4173 lib.
2452 4119 2622 4184 XXX,
2649 4137 2702 4172 n.
2730 4121 2831 4183 50;
2859 4119 3080 4174 Centur.
3113 4119 3382 4186 Magdelu,
3409 4126 3556 4172 cent.

1966 4191 2059 4253 IX,
2089 4209 2208 4261 cap.
2238 4191 2270 4245 9
2293 4201 2346 4261 el
2383 4191 2467 4252 IO,
2495 4191 2626 4243 edit.
2659 4189 2820 4261 Basil.
2853 4190 3089 4244 column.
3115 4187 3240 4261 Mil,
3272 4187 3398 4261 515,

2040 4261 2113 4331 (q)
2156 4256 2238 4315 Cl.
2281 4260 2476 4331 Mansi,
2517 4275 2574 4331 s._
2604 4260 2798 4331 concil.
2833 4275 2969 4331 nota
2995 4268 3054 4331 et
3081 4257 3413 4326 amplissima
3437 4256 3559 4312 Col-

1965 4328 2127 4386 lectio
2165 4341 2296 4384 tom.
2328 4329 2464 4389 XIV,
2495 4329 2598 4384 col.
2635 4329 2738 4383 9|9
2763 4329 2962 4382 (2-922
2993 4328 3052 4380 Ε.

2041 4402 2120 4470 (Ιι)
2149 4399 2229 4453 Gl.
2267 4399 2460 4470 Mansi.
2492 4399 2529 4451 l.
2555 4399 2595 4450 1.
2625 4399 2727 4452 col.
2760 4399 2862 4451 915
2895 4396 3068 4470 1)-918
3098 4397 3160 4452 Ε.

2041 4467 2111 4542 (ἱ)
2146 4470 2318 4542 Quutn
2365 4469 2675 4542 Orbaccnsc
2722 4467 3108 4542 monasterium
3153 4468 3371 4542 proprie
3411 4479 3557 4542 esset

1966 4538 2228 4596 dioecesis
2255 4538 2664 4600 Suessoneusis,
2691 4545 2887 4591 etcum
2939 4538 3041 4592 hac
3078 4539 3292 4592 demum
3324 4540 3554 4594 dioecesi

1967 4613 2018 4666 in
2051 4611 2423 4679 metropolitae
2447 4608 2729 4661 Bernensis
2754 4607 3185 4675 jurisrlictiom-m
3211 4611 3555 4672 concederet,

1965 4681 2258 4737 mittendus
2289 4680 2390 4732 fuit
2420 4694 2525 4732 nou
2557 4679 2968 4747 archiepiscopo
2999 4679 3271 4737 Itemeusi,
3318 4681 3408 4732 sed
3442 4681 3554 4747 cpi-

1965 4769 2128 4820 St-opo
2157 4752 2291 4803 Sucs
2323 4749 2539 4820 (mensi.
2571 4749 2764 4801 Verum
2807 4749 2919 4816 ipse
2950 4747 3276 4820 Iliucmarns
3310 4749 3363 4820 in
3392 4751 3551 4820 epist.

1965 4823 2030 4874 ad
2065 4818 2359 4874 Niridano)
2407 4819 2444 4872 I.
2476 4819 2660 4881 missa,
2693 4833 2831 4885 quae
2877 4827 2960 4870 est
3013 4820 3152 4886 apud
3197 4818 3552 4871 Flmloatdunt

1967 4891 2060 4959 (vf.
2087 4891 2365 4944 Flodoardi
2392 4889 2517 4942 hist.
2546 4887 2740 4959 eet-les.
2789 4887 3041 4959 Remens.
3075 4888 3168 4942 lib.
3199 4887 3282 4951 llI,
3312 4903 3431 4959 cap.
3466 4889 3554 4942 12-

1967 4962 2084 5030 H),
2135 4961 2414 5022 declarat,
2469 4975 2565 5011 cur
2611 4958 3050 5030 Gothescalct‘ts,
3080 4959 3332 5030 episeopo
3383 4958 3552 5030 Sues-

1965 5025 2196 5086 sioncnsi
2221 5031 2428 5090 relicto,
2455 5045 2480 5080 a
2509 5044 2566 5080 sc
2583 5027 2916 5096 potissimum
2939 5025 3212 5093 judicatus
3236 5025 3306 5081 sit
3333 5045 3344 5080 :
3378 5044 3395 5076 ι
3425 5028 3551 5094 quia

1963 5101 2264 5162 Ruthadus,
2296 5102 2360 5152 de
2405 5096 2559 5162 cujus
2585 5098 2838 5166 parochia
2871 5109 3008 5160 erat,
3039 5098 3109 5149 illi
3163 5098 3437 5150 nesciebat
3471 5112 3554 5166 re-

1963 5174 2156 5226 sistere
2187 5192 2204 5221 )
2236 5171 2396 5223 Idem.
2433 5165 2714 5220 Rothadus
2755 5169 2916 5219 etiam
2968 5168 3276 5236 episcopatu
3305 5165 3554 5236 suoeje-

1963 5253 2081 5296 ctus
2111 5253 2187 5294 est
2220 5241 2308 5304 (el‘.
2338 5237 2474 5291 llist.
2503 5239 2603 5290 litt.
2631 5243 2694 5289 de
2722 5236 2773 5288 lu
2808 5234 3034 5297 France,
3061 5234 3188 5290 toni.
3217 5235 3280 5301 V,
3312 5253 3364 5304 p.
3398 5234 3548 5294 SOU).

2035 5311 2107 5381 (j)
2138 5303 2424 5381 GfIiil-ansi
2451 5308 2564 5381 Al._l.
2599 5307 2698 5381 col.
2863 5307 2920 5360 Ε.
2963 5323 3076 5376 seq.

2134 5381 2215 5435 Cl'.
2247 5379 2415 5433 Mansi
2450 5377 2484 5452 li.
2516 5378 2552 5431 l.
2587 5379 2690 5433 col.
2725 5379 2828 5452 illi)
2857 5373 3090 5452 ltj,_scq'.,_
3118 5375 3332 5452 Ecclcs.
3373 5373 3545 5452 Lugd.

1959 5445 2050 5504 lib;
2089 5445 2156 5505 de
2191 5453 2362 5506 tribus
2396 5451 2550 5518 epist.
2597 5465 2715 5517 cap.
2748 5448 2839 5512 2-1,
2875 5445 3037 5518 (Max.
3079 5445 3204 5501 bibl.
3253 5446 3372 5501 l‘at.
3414 5445 3549 5505 odit.

1959 5523 2128 5592 Lugd.
2160 5532 2288 5576 tom.
2321 5519 2510 5588 XV',p.
2539 5519 2644 5574 679
2668 5519 2834 5583 G-li).

1956 5648 2084 5685 vero
2111 5646 2363 5699 expressa
2393 5637 2494 5699 est.
2522 5635 2783 5695 quantttm
2803 5627 3002 5699 sciant,
3027 5625 3345 5699 l-istantum
3368 5629 3547 5685 veltct‘

353 5624 649 5706 uiliter;
670 5627 824 5706 illius
844 5628 988 5683 enim
1015 5628 1280 5683 versionis
1317 5629 1542 5706 plurima
1563 5632 1848 5706 hodiedum
1956 5648 2084 5685 vero
2111 5646 2363 5706 expressa
2393 5637 2494 5706 est.
2522 5627 3002 5706 qttanttttusci:mt,
3027 5625 3124 5706 bis.

1957 5721 2099 5756 θείη-ν.
2132 5697 2263 5754 XVI.
2293 5701 2361 5751 cl.
2403 5697 2756 5752 Prooemium.
2787 5698 3052 5750 Λληικιη.
3091 5698 3248 5758 titur.

295 5691 341 5751 in
387 5695 714 5756 bibliothecis
764 5701 1106 5775 reperiuntur
1161 5691 1488 5769 exemplaria
1524 5720 1671 5762 lilS'S.,
1711 5704 1850 5774 typis
