4002 6148
395 260 467 316 es
1522 262 1609 318 ne
1648 261 1696 315 ι.
1741 260 1960 317 scoro
1994 260 2503 321 COMMENTATIO.
3582 278 3655 336 ει

396 372 706 447 Moguntina
753 373 991 439 civitate,
1040 373 1290 429 inventus
1315 371 1442 444 (est)
1472 371 1778 428 haereticus
1809 380 1971 442 atque
1999 374 2050 436 Α
2076 373 2237 439 sit,...
2279 377 2565 447 praecipue
2588 384 2778 433 contra
2799 376 3181 450 Pelagianos...
3207 398 3238 439 a
3257 383 3325 459 Β.
3355 384 3655 458 Augustino

397 464 798 535 incorrigibilis.
851 462 1074 520 Honore
1116 461 1582 534 presbyterali.....
1618 462 1893 533 abjectus,
1921 472 1978 519 et

395 569 494 624 pro
548 569 646 623 sua
695 554 1032 610 irrevocabili
1082 552 1540 608 contumacia.....
1588 564 1651 608 ut
1699 554 1976 625 improbus

394 646 565 716 virgis
590 661 867 702 caesus....
916 660 982 700 ne
1007 645 1131 699 aliis
1157 653 1397 710 noceret,
1429 646 1520 715 qui
1546 645 1650 703 sibi
1680 646 1826 719 (ipsi)
1852 662 1977 718 pro-

392 734 551 791 desse
579 735 811 798 nolebat,
843 734 1114 804 ergastulo
1139 743 1223 789 est
1247 742 1492 789 retrusus
1519 755 1564 789 ι.

465 825 614 893 Quae
662 839 835 896 poena
886 824 1252 879 miserandum
1284 825 1338 880 in
1368 825 1585 880 modum
1618 825 1976 881 Gotbescalco

393 912 661 984 irrogata,
690 914 877 978 movit,
914 921 975 968 ut
1003 913 1118 968 ﬁeri
1149 914 1307 980 solet,
1341 915 1618 970 hominum
1651 925 1765 971 tum
1814 918 1976 974 mise-

393 1005 658 1058 rationem
716 1011 826 1057 tum
869 1003 1314 1075 indignationem.
1361 1004 1471 1071 Ac,
1505 1006 1550 1060 si
1590 1006 1677 1060 cui
1708 1007 1845 1063 haec
1887 1021 1976 1064 res

393 1093 572 1147 minus
598 1095 748 1149 cordi
792 1104 960 1158 esset,
993 1096 1324 1150 exstiterunt
1366 1098 1564 1151 summi
1596 1097 1853 1167 theologi,
1882 1100 1974 1169 qui

390 1194 740 1251 vererentur,
795 1201 864 1241 ne
916 1186 1117 1255 injuste
1164 1185 1383 1242 fecisSet
1430 1187 1777 1254 Hincmarus,
1832 1190 1976 1259 quod

389 1275 729 1333 Gothescalci
772 1276 968 1346 placita
1008 1275 1505 1346 praedestinatiano
1544 1293 1731 1334 errore
1777 1279 1975 1336 infecta

389 1380 511 1421 esse
530 1366 851 1435 iudicasset.

457 1453 570 1510 Nec
630 1454 843 1521 hercle,
897 1470 1250 1526 quaecunque
1316 1457 1559 1527 alioquin
1634 1456 1975 1515 Gotbescalci

387 1545 659 1599 sententia
686 1543 813 1611 fuit,
845 1560 911 1601 ex
948 1546 1117 1616 ipsius
1145 1546 1348 1612 verbis,
1378 1544 1574 1616 quibus
1598 1562 1721 1602 eam
1753 1548 1978 1620 Mogun-

388 1636 535 1692 tinae
580 1637 786 1707 synodo
813 1636 1120 1708 explicavit,
1148 1646 1415 1708 quatenus
1446 1638 1711 1708 hodieque
1737 1648 1974 1707 exstant,

2080 466 2362 538 plenius...
2418 484 2541 525 esse
2585 473 2931 542 cognoscitur
2986 474 3335 532 inculcatum.
3390 479 3546 538 Unde
3603 490 3656 539 to

2078 560 2372 632 (Hrabane)
2404 562 2583 631 potius
2603 560 2839 631 ejusdem
2869 564 3107 622 doctoris
3131 568 3520 627 assertionibus
3547 588 3654 627 ma-

2075 649 2279 705 lueram
2317 651 2435 718 niti,
2465 666 2629 722 quam
2665 653 2910 709 erroneis
2936 654 3280 724 opinionibus
3307 654 3655 718 Massiliensis

2075 738 2409 796 Gennadii...
2434 761 2454 791 ι
2582 800 2586 805 ,

2145 830 2325 901 Atque
2354 832 2489 887 haec
2517 832 2630 902 ipsa
2661 845 2748 887 res
2779 825 3111 890 summorum
3137 836 3519 910 theologorum.
3540 848 3655 895 stu-

2077 920 2164 976 dia
2192 922 2470 977 excitavit.
2503 923 2854 980 Hincmarum
2905 926 2959 980 in
2988 926 3329 984 Gothescalci
3358 932 3654 1000 praedesti-

2076 1012 2297 1068 natione
2336 1015 2642 1069 damnanda
2692 1014 2749 1070 S.
2782 1016 3142 1087 Augustinum
3165 1018 3389 1086 petiisse
3422 1021 3656 1077 arbitra-

2075 1101 2293 1156 bantur.
2308 1102 2494 1173 itaque
2516 1104 2714 1158 acriter
2729 1104 3045 1175 impugnant
3060 1105 3409 1169 Hincmarum
3429 1107 3657 1179 ejusque

2076 1194 2331 1261 amicum,
2382 1196 2475 1266 qui
2530 1196 2583 1250 in
2622 1195 2965 1251 Gotbescalci
3013 1212 3177 1253 causa
3208 1197 3574 1254 ﬁdelissimam
3601 1202 3653 1256 ei

2075 1298 2300 1353 operam
2335 1286 2706 1355 praestiterat,
2758 1284 3077 1351 Pardulum,
3106 1286 3415 1357 episcopum
3442 1287 3657 1343 Laudu-

2075 1391 2320 1432 nensem.
2341 1377 2487 1432 Inter
2506 1393 2644 1447 quos
2670 1377 2950 1432 Ilincmari
2971 1377 3298 1448 Pardulique
3309 1380 3657 1455 adversarios

2078 1465 2430 1531 Ratramnus,
2480 1467 2778 1522 monachus
2799 1465 3166 1531 Corbeiensis,
3212 1466 3269 1520 S.
3303 1466 3651 1533 Prudentius,

2076 1556 2361 1626 episcopus
2415 1557 2781 1623 Tricassinus,
2831 1557 3032 1627 Lupus,
3068 1557 3235 1613 abbas
3262 1556 3652 1623 Ferrariensis,

2077 1651 2355 1720 conspicui
2405 1649 2559 1707 fuere
2610 1650 2702 1723 (ε).
2737 1650 2800 1705 lli
2842 1664 3035 1705 omnes
3089 1649 3305 1719 scriptis
3343 1650 3458 1705 suis
3491 1652 3656 1706 etiam

386 1726 496 1819 ullo
525 1736 685 1819 pecte
709 1727 951 1799 colligeS.
993 1744 1133 1798 quae
1177 1737 1231 1784 et
1255 1727 1578 1819 Hiucmarus
1605 1738 1661 1785 et
1686 1729 1975 1787 Hrabanus
2006 1723 2048 1781 Β
2079 1726 2342 1794 malorum
2373 1741 2651 1795 hominum
2694 1737 3251 1810 praedestinationem
3279 1737 3655 1819 defendentes,

384 1813 460 1870 illi
486 1815 813 1882 tribuebant,
844 1827 1007 1887 atque
1038 1833 1161 1874 cum
1184 1817 1406 1890 synodis
1429 1819 1543 1874 suis
1562 1819 1617 1873 in
1639 1819 1728 1875 illo
1753 1819 1975 1875 damna—

384 1915 599 1961 verunt.
646 1906 837 1962 Refert
882 1908 1018 1962 haec
1051 1907 1239 1973 verba,
1276 1907 1331 1962 id
1363 1907 1507 1978 quod
1534 1907 1639 1962 hoc
1665 1907 1783 1964 loco
1826 1916 1975 1964 certe

384 1998 579 2053 summi
614 2006 699 2052 est
741 1997 1032 2063 momenti,
1078 1997 1193 2069 ipse
1246 1996 1590 2053 Hincmarus.
1638 1997 1691 2052 Is
1733 1998 1878 2052 enim
1918 1999 1972 2054 in

382 2086 523 2141 libro
553 2102 653 2143 suo
683 2086 752 2143 de
776 2087 1264 2158 praedestinatione
1292 2088 1369 2159 (a)
1402 2088 1537 2144 duas
1562 2103 1592 2142 a
1621 2086 1975 2144 Gotbescalco

385 2180 441 2235 in
472 2180 682 2252 synodo
705 2178 1018 2251 Moguntina
1038 2179 1362 2251 scriptiones
1392 2179 1629 2250 prolatas
1651 2194 1772 2235 esse
1795 2180 1972 2247 docet,

383 2285 615 2340 quarum
646 2270 819 2325 altera
853 2271 955 2326 fuit
1000 2289 1020 2322 ι
1068 2269 1194 2326 ﬁdei
1223 2271 1289 2326 de
1324 2272 1814 2341 praedestinatione
1844 2287 1975 2327 con-

383 2361 548 2418 fessio
586 2380 633 2427 ι,
676 2363 846 2418 altera
881 2380 900 2414 ι
939 2362 1157 2419 libellus
1182 2361 1249 2417 ad
1285 2361 1597 2417 Hrabanum
1631 2380 1649 2414 ι
1683 2362 1757 2432 (b)
1784 2381 1797 2416 :
1827 2362 1973 2416 illam

384 2456 550 2510 habet
572 2455 859 2527 integram,
894 2469 964 2511 ex
996 2455 1099 2509 hac
1126 2454 1284 2509 aii‘ert
1316 2453 1639 2525 fragmenta.
1672 2453 1817 2509 Haec
1847 2470 1974 2509 vero

382 2545 730 2601 Gotbescalci
774 2546 939 2601 verba
975 2561 1081 2602 non
1114 2547 1393 2602 continent
1430 2546 1699 2602 haeresim
1745 2549 1973 2617 praede-

381 2637 750 2705 stinatianam.
798 2634 983 2706 Neque
1028 2637 1173 2692 enim
1204 2637 1572 2702 contendunt,
1604 2638 1975 2707 praedestina—

384 2737 496 2782 tam
525 2742 646 2784 esse
680 2742 710 2782 a
740 2727 853 2783 Deo
899 2742 1072 2798 usque
1116 2727 1185 2784 ab
1213 2729 1361 2783 omni
1390 2729 1718 2784 aeternitate
1748 2729 1975 2785 alteram

383 2820 664 2875 hominum
693 2827 902 2889 partem
931 2821 998 2875 ad
1039 2821 1177 2876 bene
1220 2829 1477 2890 recteque
1507 2821 1815 2886 vivendum,
1843 2822 1975 2877 alte-

383 2924 501 2964 ram
534 2909 600 2963 ad
638 2908 782 2965 male
820 2923 1093 2980 pravoque
1139 2910 1438 2982 agendum;
1471 2910 1615 2965 illam
1654 2912 1878 2981 proinde
1908 2905 1975 2968 ad

383 3002 745 3070 sempiternae
773 3001 916 3058 vitae
962 3002 1376 3070 beatitudinem,
1424 3005 1568 3060 hanc
1595 3007 1663 3061 ad
1696 3015 1970 3061 aeternam

2073 1829 2265 1886 iisdem
2317 1831 2432 1887 fere
2477 1848 2599 1888 cum
2648 1831 3030 1898 Gotbescalco,
3090 1831 3215 1900 quia
3260 1840 3315 1887 et
3363 1830 3422 1887 S.
3474 1831 3657 1903 Augu-

2072 1923 2201 1977 stini
2250 1931 2429 1989 erant,
2496 1924 2857 1981 locationibus
2916 1924 3226 1979 utebantur.
3278 1922 3467 1993 Neque
3539 1924 3652 1981 ullo

2072 2021 2235 2082 pacto
2299 2026 2361 2067 ea
2416 2013 2471 2067 in
2514 2029 2576 2069 re
2630 2013 2837 2083 culpari
2892 2021 3138 2083 possunt,
3181 2014 3377 2083 quippe
3402 2013 3492 2083 qui
3544 2031 3653 2070 non

2073 2099 2222 2154 illum
2255 2100 2309 2155 in
2343 2102 2427 2156 his
2455 2116 2674 2157 sensum
2698 2102 2884 2157 inesse
2912 2101 3200 2167 voluerint,
3221 2117 3382 2171 quem
3407 2102 3655 2158 Hiucma-

2073 2207 2168 2247 rus
2195 2206 2316 2246 cum
2347 2192 2478 2247 suis.
2508 2190 2857 2248 Hincmarum
2876 2200 3079 2257 autem,
3105 2207 3244 2262 quae
3272 2207 3375 2248 non
3403 2207 3654 2263 sperave-

2072 2289 2177 2345 rat,
2210 2281 2279 2335 ad
2328 2281 2526 2336 incitas
2554 2280 2668 2335 fere
2698 2272 3042 2351 redegerunt.
3096 2279 3240 2335 Satis
3294 2279 3437 2335 enim
3487 2280 3653 2349 probe

2074 2369 2431 2441 intelligebat,
2459 2384 2581 2425 cum
2610 2386 2641 2425 a
2671 2368 3040 2425 celeberrimis
3086 2368 3347 2440 theologis
3371 2378 3481 2422 tam
3531 2383 3649 2421 ma-

2074 2461 2248 2516 lorum
2300 2476 2463 2531 quam
2500 2461 2800 2526 bonorum,
2831 2460 2946 2515 sive
2992 2458 3204 2530 gemina
3227 2457 3652 2528 praedestinatio

2074 2552 2384 2618 doceretur,
2408 2564 2572 2622 quam
2606 2551 2720 2621 ipse
2748 2552 2802 2605 in
2830 2549 3186 2608 Gotbescalco
3213 2550 3554 2613 damnasset,
3583 2549 3650 2603 de

2074 2640 2216 2695 fama
2242 2649 2404 2711 atque
2452 2641 2851 2696 existimatione
2905 2641 3347 2709 ornamentisque
3398 2637 3649 2695 omnibus

2075 2731 2177 2785 sibi
2198 2746 2319 2786 esse
2340 2722 2748 2787 decertandum.
2778 2731 2956 2798 Quare
2982 2731 3343 2801 scriptoribus
3369 2745 3649 2801 opponeno

2076 2821 2173 2876 dos
2198 2836 2318 2876 esse
2342 2822 2600 2877 censebat
2616 2821 2929 2892 scriptores.
2956 2821 3146 2890 Itaque
3173 2821 3241 2875 ab
3266 2819 3647 2875 Ilincmariana

2076 2920 2229 2980 parte
2251 2928 2373 2967 cum
2401 2912 2512 2974 alii,
2529 2920 2653 2965 tum
2673 2912 2962 2981 praecipue
2985 2909 3180 2967 Scotus
3208 2918 3414 2977 noster,
3436 2910 3527 2980 qui
3554 2925 3647 2980 ge-

2078 3004 2278 3056 minam
2322 3002 2468 3056 illam
2498 3003 3048 3073 praedestinationem
3083 3001 3161 3075 (f)
3187 3002 3340 3059 libris
3366 3001 3528 3057 editis
3550 3017 3647 3058 ex-

384 3093 600 3151 futurae
646 3096 791 3149 vitae
839 3095 1375 3165 calamitatemzqua
1428 3112 1487 3150 re
1532 3097 1672 3163 ﬁeri,
1725 3107 1785 3152 ut
1834 3100 1969 3153 nihil
1999 3065 2044 3127 δ
2076 3104 2394 3166 pugnarent,
2424 3065 2697 3150 sollicitati
2731 3104 2859 3150 sunt
2885 3094 2984 3165 (g).

380 3200 602 3254 prorsus
629 3185 801 3241 libero
847 3185 1129 3240 hominum
1181 3184 1409 3241 arbitrio
1453 3186 1525 3240 sit
1570 3187 1833 3243 relictum.
1868 3188 1972 3242 De-

380 3283 688 3331 monstrant
715 3283 902 3330 contra
949 3276 1084 3330 satis
1131 3284 1339 3345 aperte,
1372 3276 1539 3331 Deum
1579 3276 1827 3333 homines
1871 3279 1973 3333 im-

382 3367 502 3435 pios
561 3365 997 3436 praedestinasse
1055 3365 1174 3420 illos
1244 3365 1466 3436 quidem
1521 3365 1588 3419 ad
1650 3384 1669 3417 ι
1739 3377 1967 3423 mortem

383 3457 770 3528 sempiternam
806 3476 853 3523 ι,
882 3470 982 3512 nec
1011 3456 1266 3523 voluisse,
1306 3465 1365 3513 ut
1401 3476 1418 3508 ι
1439 3458 1703 3526 perpetim
1751 3459 1967 3514 salven-

382 3557 473 3603 tur
512 3567 561 3614 ι,
603 3547 698 3603 sed
747 3566 766 3599 ι
807 3555 1030 3618 propter
1075 3547 1315 3617 ipsorum
1355 3547 1496 3603 mala
1543 3549 1738 3604 merita
1775 3569 1819 3614 ι,
1849 3550 1967 3606 ideo

380 3641 531 3712 quod
550 3656 645 3696 eos
693 3658 713 3691 ‹
762 3640 1026 3711 pessimos
1070 3640 1280 3695 futuros
1325 3654 1447 3695 esse
1493 3641 1874 3711 praescivisset
1908 3644 1961 3697 »ε

380 3734 566 3801 Quare
622 3733 769 3793 solae
823 3733 947 3788 illae
974 3732 1299 3798 locutiones,
1330 3731 1530 3802 quibus
1579 3730 1969 3790 Gothescalcus

380 3841 513 3883 usus
554 3836 661 3892 est,
692 3825 1045 3882 olfensionem
1091 3825 1346 3881 habuisse
1394 3826 1697 3879 videantur.
1728 3826 1799 3880 At
1826 3827 1970 3898 ejus«

381 3919 528 3978 modi
558 3918 857 3975 locutiones
885 3919 1230 3988 reperiuntur
1256 3917 1418 3971 etiam
1450 3917 1593 3988 apud
1625 3916 1682 3972 S.
1712 3917 1970 3986 Augusti-

380 4025 510 4066 num
544 4009 637 4082 (ε),
662 4025 726 4064 ex
750 4008 905 4077 cujus
938 4009 1090 4065 libris
1126 4007 1537 4065 Gothescaleum
1561 4008 1662 4064 sibi
1688 4007 1969 4065 sustulisse

379 4100 717 4159 arbitramur
747 4116 892 4156 suas.
921 4100 1011 4155 Ait
1051 4100 1193 4154 enim
1221 4100 1336 4168 ipse
1367 4099 1420 4153 in
1453 4099 1747 4167 scriptione
1780 4100 1867 4154 illa
1899 4101 1967 4155 ad

380 4190 695 4254 Ilrabanum
723 4191 802 4263 (ιι)
835 4208 848 4245 :
884 4210 902 4244 ‹
934 4190 1007 4245 De
1034 4190 1206 4246 libero
1243 4189 1494 4254 arbitrio,
1523 4189 1654 4259 quid
1679 4190 1967 4244 tenendum

452 4322 530 4459 fg)
555 4322 638 4377 Cl‘.
671 4338 789 4390 cap.
823 4323 868 4378 ν
896 4338 1017 4394 cap.
1039 4322 1191 4406 χχι,
1224 4336 1343 4392 cap.
1378 4319 1545 4376 XXIV
1594 4337 1723 4406 φρ..
1751 4321 1962 4406 XXVII.

511 4392 529 4459 )
561 4392 679 4459 Ipsa
708 4393 1050 4448 Gothescalm
1085 4394 1272 4455 verba,
1313 4407 1432 4447 cum
1475 4392 1725 4447 brevntatl
1762 4393 1962 4459 aliquid

478 4392 529 4463 b)
561 4392 679 4462 Ipsa
708 4392 1050 4448 Gothescalci
1085 4394 1272 4455 verba,
1313 4407 1432 4447 cum
1475 4392 1725 4463 brevitati
1762 4393 1965 4463 aliquid
1997 4401 2041 4460 ι)

378 4461 616 4517 dandum
647 4472 810 4525 esset,
846 4464 1151 4517 describere
1179 4464 1470 4517 noluimus.
1502 4461 1754 4517 Ceterum
1802 4461 1964 4517 etiam

378 4532 524 4600 apud
553 4530 723 4585 Natal.
751 4532 902 4584 Alex.
938 4533 1294 4601 reperiuntur.
1312 4532 1401 4601 ΑΕΓ.
1426 4532 1547 4587 Nat.
1572 4532 1724 4588 Alex.
1751 4533 1804 4587 in
1834 4534 1963 4589 hist.

379 4599 716 4674 ecclestscc.
743 4601 894 4674 lX_e_t
926 4599 1226 4674 X,_diss._v
1254 4602 1280 4674 §
1308 4599 1393 4655 IlI.

453 4673 522 4742 (ε)
561 4670 645 4726 Cf.
686 4671 752 4726 de
781 4672 931 4725 civit.
958 4673 1053 4726 Dei
1086 4670 1201 4734 XV,
1237 4670 1304 4725 l':
1339 4691 1357 4723 ‹
1394 4672 1490 4726 Est
1532 4687 1634 4725 una
1660 4672 1961 4742 (hominum

382 4741 659 4809 soeietas),
715 4756 855 4812 quae
905 4741 1307 4812 praedestinata
1344 4751 1450 4805 est,
1482 4741 1535 4794 in
1565 4751 1844 4812 aeternum
1879 4758 1963 4796 re-

381 4827 550 4881 gnare
578 4828 699 4864 cmn
733 4811 865 4873 Deo,
910 4811 1399 4881 'alteraiaieternum
1430 4811 1748 4881 supplicium
1780 4812 1961 4866 subire

354 4878 504 4935 'éum
529 4881 741 4937 diabolo
770 4902 815 4934 ι.
850 4881 984 4936 Ibid.
1014 4880 1182 4944 XXII,
1209 4881 1281 4934 24
1332 4880 1384 4933 in
1418 4878 1677 4934 line'edit.
1711 4882 1954 4934 Tauchn.

378 4950 528 5019 Lips.
550 4951 704 5012 189.5,
729 4951 835 5005 vol.
868 4952 930 5014 ll,
956 4968 1008 5021 p.
1033 4951 1138 5004 412
1162 4969 1174 5003 :
1211 4970 1229 5002 r
1261 4950 1399 5016 Quid
1424 4950 1587 5021 igitur
1613 4949 1960 5021 dabit(Deus)

381 5020 470 5077 iis.
506 5037 641 5090 quos
670 5020 1093 5090 praedestinavit
1143 5021 1211 5074 ad
1248 5021 1433 5082 vitam,
1482 5020 1580 5088 qui
1636 5020 1768 5090 haec
1798 5020 1960 5074 etiam

379 5091 529 5146 dedit
556 5092 642 5154 iis,
674 5089 809 5162 quos
838 5091 1261 5162 praedestinavit
1289 5091 1354 5162 ad
1386 5100 1614 5162 mortem
1647 5089 1713 5162 »2
1733 5090 1798 5142 Et
1837 5104 1962 5162 pas-

385 5163 485 5215 sim
511 5164 562 5215 in
600 5162 719 5217 aliis
746 5160 804 5217 S.
828 5159 1115 5231 Augustini
1156 5160 1371 5229 scriptis
1399 5160 1531 5215 tales
1558 5160 1854 5215 locutiones
1883 5159 1966 5214 in-

382 5233 693 5286 veniuntur.

456 5272 819 5372 supra
846 5302 969 5373 (hac
999 5301 1125 5371 col.)
1151 5308 1265 5356 not.
1288 5319 1320 5353 a
1346 5303 1474 5373 et}.
1506 5298 1741 5373 Ioannes
1764 5298 1959 5373 §cotus
1987 5272 1998 5284 ⁸

382 5368 741 5439 tlepracdest.
786 5368 905 5427 adv.
936 5368 1189 5427 Gothesc.
1235 5386 1353 5440 cap.
1386 5370 1479 5431 XI,
1514 5369 1542 5441 §
1594 5371 1663 5424 2:
1709 5390 1727 5421 ι
1758 5369 1960 5424 Gothe—

381 5442 592 5495 scalciis
613 5465 654 5505 ι,
677 5446 771 5499 ait.
795 5462 813 5495 ι
839 5445 1069 5499 maxime
1084 5443 1383 5512 Augustino
1405 5440 1722 5495 nefandisui
1741 5442 1960 5509 dogma-

380 5512 450 5566 tis
474 5528 668 5568 caiisa.
702 5516 902 5569 referre
930 5516 1065 5569 solet
1099 5533 1143 5568 ι.

454 5584 523 5650 (e)
563 5584 643 5636 (2f.
705 5585 836 5638 Ηὶλι.
894 5586 970 5638 litt
1024 5587 1087 5638 de
1132 5585 1183 5637 la
1228 5586 1449 5638 l'rame.
1486 5596 1614 5634 tom.
1654 5582 1713 5641 ν,
1740 5598 1791 5649 p.
1825 5581 1959 5635 5.34:

385 5649 511 5706 Nai.
548 5652 685 5707 llex.
722 5657 773 5707 in
805 5657 928 5709 hist.
971 5656 1164 5711 ordes.
1216 5671 1322 5710 sec.
1377 5653 1439 5708 ΙΧ
1471 5662 1522 5709 et
1566 5654 1604 5706 Χ
1645 5654 1841 5708 dissert
1902 5653 1957 5711 κ’,

2143 3185 2455 3255 Composuit
2481 3187 2644 3257 igitur
2671 3185 2865 3240 Scotus
2898 3186 3093 3240 librum
3121 3200 3276 3242 suum
3325 3185 3392 3239 de
3414 3185 3643 3254 praede-

2073 3276 2363 3347 stinatione
2420 3279 2681 3330 adversus
2707 3273 3142 3340 Gothescalcum,
3190 3290 3422 3344 eumque
3474 3274 3644 3329 edidit

2072 3382 2213 3422 anno
2241 3364 2477 3420 DCCCLI
2521 3366 2621 3438 (Ιι).
2651 3365 2829 3420 Semel
2857 3373 3064 3420 tantum
3094 3366 3197 3420 hoc
3222 3363 3371 3419 Scoti
3399 3377 3535 3432 opus
3565 3371 3645 3432 ty-

2069 3456 2155 3524 pis
2201 3455 2533 3524 descriptum
2558 3454 2759 3526 prodiit
2789 3473 2802 3508 :
2828 3464 2909 3510 est
2940 3455 3079 3524 apud
3109 3453 3449 3523 Mauguinum
3482 3453 3536 3507 in
3582 3452 3649 3507 li-

2069 3547 2193 3610 bro,
2223 3561 2381 3615 quem
2416 3545 2554 3601 infra
2586 3549 2719 3617 (not.
2750 3545 2798 3617 ι)
2829 3545 3187 3601 laudavimus.

2140 3635 2218 3689 De
2257 3633 2744 3690 Praedestinatione
2788 3635 2916 3689 liber
2961 3632 3293 3703 undeviginti
3334 3630 3652 3702 complecti-

2073 3731 2161 3779 tur
2199 3725 2399 3795 capita,
2433 3739 2572 3794 quae
2610 3723 2887 3793 praecedit
2920 3722 3277 3792 prooemium,
3300 3720 3650 3789 subsequitur

2068 3818 2309 3889 epilogus
2332 3836 2346 3872 :
2370 3833 2470 3872 nec
2490 3816 2777 3871 admodum
2797 3815 3073 3885 magniest
3095 3812 3397 3868 voluminis.
3422 3811 3645 3866 Missum

2068 3918 2173 3973 est,
2203 3919 2261 3964 ut
2289 3910 2340 3963 in
2383 3909 2659 3979 prooemio
2712 3908 2925 3979 legitur,
2984 3907 3271 3962 Hincmaro
3291 3905 3543 3959 Remensi
3592 3915 3649 3956 et

2069 4000 2300 4056 Pardulo
2353 4000 2728 4065 Laudunensi;
2782 4015 3012 4070 quorum
3045 4012 3243 4054 causae
3269 4007 3559 4068 patronum
3584 4012 3644 4054 se

2069 4093 2343 4151 exstitisse
2382 4092 2578 4148 Scotus
2616 4092 2825 4147 scribit.

2139 4183 2327 4255 Itaque
2362 4184 2465 4237 hoc
2514 4181 2686 4238 solum
2715 4181 2811 4251 ipsi
2842 4180 3108 4250 agendum
3139 4177 3257 4244 fuit,
3288 4186 3347 4233 ut
3374 4177 3643 4247 geminam

2074 4319 2102 4385 ᾗ
2139 4318 2227 4373 VI.
2260 4316 2400 4370 Max.
2455 4314 2704 4385 biblioth.
2749 4321 2860 4367 vet.
2888 4321 3022 4381 pat.,
3065 4311 3195 4367 edit.
3230 4310 3479 4385 Lugdnn._
3510 4316 3641 4359 tom.

2068 4373 2197 4452 KV;
2237 4387 2379 4443 Gilh.
2431 4383 2700 4455 Mauguin.
2748 4373 3015 4455 veterum
3050 4373 3354 4442 auctorum,
3391 4378 3480 4445 qui
3506 4393 3643 4455 Asec.

2069 4458 2141 4512 IX
2180 4446 2244 4512 de
2265 4457 2534 4529 praedest.
2555 4446 2615 4529 ξι
2640 4454 2823 4529 gratia
2832 4452 3202 4529 scripserunt,
3226 4465 3389 4529 opera
3413 4458 3479 4529 et.
3503 4446 3643 4529 frag-

2068 4516 2524 4596 menta'plurima.
2553 4516 2725 4577 Paris.
2766 4516 2966 4596 I659”
3012 4520 3115 4596 vol.
3145 4516 3273 4596 μσς
3310 4519 3424 4596 Hac
3465 4517 3518 4572 in
3568 4516 3650 4570 bi-

2068 4597 2256 4652 bliolh.
2277 4588 2514 4664 'patrum
2549 4602 2604 4664 et
2655 4593 2798 4664 apud
2844 4591 3186 4664 Mauguinum
3218 4588 3428 4658 singula
3456 4601 3646 4641 eorum

2067 4660 2370 4725 auctorum,
2407 4679 2542 4732 quos
2591 4660 2948 4723 laudavimus,
2975 4660 3198 4728 scripta,
3239 4666 3505 4732 quatenu_s
3546 4669 3646 4708 ex-

2066 4746 2235 4798 stant,
2267 4735 2404 4788 lacili
2427 4726 2591 4802 opera
2640 4732 3007 4802 inveniuntur,
3050 4726 3219 4798 quare
3248 4742 3436 4783 eorum
3467 4726 3646 4781 locum

2066 4806 2374 4861 accuratius
2395 4801 2634 4857 iudicare
2656 4801 3076 4869 supersedimus.

2136 4876 2202 4946 (Ῑ)
2262 4875 2337 4929 De
2400 4872 2509 4946 sola
2560 4864 2773 4946 gemina
2818 4872 3129 4946 _praedest._,
3170 4880 3274 4946 non
3323 4864 3392 4918 de
3419 4864 3644 4946 reliquis

2068 4934 2274 5000 duabus
2300 4934 2706 5014 quaestionibus
2732 4939 2774 5008 (Ι
2799 4934 2866 4994 de
2900 4936 3363 5014 liberohominum
3391 4934 3639 5014 arbitrio.

2064 5017 2129 5072 ll.
2159 5006 2335 5068 utrum
2359 5014 2607 5067 Christus
2635 5006 2750 5078 pro
2772 5010 3020 5063 euntibus
3042 5006 3373 5078 hominibus
3399 5012 3642 5078 mortuus

2067 5089 2158 5150 sit,
2183 5102 2249 5138 an
2281 5099 2376 5154 pro
2403 5083 2467 5135 iis
2499 5072 2727 5154 tantum,
2770 5079 2860 5154 qui
2892 5075 3270 5145 praedestinali
3321 5076 3430 5129 sint
3454 5073 3530 5153 ad.
3557 5072 3641 5154 yi-

2072 5142 2229 5222 tam),
2282 5142 2419 5222 quae
2448 5160 2503 5205 et
2546 5152 2693 5218 ipsae
2712 5142 2935 5222 lacriter
2985 5154 3455 5222 proponerentur,
3518 5142 3641 5222 ideo

2071 5215 2229 5283 locuti
2300 5215 2521 5283 simius,
2566 5215 2733 5287 'quod
2799 5218 2934 5271 haec
3002 5217 3114 5284 ipsa
3175 5215 3418 5287 omnium
3475 5220 3642 5287 caput

2063 5277 2323 5364 ei‘quasi
2370 5277 2565 5360 parens
2610 5277 2761 5352 'fuit,
2838 5302 2939 5342 nec
2993 5277 3188 5342 Scelus
3236 5284 3475 5354 reliquas
3520 5277 3641 5339 ill'as

2084 5366 2289 5420 :uravit.

2064 5385 2338 5503 “War.
2387 5428 2882 5503 EcclesqLugdun.
2912 5426 3004 5482 lib.
3029 5425 3098 5481 de
3126 5424 3301 5503 tribus
3323 5422 3482 5503 epist.
3518 5436 3639 5496 cap.

2065 5495 2236 5560 39%|:
2262 5503 2478 5558 Maxim.
2508 5495 2753 5555 Ιιίιιὶίυιιῖ.
2777 5510 2886 5552 vel.
2914 5506 3055 5568 patr.
3079 5495 3211 5551 adit.
3237 5495 3483 5566 Lugdun-
3506 5495 3637 5555 tom.

2068 5577 2183 5638 XV,
2208 5593 2253 5644 p.
2286 5574 2386 5627 (587
2426 5572 2487 5625 ll.
2513 5588 2627 5640 seq.

2143 5634 2220 5716 (hi
2246 5644 2328 5699 Ci:
2362 5660 2520 5715 supra
2552 5634 2680 5714 (lup.
2707 5639 2746 5707 l,
2779 5635 2884 5695 (tul.
2908 5638 2960 5705 7,
2986 5644 3098 5691 not.
3133 5634 3187 5691 ὁ.
