4002 6148
214 5053 227 5063 ,
302 4999 388 5064 lli,

333 237 400 289 35
1162 230 1249 285 DE
1288 227 1445 284 VITA
1482 224 1569 281 ET
1604 221 2011 280 PR£CEPTIS
2046 222 2095 278 ι.
2136 221 2354 280 SCOTI.
2394 255 2464 265 —
2497 223 2676 281 PARS
2712 225 2755 281 1.
3522 225 3598 279 26

334 356 475 407 illam
524 348 1097 422 praedestinationem,
1126 364 1267 419 quae
1300 347 1370 402 ab
1398 343 1673 402 Hincmari
1699 341 1907 397 Pardu-
1940 343 1985 401 A
2015 338 2227 410 egerit:
2261 337 2542 393 nocentior
2581 349 2801 392 suorum
2852 347 3052 389 causae
3097 331 3216 400 fuit,
3273 348 3434 403 quam
3487 336 3595 392 uti-

332 444 474 514 lique
502 441 834 497 adversariis
863 437 1273 501 defendebatur,
1328 436 1536 491 idoneis
1577 431 1911 503 argumentis

331 544 686 607 expugnaret,
716 536 798 591 sin
824 536 1025 599 minus,
1055 530 1470 587 Gothescalcum
1496 545 1557 583 re
1580 542 1708 582 vera
1745 540 1909 596 prae-

332 628 723 685 destinatianae
753 625 965 681 haeresi
1013 621 1224 678 afﬁnem
1251 620 1417 676 fuisse
1440 618 1767 674 ostenderet.
1816 615 1912 670 llis

330 719 494 789 igitur
516 719 571 772 in
614 719 779 772 nehus
806 730 914 785 qua
960 713 1234 783 diligentia
1264 720 1511 765 versatus
1536 709 1722 772 fuerit,
1751 707 1911 778 paulo

330 810 639 863 accuratius
671 820 1079 879 persequemur.
1136 789 1284 871 Quae
1310 810 1487 858 autem
1527 808 1808 871 praeterea
1843 799 1911 852 de

329 901 473 955 Scoti
522 900 698 964 libro,
759 899 852 968 qui
901 914 1045 953 nunc
1095 897 1149 951 in
1205 895 1408 951 nostris
1486 903 1567 948 est
1621 892 1908 956 manibus,

325 1000 631 1047 memoratu
687 991 849 1063 digna
893 989 1199 1055 videantur,
1249 1002 1314 1042 ea
1360 985 1615 1057 deinceps
1666 985 1907 1055 explica~

324 1082 850 1227 1ΠΠῐίἓῗωὶιρειιιίιΙιει)
871 1168 1001 1224 nihil
1030 1166 1333 1231 dubitatur,
1376 1165 1506 1235 quin
1532 1182 1551 1214 ι
1581 1163 1907 1220 diabolicum

324 1262 464 1316 istud
500 1263 698 1331 dogma
732 1281 752 1313 ι
790 1260 952 1315 fuerit
982 1258 1337 1329 amplexatus.
1370 1256 1621 1328 Legimus
1655 1255 1800 1309 enim
1830 1255 1906 1327 (α)

329 1370 348 1403 ι
376 1368 441 1407 ex
462 1351 806 1408 Gothescalci
829 1351 1096 1407 sententia
1117 1348 1253 1405 duas
1276 1362 1394 1405 esse
1421 1348 1472 1402 in
1498 1347 1609 1402 Deo
1628 1347 1908 1418 praedesti-

322 1443 591 1509 natioues,
616 1443 842 1499 alteram
873 1444 1157 1507 bonorum,
1187 1441 1452 1497 malorum
1472 1441 1695 1495 alteram
1725 1458 1738 1494 :
1766 1440 1907 1495 illius

323 1543 511 1590 coactu
539 1534 679 1595 fieri,
709 1542 769 1587 ut
793 1548 898 1587 una
920 1534 1200 1588 hominum
1226 1547 1355 1601 pars
1377 1540 1527 1587 recte
1573 1531 1716 1585 vivat
1741 1539 1906 1600 atque

322 1626 391 1680 ad
419 1633 704 1680 aeternam
732 1624 1120 1680 beatitudinem
1151 1624 1450 1693 perveniat,
1474 1622 1635 1693 hujus
1666 1622 1905 1678 necessi-

2012 429 2132 485 lior.

2084 521 2348 575 Maximae
2375 529 2555 574 autem
2610 519 2818 583 turbae,
2872 517 3111 572 maxima
3154 516 3433 571 hominum
3477 524 3592 570 tum

2012 611 2300 666 admiratio
2330 620 2440 665 tum
2472 610 2766 681 indignatio
2801 618 2948 665 mota
2995 617 3121 664 sunt
3150 622 3238 671 eo,
3265 606 3411 677 quod
3443 605 3591 662 Scoti

1986 714 1987 721 ‘
2013 705 2150 760 liber
2171 719 2438 758 summam
2468 703 2557 757 ille
2582 703 2800 773 quidem
2832 718 2960 773 erga
2994 702 3162 756 Deum
3194 692 3447 771 pietatem
3477 700 3589 769 spi-

2012 797 2189 862 rabat,
2243 804 2301 850 at
2335 810 2604 858 errorum,
2652 793 2999 862 ineptiarum,
3032 791 3471 861 mirabiliumque
3501 805 3594 843 re-

2014 902 2156 951 rum,
2184 901 2321 955 quas
2374 885 2462 939 illa
2495 891 2673 939 aetate
2699 899 2798 938 nec
2828 882 2990 938 fando
3019 883 3375 947 audivissent,
3406 881 3597 935 multi-

2013 978 2198 1032 tudine
2224 976 2460 1031 refertus
2483 985 2601 1030 erat
2628 974 2854 1043 ingenti.
2889 973 3004 1028 [Ioc
3032 973 3210 1043 igitur,
3242 981 3508 1041 quatenus
3535 971 3590 1024 in

2009 1070 2316 1139 praesentia
2366 1066 2481 1120 fieri
2529 1074 2726 1135 potest,
2772 1062 3120 1128 declaraturi,
3165 1061 3280 1132 jam
3324 1061 3392 1117 de
3424 1061 3596 1116 totius

2010 1159 2132 1213 libri
2157 1174 2367 1214 summa
2396 1156 2807 1227 disputabimus.

2080 1250 2230 1319 Quae
2253 1266 2461 1306 summa
2492 1251 2595 1305 hac
2636 1247 2748 1305 fere
2795 1248 2849 1302 in
2888 1262 2947 1302 re
2997 1253 3285 1302 versatur:
3315 1260 3421 1299 non
3471 1259 3594 1300 esse

2010 1326 2150 1396 duas
2168 1341 2220 1394 in
2245 1339 2354 1394 Deo
2385 1337 2906 1410 praedestinationes
2927 1336 3022 1409 (f),
3049 1334 3143 1390 sed
3170 1349 3331 1389 unam
3361 1343 3593 1400 tantum,
3670 1388 3676 1401 ,

2008 1447 2235 1501 eamque
2264 1433 2542 1488 hominum
2582 1431 2866 1486 bonorum.

2077 1525 2255 1594 Atque
2284 1521 2443 1592 hujus
2489 1523 2703 1592 quidem
2756 1522 2835 1577 rei
2880 1527 3199 1592 argumenta
3248 1518 3595 1589 reperiuntur

2005 1612 2235 1685 plurima
2289 1621 2345 1670 et
2390 1628 2649 1684 perquam
2700 1613 2870 1667 varia.
2921 1611 3124 1667 llorum
3181 1624 3321 1681 quae
3358 1608 3597 1663 maxime

321 1724 430 1771 tate
480 1715 814 1771 ineluctabili
853 1715 1080 1771 alteram
1127 1689 1437 1771 mortalium
1463 1689 1675 1784 partem
1702 1722 1757 1768 et
1804 1714 1905 1768 im-
1934 1689 1979 1748 Β
2008 1705 2479 1762 commemoranda
2511 1719 2630 1760 esse
2661 1704 2960 1766 videantur,
3011 1717 3073 1757 ea
3110 1717 3209 1772 pro
3247 1700 3409 1771 hujus
3437 1698 3589 1755 volu-

322 1806 488 1875 probe
513 1805 705 1860 vivere
721 1805 847 1860 etin
872 1812 1148 1860 aeternam
1165 1804 1446 1858 incurrere
1469 1802 1830 1858 calamitatem
1856 1821 1900 1856 ι.

324 1896 547 1951 Summa
588 1895 725 1950 adeo
765 1909 891 1950 cum
923 1893 1306 1963 indignatione
1333 1893 1685 1948 acerbissima
1719 1891 1773 1946 in
1798 1892 1906 1950 Go-

323 1992 651 2048 thescalcum
692 1991 934 2046 convicia
965 1990 1286 2061 ingeruntur
1312 1988 1408 2059 (b).
1438 1987 1776 2055 Quamquam
1810 2002 1905 2041 au-

322 2099 423 2142 tem
459 2086 630 2142 Scoto
651 2085 707 2141 id
734 2085 971 2141 maxime
1007 2085 1356 2153 spectandum
1396 2081 1517 2143 fuit,
1548 2089 1608 2134 ut
1634 2079 1901 2135 infelicem

322 2176 465 2230 illum
485 2175 768 2232 hominem
799 2173 933 2229 tanti
954 2173 1157 2232 erroris
1182 2177 1504 2241 coargueret
1518 2170 1718 2240 potius,
1741 2184 1902 2240 quam

322 2275 620 2331 accusaret,
636 2273 816 2321 tamen
835 2264 1247 2320 nelevissimum
1262 2262 1479 2332 quidem
1497 2269 1898 2332 argumentum,

322 2372 420 2427 quo
443 2357 628 2412 hacin
653 2370 717 2411 re
742 2355 959 2426 patroni
987 2355 1237 2426 partibus
1263 2352 1627 2419 satisfaceret,
1657 2350 1902 2422 proferre

322 2449 537 2503 studuit.
552 2447 752 2503 Teneri
767 2446 1185 2504 Gothescalcum
1206 2445 1745 2517 praedestinatianae
1772 2444 1903 2497 hae-

322 2542 450 2595 resis
473 2539 639 2610 culpa
666 2554 934 2610 nusquam
961 2539 1317 2603 demonstrat,
1341 2552 1609 2607 nusquam
1657 2551 1764 2591 non
1789 2550 1905 2591 cre-

321 2640 424 2700 pat.

382 2719 494 2777 Nec
519 2719 705 2776 minus
730 2720 787 2775 in
818 2719 990 2775 altero
1019 2719 1129 2784 illo,
1151 2718 1294 2789 quod
1321 2717 1485 2774 Scoto
1511 2718 1902 2790 perficiendum

318 2812 480 2869 fuisse
510 2812 850 2877 monuimus,
900 2826 1123 2867 suorum
1166 2810 1498 2881 exspectatio
1544 2819 1627 2866 est
1655 2810 1894 2878 decepta.

318 2903 445 2958 Nam
472 2912 530 2959 et
570 2905 617 2959 si
659 2902 949 2959 fortissime
995 2901 1257 2957 adversus
1307 2901 1641 2972 geminarum
1669 2901 1897 2971 praede-

319 2995 666 3049 stinationum
694 2992 947 3049 terricula
967 2991 1259 3062 proeliatus
1285 3000 1387 3055 est.
1410 2999 1590 3046 tamen
1618 2991 1749 3045 illud
1777 2998 1897 3044 tan-

322 3097 451 3150 tum,
471 3087 619 3158 quod
640 3102 741 3141 nec
768 3100 960 3141 curare
988 3085 1189 3145 debuit.
1210 3082 1355 3153 juste
1381 3084 1737 3154 impugnavit,
1766 3081 1893 3137 illud

320 3188 515 3242 autem,
543 3177 688 3248 quod
716 3176 935 3246 proprie
974 3177 1265 3247 petendum
1305 3175 1426 3241 fuit,
1454 3175 1544 3228 vix
1570 3175 1799 3239 curavit,
1835 3189 1900 3229 ac

318 3267 563 3336 plumbeo
592 3265 789 3326 solum,
837 3274 898 3320 ut
925 3265 1095 3326 aiunt,
1134 3264 1309 3335 gladio
1330 3265 1547 3319 invasit.
1573 3261 1725 3318 Juste
1752 3264 1898 3318 enim

318 3354 649 3426 impugnavit
679 3353 833 3417 illud,
880 3353 1024 3424 quod
1053 3352 1378 3408 llincmarus
1401 3367 1523 3407 cum
1550 3352 1662 3407 suis
1706 3351 1760 3407 in
1791 3350 1899 3407 Go-

315 3444 584 3499 thesealco
610 3442 995 3504 damnaverat;
1022 3441 1239 3512 proprie
1263 3441 1554 3511 petendum
1584 3440 1687 3494 fuit
1742 3439 1893 3505 illud,

316 3534 455 3602 quod
474 3531 892 3588 Hincmarianae
914 3531 1085 3600 partis
1110 3530 1406 3585 adversarii
1432 3530 1486 3585 in
1510 3529 1892 3592 Gothescalco.

317 3632 370 3676 ut
393 3623 473 3676 ita
521 3621 790 3684 dicamus,
844 3619 1219 3676 defenderant.
1249 3620 1429 3689 Atque
1459 3620 1617 3683 haec,
1670 3619 1725 3675 id
1751 3621 1895 3690 quod

314 3726 476 3782 supra
503 3726 535 3767 a
553 3710 713 3767 nobis
732 3712 1035 3781 expositum
1068 3718 1176 3777 est,
1204 3717 1319 3765 toto
1339 3709 1491 3767 coelo
1538 3710 1683 3766 inter
1703 3725 1763 3766 se
1794 3710 1894 3766 dif-

316 3802 516 3858 ferunt.
538 3804 674 3859 Illud
712 3804 914 3872 ubique
938 3802 1041 3858 sibi
1067 3803 1489 3873 aggrediendum
1520 3803 1890 3874 sumpsit—(4:);

313 3893 365 3945 in
395 3893 503 3948 hoc
528 3893 788 3961 impetum
806 3892 1040 3962 aliquem
1068 3907 1192 3948 eum
1217 3892 1891 3960 fecisseconcesserimus,

313 3981 433 4036 ideo
467 3982 613 4052 quod
660 3981 804 4037 inter
842 3989 1186 4052 argumenta,
1233 3983 1430 4052 quibus
1480 3983 1609 4038 illud
1649 3992 1893 4040 evertere

314 4074 539 4140 studuit,
569 4072 937 4142 reperiuntur,
959 4086 1101 4143 quae
1129 4072 1293 4129 etiam
1322 4072 1452 4129 huic
1474 4073 1720 4144 Opposita
1743 4072 1894 4130 dixe-

312 4166 385 4221 ris
408 4166 508 4235 (d).
1214 4158 1217 4162 ’

378 4258 555 4328 Atque
603 4257 673 4312 de
711 4256 804 4312 illo
830 4265 924 4313 aut
965 4257 1111 4314 victo
1161 4267 1253 4312 aut
1299 4273 1407 4313 non
1440 4258 1582 4313 victo
1609 4258 1752 4314 inter
1772 4273 1887 4322 eos,

313 4347 570 4402 adversus
581 4363 719 4417 quos
742 4346 907 4404 Scoto
937 4363 1027 4403 res
1056 4356 1202 4404 esset
1228 4349 1482 4420 gerenda,
1515 4366 1583 4405 ne
1610 4351 1889 4407 mutivisse

310 4437 522 4504 quidem
566 4437 875 4493 invenimus
918 4453 1281 4508 quemquam;
1335 4438 1436 4509 ipsi
1486 4455 1702 4509 quoque
1754 4440 1883 4494 illud

310 4542 514 4583 summe
536 4528 977 4597 improbaveraut
995 4546 1010 4582 :
1029 4529 1132 4585 hoc
1146 4537 1347 4595 autem,
1369 4544 1531 4599 quam
1554 4545 1659 4584 non
1683 4530 1883 4586 victum

310 4619 761 4687 existimaverint,
789 4618 931 4675 infra
958 4620 1275 4676 docebimus
1299 4621 1390 4692 (e).
1416 4621 1602 4692 Itaque
1613 4619 1727 4690 jam
1758 4623 1884 4678 hinc

309 4710 435 4766 satis
477 4718 663 4780 patere
710 4711 1068 4783 arbitramur,
1114 4711 1327 4782 qualem
1374 4711 1570 4768 Scotus
1594 4721 1882 4784 patronum

374 4860 453 4937 (ᾳ)
488 4861 570 4937 (ξς.
596 4877 718 4933 cap.
745 4863 789 4928 I,
812 4861 841 4935 ᾗ
867 4862 934 4927 4;
962 4863 1253 4937 cap.lY,_§
1283 4865 1308 4919 I
1336 4881 1452 4935 seq,
1474 4874 1540 4937 et_
1552 4866 1773 4937 passim.

374 4932 450 5007 (ὑ)
479 4931 577 5007 ’(1ῐέ
609 4931 853 5007 prooem.
873 4931 1043 5007 ;_c_ap_I
1074 4936 1114 5007 I,
1145 4931 1348 5007 §234g
1377 4931 1494 5007 gap.
1519 4931 1583 5002 II,
1609 4935 1636 5007 §
1668 4937 1727 4999 I;
1760 4950 1878 5006 cap.

467 5003 583 5076 ιδ
615 5004 687 5067 5;
734 5002 1043 5076 cap._XI,'§
1071 5002 1297 5076 2_;'epil.
1327 5004 1356 5076 ᾗ
1387 5002 1456 5059 δί
1614 5002 1691 5076 ’χ

370 5072 709 5147 (ελ-(ξείρέρ.
733 5073 778 5137 I,
806 5074 835 5145 §
860 5074 927 5139 2;
949 5072 1068 5147 cap.
1098 5074 1162 5138 Il,
1185 5072 1219 5147 §
1245 5076 1295 5140 t,
1325 5072 1352 5147 §
1382 5076 1443 5147 6A;
1467 5090 1585 5145 cap.
1616 5074 1709 5147 XI,
1740 5073 1830 5147 ᾗ]
1861 5092 1876 5141 ;

301 5140 429 5207 cap.
447 5140 541 5205 IV,
568 5141 598 5215 ᾗ
621 5140 693 5196 ὅς
723 5140 1147 5213 ριίῐειετειίῑηιο
1170 5140 1298 5200 δίιιιι
1326 5140 1618 5200 ἐιίΐιιι-θιὶιίει
1649 5140 1878 5201 ἰΙΙιιΤριιθ

300 5222 617 5295 argumenta
641 5254 656 5275 ,
710 5229 969 5295 q_uorum_
988 5217 1227 5285 pondere
1253 5218 1393 5295 (cap.
1424 5215 1697 5295 II_—cap.
1730 5215 1879 5295 Flll)

300 5284 565 5348 geminam
587 5284 1133 5354 praedestinationem
1150 5284 1303 5339 suam
1328 5284 1630 5354 deprimere
1644 5284 1837 5340 nititur
1858 5305 1872 5341 :

299 5361 567 5427 quatenus
593 5353 846 5427 videlicet
881 5353 984 5427 hoc
1007 5355 1293 5427 probatum
1317 5353 1529 5421 volunt,
1581 5372 1688 5427 non
1717 5371 1878 5427 posse

301 5419 467 5474 Deum
542 5432 637 5475 aut
709 5424 883 5478 libero
958 5419 1239 5479 hominum
1312 5419 1540 5482 arbitrio
1622 5419 1872 5490 ofﬁcere,

297 5501 387 5542 aut
430 5492 501 5544 ad
549 5507 762 5547 morum
807 5505 1093 5565 praecepta
1123 5497 1403 5567 migranda
1450 5512 1645 5568 cogere
1691 5512 1879 5568 quem-

296 5574 328 5623 ς
352 5576 477 5612 :atn.

364 5634 441 5700 id)
475 5630 558 5684 Cf.
587 5648 704 5702 cap.
730 5632 800 5687 IX
818 5666 881 5674 -
900 5650 1016 5705 cap.
1041 5625 1187 5700 XIX,
1210 5629 1438 5706 quorum
1463 5653 1729 5692 sunuuam
1755 5654 1878 5692 mox

2006 1798 2170 1852 minis
2231 1797 2441 1852 ratione
2497 1810 2659 1866 quam
2722 1793 3131 1848 accuratissime
3175 1789 3590 1861 explicabimus.

2007 1888 2147 1943 Sunt
2184 1888 2330 1945 enim
2362 1888 2432 1942 ita
2476 1901 2606 1941 sane
2656 1872 2990 1956 comparata,
3034 1883 3167 1938 nihil
3206 1895 3266 1939 ut
3314 1880 3487 1951 magis
3523 1879 3591 1933 ad

2004 1994 2191 2034 verum
2220 1976 2365 2032 Scoti
2394 1976 2663 2048 ingenium
2692 1974 3075 2031 declarandum
3106 1973 3391 2043 pertineat.

2076 2068 2114 2123 I.
2155 2088 2173 2121 ι
2206 2068 2393 2123 Divina
2422 2066 2669 2121 voluntas
2689 2075 2744 2121 et
2776 2066 2955 2121 divina
2984 2061 3408 2135 praedestinatio
3439 2059 3589 2115 omni

2008 2167 2195 2216 carent
2222 2158 2567 2222 necessitate,
2595 2172 2734 2227 quae
2769 2171 2863 2211 eas
2891 2154 2974 2210 vel
3000 2153 3320 2223 impelleret,
3364 2151 3449 2204 vel
3493 2151 3592 2205 im-

2000 2252 2247 2322 pediret:
2293 2249 2406 2314 illa,
2438 2249 2560 2304 ideo
2602 2248 2744 2318 quod
2785 2256 2868 2302 est
2901 2258 3110 2301 sutmna
3132 2242 3374 2299 omnium
3407 2257 3585 2299 rerum

2002 2356 2205 2406 causa;
2256 2340 2411 2404 haec,
2448 2346 2734 2408 propterea
2787 2336 2953 2407 quod,
3008 2335 3214 2404 pariter
3248 2348 3314 2389 ac
3341 2333 3590 2389 voluntas

2002 2432 2205 2495 divina,
2240 2430 2383 2485 Deus
2410 2437 2495 2484 est
2522 2428 2596 2500 (g)
2626 2450 2676 2483 ι.

2072 2521 2211 2588 Quid
2239 2521 2406 2576 inde?
2443 2521 2552 2575 Nos
2592 2520 2808 2590 quidem
2840 2534 2948 2575 non
2978 2519 3246 2582 videmus,
3278 2515 3408 2588 quid
3451 2516 3587 2572 haec

2003 2612 2105 2668 sibi
2132 2611 2323 2672 velint,
2352 2612 2458 2667 nisi
2496 2612 2635 2667 forte
2675 2619 2770 2667 aut
2815 2610 3053 2666 divinam
3103 2608 3433 2664 voluntatem
3462 2623 3585 2663 cum

2001 2701 2239 2757 humana
2262 2703 2490 2758 eandem
2518 2711 2700 2772 putes,
2745 2710 2838 2756 aut
2865 2716 2930 2756 ea
2976 2701 3091 2771 ipsa
3133 2700 3202 2755 de
3222 2714 3408 2763 causa,
3440 2712 3584 2768 quou

2001 2796 2091 2852 illa
2126 2805 2211 2852 est
2242 2797 2432 2861 libera,
2464 2797 2609 2851 hanc
2631 2809 2847 2865 quoque
2874 2794 3104 2850 liberam
3134 2805 3254 2847 esse
3279 2790 3584 2846 arbitreris.

2002 2889 2196 2944 Scotus
2216 2904 2317 2943 nos
2339 2889 2573 2942 incertos
2593 2886 2875 2956 relinquit,
2901 2894 3287 2955 praeterquam
3315 2884 3459 2953 quod
3480 2881 3587 2938 alio

1998 2979 2233 3048 quodam
2263 2978 2381 3033 loco
2408 2976 2485 3049 (h)
2517 2976 2746 3033 scribit:
2798 2995 2817 3027 ι
2849 2978 3099 3031 debuisse
3131 2976 3449 3031 creatriccm
3485 2989 3583 3029 vo-

1924 3048 1968 3110 C
2002 3070 2260 3126 Iuntatem
2291 3048 2528 3125 divinam
2557 3083 2745 3125 creare
2773 3068 3105 3124 voluntatem
3141 3066 3379 3122 hominis
3406 3068 3487 3122 sui
3511 3066 3588 3122 si-

2001 3162 2209 3228 milem,
2254 3162 2307 3216 id
2328 3171 2411 3217 est
2438 3160 2662 3216 liberam
2691 3179 2736 3213 ι.

2071 3253 2134 3309 Il.
2170 3272 2188 3306 ι
2219 3255 2586 3323 Quaecunque
2622 3253 2690 3308 de
2727 3252 2841 3307 Deo
2868 3250 3252 3323 praedicantur
3284 3249 3455 3323 (velut
3496 3264 3584 3306 es-

1999 3348 2195 3412 sentia,
2227 3346 2508 3417 sapientia,
2538 3344 2733 3417 virtus)
2759 3352 2885 3401 sunt
2911 3360 3078 3399 unum
3106 3365 3125 3398 ι
3158 3361 3172 3399 :
3209 3361 3229 3396 ι
3265 3343 3413 3413 atqui
3446 3342 3582 3399 nihil

1996 3437 2067 3493 de
2109 3451 2175 3493 eo
2201 3437 2382 3491 verius
2419 3444 2474 3491 et
2507 3436 2789 3491 honestius
2817 3434 3036 3498 dicitur,
3085 3450 3244 3505 quam
3288 3434 3582 3504 praedesti-

1998 3529 2146 3585 natio
2174 3548 2218 3581 ι.
2259 3547 2279 3579 ι
2310 3528 2495 3597 Itaque
2523 3529 2688 3583 etiam
2733 3526 3160 3597 praedestinatio
3198 3542 3300 3581 uua
3330 3534 3413 3581 est
3438 3526 3500 3597 (ἱ)
3533 3546 3577 3580 ι.

2066 3618 2150 3674 III.
2182 3638 2201 3670 ι
2231 3619 2575 3675 Contrarium
2607 3626 2693 3674 est
2736 3619 3006 3674 essentiae
3026 3634 3218 3674 —non
3259 3633 3401 3684 esse,
3435 3618 3580 3698 vitae

1992 3744 2064 3754 —
2081 3713 2321 3777 interire,
2340 3710 2587 3780 justitiae
2608 3742 2678 3752 ——
2698 3720 3008 3782 peccatum,
3039 3710 3364 3766 beatitudini
3386 3740 3458 3751 —
3477 3711 3579 3764 mi-

1993 3804 2136 3860 seria
2165 3821 2178 3858 :
2218 3818 2390 3873 quare
2419 3804 2584 3858 etiam
2610 3818 2799 3858 eorum
2839 3816 3037 3858 causae
3066 3803 3231 3872 (duae
3259 3801 3383 3856 illae
3415 3815 3574 3871 prae-

1994 3897 2402 3967 destinationes)
2431 3896 2573 3952 inter
2607 3910 2667 3950 se
2707 3896 3015 3955 contrariae
3044 3895 3155 3950 sint
3201 3906 3424 3949 necesse
3467 3901 3572 3949 est.

1991 3987 2097 4042 Eas
2138 3986 2303 4057 igitur
2330 3995 2523 4040 natura
2573 3986 2776 4050 divina,
2824 4000 2967 4054 quae
3006 4001 3111 4039 una
3155 3994 3363 4038 tantum
3389 3991 3472 4039 est
3510 3997 3575 4038 ac

1991 4076 2237 4146 simplex,
2272 4076 2326 4131 in
2352 4091 2410 4131 se
2433 4076 2751 4146 coniunctas
2773 4075 2976 4130 habere
3000 4075 3188 4144 nequit
3214 4072 3286 4145 (j)
3322 4093 3367 4127 ι.

2060 4168 2148 4223 IV.
2184 4189 2201 4221 ι
2235 4168 2365 4224 Boni
2395 4168 2658 4240 probique
2679 4168 2925 4224 homines
2953 4167 3095 4222 nulla
3135 4168 3462 4223 necessitate
3504 4169 3572 4223 ad

1987 4261 2243 4317 virtutem
2289 4259 2685 4329 compelluntur
2735 4278 2750 4315 :
2802 4258 3124 4327 adjuvantur
3173 4265 3354 4312 autem
3397 4259 3570 4331 gratia

1991 4351 2196 4417 divina,
2222 4352 2309 4407 cui
2338 4361 2702 4421 cooperantur
2723 4367 2817 4406 sua
2841 4350 3092 4406 libertate
3114 4351 3349 4404 humana
3381 4349 3455 4422 (k)
3486 4370 3532 4407 ι.

2060 4440 2123 4495 ν.
2165 4459 2184 4492 ‹
2218 4441 2341 4495 Mali
2390 4441 2647 4511 pravique
2714 4440 2959 4495 homines
3008 4431 3208 4495 nullius
3259 4450 3447 4497 coactu
3500 4443 3569 4498 ad

1986 4531 2320 4603 peccandum
2368 4531 2769 4601 pereundumVe
2815 4530 3121 4601 adiguntur,
3174 4533 3422 4601 quamvis
3463 4535 3565 4593 SS.
3622 4596 3627 4602 ,

1987 4629 2239 4677 auctores
2277 4621 2438 4675 modo
2475 4606 2707 4690 quodam
2743 4620 2999 4676 abusivae
3030 4621 3319 4678 locutimuis
3359 4624 3570 4681 soleant

1987 4713 2166 4768 dicere
2200 4712 2636 4783 praedestinatos
2654 4712 2721 4767 ad
2752 4721 3004 4779 mortem,
3033 4712 3117 4767 vel
3149 4713 3453 4778 interitum,
3481 4714 3569 4771 vel

2025 4878 2366 4919 I‘ODOIIOIIIIIS.

1982 4878 2366 4937 proponemus.

2057 4935 2125 5006 (ε)
2162 4934 2281 5006 Sub
2324 4935 2484 5006 tinem
2526 4934 2733 5002 primae
2759 4933 2920 5006 hujus
2947 4933 3139 5006 capitis
3168 4932 3488 5006 particulae.

2053 5002 2120 5074 (ὀ
2156 5005 2293 5061 Istas
2320 5004 2588 5066 videlicet,
2607 5018 2743 5072 quas
2762 5002 2957 5059 Scutus
2971 5002 3326 5074 Gothescalco
3349 5004 3576 5071 tribuit,

1982 5073 2227 5145 quaeque
2254 5087 2345 5129 aut
2381 5093 2398 5125 ι
2427 5074 2638 5129 vivendi
2670 5095 2688 5127 ι
2721 5083 2816 5129 aut
2867 5094 2885 5127 ι
2912 5073 3173 5146 pereundi
3208 5090 3228 5126 ι
3263 5076 3562 5130 necessita»

1982 5155 2090 5201 tem
2122 5146 2426 5200 hominibus
2457 5146 2755 5201 iumonant.

2140 5162 2426 5199 lOl'lIIIIIDIIS
2457 5162 2755 5199 ιιιιυοηιιιιι.

2005 5161 2090 5201 em
2122 5160 2426 5200 llomllllblls
2457 5160 2755 5213 tmponant.

2054 5216 2129 5288 (9)
2168 5214 2259 5288 Ct.
2280 5215 2344 5279 ιι,
2373 5213 2537 5288 §t,_§
2561 5214 2614 5278 2,
2643 5213 2671 5286 ς
2696 5217 2767 5281 6;
2795 5214 2949 5288 m,§
2986 5217 3036 5270 ι.
3075 5216 3245 5288 Deum
3286 5227 3407 5268 esse
3429 5212 3570 5269 diris

1983 5285 2178 5364 S_c_olus
2200 5285 2294 5364 _i_lla
2317 5285 2589 5364 quaeqeo
2605 5285 2741 5364 situt
2775 5304 2796 5339 ι
2823 5285 3251 5351 substantialiai,
3284 5296 3393 5339 non
3423 5298 3441 5334 ι
3461 5298 3573 5338 ιιι-ο

1982 5356 2269 5413 cidentalia
2299 5353 2349 5408 »ξ
2385 5354 2473 5411 ας
2506 5355 2569 5419 ll,
2602 5353 2709 5426 gs.

2076 5427 2131 5499 ιι)
2157 5426 2240 5499 ςσῑ.
2270 5425 2457 5499 una
2489 5425 2659 5499 ι-τίς
2688 5425 2743 5499 4-

2077 5495 2120 5566 ί)
2155 5495 2240 5551 cr.
2274 5497 2336 5558 ιι,
2376 5495 2669 5564 δξιὴιιι,
2705 5496 2903 5564 ι,ι,5

2055 5567 2131 5637 (j)
2157 5566 2239 5621 cr.
2268 5567 2351 5632 Ill,
2381 5567 2434 5622 ε.

2056 5635 2127 5710 (k)
2167 5637 2246 5692 cr.
2281 5638 2368 5701 tv,
2399 5638 2546 5702 5-8;
2586 5635 2669 5699 ιιι,
2710 5638 2765 5690 7.
