4002 6148
407 207 475 264 27
600 247 618 256 ρ
1106 253 1113 260 .
1511 199 1600 257 DE
1636 197 1684 254 Ι.
1718 194 1939 254 SCOTO
1977 195 1992 249 l

2101 193 2494 252 IIIENTATZO.
3469 198 3476 204 ’
3607 199 3678 250 E‘t

404 297 657 394 poenam.
705 319 876 375 Omne
909 326 1226 388 peccatum,
1279 316 1562 385 omnisque
1617 311 1826 383 peccati
1856 324 1984 380 poe-
2011 315 2060 372 Α
2085 310 2329 364 omnium
2356 309 2676 380 principium
2710 309 2790 378 (ί)
2816 309 3091 372 deserunt,
3120 308 3479 378 deorsumque
3512 311 3675 375 bona,

409 431 513 470 nae
541 413 757 484 propria
789 411 1021 466 hominis
1057 410 1352 472 voluntate,
1385 407 1554 461 libero
1589 403 1818 460 arbitrio
1847 403 1989 458 male

408 505 628 565 utentis,
670 510 967 556 nascuntur
993 500 1066 570 (α)
1108 519 1150 551 ι.

479 597 554 651 De
581 595 747 650 libero
775 593 1058 646 voluntatis
1100 589 1324 642 arbitrio
1369 585 1565 641 Scotus
1609 585 1746 639 haec
1787 583 1985 637 docet:

415 707 432 738 ι
463 689 553 758 qui
607 695 812 740 tantum
863 693 1008 736 recte
1045 682 1224 734 vivere
1261 681 1447 748 possit,
1504 693 1610 731 non
1640 689 1827 744 prave,
1865 687 1989 725 eum

410 796 513 834 non
549 779 760 848 penitus
789 789 906 828 esse
940 774 1206 835 liberum;
1251 771 1477 823 liberum
1517 769 1664 822 enim
1699 766 1991 821 arbitrium

406 885 526 924 esse
556 867 872 922 electionem
903 865 1015 916 sive
1045 861 1192 924 boni,
1223 860 1336 913 sive
1372 858 1496 912 mali
1533 858 1607 928 (ὁ)
1637 877 1682 910 ι.

478 959 612 1014 ΙΙίιιε
647 969 824 1011 autem
855 955 1002 1026 (inde
1031 969 1058 1006 a
1097 968 1214 1021 cap.
1247 951 1337 1020 IX)
1361 949 1471 1018 jam
1522 969 1541 1001 ς
1573 951 1664 1004 tibi
1692 947 1845 1016 capia
1877 961 1992 999 ma-

406 1051 557 1106 nabit
587 1048 655 1104 ad
693 1047 908 1118 plenum
958 1045 1190 1114 benigno
1223 1063 1240 1094 i
1271 1056 1517 1096 errorum
1559 1039 1992 1108 ineptiarumque

411 1162 430 1193 ι
457 1141 708 1212 opulenta
733 1154 900 1194 cornu
942 1157 988 1190 ι.
1029 1137 1083 1190 Id
1112 1151 1276 1205 quum
1310 1135 1362 1188 in
1395 1135 1572 1204 priore
1624 1141 1778 1202 parte
1823 1134 1990 1188 multo

405 1233 584 1284 minus
610 1245 708 1284 usu
741 1227 971 1290 veniret,
1003 1241 1140 1294 quae
1169 1224 1238 1278 ibi
1278 1239 1342 1277 ex
1371 1237 1434 1277 eo
1459 1237 1655 1290 genere
1685 1220 1991 1290 reperiren-

407 1331 515 1384 tur,
548 1322 863 1390 plerumque
886 1317 1133 1371 consulto
1164 1315 1648 1384 praetermisimus.

475 1413 650 1480 Atque
673 1411 773 1463 hac
804 1409 855 1461 in
887 1414 1038 1476 parte
1073 1405 1212 1475 (cap.
1244 1403 1539 1472 IX—cap.
1579 1403 1722 1471 XIX)
1751 1403 1992 1473 disputa-

407 1503 608 1556 tionem
639 1503 791 1554 suam
813 1497 1020 1552 -Scotus
1048 1513 1144 1567 per
1170 1496 1327 1563 longa
1351 1497 1614 1563 quaedam
1653 1503 1814 1562 atque
1845 1503 1992 1548 tene-

406 1593 617 1648 hricosa
666 1591 859 1644 itinera
896 1588 1270 1643 circumducit.
1326 1585 1458 1639 Rem
1508 1594 1674 1639 totam
1723 1585 1776 1637 in
1824 1597 1990 1637 unum

2091 417 2321 470 quorum
2364 401 2736 470 corruptiones
2768 411 2926 466 sunt,
2958 402 3010 470 i_n
3044 401 3266 462 nihilum
3317 403 3493 458 redire
3547 419 3677 458 cou-

2091 494 2348 558 tendunt;
2391 494 2534 562 quod
2584 504 2797 557 contra,
2831 509 2969 562 quae
3016 502 3142 546 sunt
3184 503 3406 562 peccato
3455 493 3677 564 ejusque

2091 583 2490 651 eonscquentiis
2537 583 2782 652 opposita
2829 581 3155 652 (integritas,
3194 583 3326 647 vita,
3376 585 3674 656 beatitudo)

2090 688 2306 727 sursum
2328 688 2514 726 versus
2537 673 2777 732 tendunt,
2809 688 3084 742 unumque
3110 672 3238 726 illttd
3261 673 3502 728 omnium
3527 675 3678 744 priu-

2090 765 2290 834 cipium
2345 763 2869 833 appetunt.—Quid
2926 764 3068 816 enim
3129 763 3334 833 appetit
3387 764 3672 833 impiorum

2091 857 2330 912 onmium
2367 866 2422 910 et
2467 857 2662 910 diaboli
2717 857 2981 924 nequitia,
3033 856 3135 910 nisi
3197 857 3266 909 ah
3316 871 3398 919 eo,
3451 856 3541 924 qui
3593 869 3679 910 est

2091 961 2302 1000 summa
2341 948 2573 1001 essentia
2617 947 2872 1000 recedere
2911 947 2965 1000 in
2995 955 3226 1012 tantum,
3257 955 3317 1001 ut
3344 962 3531 1002 eorum
3576 963 3672 1000 na-

2095 1047 2255 1101 tura,
2307 1039 2350 1091 si
2399 1038 2482 1092 lex
2545 1038 2726 1092 divina
2769 1039 3003 1102 sineret,
3066 1041 3119 1093 in
3175 1040 3400 1094 nihilum
3449 1039 3674 1095 redeat?

2093 1127 2229 1181 Ilinc
2261 1143 2494 1196 namque
2533 1129 2772 1198 nequitia
2794 1138 2879 1183 est
2912 1130 3074 1190 diota,
3105 1131 3246 1198 quod
3293 1131 3672 1201 nequicquam,

2092 1217 2145 1271 id
2173 1227 2256 1271 est
2285 1218 2511 1271 nihilum
2549 1235 2669 1272 esse
2699 1220 2978 1273 contendit
3007 1219 3081 1291 (g)
3120 1239 3166 1272 ι.

2163 1305 2313 1371 Quae
2332 1321 2454 1359 cum
2480 1307 2552 1359 ita
2577 1306 2704 1370 sint,
2735 1307 2948 1361 facilem
2971 1305 3084 1374 jam
3126 1308 3328 1362 habent
3348 1309 3670 1378 explicatum

2092 1407 2440 1466 peccatorum
2471 1413 2696 1466 poenae.
2733 1397 2870 1452 Sunt
2895 1398 3038 1451 enim
3067 1398 3218 1460 nihil,
3249 1399 3350 1452 nisi
3387 1419 3406 1450 ‹
3435 1401 3676 1454 volunta-

2094 1489 2184 1553 tis,
2209 1504 2348 1557 quae
2371 1497 2578 1556 peccat,
2605 1489 2898 1553 cruciatus,
2925 1489 3120 1556 quibus
3148 1487 3403 1556 allicitur,
3433 1490 3559 1543 dum
3586 1504 3671 1552 ca,

2095 1592 2235 1646 quae
2267 1577 2404 1631 male
2435 1586 2528 1631 aut
2556 1578 2774 1647 indigne
2801 1577 3028 1647 appetit,
3057 1577 3256 1632 habere
3285 1594 3390 1633 non
3422 1580 3672 1634 εἰηίιιινι.

406 1699 602 1752 corpus
633 1681 938 1745 collectam,
969 1679 1036 1734 ad
1076 1679 1210 1732 haec
1246 1676 1480 1732 resecari
1515 1690 1674 1746 posse
1713 1673 1989 1729 existima-
2019 1675 2067 1734 B
2102 1687 2120 1719 ι
2153 1667 2290 1722 Dum
2337 1667 2481 1722 enim
2528 1667 2814 1737 impiorum
2851 1668 3086 1736 nequitia
3135 1667 3267 1722 nihil
3321 1667 3465 1722 aliud
3506 1684 3673 1738 appe-

407 1791 750 1935 “Igillsiiiqllid
779 1879 898 1919 esse
944 1869 1166 1932 putatur
1203 1859 1435 1929 peccati,
1489 1855 1750 1926 quidquid
1793 1854 1992 1909 dicitur

402 1966 752 2028 peccatorum
811 1950 1357 2022 poenae—omnino
1407 1947 1541 2002 nihil
1605 1955 1708 2000 est.
1771 1964 1789 1996 ι
1823 1945 1990 1999 Nemo

404 2047 599 2118 (enim)
629 2061 732 2098 non
765 2044 928 2106 videt,
966 2041 1066 2096 nisi
1104 2041 1195 2111 qui
1229 2055 1390 2095 sensu
1421 2045 1594 2099 caret,
1629 2046 1819 2101 totum,
1847 2033 1991 2104 quod

407 2140 628 2202 dicitur,
673 2146 953 2206 peccatum
1004 2133 1228 2202 ejusque
1280 2133 1714 2201 consequentias,
1762 2138 1990 2183 mortem

406 2238 572 2298 atque
605 2225 900 2287 miseriam,
929 2232 1033 2276 non
1055 2222 1199 2276 aliud
1227 2236 1365 2285 esse,
1397 2236 1558 2289 quam
1583 2220 1823 2289 integrae
1851 2218 1993 2272 vitae

407 2327 687 2384 beateque
716 2315 1110 2382 corruptiones,
1145 2313 1219 2366 ita
1252 2319 1311 2364 ut
1351 2310 1596 2379 singulae
1621 2305 1862 2379 'singulis
1897 2322 1990 2376 op-

406 2413 694 2477 ponantur,
723 2403 1014 2473 integritati
1045 2409 1348 2477 peccatum,
1377 2400 1519 2454 vitae
1550 2413 1716 2462 mors,
1749 2397 1990 2451 beatitu-

405 2497 516 2549 dini
571 2495 788 2548 Inisvria
823 2512 834 2545 :
871 2493 958 2546 illa
989 2471 1136 2555 sunt,
1168 2492 1300 2544 haec
1325 2491 1542 2558 penitus
1571 2504 1677 2543 non
1707 2497 1870 2552 suat;
1899 2487 1990 2541 illa

407 2587 550 2639 intra
595 2586 852 2638 terminos
901 2582 1224 2636 naturalium
1255 2580 1554 2635 formarum
1587 2579 1986 2650 intelliguntur,

407 2677 540 2727 haec
576 2674 626 2726 in
667 2687 854 2724 carum
903 2671 1116 2724 defectu
1165 2680 1326 2738 atque
1356 2671 1658 2740 privatione
1703 2669 1992 2723 nesciendo

405 2768 686 2828 scitmtur;
721 2765 806 2817 illa
857 2764 1159 2826 materiam,
1211 2761 1465 2825 formam,
1513 2762 1747 2830 speciem
1771 2762 1988 2827 habent,

407 2861 542 2913 haec
571 2858 816 2918 materia,
845 2856 1040 2918 forma,
1072 2855 1249 2924 specie
1275 2863 1467 2909 carent
1489 2857 1558 2921 (ι’)
1591 2873 1634 2904 ι.

479 2949 554 3002 Ex
585 2950 669 3002 his
696 2949 982 3002 tenendum
1029 2955 1130 3010 est,
1167 2962 1328 3016 quem
1357 2961 1572 3000 sensum
1606 2945 1839 2999 habeant
1870 2945 1991 2999 illae

2095 1763 2178 1827 tit,
2207 1763 2310 1816 nisi
2334 1763 2401 1816 ab
2421 1777 2508 1822 eo.
2534 1762 2624 1831 qui
2653 1770 2730 1815 est
2761 1776 2976 1815 summa
3007 1762 3242 1816 essentia
3270 1761 3322 1815 in
3351 1771 3559 1815 tantum
3592 1776 3675 1816 re-

2093 1855 2306 1919 cedere,
2338 1863 2396 1908 ut
2425 1869 2614 1908 eorum
2645 1861 2835 1907 natura
2883 1853 2935 1906 in
2981 1853 3206 1914 nihilum
3247 1852 3675 1907 redeat—ditii-

2094 1943 2269 1998 cultas
2293 1945 2340 1998 ei
2386 1959 2452 1998 ex
2507 1943 2742 1997 aeternis
2770 1943 2977 2012 legibus
3008 1942 3240 2008 obsistit,
3271 1959 3336 2016 ne
3381 1944 3434 1997 in
3466 1952 3672 1998 tantmn

2093 2036 2276 2101 cadat,
2325 2045 2582 2104 quantum
2633 2034 2831 2088 vellet:
2871 2049 2937 2088 ex
2983 2049 3046 2088 ea
3091 2032 3400 2088 dimeultate
3440 2033 3672 2100 laborat,

2094 2127 2390 2182 laborando
2425 2136 2726 2197 torquetur,
2758 2130 3002 2196 punitur,
3034 2126 3307 2179 cruciatur
3333 2124 3408 2195 (Ic)
3447 2145 3494 2181 ι.

2165 2218 2374 2284 Quibus
2401 2217 2663 2286 expositis
2695 2215 3088 2284 quodammodo
3103 2213 3216 2282 jam
3245 2225 3428 2285 patere
3450 2216 3676 2271 arbitra-

2093 2324 2235 2372 mur,
2267 2323 2425 2377 quem
2455 2307 2594 2360 ratio
2620 2321 2914 2376 poenarum
2945 2314 3220 2360 auctorem
3254 2305 3438 2360 haberi
3457 2305 3668 2374 juhcat.

2093 2400 2210 2455 Iluc
2237 2401 2421 2470 igitur,
2445 2414 2584 2469 quae
2609 2399 2674 2454 de
2701 2414 2766 2454 eo
2796 2399 3074 2464 docentur,
3107 2397 3379 2453 afferenda
3415 2413 3538 2454 esse
3573 2413 3673 2469 pu-

2096 2493 2350 2546 tavimus.

2165 2583 2425 2638 l’erversa
2453 2581 2616 2652 igitur
2642 2581 2911 2645 voluntas,
2940 2596 3102 2651 quam
3131 2580 3350 2650 proprie
3373 2587 3428 2635 et
3447 2595 3672 2650 peccare

2093 2683 2148 2729 et
2169 2673 2343 2744 puniri
2372 2671 2674 2732 docuimus,
2703 2687 2808 2724 non
2838 2671 3052 2725 aliunde
3081 2671 3202 2726 illos
3225 2671 3497 2726 cruciatus
3519 2687 3668 2737 suos,

2093 2763 2288 2833 quibus
2315 2762 2384 2816 ob
2407 2760 2777 2830 inexplebilem
2803 2761 2961 2814 istam
2983 2759 3278 2824 libidinem,
3311 2758 3672 2830 nequidquam

2093 2851 2248 2924 quasi
2289 2850 2578 2918 «objectos
2633 2851 2770 2903 vitae
2822 2858 3170 2920 quaerentem
3218 2848 3505 2920 eﬂ‘ringere
3559 2851 3670 2905 cla-

2095 2945 2247 2999 thros
2280 2963 2324 3006 ι,
2355 2943 2600 3006 allieitur,
2646 2958 2752 2996 non
2799 2943 3014 2996 aliunde
3064 2956 3193 3010 ergo
3227 2941 3358 2996 illos
3403 2943 3674 2997 cruciatus

411 3040 566 3094 Scott
589 3039 902 3102 locutiones,
936 3037 1121 3108 quales
1139 3047 1299 3091 sunt:
1332 3056 1350 3087 ι
1380 3049 1660 3106 peccatum
1693 3037 1822 3092 nihil
1847 3045 1986 3102 esti,
2019 3031 2062 3092 C
2097 3035 2344 3104 percipit,
2367 3034 2469 3087 nisi
2497 3048 2560 3085 ex
2585 3035 2685 3086 hac
2708 3033 2820 3100 ipsa
2847 3033 3199 3102 perversitate
3225 3047 3289 3087 ac
3311 3031 3530 3087 libidine
3557 3049 3672 3088 sua.

417 3150 438 3182 ι
468 3133 674 3200 peccati
709 3146 912 3198 poenae
937 3140 1062 3182 sunt
1088 3129 1266 3181 nullae
1295 3147 1339 3180 ι.

479 3221 600 3276 Jam
632 3236 760 3274 vero
789 3231 842 3271 et
870 3229 1170 3288 peccatum,
1200 3228 1249 3271 et
1283 3225 1622 3287 peccatorum
1665 3232 1866 3288 poenae
1897 3234 1989 3274 ac-

407 3327 475 3368 eu
486 3315 656 3366 ratius
687 3311 1040 3364 describenda
1069 3320 1212 3362 sunt.

477 3402 767 3457 Peccatum
800 3417 904 3452 non
935 3408 1019 3453 est
1043 3409 1267 3453 naturae
1289 3397 1366 3470 (ά)
1397 3399 1445 3469 (ε
1475 3408 1796 3468 sequeretur
1819 3401 1988 3464 enim,

407 3509 533 3549 cum
604 3492 746 3545 Deus
811 3501 1060 3542 naturam
1123 3489 1349 3550 fecerit,
1404 3500 1686 3558 peccatum
1751 3505 1870 3545 esse
1924 3507 1990 3545 ex

411 3585 522 3639 Deo
551 3579 622 3654 lc]
649 3581 826 3652 i),sed
856 3580 1055 3634 liberae
1082 3579 1370 3633 voluntatis
1397 3598 1408 3633 :
1442 3588 1527 3634 est
1555 3589 1731 3634 autem
1759 3599 1775 3630 ι
1819 3590 1994 3636 motus

407 3688 698 3747 perversus
715 3672 1003 3728 voluntatis
1033 3672 1251 3734 liberae,
1278 3671 1448 3725 libero
1475 3687 1572 3726 suo
1600 3672 1828 3725 arbitrio
1854 3673 1993 3727 male

407 3766 633 3829 utentis,
663 3779 784 3818 cum
809 3763 929 3832 quis
950 3761 1210 3816 avertitur
1236 3778 1265 3813 a
1297 3761 1492 3815 divinis
1514 3776 1745 3830 vereque
1771 3777 1994 3816 manen-

412 3855 578 3920 tibus,
609 3863 663 3908 et
693 3851 761 3906 ad
819 3851 1092 3904 mutabilia
1142 3859 1303 3918 atque.
1334 3849 1540 3903 incerta
1589 3851 1923 3904 convertitur
1945 3867 1990 3902 ι.

412 3965 434 4002 ι
462 3947 748 4004 Peccatum
772 3945 1023 4000 videlicet
1039 3943 1263 4013 ejusque
1279 3943 1701 4013 consequentiae
1721 3957 1993 3997 summum

483 4124 564 4194 (τι)
605 4121 690 4194 Cf.
723 4118 786 4194 Υ.
823 4117 850 4194 §
883 4118 1033 4194 5-5;
1067 4117 1154 4182 vr,
1188 4118 1302 4172 1-5.

715 4191 782 4286 Σ,
1013 4259 1074 4286 ’2.
1117 4256 1214 4286 γυ
1281 4257 1301 4286 Ι
1382 4257 1414 4286 α
1499 4256 1528 4286 κ
1563 4257 1631 4286 Ω.
1672 4265 1722 4286 Α.
1769 4255 1913 4286 nunc:

409 4261 679 4390 (λεὲἒζ-ιξῖῐξ.
700 4259 802 4386 ἐξιέ
994 4273 1046 4382 id
1063 4256 1417 4396 ’ρῇἓεέῐίιθῗ
1429 4256 1596 4396 ξιῐὲὗὲ
1615 4265 1997 4380 ἷηῗιιῇῗιῗὲιπιί

409 4387 615 4459 dictum
646 4401 892 4462 velimus,
928 4387 1070 4454 illam
1090 4387 1262 4452 'Scoti
1301 4387 1628 4452 sententiam
1659 4401 1724 4452 de
1749 4409 1992 4465 peccato,
2030 4387 2078 4445 D

413 4477 481 4528 de
517 4487 708 4542 poena,
738 4485 982 4542 quaeque
1034 4470 1272 4542 ejusdem
1329 4478 1457 4522 sunt
1478 4469 1711 4542 generis,
1742 4467 1996 4537 proponi-

413 4539 555 4605 mus,
587 4557 746 4610 (piam
775 4541 828 4592 in
858 4540 994 4610 Iihro
1021 4541 1086 4592 de
1110 4539 1378 4608 praedest.
1408 4540 1672 4607 sequitur.

484 4614 565 4681 (ά)
604 4607 718 4664 Iloc
743 4619 827 4664 est
859 4627 876 4660 ι
907 4607 1192 4681 rei,__qu_ae
1234 4624 1359 4662 vere
1401 4619 1504 4674 est,
1534 4629 1552 4660 ι
1576 4636 1647 4649 —-
1676 4627 1695 4661 ι
1726 4623 1864 4677 quae
1892 4607 1992 4662 ali-

413 4677 555 4752 quid
573 4677 978 4752 st_tbst_at_i._Cf.
1010 4677 1078 4745 Χ,
1109 4679 1162 4732 5.

513 4757 561 4816 e)
601 4749 682 4804 cr.
717 4748 833 4814 xv,
862 4749 915 4802 4.

448 4869 452 4873 .
860 4753 1048 4892 Deum,
1067 4833 1229 4892 unam
1249 4817 1993 4892 omnijimrerumessentiam

418 4886 580 4961 atque
609 4889 982 4961 substantiam.
1018 4906 1036 4938 ι
1075 4888 1155 4941 Cl.
1190 4887 1254 4949 Χ,
1285 4887 1354 4952 5;
1385 4886 1570 4961 XVIII,
1601 4889 1654 4961 4.
1685 4887 1842 4961 8_.__De
1868 4904 1998 4961 pan-

420 4957 649 5017 théistno
671 4959 784 5028 jam
810 4959 934 5012 hinc
954 4965 1120 5028 patet,
1143 4974 1303 5028 quam
1333 4973 1458 5013 eum
1494 4959 1595 5013 hoc
1620 4959 1673 5012 in
1705 4957 1842 5013 libro
1867 4960 1997 5013 Sco.

419 5042 507 5087 tus
537 5047 640 5084 non
671 5029 932 5096 ell'ugerit.

491 5101 568 5172 (ς)
607 5100 687 5156 cr.
747 5095 1256 5172 vr,xv1,t-6;x,
1305 5098 1357 5172 I_.
1411 5095 1483 5162 ις
1535 5095 1720 5172 xvtn,
1777 5099 1994 5172 πηςειἶ

417 5167 595 5242 Διᾴϋθ
640 5173 747 5242 hoc
807 5170 924 5223 Ioco
990 5169 1380 5242 praetereunda
1446 5184 1550 5222 non
1598 5169 1806 5242 videtur
1846 5167 1994 5242 §coti

417 5238 686 5298 sententia
717 5239 786 5295 de
813 5250 1036 5308 peccato
1066 5238 1334 5308 originali,
1365 5255 1506 5308 quae
1529 5239 1745 5308 quidem
1771 5241 1823 5293 in
1853 5238 1992 5293 libro

419 5315 485 5368 de
519 5314 785 5383 praedest.
818 5309 1010 5383 legitur
1039 5309 1124 5363 his
1150 5313 1264 5364 I’ere
1289 5309 1469 5363 verbis
1497 5324 1510 5362 :
1540 5327 1562 5383 ς
1589 5310 1790 5364 Omnes
1816 5310 1992 5363 homi-

421 5379 535 5437 nes'
564 5384 614 5436 in
646 5383 820 5450 primo
865 5380 1082 5435 homine
1113 5389 1488 5450 peccaverunt.
1528 5379 1865 5450 Quamquam
1905 5395 1999 5432 au-

421 5462 528 5522 tem
553 5449 854 5521 generalem
877 5450 1090 5522 generis
1113 5451 1328 5504 humani
1352 5461 1598 5505 naturam
1627 5452 1677 5502 in
1695 5467 1770 5522 eo
1793 5449 1998 5504 ereavit

423 5520 594 5586 Deus;
636 5523 767 5577 haec
797 5520 972 5576 tamen
1004 5536 1230 5590 peccare
1260 5537 1364 5574 non
1394 5523 1585 5589 potuit,
1617 5520 1813 5590 quippe
1834 5535 1996 5588 quam

421 5592 561 5646 Deus
611 5593 816 5648 fecerit.
855 5592 1033 5659 Quare
1079 5606 1297 5647 necesse
1333 5603 1416 5646 est
1446 5593 1789 5645 substitutam
1821 5606 1942 5644 esse
1967 5607 1996 5643 a

2099 3146 2118 3179 ι
2148 3125 2260 3180 Non
2307 3126 2448 3179 enim
2499 3127 2603 3178 alia
2656 3134 2781 3177 sunt
2823 3125 3180 3178 instrumenta
3209 3125 3538 3192 torquendac
3571 3125 3674 3178 im-

2093 3218 2307 3287 pietatis
2336 3228 2551 3288 praeter
2594 3219 2764 3286 ipsam
2815 3216 3186 3285 impietatem:
3217 3216 3506 3285 unicuique
3548 3232 3676 3286 sup-

2097 3311 2321 3380 plicium
2373 3311 2466 3364 lict
2519 3309 2585 3364 de
2643 3325 2742 3364 suo
2810 3317 3036 3377 peccato
3085 3325 3098 3361 :
3150 3307 3362 3362 diabolo
3419 3322 3517 3362 sua
3581 3324 3673 3362 su-

2093 3407 2276 3476 perbia
2331 3405 2524 3460 suilieit
2573 3405 2641 3460 ad
2691 3405 3047 3474 torquendum
3100 3421 3145 3458 ».
3205 3422 3225 3455 ι
3272 3402 3426 3459 Unde
3478 3418 3674 3473 pecca-

2096 3509 2231 3563 tum,
2263 3497 2385 3551 inde
2411 3513 2586 3562 mors;
2620 3497 2760 3551 unde
2797 3511 2965 3562 mors,
2999 3497 3124 3552 inde
3155 3497 3397 3562 miseria,
3425 3512 3567 3568 quae
3592 3509 3679 3554 est

2092 3605 2264 3662 poena
2292 3590 2373 3644 vel
2401 3590 2720 3660 supplicium
2752 3589 2812 3660 (ὁ)
2843 3609 2892 3643 ι.

2161 3682 2338 3751 Atque
2369 3697 2432 3735 ex
2459 3682 2564 3744 his,
2595 3696 2735 3749 quae
2761 3682 2827 3734 de
2849 3688 3070 3750 peccato
3097 3679 3325 3751 ejusque
3351 3695 3523 3752 poena
3549 3690 3678 3737 sunt

2093 3772 2258 3836 dicta,
2305 3771 2522 3840 planum
2570 3785 2690 3824 esse
2731 3769 3080 3833 arbitramur,
3113 3769 3355 3834 Scotum,
3393 3772 3518 3824 dum
3547 3787 3678 3826 con-

2093 3871 2240 3917 stare
2285 3861 2387 3916 sibi
2429 3860 2576 3924 velit,
2623 3868 2941 3930 negaturnm
2976 3874 3118 3924 esse,
3153 3859 3246 3914 Dei
3277 3868 3408 3914 nutu
3435 3861 3674 3930 acjussu

2094 3952 2232 4017 ﬁeri,
2263 3961 2323 4006 ut
2349 3951 2438 4016 sit,
2465 3966 2570 4005 non
2598 3951 2828 4005 dicimus
2846 3960 3147 4019 peccatum,
3171 3951 3222 4006 id
3244 3953 3385 4020 quod
3403 3949 3518 4019 jam
3541 3952 3678 4007 alias

2097 4125 2206 4179 Deo
2230 4124 2282 4177 in
2313 4123 2486 4192 primo
2517 4121 2733 4176 homine
2761 4122 2924 4175 etiam
2958 4122 3196 4175 omnium
3237 4122 3514 4177 hominum
3551 4138 3678 4191 pro-

2095 4197 2268 4266 priam
2299 4191 2647 4266 voluntatem,
2679 4201 2839 4266 atque.
2866 4192 2936 4245 ita
2967 4191 3020 4244 in
3052 4207 3118 4266 eo
3151 4206 3407 4266 peccasse
3438 4208 3547 4266 non
3575 4196 3672 4266 n'a-

2099 4260 2232 4317 iurae
2252 4265 2489 4316 omnium
2514 4261 2955 4330 generalitatem.
2971 4263 3062 4313 sed
3088 4260 3504 4330 uniuscujusque
3536 4262 3676 4316 indi-

2100 4335 2315 4388 viduam
2347 4329 2677 4402 voliuntalctn
2707 4329 3032 4402 v.7Cf.7XVI,
3064 4332 3091 4402 §
3122 4333 3176 4385 δὲ

2170 4406 2248 4472 (Ιι)
2285 4401 2369 4456 Cf.
2422 4401 2558 4464 XVI,
2607 4400 2671 4455 4:
2728 4401 2910 4464 XVIII,
2959 4401 3014 4454 7.
3050 4399 3401 4472 rEstiautem
3445 4399 3673 4470 diligen-

2107 4482 2190 4526 ter
2231 4471 2651 4534 attendcndum,
2688 4473 2816 4539 quid
2863 4471 3095 4539 .pr0prie
3152 4471 3415 4528 adiciatur
3476 4487 3672 4541 poena.

2101 4543 2564 4609 Quemadmodum
2624 4541 2787 4610 igitur
2832 4541 2934 4611 (cf.
2998 4556 3116 4610 sup.
3172 4549 3282 4594 not.
3351 4543 3410 4605 ά,
3465 4541 3514 4611 e)
3567 4558 3673 4595 non

2100 4623 2290 4667 natura
2349 4621 2574 4682 peccat,
2637 4611 2730 4664 sed
2779 4610 3330 4682 perversavoluntas
3379 4629 3394 4664 :
3437 4610 3516 4664 sic
3567 4627 3672 4664 non

2099 4691 2292 4738 natura
2331 4680 2578 4750 punitur,
2613 4681 2708 4734 sed
2749 4682 2935 4734 eadem
2988 4680 3236 4734 voluntas
3279 4695 3550 4749 perversa.
3578 4682 3675 4733 At-

2098 4767 2204 4824 que
2248 4752 2352 4806 huc
2397 4750 2774 4824 percommode
2814 4750 3320 4824 transferri‘possit
3368 4751 3520 4824 lacus
3553 4753 3675 4818 qui-

2099 4818 2222 4876 dam
2272 4837 2336 4876 ex
2386 4818 2504 4890 cap.
2556 4820 2694 4883 XVI,
2745 4818 2873 4891 §Iz
2914 4838 2932 4869 ι
2961 4818 3162 4891 Quid?
3189 4820 3244 4875 Si
3273 4821 3434 4891 inulla
3479 4831 3672 4873 natura

2098 4893 2264 4948 fuerit
2311 4889 2532 4960 punita,
2584 4889 2842 4957 numquid
2893 4890 2998 4944 erit
3049 4890 3289 4945 misera?
3341 4889 3458 4944 Non
3492 4891 3668 4960 video.

2099 4966 2214 5028 Qua
2241 4959 2384 5016 enim
2411 4977 2573 5015 causa
2603 4961 2780 5027 aliqua
2824 4967 3014 5013 natura
3043 4962 3149 5014 erit
3176 4961 3394 5024 misera,
3423 4959 3524 5015 nisi
3559 4961 3673 5012 live»

2099 5033 2169 5086 rit
2193 5031 2416 5101 punita?
2436 5031 2618 5101 Itaque
2643 5030 2686 5084 si
2711 5029 2852 5101 trulla
2875 5037 3066 5101 natura
3098 5030 3274 5099 puniri
3301 5038 3496 5100 potest,
3528 5029 3672 5082 nulla

2098 5098 2290 5155 natura
2313 5103 2510 5155 misera
2533 5098 2741 5155 erit.—
2759 5098 2946 5152 Omnis
2969 5098 3147 5158 autem
3185 5098 3378 5154 natura
3407 5108 3500 5153 aut
3532 5101 3675 5155 Deus

2096 5180 2205 5236 est,
2242 5179 2332 5224 aut
2351 5172 2419 5225 ab
2463 5186 2530 5224 eo
2568 5171 2728 5222 I‘acta.
2780 5167 3037 5222 Naturam
3067 5185 3196 5225 vero
3223 5170 3539 5225 ereatricem
3573 5170 3672 5222 nti-

2077 5242 2273 5296 .seriae
2311 5256 2432 5295 esse
2461 5253 2735 5309 capacem,
2769 5239 3232 5294 dementissimum
3255 5249 3340 5294 est
3369 5239 3630 5308 suspicari
3659 5257 3672 5291 :

2099 5311 2335 5366 creatrix
2379 5319 2560 5364 autem
2613 5317 2838 5372 natura,
2879 5324 2985 5378 qua
3029 5310 3240 5379 justitia
3295 5311 3546 5378 punitura
3591 5309 3678 5379 sit

2099 5391 2340 5443 naturas,
2375 5396 2509 5460 quas
2531 5379 2643 5448 ipsa
2664 5379 2885 5443 creavit,
2911 5394 3013 5459 non
3035 5378 3276 5434 invenio.
3307 5378 3675 5460 tN'uIIadehinc

2100 5462 2292 5506 natura
2351 5450 2628 5520 punietur;
2685 5465 2795 5505 non
2841 5450 3027 5518 punita
3089 5465 3196 5505 non
3253 5451 3355 5505 erit
3404 5450 3670 5504 misera».

2101 5520 2183 5576 Cf.
2215 5520 2357 5584 XVI,
2383 5521 2440 5574 ‘2.
2470 5521 2522 5573 li.

2175 5592 2236 5662 (ἱ)
2277 5590 2356 5646 Cf.
2395 5591 2530 5656 XVI,
2558 5592 2620 5658 6;
2655 5590 2768 5658 XV,
2796 5592 2828 5648 8
2857 5601 2904 5646 cl
2939 5592 3179 5663 pluribus
3203 5593 3354 5647 locis.
