4002 6148
308 226 370 280 29
1154 218 1241 275 DE
1280 220 1436 276 VITA
1474 219 1561 274 ET
1599 218 2003 278 PRECEPTIS
2042 219 2091 274 J.
2130 219 2348 275 SCOTI.
2376 252 2442 261 —
2476 220 2653 275 PARS
2694 220 2731 275 I.
3494 228 3563 284 30

302 351 547 410 expresse
570 336 810 408 negavit,
833 335 926 391 sed
948 337 1153 407 peccati
1176 351 1366 406 poena.
1411 337 1594 405 Neque
1618 336 1871 390 fallimur.
1906 341 1947 398 Α
1978 336 2180 405 placuit
2207 314 2424 406 ponere.
2450 369 2522 379 —
2548 337 2604 393 Si
2634 337 2892 393 Dominus
2918 343 3247 410 proditorem
3275 357 3430 397 suum
3459 361 3561 396 non

301 430 642 486 liontinenter
669 429 813 483 enim
846 436 1013 494 vetat,
1040 441 1107 481 ne
1144 429 1267 498 quis
1314 428 1530 482 illorum
1584 428 1876 497 quidquam

301 540 330 577 ι
356 529 459 577 Deo
483 519 623 575 ellici
655 527 826 589 putet.
867 518 1025 583 Nam,
1057 520 1199 589 quod
1225 520 1354 573 nihil
1380 519 1469 583 sit,
1501 520 1552 573 id
1579 535 1685 573 non
1718 538 1735 569 ι
1760 532 1879 572 esse

300 635 329 672 a
370 617 500 678 Deo,
542 628 573 667 a
613 627 723 683 quo
773 611 862 666 illa
908 619 1113 666 tantum
1163 613 1272 666 sint
1312 632 1361 676 ι,
1407 626 1546 681 quae
1592 627 1718 665 vere
1762 625 1879 665 esse

301 710 539 761 dicantur
594 721 607 757 :
655 717 830 772 neque
883 703 957 765 id,
1012 702 1154 771 quod
1190 717 1257 756 ex
1301 718 1556 772 perversa
1598 701 1878 755 hominum

300 796 567 852 voluntate
614 794 857 856 oriatur,
909 793 1227 863 ull0'paeto
1268 793 1337 847 ad
1386 794 1555 847 Deum
1603 804 1880 847 auctorem

300 897 479 945 referri
529 902 690 959 posse
723 887 823 958 (a).
868 887 1114 941 Permittt
1164 895 1371 941 tantum
1423 902 1453 939 a
1500 886 1607 939 Deo
1658 884 1773 946 illa,
1822 891 1881 938 ut

306 999 323 1031 ι
350 981 477 1033 haut
513 987 664 1033 motu
692 977 915 1047 proprio
939 976 1221 1045 liberoque
1252 976 1530 1031 rationalis
1560 984 1878 1042 creaturae,

298 1085 544 1143 perverse
572 1072 776 1124 utentis
819 1069 1157 1125 naturalibus
1205 1069 1361 1123 bonis
1382 1089 1399 1121 ι
1432 1086 1446 1124 :
1478 1088 1496 1120 ‹
1526 1068 1726 1123 deserti
1764 1078 1877 1122 tan—

303 1173 406 1218 tum
428 1178 459 1216 a
483 1164 617 1225 Deo,
646 1160 737 1229 qui
764 1161 873 1215 sint
901 1160 1189 1229 puniendi,
1213 1168 1272 1215 ut
1291 1176 1385 1215 sua
1411 1162 1626 1232 propria
1660 1176 1879 1231 perver-

300 1256 448 1310 sitate
470 1254 770 1323 puniantur
795 1252 868 1324 (ὁ)
897 1271 943 1306 ι.

363 1347 639 1401 Coneesso
672 1353 877 1407 autem,
917 1352 1201 1412 peccatum
1242 1346 1470 1415 ejusque
1505 1360 1735 1415 poenam
1778 1360 1878 1402 nec

299 1451 427 1501 esse,
461 1450 564 1489 nec
610 1451 642 1488 a
693 1435 805 1489 Deo
836 1435 1048 1488 trahere
1074 1434 1360 1505 originem,
1394 1434 1534 1489 facili
1563 1437 1675 1503 jam
1712 1451 1877 1504 opera

301 1530 712 1589 demonstratur,
744 1527 857 1595 ipsa
890 1540 919 1577 a
951 1539 1161 1579 summo
1204 1524 1295 1578 illo
1325 1525 1543 1579 numine
1591 1525 1772 1579 divino
1811 1542 1877 1581 ne

298 1616 550 1686 praesciri
601 1614 859 1684 quidem,
912 1615 1111 1669 nedum
1161 1615 1412 1685 cuiquam
1460 1616 1871 1684 praedestinari.

1980 428 2193 483 erubuit
2229 429 2467 497 apellare
2505 429 2737 483 electum
2786 429 2906 498 (pro
2940 445 3045 484 non
3087 430 3303 502 electo),
3352 448 3451 487 cur
3502 433 3561 486 5.

1981 515 2313 584 Augustinus
2356 519 2721 584 erubesceret,
2757 519 2987 573 eundem
3016 522 3346 590 proditorem
3373 536 3565 579 vocare

1981 608 2438 676 praedestinatum
2471 632 2487 660 ι
2528 612 2644 679 (pro
2671 627 2774 664 non
2804 612 3229 679 praedestinato)
3256 613 3334 683 (It)
3363 612 3387 665 ?

2059 716 2076 747 ι
2109 697 2546 765 Quotiescunque
2588 716 2715 767 ergo
2764 702 3014 755 dieuntttr
3052 704 3436 771 praedestinati
3468 708 3566 759 lm-

1982 786 2157 841 mines
2183 786 2355 855 impii,
2386 802 2629 855 quaeque
2670 789 2733 840 ad
2760 806 2853 843 eos
2888 792 3177 860 pertinent,
3205 794 3568 863 pulcherrimo

1980 886 2036 932 et
2063 878 2417 933 saluberrimo
2462 878 2552 934 illo
2596 884 2994 938 contrarietatis
3024 885 3179 940 modo
3207 887 3569 957 interpretan-

1982 969 2110 1024 dum
2156 978 2241 1024 est
2271 990 2315 1022 ι.

1990 1092 1993 1099 ›
2052 1063 2123 1118 At
2154 1064 2208 1119 in
2243 1064 2398 1120 bonis
2437 1067 2744 1122 hominibus
2780 1071 3076 1139 eorumque
3101 1070 3300 1126 virtute
3323 1087 3385 1125 ac
3410 1088 3569 1140 prac-

1981 1155 2106 1209 miis
2133 1170 2220 1209 res
2250 1170 2406 1210 secus
2432 1172 2551 1212 sese
2577 1159 2756 1213 habet.
2811 1158 2953 1213 llaec
2993 1169 3048 1217 et
3081 1177 3207 1216 vere
3244 1170 3388 1224 sunt.
3436 1171 3491 1217 et
3535 1180 3565 1218 a

1981 1246 2091 1300 Deo
2123 1245 2261 1301 facta
2290 1255 2435 1313 sunt,
2476 1258 2534 1302 et
2574 1250 2642 1303 ab
2683 1249 2889 1303 infinita
2945 1250 3039 1305 Dei
3094 1251 3461 1309 heuevo'vntia
3513 1265 3568 1309 et

1980 1338 2151 1407 gratia
2182 1340 2398 1393 dantur.
2451 1339 2629 1406 Quare
2666 1340 2857 1394 horum
2887 1342 3309 1409 praedestinatio
3339 1359 3466 1397 vere
3502 1358 3568 1399 ac

1980 1430 2195 1497 proprie
2223 1429 2324 1483 diei
2353 1439 2548 1499 potest,
2576 1446 2768 1499 neque,
2794 1447 2958 1499 quum
2990 1447 3020 1485 a
3053 1431 3108 1484 S.
3139 1430 3418 1501 Scriptura
3451 1444 3499 1488 et
3534 1450 3565 1487 a

1981 1516 2078 1571 SS.
2122 1517 2371 1573 Patribus
2395 1520 2641 1583 docetur,
2669 1535 2698 1572 a
2722 1521 2993 1573 contrario
3022 1528 3103 1575 est
3134 1522 3442 1590 accipienda
3476 1524 3559 1593 (ἱ).

2050 1606 2368 1677 Priusquam
2400 1617 2575 1663 tamen
2603 1610 2667 1662 ad
2699 1609 2900 1678 reliqua
2933 1626 3247 1681 pergamus,
3275 1617 3353 1667 su'.
3372 1613 3568 1683 jieien—

301 1684 395 1765 lies
418 1710 730 1765 deﬁniendo
758 1708 1061 1763 conficitur.
1118 1726 1137 1758 ι
1168 1708 1264 1762 Est
1295 1706 1486 1779 (enim)
1509 1709 1686 1763 divina
1721 1724 1877 1778 prae-
1908 1684 1952 1743 Β
1979 1699 2106 1754 dum
2134 1700 2343 1753 videtur
2368 1699 2712 1768 disputationi
2738 1711 2975 1763 nostrae,
3001 1704 3141 1770 quod
3168 1703 3361 1758 Scottis
3382 1708 3562 1773 subje-

302 1800 585 1855 destinatio
619 1799 883 1861 omnium,
928 1812 1065 1866 quae
1096 1796 1240 1851 Deus
1275 1796 1517 1851 facturus
1568 1806 1707 1861 erat,
1755 1806 1881 1851 ante

301 1893 464 1948 secula
530 1888 875 1961 praeparatio
934 1896 1098 1957 atque
1161 1888 1443 1958 dispositio
1479 1888 1547 1959 (ε)
1591 1908 1638 1941 ι.
1700 1888 1881 1942 «Tau-

300 1994 401 2037 tum
444 1982 679 2052 (autem)
734 1981 787 2033 in
840 1980 950 2034 Deo
998 1978 1141 2033 valet
1194 1979 1572 2048 praeseientia,
1616 1990 1877 2048 quantum

300 2073 739 2143 praedestinatio;
768 2071 946 2139 plane,
986 2070 1113 2139 quia
1141 2086 1307 2123 unum
1335 2080 1461 2125 sunt
1482 2091 1527 2124 ι.
1578 2070 1880 2126 Excedcret

300 2163 499 2232 quidem
552 2161 914 2230 praescientia
960 2160 1468 2229 praedestinationis
1523 2156 1877 2239 exlegem

302 2255 378 2308 illa
406 2255 568 2308 etiam
598 2255 667 2307 ad
708 2268 803 2309 eas
838 2268 926 2308 res
968 2253 1241 2322 pertinere
1274 2260 1512 2322 putetur,
1560 2251 1697 2323 qtz'as
1722 2249 1878 2311 Deus

302 2361 392 2398 non
415 2344 560 2406 fecit,
591 2344 737 2398 velut
762 2354 1012 2413 peccata:
1037 2359 1223 2399 verum
1250 2346 1548 2435 enimvero,
1574 2361 1713 2435 quae
1738 2346 1878 2403 Deus

301 2450 394 2486 non
418 2434 566 2496 fecit,
599 2449 665 2487 ea
700 2449 804 2486 non
842 2442 998 2497 sunt;
1028 2446 1198 2505 quare
1236 2448 1334 2488 nec
1365 2434 1434 2488 ab
1564 2421 1877 2504 praescia?-

1986 2424 2445 2512 e‘t‘eriorsfw
2467 2428 2861 2516 Resistet-'2‘!

1757 2515 1881 2580 θιιεῖρ-
1924 2515 1939 2533 ⁸
1976 2509 3006 2587 βοείέιθρενίῶι’(ϋῃειιςυὶόιῦδὲῑῇωθο
3031 2520 3224 2587 spatio,
3257 2520 3564 2588 adjunctutn

302 2534 395 2579 tur.
436 2524 623 2593 Atque
674 2533 804 2578 sunt
848 2526 1010 2578 etiam
1061 2532 1155 2577 «et
1189 2510 1611 2593 praedestitiai'ié
1638 2514 1704 2578 (ἕλ’
1726 2515 1881 2594 pase-

300 2615 510 2667 srieutia
548 2614 712 2667 unius
743 2613 1088 2684 ejusdemque
1127 2614 1341 2670 divinae
1393 2624 1634 2681 naturae,
1678 2618 1729 2670 in
1770 2633 1876 2687 qua

302 2704 427 2758 aliud
469 2705 581 2758 alio
614 2705 736 2774 plus
782 2706 1027 2760 minusve
1073 2721 1178 2760 non
1222 2715 1301 2759 est
1337 2725 1350 2760 :
1391 2707 1478 2760 ubi
1530 2718 1611 2760 est
1654 2717 1878 2763 naturae

300 2795 624 2863 simplicitas,
658 2804 876 2848 nonest
911 2794 1016 2848 ulla
1056 2794 1359 2857 diversitas,
1408 2796 1664 2865 quoniam
1708 2797 1762 2851 in
1813 2813 1876 2853 ea

299 2886 462 2937 eumia
493 2900 665 2937 unum
696 2894 823 2939 sunt
854 2883 930 2954 (Δ)
961 2905 1007 2938 ι.
1712 2952 1726 2961 _

361 2972 448 3026 Est
482 2989 619 3045 ergo
648 2973 1170 3038 manifestissimum,
1214 2990 1316 3030 nec
1353 2985 1596 3045 peccata,
1642 2993 1741 3034 nec
1778 2994 1871 3035 ee-

300 3078 405 3116 rum
448 3078 656 3134 poenas
700 3064 961 3134 praesciri
1001 3081 1032 3119 a
1070 3065 1181 3119 Deo
1230 3074 1322 3119 aut
1357 3067 1747 3136 praedestinari
1778 3070 1869 3141 (c).

359 3154 509 3219 Quod
542 3155 587 3207 si
621 3153 790 3208 nihilo
821 3155 996 3208 secius
1029 3174 1046 3205 ε
1076 3155 1275 3209 dicitur
1314 3157 1454 3211 Deus
1491 3167 1547 3211 et
1584 3158 1775 3213 fecisse
1809 3175 1871 3213 ea

300 3251 345 3295 et
372 3244 727 3311 praescivisse
756 3242 839 3298 vel
863 3244 1314 3312 praedestinasse,
1342 3247 1421 3303 ad.
1436 3248 1752 3301 exercitium
1779 3265 1876 3303 no-

299 3342 430 3387 strae
452 3334 844 3402 intelligentiae
864 3335 1007 3388 Deus
1027 3337 1360 3403 procuravit,
1406 3345 1461 3392 et
1494 3339 1548 3392 in
1591 3341 1874 3408 scripturis

299 3424 400 3477 suis
424 3433 478 3478 et
511 3426 564 3477 in
606 3425 991 3480 traetatoribus
1012 3424 1162 3495 ejus,
1192 3436 1245 3491 ut
1274 3427 1501 3482 audiens
1548 3429 1683 3485 tales
1726 3429 1870 3485 Iocu-

299 3513 492 3568 tionutn
534 3515 724 3568 modos
766 3515 1048 3581 evigilaret
1088 3525 1275 3571 nostra
1312 3518 1541 3572 intentio
1581 3521 1650 3574 ad
1678 3520 1877 3575 intelli-

297 3605 538 3670 gendum,
569 3604 699 3671 quid
731 3604 784 3658 in
818 3605 900 3658 eis
924 3607 1209 3676 mysticum
1234 3607 1417 3673 lateat,
1450 3625 1557 3663 non
1580 3610 1709 3677 quid
1733 3610 1872 3665 sitn-

299 3695 404 3760 pler
433 3696 726 3749 verborum
753 3696 1068 3764 superficies
1094 3699 1345 3752 ostendat
1376 3698 1444 3767 (f)
1469 3717 1513 3753 ι.

358 3785 527 3849 Quem
543 3787 643 3840 hoc
659 3785 777 3840 loco
790 3786 935 3840 dicat
953 3787 1238 3857 mysticum
1254 3803 1494 3853 sensum,
1509 3789 1757 3859 plurimis
1778 3807 1875 3847 ex-

298 3878 542 3947 plicatum
561 3880 774 3951 legitur.
793 3879 1186 3951 Scribitigitur,
1206 3883 1469 3950 permulta
1490 3904 1506 3934 ι
1529 3901 1558 3937 a
1573 3895 1754 3939 contra
1765 3886 1872 3940 rio»
1914 3919 1919 3923 ς

298 3984 405 4023 esse
425 3972 771 4040 accipienda:
794 3992 812 4019 ι
838 3974 890 4025 in
908 3973 1243 4029 secularibus
1266 3974 1462 4029 litteris
1484 3976 1681 4031 Pareas
1706 3978 1880 4032 dictas

300 4074 428 4122 esse,
448 4060 594 4128 quod
622 4060 752 4113 nulli
781 4069 1027 4129 pareant,
1071 4061 1269 4127 lucem,
1296 4064 1437 4131 quod
1481 4079 1585 4118 non
1637 4065 1877 4129 luceati,

303 4166 321 4197 ι
340 4148 390 4201 in
405 4150 599 4204 divinis
620 4148 918 4218 Scripturis
939 4151 1165 4205 inveniri
1186 4151 1377 4206 ludam
1402 4155 1729 4229 proditorem
1754 4152 1883 4208 ami.

298 4252 410 4291 eum
434 4254 463 4292 a
489 4237 617 4292 Jesu
637 4239 984 4309 appellatum,
1007 4256 1128 4295 cum
1153 4241 1317 4296 fuerit
1340 4242 1608 4308 inimicus,
1625 4244 1879 4309 electum,

299 4350 413 4389 eum
438 4336 603 4390 fuerit
647 4353 754 4391 non
783 4337 1019 4400 electus,
1053 4346 1108 4391 et
1150 4336 1266 4406 ejus
1303 4339 1517 4409 generis
1561 4338 1713 4407 plura
1740 4339 1873 4409 (9)».

305 4425 578 4494 «Proinde,
602 4447 623 4481 ι
644 4430 739 4495 ait,
759 4447 779 4481 ι
801 4444 911 4483 non
926 4428 1098 4492 video,
1117 4445 1214 4484 cur
1231 4428 1331 4484 SS.
1349 4439 1530 4498 patres
1545 4431 1876 4495 dubitarent,

302 4519 519 4587 pulchro
550 4521 836 4577 locutionis
862 4521 1023 4577 modo
1050 4521 1368 4577 fiducialiter
1401 4523 1682 4578 enuntiare
1716 4540 1874 4593 prae-

302 4613 591 4669 destinatos
617 4614 683 4667 ad
717 4628 947 4683 poenam
976 4613 1061 4667 vel
1091 4613 1371 4668 interitum
1410 4616 1530 4684 (pro
1570 4629 1677 4669 non
1723 4630 1877 4685 prae-

304 4704 619 4777 destinatis),
658 4724 677 4756 (
705 4706 918 4775 quoties
953 4704 1020 4760 iis
1064 4705 1119 4759 in
1157 4704 1419 4759 librorum
1461 4720 1683 4761 suorum
1736 4706 1877 4761 serie

369 4862 443 4935 (ᾳ)
474 4860 554 4935 gr.
583 4859 670 4935 [ΙΙ.
690 4858 877 4935 *δίζε
891 4859 992 4935 Ατβ
1017 4866 1072 4935 et
1100 4858 1314 4927 saepius
1345 4857 1498 4915 alias.

369 4862 443 5001 in}
474 4862 554 4917 cr.
584 4862 670 4925 Ill,
699 4862 871 4957 δᾳ,
902 4862 992 4914 1-5
1017 4866 1072 4967 ει

368 4932 419 4997 (ο
470 4932 550 4986 cr.
583 4930 811 5001 1.1-5,
834 4928 998 5001 xvu,
1023 4965 1073 5001 ..

390 4998 438 5067 ε)
467 5002 549 5057 Cf.
577 5001 643 5065 II,
665 5000 733 5069 εὶς
770 5000 863 5065 XI,
896 5000 1027 5066 6-7;
1068 4998 1181 5059 XII.
1214 4999 1239 5052 I
1275 5012 1389 5069 seq.

388 5073 448 5150 ά)
739 5070 1045 5150 esse;
1073 5069 1266 5150 eius
1293 5068 1467 5150 praet
1502 5070 1555 5124 in
1585 5070 1677 5124 rm-

368 5140 439 5207 (e)
467 5142 547 5197 Cf.
580 5140 700 5204 XV,
733 5143 797 5207 I;
833 5141 974 5203 XVI,
1005 5142 1069 5204 6;
1092 5140 1255 5201 XVII,
1286 5141 1338 5205 1,
1368 5149 1476 5195 cet.
1518 5150 1623 5196 eet.

368 5146 417 5207 te
467 5146 547 5197 cr.
581 5146 700 5204 xv,
733 5146 797 5207 t;
834 5146 974 5203 XVI,
1005 5146 1069 5204 6;
1093 5146 1255 5201 xvu,
1286 5146 1338 5205 t,
1368 5149 1476 5195 cet.
1518 5159 1528 5194 ε

367 5146 442 5283 (fl
466 5212 547 5283 (ἷῖ-
576 5209 722 5283 Χνιν
746 5212 800 5266 θ·
842 5210 1115 5283 (ἐτελῗηρ
1139 5211 1204 5275 3;
1240 5210 1371 5283 ξίν-1
1414 5226 1528 5280 seq.

368 5280 442 5351 (g)
470 5281 549 5353 Cf.
573 5281 644 5353 II,
667 5284 694 5336 1
725 5298 839 5351 seq.
867 5281 986 5353 ῃ,
1010 5281 1123 5353 6-7.
1150 5284 1185 5335 2
1208 5299 1223 5347 ;
1248 5280 1385 5348 XIII,
1410 5283 1434 5336 1
1466 5298 1581 5353 seq.

369 5354 447 5424 (In)
475 5352 554 5407 Cf.
582 5352 717 5417 XIII,
742 5354 809 5414 2;
847 5351 937 5418 IX,
962 5351 995 5405 5
1035 5352 1163 5423 (quo
1196 5362 1382 5424 tamen
1406 5353 1523 5424 loco
1544 5351 1708 5406 ‘ltanc
1756 5366 1869 5424 rem

301 5420 452 5490 longe
490 5424 644 5478 aliter
690 5423 939 5494 exponit;
989 5420 1115 5477 dicit
1160 5422 1303 5476 enim
1338 5423 1537 5494 idcirco
1570 5422 1873 5490 praescion-

306 5494 430 5547 tiam
459 5492 1000 5561 praedestinationem
1029 5508 1133 5547 non
1173 5492 1519 5563 proprie,.sed
1542 5509 1570 5545 a
1601 5493 1875 5547 contrario

306 5565 594 5628 praedicari
615 5566 683 5619 de
707 5564 1004 5687 Deo,‘quod
1029 5565 1079 5616 in
1104 5564 1273 5630 ipsum
1303 5576 1407 5612 non
1437 5563 1595 5617 cadat
1625 5563 1877 5632 temporis

310 5636 496 5687 τελείοις
532 5634 595 5687 Χ.
630 5637 649 5687 1
692 5650 811 5687 sea.
848 5672 864 5686 .
898 5635 956 5687 II.
980 5636 1046 5687 ‘2:
1086 5632 1199 5687 XV.
1231 5631 1265 5683 2
1289 5638 1389 5685 cet.

310 5636 496 5705 nmio);
532 5634 595 5699 Χ,
630 5637 649 5688 1
692 5650 811 5705 seq.
846 5631 956 5698 XII,
980 5636 1046 5697 ‘2;
1086 5632 1199 5697 XV,
1231 5631 1265 5683 2
1289 5638 1389 5685 cet.

1982 1791 2054 1846 cit
2080 1806 2240 1855 suae;
2275 1792 2598 1845 sententiam
2625 1790 2857 1846 dicimus
2898 1794 2964 1847 de
3006 1794 3125 1862 igne
3170 1804 3376 1850 aeterno
3424 1798 3565 1866 apud

1981 1880 2202 1935 inferos.
2235 1880 2331 1935 Est
2359 1889 2538 1934 autem
2566 1881 2731 1947 haec;
2769 1900 2787 1932 ‹
2821 1882 2974 1936 Ilaud
3002 1881 3159 1937 facile
3187 1886 3333 1939 credi
3367 1895 3560 1955 potest.

1981 1970 2143 2024 alium
2184 1986 2305 2026 eum
2350 1986 2489 2034 esse,
2538 1982 2756 2040 praeter
2791 1973 2988 2041 ipsum,
3040 1974 3131 2041 qui
3182 1984 3261 2028 est
3311 1991 3566 2045 quar.um

1980 2062 2165 2117 mundi
2194 2062 2539 2117 elementum.
2583 2062 2693 2116 Nec
2725 2063 3019 2132 incongrue
3048 2065 3393 2130 credendum,
3423 2075 3567 2137 quod

1979 2160 2205 2229 carpam
2224 2159 2542 2229 memorum
2574 2152 2966 2229 quaealteream
2997 2157 3349 2210 mutabuntur
3395 2174 3465 2226 qu
3490 2162 3565 2212 .ti-

1983 2222 2603 2311 ἐίιέιξῃῖᾴὁίιὸωὗᾜξῖεξ
2623 2225 2865 2308 ξσῖνὲυηιί
2897 2261 3001 2300 non
3036 2255 3241 2317 potest;
3278 2222 3566 2318 impiorum

1976 2351 2107 2389 vero
2136 2351 2358 2404 corpora
2391 2337 2443 2389 in
2468 2351 2681 2390 aeream
2712 2338 3028 2406 qualitatem
3059 2342 3376 2402 transitura,
3413 2352 3471 2394 ut
3500 2346 3565 2390 at.

1964 2424 2445 2512 ’ςςιῐιὶςξῖοτθεςιςειδυ
2467 2428 2949 2512 ρξξίψτψεθιιζὶηρ
2987 2437 3092 2492 est,
3136 2430 3278 2498 quod
3319 2431 3566 2483 diabolus

1978 2616 2055 2661 est
2079 2608 2126 2660 ei
2154 2608 2319 2660 invito
2347 2622 2564 2661 aereum
2608 2624 2805 2677 corpus
2828 2649 2841 2671 ,
2873 2608 2925 2661 in
2953 2623 3059 2677 quo
3086 2625 3287 2678 poenas
3316 2628 3446 2667 suae
3472 2629 3566 2666 su-

1978 2698 2196 2767 perbiae
2219 2697 2330 2750 luat
2355 2697 2449 2767 (j).
2470 2697 2619 2763 Quod
2645 2700 2688 2752 si
2716 2700 2800 2753 cui
2834 2699 3150 2755 incredibile
3180 2701 3411 2767 videtur,
3437 2718 3562 2757 cor-

1978 2807 2107 2860 pora
2136 2806 2351 2861 seraper
2384 2808 2598 2856 arsura,
2639 2809 2814 2863 neque
2849 2805 3027 2850 tamen
3071 2797 3334 2865 peritura,
3379 2798 3559 2852 videat

1978 2881 2373 2936 salamandram
2422 2884 2477 2937 in
2526 2885 2648 2953 igne
2689 2887 2886 2951 vivam,
2920 2887 3099 2942 videat
3126 2888 3358 2959 lapidem
3401 2892 3558 2946 ashe-

1978 2981 2117 3024 stum
2254 2992 2295 3025 ι.

2053 3063 2309 3118 Venimus
2365 3080 2506 3119 nunc
2561 3065 2629 3118 ad
2691 3066 2988 3121 disserendi
3049 3067 3566 3143 demonstrandiqne

1978 3156 2144 3221 viam,
2187 3172 2347 3224 quam
2423 3156 2616 3211 Scotus
2666 3158 2771 3212 hoc
2825 3158 2878 3212 in
2931 3159 3068 3215 libro
3131 3162 3405 3231 ingresSus
3457 3176 3560 3218 est.

1978 3245 2122 3300 Haec
2162 3262 2290 3300 vero
2328 3262 2392 3300 ex
2434 3247 2502 3301 iis
2532 3288 2546 3311 ,
2588 3263 2728 3316 quae
2768 3248 2837 3304 de
2880 3251 3041 3305 totius
3082 3250 3202 3305 libri
3245 3248 3566 3324 argumento

1976 3338 2372 3401 enarravimus,
2404 3338 2536 3393 satis
2565 3340 2790 3394 fortasse
2817 3342 3068 3409 patuerit.
3125 3342 3370 3399 Vidimus
3402 3346 3567 3414 igitur

1978 3426 2135 3495 longe
2181 3442 2303 3480 eum
2347 3426 2450 3480 alia
2483 3428 2565 3480 via
2596 3417 2955 3494 incedentem,
2993 3448 3154 3501 quam
3188 3434 3423 3502 reliquos
3448 3450 3565 3501 eius

1978 3518 2167 3571 aetatis
2206 3517 2514 3585 theologos,
2547 3534 2815 3587 quamque
2847 3521 3021 3589 ipsum
3054 3523 3253 3577 decuit.
3306 3525 3380 3579 llli
3417 3542 3563 3581 enim

1979 3608 2107 3663 solis
2133 3611 2521 3677 propemodum
2547 3610 2602 3662 S.
2630 3610 2929 3677 Scriptura:
2951 3620 3006 3665 et
3030 3611 3127 3666 88.
3154 3613 3375 3667 Patrum
3409 3616 3561 3669 testi-

1979 3702 2173 3755 moniis
2213 3701 2732 3770 auctoritatibusque
2762 3701 3096 3766 nitebantur,
3129 3704 3215 3757 hic
3266 3723 3284 3754 ι
3317 3706 3562 3775 disputa-

1980 3792 2152 3846 toriae
2194 3792 2351 3856 artis,
2383 3812 2401 3843 ι
2455 3800 2512 3846 ut
2557 3792 2766 3858 scribit,
2821 3809 2839 3842 ι
2877 3792 3072 3862 regulis
3102 3813 3119 3844 ι
3159 3795 3410 3849 utebatur
3445 3834 3458 3848 .
3493 3795 3564 3848 itii

1981 3881 2038 3937 S.
2089 3881 2403 3951 Scripturae
2447 3890 2500 3935 et
2544 3880 2645 3936 SS.
2679 3881 2900 3935 Patrum
2945 3883 3354 3938 auctoritatibus
3384 3886 3469 3952 pio
3499 3898 3570 3936 ac

1980 3974 2207 4043 simplici
2238 3974 2419 4027 animo
2450 3988 2506 4028 se
2531 3972 2909 4040 subjiciebaut,
2946 3973 3035 4027 hic
3068 3974 3420 4027 auctoritates
3445 3973 3567 4029 illas

1979 4067 2116 4121 duro
2144 4080 2208 4119 ac
2233 4066 2465 4133 superh'o
2500 4066 2700 4136 ingenii
2729 4065 2811 4119 sui
2842 4066 3070 4136 imperio
3094 4067 3397 4133 subigebat.
3451 4065 3562 4122 Me-

1926 4226 1935 4231 _
1981 4158 2237 4212 minimus
2264 4156 2523 4226 profecto,
2547 4172 2709 4227 quam
2739 4158 3059 4225 contemptis
3099 4156 3369 4221 artificiis,
3417 4159 3560 4228 quod

1981 4258 2168 4303 contra
2192 4264 2249 4304 se
2271 4248 2447 4303 facere
2478 4249 2724 4313 vidisset,
2752 4257 2856 4302 uta
2873 4264 2930 4302 se
2946 4249 3120 4302 facere
3141 4248 3408 4316 videatur,
3436 4249 3563 4305 effe-

1983 4340 2139 4394 cerit.
2172 4338 2281 4393 llac
2320 4348 2456 4400 arte,
2488 4353 2646 4406 quem
2674 4337 2761 4391 ille
2801 4338 3008 4391 hostem
3054 4351 3159 4389 non
3209 4336 3557 4408 profligaret!

1980 4431 2076 4485 Est
2089 4431 2327 4499 quidem,
2345 4438 2403 4483 ut
2418 4431 2528 4498 ipse
2545 4443 2758 4497 quoque
2773 4427 2828 4482 S.
2849 4428 3183 4498 Scripturae,
3202 4428 3258 4483 8.
3277 4428 3563 4499 Augustini

1976 4523 2124 4578 locos
2153 4538 2282 4577 suae
2302 4521 2600 4575 sententiae
2627 4528 2940 4590 argumenta
2961 4518 3222 4590 proferat,
3244 4537 3430 4577 verum
3467 4524 3563 4589 ita,

1978 4613 2047 4673 si.
2067 4612 2223 4666 uthis
2238 4610 2663 4674 verbisutamur,
2679 4618 2835 4665 antea
2858 4610 2957 4679 ipsi
2979 4611 3277 4666 sententiae
3297 4626 3425 4667 suae
3445 4612 3561 4668 fue-

1978 4706 2085 4758 rint
2109 4704 2319 4775 probati
2335 4704 2419 4774 (l).
2453 4702 2637 4773 Neque
2652 4703 2827 4757 facere
2843 4718 2949 4757 non
2963 4719 3263 4774 possumus,
3281 4704 3410 4773 quin
3427 4705 3565 4760 clas-

2052 4859 2111 4931 (ἱ)
2148 4855 2383 4931 Xl—_XIV.
2425 4857 2520 4912 Est
2560 4865 2927 4931 autem_eerte
2957 4856 3196 4931 _mirnut,
3239 4855 3329 4925 qui
3361 4856 3563 4931 factum

1979 4925 2071 4994 sit,
2094 4925 2179 4983 'ut
2223 4929 2438 4989 Scottis,
2470 4944 2633 4997 quum
2660 4929 2925 4981 malorum
2954 4925 3229 4997 hominum
3258 4928 3560 4994 praedi-sti-

1978 5002 2250 5055 nationem
2284 4995 2645 5052 necessariam
2684 4999 2883 5067 ubique
2933 4995 3126 5067 dixerit
3158 5010 3330 5067 prave
3367 4997 3560 5065 agendi

1976 5086 2219 5131 causam,
2271 5084 2377 5121 non
2428 5078 2603 5122 tamen
2633 5066 2700 5122 de
2732 5065 2994 5134 bonorum
3026 5065 3302 5118 hominum
3338 5067 3563 5134 praede-

1975 5139 2263 5194 stinatione
2314 5150 2568 5207 tanquam
2622 5138 2926 5193 necessaria
2966 5133 3103 5189 bene
3148 5133 3358 5188 vivendi
3396 5150 3560 5189 causa

1976 5210 2317 5264 cucitaverit.

2313 5293 2471 5333 nemo
2511 5294 2616 5334 non
2665 5278 3059 5344 reminiseetur,
3096 5276 3402 5347 opinamur,
3435 5275 3560 5329 Ori—

2014 5365 2147 5403 (⁸1118.

1978 5366 2234 5479 Βῡῗιέῗϐτ.
2286 5417 2420 5473 XIX.
2450 5418 2477 5473 ,1
2493 5417 2571 5470 -4.
2612 5417 2784 5489 Supra
2819 5428 2998 5473 autem
3042 5416 3196 5480 dixit,
3227 5414 3396 5469 solam
3434 5428 3564 5469 eon-

1982 5491 2266 5545 scicntiam
2299 5492 2508 5557 punire.

2056 5561 2116 5631 (Ι)
2149 5554 2345 5636 Eadem
2380 5561 2534 5636 plane
2565 5559 2837 5636 commisit
2867 5557 3061 5636 scelus
3096 5556 3147 5610 in
3186 5555 3339 5636 I‘bris
3360 5554 3563 5636 demdiv.

1988 5624 2107 5685 Nat:
2164 5630 2246 5685 Cf.
2298 5624 2461 5685 llock.
2517 5632 2567 5684 in
2615 5630 2891 5699 ephemcr.
2924 5629 3185 5684 Bonnens.
3218 5626 3378 5682 Fasc.
3423 5624 3565 5691 XVI,
