  <div class='ocr_page' id='page_1' title='image "/cluster/home/n/w/nwhite01/storage/ocr_20150623/122/hvd.32044054759840/053.png"; bbox 0 0 4002 6148; ppageno 0'>
   <div class='ocr_carea' id='block_1_1' title="bbox 397 170 1995 267">
    <p class='ocr_par' dir='ltr' id='par_1_1' title="bbox 397 170 1970 267">
     <span class='ocr_line' id='line_1_1' title="bbox 397 170 1970 267; baseline -0.007 0"><span class='ocrx_word' id='word_1_1' title='bbox 397 213 456 267; x_wconf 77' lang='lat' dir='ltr'><strong>5i</strong></span> <span class='ocrx_word' id='word_1_2' title='bbox 1107 170 1110 173; x_wconf 57' lang='grc'><em>’</em></span> <span class='ocrx_word' id='word_1_3' title='bbox 1529 203 1612 260; x_wconf 74' lang='lat' dir='ltr'><strong>nr:</strong></span> <span class='ocrx_word' id='word_1_4' title='bbox 1658 203 1708 259; x_wconf 62' lang='grc' dir='ltr'><strong>ι.</strong></span> <span class='ocrx_word' id='word_1_5' title='bbox 1749 200 1970 258; x_wconf 75' lang='lat' dir='ltr'><strong>scoro</strong></span> 
     </span>
    </p>
   </div>
   <div class='ocr_carea' id='block_1_2' title="bbox 2111 170 3672 267">
    <p class='ocr_par' dir='ltr' id='par_1_2' title="bbox 2113 192 3672 257">
     <span class='ocr_line' id='line_1_2' title="bbox 2113 192 3672 257; baseline 0.001 -3"><span class='ocrx_word' id='word_1_6' title='bbox 2113 192 2515 256; x_wconf 72' lang='grc' dir='ltr'><strong>ΜΜΕΝΤΑΤΙΟ</strong></span> <span class='ocrx_word' id='word_1_7' title='bbox 3599 205 3672 257; x_wconf 72' lang='lat'><strong>3‘2</strong></span> 
     </span>
    </p>
   </div>
   <div class='ocr_carea' id='block_1_3' title="bbox 399 312 3682 390">
    <p class='ocr_par' dir='ltr' id='par_1_3' title="bbox 399 312 3682 390">
     <span class='ocr_line' id='line_1_3' title="bbox 399 312 3682 390; baseline -0.001 -10"><span class='ocrx_word' id='word_1_8' title='bbox 399 327 595 387; x_wconf 79' lang='lat' dir='ltr'><strong>sl(&#39;llm,</strong></span> <span class='ocrx_word' id='word_1_9' title='bbox 633 330 686 376; x_wconf 92' lang='lat' dir='ltr'><strong>ut</strong></span> <span class='ocrx_word' id='word_1_10' title='bbox 725 324 893 385; x_wconf 81' lang='lat' dir='ltr'><strong>aiunt,</strong></span> <span class='ocrx_word' id='word_1_11' title='bbox 927 321 1025 373; x_wconf 83' lang='lat' dir='ltr'><strong>hac</strong></span> <span class='ocrx_word' id='word_1_12' title='bbox 1052 318 1117 374; x_wconf 86' lang='lat' dir='ltr'><strong>de</strong></span> <span class='ocrx_word' id='word_1_13' title='bbox 1165 332 1220 373; x_wconf 83' lang='lat' dir='ltr'><strong>re</strong></span> <span class='ocrx_word' id='word_1_14' title='bbox 1261 327 1436 372; x_wconf 78' lang='lat' dir='ltr'><strong>meum</strong></span> <span class='ocrx_word' id='word_1_15' title='bbox 1558 315 1703 370; x_wconf 82' lang='lat' dir='ltr'><strong>Scoli</strong></span> <span class='ocrx_word' id='word_1_16' title='bbox 1731 315 1884 369; x_wconf 87' lang='lat' dir='ltr'><strong>libris</strong></span> <span class='ocrx_word' id='word_1_17' title='bbox 1919 315 1984 370; x_wconf 90' lang='lat' dir='ltr'><strong>de</strong></span> <span class='ocrx_word' id='word_1_18' title='bbox 2013 318 2058 376; x_wconf 81' lang='grc' dir='ltr'>Α</span> <span class='ocrx_word' id='word_1_19' title='bbox 2090 317 2522 377; x_wconf 89' lang='lat' dir='ltr'><strong>monstralivam,</strong></span> <span class='ocrx_word' id='word_1_20' title='bbox 2549 312 2912 369; x_wconf 80' lang='lat' dir='ltr'><strong>rcsoluttvam.</strong></span> <span class='ocrx_word' id='word_1_21' title='bbox 2952 316 3149 371; x_wconf 82' lang='lat' dir='ltr'><strong>Earum</strong></span> <span class='ocrx_word' id='word_1_22' title='bbox 3186 317 3430 388; x_wconf 82' lang='lat' dir='ltr'><strong>exempla</strong></span> <span class='ocrx_word' id='word_1_23' title='bbox 3468 319 3521 374; x_wconf 91' lang='lat' dir='ltr'><strong>in</strong></span> <span class='ocrx_word' id='word_1_24' title='bbox 3550 336 3682 390; x_wconf 84' lang='lat' dir='ltr'><strong>pro-</strong></span> 
     </span>
    </p>
   </div>
   <div class='ocr_carea' id='block_1_4' title="bbox 401 408 1986 471">
    <p class='ocr_par' dir='ltr' id='par_1_4' title="bbox 401 408 1986 471">
     <span class='ocr_line' id='line_1_4' title="bbox 401 408 1986 471; baseline -0.005 -3"><span class='ocrx_word' id='word_1_25' title='bbox 401 416 664 471; x_wconf 85' lang='lat' dir='ltr'><strong>divisionc</strong></span> <span class='ocrx_word' id='word_1_26' title='bbox 681 415 913 468; x_wconf 84' lang='lat' dir='ltr'><strong>Naturae</strong></span> <span class='ocrx_word' id='word_1_27' title='bbox 929 412 1233 468; x_wconf 79' lang='lat' dir='ltr'><strong>alferamus.</strong></span> <span class='ocrx_word' id='word_1_28' title='bbox 1254 410 1444 464; x_wconf 85' lang='lat' dir='ltr'><strong>Sermo</strong></span> <span class='ocrx_word' id='word_1_29' title='bbox 1461 417 1541 461; x_wconf 82' lang='lat' dir='ltr'><strong>est</strong></span> <span class='ocrx_word' id='word_1_30' title='bbox 1554 410 1619 460; x_wconf 82' lang='lat' dir='ltr'><strong>tle</strong></span> <span class='ocrx_word' id='word_1_31' title='bbox 1634 423 1819 460; x_wconf 83' lang='lat' dir='ltr'><strong>sacrae</strong></span> <span class='ocrx_word' id='word_1_32' title='bbox 1837 408 1986 460; x_wconf 88' lang='lat' dir='ltr'><strong>Scri-</strong></span> 
     </span>
    </p>
   </div>
   <div class='ocr_carea' id='block_1_5' title="bbox 401 498 1982 578">
    <p class='ocr_par' dir='ltr' id='par_1_5' title="bbox 401 498 1982 578">
     <span class='ocr_line' id='line_1_5' title="bbox 401 498 1982 578; baseline -0.007 -18"><span class='ocrx_word' id='word_1_33' title='bbox 401 518 590 578; x_wconf 91' lang='lat' dir='ltr'><strong>pturae</strong></span> <span class='ocrx_word' id='word_1_34' title='bbox 617 518 669 562; x_wconf 91' lang='lat' dir='ltr'><strong>et</strong></span> <span class='ocrx_word' id='word_1_35' title='bbox 699 506 797 561; x_wconf 88' lang='lat' dir='ltr'><strong>SS.</strong></span> <span class='ocrx_word' id='word_1_36' title='bbox 831 506 1044 559; x_wconf 89' lang='lat' dir='ltr'><strong>Patrum</strong></span> <span class='ocrx_word' id='word_1_37' title='bbox 1067 501 1405 556; x_wconf 87' lang='lat' dir='ltr'><strong>auctoritate.</strong></span> <span class='ocrx_word' id='word_1_38' title='bbox 1437 499 1836 553; x_wconf 84' lang='lat' dir='ltr'><strong>Scribitautem</strong></span> <span class='ocrx_word' id='word_1_39' title='bbox 1868 498 1943 566; x_wconf 82' lang='grc' dir='ltr'><strong>(α)</strong></span> <span class='ocrx_word' id='word_1_40' title='bbox 1969 515 1982 550; x_wconf 91' lang='lat'><strong>:</strong></span> 
     </span>
    </p>
   </div>
   <div class='ocr_carea' id='block_1_6' title="bbox 408 590 1985 660">
    <p class='ocr_par' dir='ltr' id='par_1_6' title="bbox 408 590 1985 660">
     <span class='ocr_line' id='line_1_6' title="bbox 408 590 1985 660; baseline -0.004 -11"><span class='ocrx_word' id='word_1_41' title='bbox 408 617 426 649; x_wconf 75' lang='grc' dir='ltr'>ι</span> <span class='ocrx_word' id='word_1_42' title='bbox 458 599 769 653; x_wconf 76' lang='lat' dir='ltr'><strong>Auctoritas</strong></span> <span class='ocrx_word' id='word_1_43' title='bbox 808 614 873 651; x_wconf 77' lang='lat' dir='ltr'><strong>ex</strong></span> <span class='ocrx_word' id='word_1_44' title='bbox 905 610 1030 650; x_wconf 89' lang='lat' dir='ltr'><strong>vera</strong></span> <span class='ocrx_word' id='word_1_45' title='bbox 1061 594 1270 647; x_wconf 88' lang='lat' dir='ltr'><strong>ratione</strong></span> <span class='ocrx_word' id='word_1_46' title='bbox 1315 590 1601 660; x_wconf 86' lang='lat' dir='ltr'><strong>processit,</strong></span> <span class='ocrx_word' id='word_1_47' title='bbox 1647 605 1985 658; x_wconf 84' lang='lat' dir='ltr'><strong>nequaquam</strong></span> 
     </span>
    </p>
   </div>
   <div class='ocr_carea' id='block_1_7' title="bbox 403 682 1986 749">
    <p class='ocr_par' dir='ltr' id='par_1_7' title="bbox 403 682 1986 749">
     <span class='ocr_line' id='line_1_7' title="bbox 403 682 1986 749; baseline -0.007 -6"><span class='ocrx_word' id='word_1_48' title='bbox 403 691 540 743; x_wconf 88' lang='lat' dir='ltr'><strong>ratio</strong></span> <span class='ocrx_word' id='word_1_49' title='bbox 555 704 617 742; x_wconf 92' lang='lat' dir='ltr'><strong>ex</strong></span> <span class='ocrx_word' id='word_1_50' title='bbox 637 689 953 741; x_wconf 89' lang='lat' dir='ltr'><strong>auctoritate</strong></span> <span class='ocrx_word' id='word_1_51' title='bbox 971 704 982 737; x_wconf 91' lang='lat'><strong>:</strong></span> <span class='ocrx_word' id='word_1_52' title='bbox 998 684 1172 740; x_wconf 89' lang='lat' dir='ltr'><strong>omnis</strong></span> <span class='ocrx_word' id='word_1_53' title='bbox 1185 690 1360 736; x_wconf 85' lang='lat' dir='ltr'><strong>autem</strong></span> <span class='ocrx_word' id='word_1_54' title='bbox 1380 682 1690 741; x_wconf 86' lang='lat' dir='ltr'><strong>auctoritas,</strong></span> <span class='ocrx_word' id='word_1_55' title='bbox 1707 696 1846 749; x_wconf 87' lang='lat' dir='ltr'><strong>quae</strong></span> <span class='ocrx_word' id='word_1_56' title='bbox 1862 695 1986 732; x_wconf 87' lang='lat' dir='ltr'><strong>vera</strong></span> 
     </span>
    </p>
   </div>
   <div class='ocr_carea' id='block_1_8' title="bbox 403 771 1985 846">
    <p class='ocr_par' dir='ltr' id='par_1_8' title="bbox 403 771 1985 846">
     <span class='ocr_line' id='line_1_8' title="bbox 403 771 1985 846; baseline -0.008 -11"><span class='ocrx_word' id='word_1_57' title='bbox 403 783 609 836; x_wconf 83' lang='lat' dir='ltr'><strong>ratione</strong></span> <span class='ocrx_word' id='word_1_58' title='bbox 643 795 745 832; x_wconf 89' lang='lat' dir='ltr'><strong>non</strong></span> <span class='ocrx_word' id='word_1_59' title='bbox 775 775 1120 846; x_wconf 85' lang='lat' dir='ltr'><strong>approbatur,</strong></span> <span class='ocrx_word' id='word_1_60' title='bbox 1153 775 1364 827; x_wconf 76' lang='lat' dir='ltr'><strong>infirma</strong></span> <span class='ocrx_word' id='word_1_61' title='bbox 1402 773 1618 826; x_wconf 81' lang='lat' dir='ltr'><strong>videtur</strong></span> <span class='ocrx_word' id='word_1_62' title='bbox 1645 786 1785 825; x_wconf 86' lang='lat' dir='ltr'><strong>esse.</strong></span> <span class='ocrx_word' id='word_1_63' title='bbox 1846 771 1985 824; x_wconf 76' lang='lat' dir='ltr'><strong>Vera</strong></span> 
     </span>
    </p>
   </div>
   <div class='ocr_carea' id='block_1_9' title="bbox 403 861 1987 930">
    <p class='ocr_par' dir='ltr' id='par_1_9' title="bbox 403 861 1987 930">
     <span class='ocr_line' id='line_1_9' title="bbox 403 861 1987 930; baseline -0.007 -5"><span class='ocrx_word' id='word_1_64' title='bbox 403 881 582 924; x_wconf 91' lang='lat' dir='ltr'><strong>autem</strong></span> <span class='ocrx_word' id='word_1_65' title='bbox 610 869 745 922; x_wconf 85' lang='lat' dir='ltr'><strong>ratio</strong></span> <span class='ocrx_word' id='word_1_66' title='bbox 769 906 783 918; x_wconf 96' lang='lat'><strong>.</strong></span> <span class='ocrx_word' id='word_1_67' title='bbox 808 905 821 918; x_wconf 95' lang='lat'><strong>.</strong></span> <span class='ocrx_word' id='word_1_68' title='bbox 851 905 864 918; x_wconf 96' lang='lat'><strong>.</strong></span> <span class='ocrx_word' id='word_1_69' title='bbox 892 904 906 917; x_wconf 94' lang='lat'><strong>.</strong></span> <span class='ocrx_word' id='word_1_70' title='bbox 936 905 947 917; x_wconf 96' lang='lat'><strong>.</strong></span> <span class='ocrx_word' id='word_1_71' title='bbox 972 905 984 917; x_wconf 93' lang='lat'><strong>.</strong></span> <span class='ocrx_word' id='word_1_72' title='bbox 1009 864 1208 918; x_wconf 88' lang='lat' dir='ltr'><strong>nullius</strong></span> <span class='ocrx_word' id='word_1_73' title='bbox 1237 862 1577 918; x_wconf 81' lang='lat' dir='ltr'><strong>auctoritatis</strong></span> <span class='ocrx_word' id='word_1_74' title='bbox 1605 861 1987 930; x_wconf 88' lang='lat' dir='ltr'><strong>astipulatione</strong></span> 
     </span>
    </p>
   </div>
   <div class='ocr_carea' id='block_1_10' title="bbox 403 958 970 1029">
    <p class='ocr_par' dir='ltr' id='par_1_10' title="bbox 403 958 970 1029">
     <span class='ocr_line' id='line_1_10' title="bbox 403 958 970 1029; baseline -0.016 -12"><span class='ocrx_word' id='word_1_75' title='bbox 403 959 644 1029; x_wconf 86' lang='lat' dir='ltr'><strong>roborari</strong></span> <span class='ocrx_word' id='word_1_76' title='bbox 694 958 900 1027; x_wconf 82' lang='lat' dir='ltr'><strong>indiget</strong></span> <span class='ocrx_word' id='word_1_77' title='bbox 927 975 970 1009; x_wconf 76' lang='grc' dir='ltr'><strong>ι.</strong></span> 
     </span>
    </p>
   </div>
   <div class='ocr_carea' id='block_1_11' title="bbox 465 1043 1991 1119">
    <p class='ocr_par' dir='ltr' id='par_1_11' title="bbox 465 1043 1991 1119">
     <span class='ocr_line' id='line_1_11' title="bbox 465 1043 1991 1119; baseline -0.007 -15"><span class='ocrx_word' id='word_1_78' title='bbox 465 1052 659 1119; x_wconf 82' lang='lat' dir='ltr'><strong>&#39;Neqne</strong></span> <span class='ocrx_word' id='word_1_79' title='bbox 698 1047 898 1110; x_wconf 82' lang='lat' dir='ltr'><strong>hercle,</strong></span> <span class='ocrx_word' id='word_1_80' title='bbox 931 1061 1096 1114; x_wconf 92' lang='lat' dir='ltr'><strong>quum</strong></span> <span class='ocrx_word' id='word_1_81' title='bbox 1137 1044 1282 1098; x_wconf 92' lang='lat' dir='ltr'><strong>Scoti</strong></span> <span class='ocrx_word' id='word_1_82' title='bbox 1311 1043 1521 1112; x_wconf 89' lang='lat' dir='ltr'><strong>incepta</strong></span> <span class='ocrx_word' id='word_1_83' title='bbox 1546 1043 1783 1112; x_wconf 77' lang='lat' dir='ltr'><strong>graviter</strong></span> <span class='ocrx_word' id='word_1_84' title='bbox 1808 1057 1991 1110; x_wconf 85' lang='lat' dir='ltr'><strong>repre-</strong></span> 
     </span>
    </p>
   </div>
   <div class='ocr_carea' id='block_1_12' title="bbox 401 1131 1990 1205">
    <p class='ocr_par' dir='ltr' id='par_1_12' title="bbox 401 1131 1990 1205">
     <span class='ocr_line' id='line_1_12' title="bbox 401 1131 1990 1205; baseline -0.008 -9"><span class='ocrx_word' id='word_1_85' title='bbox 401 1141 770 1200; x_wconf 85' lang='lat' dir='ltr'><strong>hen’derimus,</strong></span> <span class='ocrx_word' id='word_1_86' title='bbox 809 1136 1004 1205; x_wconf 81' lang='lat' dir='ltr'><strong>quibus</strong></span> <span class='ocrx_word' id='word_1_87' title='bbox 1042 1135 1289 1187; x_wconf 85' lang='lat' dir='ltr'><strong>excusari</strong></span> <span class='ocrx_word' id='word_1_88' title='bbox 1316 1141 1536 1203; x_wconf 85' lang='lat' dir='ltr'><strong>queant,</strong></span> <span class='ocrx_word' id='word_1_89' title='bbox 1576 1131 1793 1186; x_wconf 88' lang='lat' dir='ltr'><strong>silentio</strong></span> <span class='ocrx_word' id='word_1_90' title='bbox 1831 1143 1990 1198; x_wconf 48' lang='lat' dir='ltr'><strong>prae.</strong></span> 
     </span>
    </p>
   </div>
   <div class='ocr_carea' id='block_1_13' title="bbox 403 1220 1988 1295">
    <p class='ocr_par' dir='ltr' id='par_1_13' title="bbox 403 1220 1988 1295">
     <span class='ocr_line' id='line_1_13' title="bbox 403 1220 1988 1295; baseline -0.006 -11"><span class='ocrx_word' id='word_1_91' title='bbox 403 1230 786 1286; x_wconf 89' lang='lat' dir='ltr'><strong>termittamus.</strong></span> <span class='ocrx_word' id='word_1_92' title='bbox 829 1225 1205 1280; x_wconf 87' lang='lat' dir='ltr'><strong>Transtulerat</strong></span> <span class='ocrx_word' id='word_1_93' title='bbox 1237 1223 1330 1295; x_wconf 83' lang='lat' dir='ltr'><strong>(cf.</strong></span> <span class='ocrx_word' id='word_1_94' title='bbox 1379 1239 1500 1292; x_wconf 87' lang='lat' dir='ltr'><strong>sup.</strong></span> <span class='ocrx_word' id='word_1_95' title='bbox 1533 1222 1663 1292; x_wconf 88' lang='lat' dir='ltr'><strong>Cap.</strong></span> <span class='ocrx_word' id='word_1_96' title='bbox 1693 1222 1778 1293; x_wconf 89' lang='lat' dir='ltr'><strong>IIl)</strong></span> <span class='ocrx_word' id='word_1_97' title='bbox 1810 1220 1988 1276; x_wconf 84' lang='lat' dir='ltr'><strong>Caroli</strong></span> 
     </span>
    </p>
   </div>
   <div class='ocr_carea' id='block_1_14' title="bbox 402 1313 1990 1388">
    <p class='ocr_par' dir='ltr' id='par_1_14' title="bbox 402 1313 1990 1388">
     <span class='ocr_line' id='line_1_14' title="bbox 402 1313 1990 1388; baseline -0.008 -12"><span class='ocrx_word' id='word_1_98' title='bbox 402 1322 549 1376; x_wconf 82' lang='lat' dir='ltr'><strong>Calvi</strong></span> <span class='ocrx_word' id='word_1_99' title='bbox 590 1320 745 1388; x_wconf 87' lang='lat' dir='ltr'><strong>jussu</strong></span> <span class='ocrx_word' id='word_1_100' title='bbox 793 1317 960 1371; x_wconf 88' lang='lat' dir='ltr'><strong>libros</strong></span> <span class='ocrx_word' id='word_1_101' title='bbox 1007 1313 1480 1385; x_wconf 81' lang='lat' dir='ltr'><strong>Pseutlo-Dionysii</strong></span> <span class='ocrx_word' id='word_1_102' title='bbox 1531 1313 1888 1380; x_wconf 80' lang='lat' dir='ltr'><strong>Areopagitae</strong></span> <span class='ocrx_word' id='word_1_103' title='bbox 1935 1319 1990 1365; x_wconf 88' lang='lat' dir='ltr'><strong>et</strong></span> 
     </span>
    </p>
   </div>
   <div class='ocr_carea' id='block_1_15' title="bbox 403 1401 1984 1480">
    <p class='ocr_par' dir='ltr' id='par_1_15' title="bbox 403 1401 1984 1480">
     <span class='ocr_line' id='line_1_15' title="bbox 403 1401 1984 1480; baseline -0.008 -14"><span class='ocrx_word' id='word_1_104' title='bbox 403 1412 646 1475; x_wconf 84' lang='lat' dir='ltr'><strong>Maximi,</strong></span> <span class='ocrx_word' id='word_1_105' title='bbox 679 1424 817 1480; x_wconf 90' lang='lat' dir='ltr'><strong>quos</strong></span> <span class='ocrx_word' id='word_1_106' title='bbox 846 1422 904 1461; x_wconf 91' lang='lat' dir='ltr'><strong>re</strong></span> <span class='ocrx_word' id='word_1_107' title='bbox 938 1416 992 1460; x_wconf 91' lang='lat' dir='ltr'><strong>et</strong></span> <span class='ocrx_word' id='word_1_108' title='bbox 1022 1405 1167 1459; x_wconf 86' lang='lat' dir='ltr'><strong>facto</strong></span> <span class='ocrx_word' id='word_1_109' title='bbox 1203 1420 1232 1458; x_wconf 92' lang='lat' dir='ltr'><strong>a</strong></span> <span class='ocrx_word' id='word_1_110' title='bbox 1259 1403 1393 1460; x_wconf 60' lang='lat' dir='ltr'><strong>viris</strong></span> <span class='ocrx_word' id='word_1_111' title='bbox 1423 1403 1548 1468; x_wconf 90' lang='lat' dir='ltr'><strong>illis,</strong></span> <span class='ocrx_word' id='word_1_112' title='bbox 1581 1403 1780 1472; x_wconf 85' lang='lat' dir='ltr'><strong>quibus</strong></span> <span class='ocrx_word' id='word_1_113' title='bbox 1823 1401 1984 1455; x_wconf 88' lang='lat' dir='ltr'><strong>tribui</strong></span> 
     </span>
    </p>
   </div>
   <div class='ocr_carea' id='block_1_16' title="bbox 404 1491 1990 1566">
    <p class='ocr_par' dir='ltr' id='par_1_16' title="bbox 404 1491 1990 1566">
     <span class='ocr_line' id='line_1_16' title="bbox 404 1491 1990 1566; baseline -0.011 -9"><span class='ocrx_word' id='word_1_114' title='bbox 404 1503 667 1565; x_wconf 88' lang='lat' dir='ltr'><strong>solebant,</strong></span> <span class='ocrx_word' id='word_1_115' title='bbox 706 1497 1046 1566; x_wconf 89' lang='lat' dir='ltr'><strong>conscriptos</strong></span> <span class='ocrx_word' id='word_1_116' title='bbox 1071 1495 1315 1565; x_wconf 90' lang='lat' dir='ltr'><strong>putabat.</strong></span> <span class='ocrx_word' id='word_1_117' title='bbox 1365 1491 1548 1562; x_wconf 91' lang='lat' dir='ltr'><strong>Itaque</strong></span> <span class='ocrx_word' id='word_1_118' title='bbox 1580 1506 1832 1563; x_wconf 83' lang='lat' dir='ltr'><strong>magnam</strong></span> <span class='ocrx_word' id='word_1_119' title='bbox 1864 1505 1990 1559; x_wconf 88' lang='lat' dir='ltr'><strong>pro-</strong></span> 
     </span>
    </p>
   </div>
   <div class='ocr_carea' id='block_1_17' title="bbox 407 1567 1970 1642">
    <p class='ocr_par' dir='ltr' id='par_1_17' title="bbox 407 1567 1970 1642">
     <span class='ocr_line' id='line_1_17' title="bbox 407 1567 1970 1642; baseline -0.005 -16"><span class='ocrx_word' id='word_1_120' title='bbox 407 1575 479 1627; x_wconf 67' lang='lat' dir='ltr'><strong>fet</strong></span> <span class='ocrx_word' id='word_1_121' title='bbox 499 1581 553 1625; x_wconf 92' lang='lat' dir='ltr'><strong>to</strong></span> <span class='ocrx_word' id='word_1_122' title='bbox 583 1581 790 1642; x_wconf 84' lang='lat' dir='ltr'><strong>partem</strong></span> <span class='ocrx_word' id='word_1_123' title='bbox 844 1585 1055 1626; x_wconf 87' lang='lat' dir='ltr'><strong>summa</strong></span> <span class='ocrx_word' id='word_1_124' title='bbox 1109 1581 1423 1624; x_wconf 89' lang='lat' dir='ltr'><strong>sanctorum</strong></span> <span class='ocrx_word' id='word_1_125' title='bbox 1472 1573 1714 1621; x_wconf 79' lang='lat' dir='ltr'><strong>virorum</strong></span> <span class='ocrx_word' id='word_1_126' title='bbox 1751 1567 1970 1619; x_wconf 80' lang='lat' dir='ltr'><strong>illorum</strong></span> 
     </span>
    </p>
   </div>
   <div class='ocr_carea' id='block_1_18' title="bbox 2091 405 3673 478">
    <p class='ocr_par' dir='ltr' id='par_1_18' title="bbox 2091 405 3673 478">
     <span class='ocr_line' id='line_1_18' title="bbox 2091 405 3673 478; baseline 0.005 -20"><span class='ocrx_word' id='word_1_127' title='bbox 2091 421 2245 459; x_wconf 83' lang='lat' dir='ltr'><strong>cessu</strong></span> <span class='ocrx_word' id='word_1_128' title='bbox 2296 405 2454 473; x_wconf 82' lang='lat' dir='ltr'><strong>hujus</strong></span> <span class='ocrx_word' id='word_1_129' title='bbox 2483 405 2662 474; x_wconf 90' lang='lat' dir='ltr'><strong>operis</strong></span> <span class='ocrx_word' id='word_1_130' title='bbox 2689 405 3054 460; x_wconf 84' lang='lat' dir='ltr'><strong>ostendemus.</strong></span> <span class='ocrx_word' id='word_1_131' title='bbox 3096 405 3191 460; x_wconf 85' lang='lat' dir='ltr'><strong>llis</strong></span> <span class='ocrx_word' id='word_1_132' title='bbox 3227 407 3372 461; x_wconf 91' lang='lat' dir='ltr'><strong>enim</strong></span> <span class='ocrx_word' id='word_1_133' title='bbox 3417 417 3673 478; x_wconf 85' lang='lat' dir='ltr'><strong>tanquam</strong></span> 
     </span>
    </p>
   </div>
   <div class='ocr_carea' id='block_1_19' title="bbox 2090 497 3675 566">
    <p class='ocr_par' dir='ltr' id='par_1_19' title="bbox 2090 497 3675 566">
     <span class='ocr_line' id='line_1_19' title="bbox 2090 497 3675 566; baseline 0.003 -16"><span class='ocrx_word' id='word_1_134' title='bbox 2090 497 2206 550; x_wconf 90' lang='lat' dir='ltr'><strong>utili</strong></span> <span class='ocrx_word' id='word_1_135' title='bbox 2269 498 2501 566; x_wconf 85' lang='lat' dir='ltr'><strong>quodam</strong></span> <span class='ocrx_word' id='word_1_136' title='bbox 2550 508 2606 553; x_wconf 85' lang='lat' dir='ltr'><strong>et</strong></span> <span class='ocrx_word' id='word_1_137' title='bbox 2647 499 2876 552; x_wconf 90' lang='lat' dir='ltr'><strong>honesto</strong></span> <span class='ocrx_word' id='word_1_138' title='bbox 2937 498 3206 554; x_wconf 85' lang='lat' dir='ltr'><strong>humanae</strong></span> <span class='ocrx_word' id='word_1_139' title='bbox 3249 500 3675 558; x_wconf 75' lang='lat' dir='ltr'><strong>ratiocinationis</strong></span> 
     </span>
    </p>
   </div>
   <div class='ocr_carea' id='block_1_20' title="bbox 2089 591 3680 664">
    <p class='ocr_par' dir='ltr' id='par_1_20' title="bbox 2089 591 3680 664">
     <span class='ocr_line' id='line_1_20' title="bbox 2089 591 3680 664; baseline 0.008 -23"><span class='ocrx_word' id='word_1_140' title='bbox 2089 591 2376 658; x_wconf 83' lang='lat' dir='ltr'><strong>quadrivio</strong></span> <span class='ocrx_word' id='word_1_141' title='bbox 2404 593 2469 645; x_wconf 88' lang='lat' dir='ltr'><strong>ad</strong></span> <span class='ocrx_word' id='word_1_142' title='bbox 2503 593 2670 660; x_wconf 89' lang='lat' dir='ltr'><strong>ipsam</strong></span> <span class='ocrx_word' id='word_1_143' title='bbox 2697 591 3002 661; x_wconf 84' lang='lat' dir='ltr'><strong>disputandi</strong></span> <span class='ocrx_word' id='word_1_144' title='bbox 3034 592 3404 662; x_wconf 83' lang='lat' dir='ltr'><strong>disciplinam,</strong></span> <span class='ocrx_word' id='word_1_145' title='bbox 3430 612 3568 664; x_wconf 89' lang='lat' dir='ltr'><strong>quae</strong></span> <span class='ocrx_word' id='word_1_146' title='bbox 3593 609 3680 653; x_wconf 86' lang='lat' dir='ltr'><strong>est</strong></span> 
     </span>
    </p>
   </div>
   <div class='ocr_carea' id='block_1_21' title="bbox 2092 683 3674 752">
    <p class='ocr_par' dir='ltr' id='par_1_21' title="bbox 2092 683 3674 752">
     <span class='ocr_line' id='line_1_21' title="bbox 2092 683 3674 752; baseline 0.007 -20"><span class='ocrx_word' id='word_1_147' title='bbox 2092 683 2314 744; x_wconf 89' lang='lat' dir='ltr'><strong>veritas,</strong></span> <span class='ocrx_word' id='word_1_148' title='bbox 2347 683 2522 737; x_wconf 92' lang='lat' dir='ltr'><strong>omnis</strong></span> <span class='ocrx_word' id='word_1_149' title='bbox 2555 683 2605 736; x_wconf 93' lang='lat' dir='ltr'><strong>in</strong></span> <span class='ocrx_word' id='word_1_150' title='bbox 2644 698 2705 737; x_wconf 90' lang='lat' dir='ltr'><strong>ea</strong></span> <span class='ocrx_word' id='word_1_151' title='bbox 2734 683 2978 737; x_wconf 92' lang='lat' dir='ltr'><strong>eruditus</strong></span> <span class='ocrx_word' id='word_1_152' title='bbox 3008 685 3278 752; x_wconf 86' lang='lat' dir='ltr'><strong>perveniri</strong></span> <span class='ocrx_word' id='word_1_153' title='bbox 3308 700 3414 740; x_wconf 89' lang='lat' dir='ltr'><strong>non</strong></span> <span class='ocrx_word' id='word_1_154' title='bbox 3446 689 3674 742; x_wconf 85' lang='lat' dir='ltr'><strong>dubitat.</strong></span> 
     </span>
    </p>
   </div>
   <div class='ocr_carea' id='block_1_22' title="bbox 2092 770 3674 842">
    <p class='ocr_par' dir='ltr' id='par_1_22' title="bbox 2092 770 3674 842">
     <span class='ocr_line' id='line_1_22' title="bbox 2092 770 3674 842; baseline 0.002 -17"><span class='ocrx_word' id='word_1_155' title='bbox 2092 770 2263 838; x_wconf 80' lang='lat' dir='ltr'><strong>IIujus</strong></span> <span class='ocrx_word' id='word_1_156' title='bbox 2318 773 2634 842; x_wconf 88' lang='lat' dir='ltr'><strong>disciplinae</strong></span> <span class='ocrx_word' id='word_1_157' title='bbox 2682 773 2880 842; x_wconf 84' lang='lat' dir='ltr'><strong>regulis</strong></span> <span class='ocrx_word' id='word_1_158' title='bbox 2923 774 3230 828; x_wconf 88' lang='lat' dir='ltr'><strong>necessario</strong></span> <span class='ocrx_word' id='word_1_159' title='bbox 3287 779 3366 828; x_wconf 89' lang='lat' dir='ltr'><strong>uti</strong></span> <span class='ocrx_word' id='word_1_160' title='bbox 3401 776 3674 841; x_wconf 78' lang='lat' dir='ltr'><strong>iubemur,</strong></span> 
     </span>
    </p>
   </div>
   <div class='ocr_carea' id='block_1_23' title="bbox 2092 865 3679 935">
    <p class='ocr_par' dir='ltr' id='par_1_23' title="bbox 2092 865 3679 935">
     <span class='ocr_line' id='line_1_23' title="bbox 2092 865 3679 935; baseline 0.003 -16"><span class='ocrx_word' id='word_1_161' title='bbox 2092 867 2219 919; x_wconf 91' lang='lat' dir='ltr'><strong>dum</strong></span> <span class='ocrx_word' id='word_1_162' title='bbox 2267 865 2527 919; x_wconf 86' lang='lat' dir='ltr'><strong>adversus</strong></span> <span class='ocrx_word' id='word_1_163' title='bbox 2565 865 2982 920; x_wconf 85' lang='lat' dir='ltr'><strong>Gothescalcum</strong></span> <span class='ocrx_word' id='word_1_164' title='bbox 3031 867 3320 935; x_wconf 89' lang='lat' dir='ltr'><strong>quemdam</strong></span> <span class='ocrx_word' id='word_1_165' title='bbox 3355 873 3679 933; x_wconf 74' lang='lat' dir='ltr'><strong>respondere</strong></span> 
     </span>
    </p>
   </div>
   <div class='ocr_carea' id='block_1_24' title="bbox 2092 955 2534 1025">
    <p class='ocr_par' dir='ltr' id='par_1_24' title="bbox 2092 955 2534 1025">
     <span class='ocr_line' id='line_1_24' title="bbox 2092 955 2534 1025; baseline 0 -17"><span class='ocrx_word' id='word_1_166' title='bbox 2092 955 2467 1025; x_wconf 88' lang='lat' dir='ltr'><strong>compellinmr</strong></span> <span class='ocrx_word' id='word_1_167' title='bbox 2488 975 2534 1008; x_wconf 75' lang='grc' dir='ltr'><strong>ι.</strong></span> 
     </span>
    </p>
   </div>
   <div class='ocr_carea' id='block_1_25' title="bbox 2163 1042 3682 1115">
    <p class='ocr_par' dir='ltr' id='par_1_25' title="bbox 2163 1042 3682 1115">
     <span class='ocr_line' id='line_1_25' title="bbox 2163 1042 3682 1115; baseline 0.005 -18"><span class='ocrx_word' id='word_1_168' title='bbox 2163 1046 2334 1111; x_wconf 79' lang='lat' dir='ltr'><strong>Quam</strong></span> <span class='ocrx_word' id='word_1_169' title='bbox 2377 1045 2479 1099; x_wconf 88' lang='lat' dir='ltr'><strong>iste</strong></span> <span class='ocrx_word' id='word_1_170' title='bbox 2514 1045 2614 1099; x_wconf 92' lang='lat' dir='ltr'><strong>hoc</strong></span> <span class='ocrx_word' id='word_1_171' title='bbox 2646 1044 2765 1098; x_wconf 91' lang='lat' dir='ltr'><strong>loco</strong></span> <span class='ocrx_word' id='word_1_172' title='bbox 2801 1042 3198 1115; x_wconf 86' lang='lat' dir='ltr'><strong>philosophiam</strong></span> <span class='ocrx_word' id='word_1_173' title='bbox 3245 1061 3366 1101; x_wconf 91' lang='lat' dir='ltr'><strong>cum</strong></span> <span class='ocrx_word' id='word_1_174' title='bbox 3396 1063 3526 1102; x_wconf 88' lang='lat' dir='ltr'><strong>vera</strong></span> <span class='ocrx_word' id='word_1_175' title='bbox 3554 1050 3682 1104; x_wconf 87' lang='lat' dir='ltr'><strong>reh-</strong></span> 
     </span>
    </p>
   </div>
   <div class='ocr_carea' id='block_1_26' title="bbox 2092 1134 3681 1206">
    <p class='ocr_par' dir='ltr' id='par_1_26' title="bbox 2092 1134 3681 1206">
     <span class='ocr_line' id='line_1_26' title="bbox 2092 1134 3681 1206; baseline 0.003 -18"><span class='ocrx_word' id='word_1_176' title='bbox 2092 1137 2249 1206; x_wconf 84' lang='lat' dir='ltr'><strong>gione</strong></span> <span class='ocrx_word' id='word_1_177' title='bbox 2270 1135 2497 1190; x_wconf 85' lang='lat' dir='ltr'><strong>eandem</strong></span> <span class='ocrx_word' id='word_1_178' title='bbox 2521 1134 2834 1189; x_wconf 83' lang='lat' dir='ltr'><strong>contendit?</strong></span> <span class='ocrx_word' id='word_1_179' title='bbox 2861 1134 3026 1189; x_wconf 85' lang='lat' dir='ltr'><strong>Estne</strong></span> <span class='ocrx_word' id='word_1_180' title='bbox 3047 1150 3110 1189; x_wconf 89' lang='lat' dir='ltr'><strong>ea</strong></span> <span class='ocrx_word' id='word_1_181' title='bbox 3131 1175 3145 1198; x_wconf 87' lang='lat'><strong>,</strong></span> <span class='ocrx_word' id='word_1_182' title='bbox 3183 1150 3322 1205; x_wconf 90' lang='lat' dir='ltr'><strong>quae</strong></span> <span class='ocrx_word' id='word_1_183' title='bbox 3349 1135 3454 1193; x_wconf 81' lang='lat' dir='ltr'><strong>illis</strong></span> <span class='ocrx_word' id='word_1_184' title='bbox 3479 1146 3681 1204; x_wconf 84' lang='lat' dir='ltr'><strong>tempo-</strong></span> 
     </span>
    </p>
   </div>
   <div class='ocr_carea' id='block_1_27' title="bbox 2093 1224 3675 1298">
    <p class='ocr_par' dir='ltr' id='par_1_27' title="bbox 2093 1224 3675 1298">
     <span class='ocr_line' id='line_1_27' title="bbox 2093 1224 3675 1298; baseline 0.001 -17"><span class='ocrx_word' id='word_1_185' title='bbox 2093 1228 2243 1282; x_wconf 88' lang='lat' dir='ltr'><strong>ribus</strong></span> <span class='ocrx_word' id='word_1_186' title='bbox 2271 1226 2629 1281; x_wconf 87' lang='lat' dir='ltr'><strong>communiter</strong></span> <span class='ocrx_word' id='word_1_187' title='bbox 2655 1225 2758 1280; x_wconf 89' lang='lat' dir='ltr'><strong>hoc</strong></span> <span class='ocrx_word' id='word_1_188' title='bbox 2778 1226 2993 1280; x_wconf 91' lang='lat' dir='ltr'><strong>nomine</strong></span> <span class='ocrx_word' id='word_1_189' title='bbox 3020 1224 3410 1295; x_wconf 79' lang='lat' dir='ltr'><strong>appellabatur,</strong></span> <span class='ocrx_word' id='word_1_190' title='bbox 3434 1243 3675 1298; x_wconf 77' lang='lat' dir='ltr'><strong>quaeque</strong></span> 
     </span>
    </p>
   </div>
   <div class='ocr_carea' id='block_1_28' title="bbox 2091 1317 3674 1390">
    <p class='ocr_par' dir='ltr' id='par_1_28' title="bbox 2091 1317 3674 1390">
     <span class='ocr_line' id='line_1_28' title="bbox 2091 1317 3674 1390; baseline 0.001 -17"><span class='ocrx_word' id='word_1_191' title='bbox 2091 1320 2179 1374; x_wconf 80' lang='lat' dir='ltr'><strong>vix</strong></span> <span class='ocrx_word' id='word_1_192' title='bbox 2211 1328 2304 1373; x_wconf 90' lang='lat' dir='ltr'><strong>aut</strong></span> <span class='ocrx_word' id='word_1_193' title='bbox 2333 1334 2402 1374; x_wconf 91' lang='lat' dir='ltr'><strong>ne</strong></span> <span class='ocrx_word' id='word_1_194' title='bbox 2441 1319 2531 1372; x_wconf 87' lang='lat' dir='ltr'><strong>vix</strong></span> <span class='ocrx_word' id='word_1_195' title='bbox 2554 1317 2772 1388; x_wconf 82' lang='lat' dir='ltr'><strong>quidem</strong></span> <span class='ocrx_word' id='word_1_196' title='bbox 2799 1317 3113 1373; x_wconf 83' lang='lat' dir='ltr'><strong>dialecticae</strong></span> <span class='ocrx_word' id='word_1_197' title='bbox 3147 1317 3282 1374; x_wconf 85' lang='lat' dir='ltr'><strong>ﬁnes</strong></span> <span class='ocrx_word' id='word_1_198' title='bbox 3313 1323 3674 1390; x_wconf 66' lang='lat' dir='ltr'><strong>transgredie.</strong></span> 
     </span>
    </p>
   </div>
   <div class='ocr_carea' id='block_1_29' title="bbox 2093 1405 3675 1477">
    <p class='ocr_par' dir='ltr' id='par_1_29' title="bbox 2093 1405 3675 1477">
     <span class='ocr_line' id='line_1_29' title="bbox 2093 1405 3675 1477; baseline 0 -15"><span class='ocrx_word' id='word_1_199' title='bbox 2093 1408 2292 1462; x_wconf 89' lang='lat' dir='ltr'><strong>batur?</strong></span> <span class='ocrx_word' id='word_1_200' title='bbox 2337 1407 2456 1477; x_wconf 89' lang='lat' dir='ltr'><strong>Ipsa</strong></span> <span class='ocrx_word' id='word_1_201' title='bbox 2507 1405 2655 1462; x_wconf 90' lang='lat' dir='ltr'><strong>Scoti</strong></span> <span class='ocrx_word' id='word_1_202' title='bbox 2702 1407 2864 1461; x_wconf 87' lang='lat' dir='ltr'><strong>verba</strong></span> <span class='ocrx_word' id='word_1_203' title='bbox 2886 1447 2901 1472; x_wconf 95' lang='lat'><strong>,</strong></span> <span class='ocrx_word' id='word_1_204' title='bbox 2928 1406 3032 1461; x_wconf 90' lang='lat' dir='ltr'><strong>nisi</strong></span> <span class='ocrx_word' id='word_1_205' title='bbox 3080 1405 3222 1462; x_wconf 86' lang='lat' dir='ltr'><strong>forte</strong></span> <span class='ocrx_word' id='word_1_206' title='bbox 3251 1425 3269 1458; x_wconf 78' lang='lat' dir='ltr'><strong>t</strong></span> <span class='ocrx_word' id='word_1_207' title='bbox 3293 1423 3324 1461; x_wconf 91' lang='lat' dir='ltr'><strong>a</strong></span> <span class='ocrx_word' id='word_1_208' title='bbox 3353 1418 3626 1465; x_wconf 76' lang='lat' dir='ltr'><strong>contrario</strong></span> <span class='ocrx_word' id='word_1_209' title='bbox 3656 1431 3675 1462; x_wconf 74' lang='grc' dir='ltr'><strong>ι</strong></span> 
     </span>
    </p>
   </div>
   <div class='ocr_carea' id='block_1_30' title="bbox 2094 1495 3683 1569">
    <p class='ocr_par' dir='ltr' id='par_1_30' title="bbox 2094 1495 3683 1569">
     <span class='ocr_line' id='line_1_30' title="bbox 2094 1495 3683 1569; baseline 0.002 -19"><span class='ocrx_word' id='word_1_210' title='bbox 2094 1507 2219 1550; x_wconf 90' lang='lat' dir='ltr'><strong>sunt</strong></span> <span class='ocrx_word' id='word_1_211' title='bbox 2259 1495 2698 1564; x_wconf 90' lang='lat' dir='ltr'><strong>interpretanda,</strong></span> <span class='ocrx_word' id='word_1_212' title='bbox 2727 1510 2846 1550; x_wconf 91' lang='lat' dir='ltr'><strong>eam</strong></span> <span class='ocrx_word' id='word_1_213' title='bbox 2874 1505 3023 1552; x_wconf 89' lang='lat' dir='ltr'><strong>certe</strong></span> <span class='ocrx_word' id='word_1_214' title='bbox 3058 1497 3450 1567; x_wconf 87' lang='lat' dir='ltr'><strong>philosophiam</strong></span> <span class='ocrx_word' id='word_1_215' title='bbox 3479 1499 3683 1569; x_wconf 84' lang='lat' dir='ltr'><strong>signiti-</strong></span> 
     </span>
    </p>
   </div>
   <div class='ocr_carea' id='block_1_31' title="bbox 2095 1585 3683 1656">
    <p class='ocr_par' dir='ltr' id='par_1_31' title="bbox 2095 1585 3683 1656">
     <span class='ocr_line' id='line_1_31' title="bbox 2095 1585 3683 1656; baseline 0.001 -16"><span class='ocrx_word' id='word_1_216' title='bbox 2095 1595 2223 1641; x_wconf 90' lang='lat' dir='ltr'><strong>cant</strong></span> <span class='ocrx_word' id='word_1_217' title='bbox 2247 1627 2260 1649; x_wconf 94' lang='lat'><strong>,</strong></span> <span class='ocrx_word' id='word_1_218' title='bbox 2312 1587 2466 1656; x_wconf 87' lang='lat' dir='ltr'><strong>cujus</strong></span> <span class='ocrx_word' id='word_1_219' title='bbox 2507 1601 2674 1639; x_wconf 90' lang='lat' dir='ltr'><strong>unum</strong></span> <span class='ocrx_word' id='word_1_220' title='bbox 2711 1585 2796 1638; x_wconf 92' lang='lat' dir='ltr'><strong>vel</strong></span> <span class='ocrx_word' id='word_1_221' title='bbox 2823 1586 3138 1655; x_wconf 92' lang='lat' dir='ltr'><strong>primarium</strong></span> <span class='ocrx_word' id='word_1_222' title='bbox 3181 1602 3378 1642; x_wconf 90' lang='lat' dir='ltr'><strong>munus</strong></span> <span class='ocrx_word' id='word_1_223' title='bbox 3417 1589 3593 1642; x_wconf 89' lang='lat' dir='ltr'><strong>hacin</strong></span> <span class='ocrx_word' id='word_1_224' title='bbox 3624 1605 3683 1643; x_wconf 89' lang='lat' dir='ltr'><strong>re</strong></span> 
     </span>
    </p>
   </div>
   <div class='ocr_carea' id='block_1_32' title="bbox 409 1660 3679 1746">
    <p class='ocr_par' dir='ltr' id='par_1_32' title="bbox 409 1660 3679 1746">
     <span class='ocr_line' id='line_1_32' title="bbox 409 1660 3679 1746; baseline -0.002 -27"><span class='ocrx_word' id='word_1_225' title='bbox 409 1663 740 1719; x_wconf 82' lang='lat' dir='ltr'><strong>auctoritate</strong></span> <span class='ocrx_word' id='word_1_226' title='bbox 768 1663 970 1716; x_wconf 84' lang='lat' dir='ltr'><strong>factum</strong></span> <span class='ocrx_word' id='word_1_227' title='bbox 999 1671 1108 1728; x_wconf 87' lang='lat' dir='ltr'><strong>est,</strong></span> <span class='ocrx_word' id='word_1_228' title='bbox 1139 1669 1219 1721; x_wconf 85' lang='lat' dir='ltr'><strong>ut.</strong></span> <span class='ocrx_word' id='word_1_229' title='bbox 1255 1677 1376 1729; x_wconf 65' lang='lat' dir='ltr'><strong>qua:</strong></span> <span class='ocrx_word' id='word_1_230' title='bbox 1405 1660 1459 1714; x_wconf 89' lang='lat' dir='ltr'><strong>in</strong></span> <span class='ocrx_word' id='word_1_231' title='bbox 1493 1661 1598 1714; x_wconf 91' lang='lat' dir='ltr'><strong>illis</strong></span> <span class='ocrx_word' id='word_1_232' title='bbox 1631 1660 1790 1715; x_wconf 92' lang='lat' dir='ltr'><strong>libris</strong></span> <span class='ocrx_word' id='word_1_233' title='bbox 1817 1675 1976 1729; x_wconf 86' lang='lat' dir='ltr'><strong>repe-</strong></span> <span class='ocrx_word' id='word_1_234' title='bbox 2025 1677 2065 1744; x_wconf 74' lang='grc' dir='ltr'><strong>Β</strong></span> <span class='ocrx_word' id='word_1_235' title='bbox 2093 1684 2371 1742; x_wconf 56' lang='lat' dir='ltr'><strong>cernatur,</strong></span> <span class='ocrx_word' id='word_1_236' title='bbox 2404 1684 2464 1730; x_wconf 75' lang='grc' dir='ltr'><strong>ιη</strong></span> <span class='ocrx_word' id='word_1_237' title='bbox 2510 1675 2870 1730; x_wconf 45' lang='lat' dir='ltr'><strong>instrumenta</strong></span> <span class='ocrx_word' id='word_1_238' title='bbox 2908 1677 3063 1746; x_wconf 66' lang='lat' dir='ltr'><strong>quasi</strong></span> <span class='ocrx_word' id='word_1_239' title='bbox 3109 1691 3175 1731; x_wconf 68' lang='lat' dir='ltr'><strong>ac</strong></span> <span class='ocrx_word' id='word_1_240' title='bbox 3220 1678 3679 1744; x_wconf 50' lang='lat' dir='ltr'><strong>machinamenta,</strong></span> 
     </span>
    </p>
   </div>
   <div class='ocr_carea' id='block_1_33' title="bbox 412 1748 1976 1820">
    <p class='ocr_par' dir='ltr' id='par_1_33' title="bbox 412 1748 1976 1820">
     <span class='ocr_line' id='line_1_33' title="bbox 412 1748 1976 1820; baseline -0.004 -12"><span class='ocrx_word' id='word_1_241' title='bbox 412 1755 745 1820; x_wconf 84' lang='lat' dir='ltr'><strong>risset,adeo</strong></span> <span class='ocrx_word' id='word_1_242' title='bbox 763 1753 1202 1815; x_wconf 88' lang='lat' dir='ltr'><strong>adamaret,nihil</strong></span> <span class='ocrx_word' id='word_1_243' title='bbox 1226 1763 1281 1804; x_wconf 92' lang='lat' dir='ltr'><strong>ut</strong></span> <span class='ocrx_word' id='word_1_244' title='bbox 1299 1753 1365 1803; x_wconf 88' lang='lat' dir='ltr'><strong>iis</strong></span> <span class='ocrx_word' id='word_1_245' title='bbox 1384 1751 1750 1805; x_wconf 86' lang='lat' dir='ltr'><strong>arbitraretur</strong></span> <span class='ocrx_word' id='word_1_246' title='bbox 1771 1748 1976 1811; x_wconf 89' lang='lat' dir='ltr'><strong>verius,</strong></span> 
     </span>
    </p>
   </div>
   <div class='ocr_carea' id='block_1_34' title="bbox 413 1841 1980 1910">
    <p class='ocr_par' dir='ltr' id='par_1_34' title="bbox 413 1841 1980 1910">
     <span class='ocr_line' id='line_1_34' title="bbox 413 1841 1980 1910; baseline -0.004 -10"><span class='ocrx_word' id='word_1_247' title='bbox 413 1848 549 1902; x_wconf 57' lang='lat' dir='ltr'><strong>nihil</strong></span> <span class='ocrx_word' id='word_1_248' title='bbox 585 1845 849 1909; x_wconf 84' lang='lat' dir='ltr'><strong>divinius,</strong></span> <span class='ocrx_word' id='word_1_249' title='bbox 905 1859 1082 1910; x_wconf 85' lang='lat' dir='ltr'><strong>neque</strong></span> <span class='ocrx_word' id='word_1_250' title='bbox 1140 1845 1250 1897; x_wconf 84' lang='lat' dir='ltr'><strong>nilo</strong></span> <span class='ocrx_word' id='word_1_251' title='bbox 1283 1853 1439 1910; x_wconf 89' lang='lat' dir='ltr'><strong>pacto</strong></span> <span class='ocrx_word' id='word_1_252' title='bbox 1470 1841 1830 1895; x_wconf 85' lang='lat' dir='ltr'><strong>dubitandum</strong></span> <span class='ocrx_word' id='word_1_253' title='bbox 1858 1855 1980 1894; x_wconf 73' lang='lat' dir='ltr'><strong>esse</strong></span> 
     </span>
    </p>
   </div>
   <div class='ocr_carea' id='block_1_35' title="bbox 413 1930 1977 2005">
    <p class='ocr_par' dir='ltr' id='par_1_35' title="bbox 413 1930 1977 2005">
     <span class='ocr_line' id='line_1_35' title="bbox 413 1930 1977 2005; baseline -0.007 -11"><span class='ocrx_word' id='word_1_254' title='bbox 413 1950 688 2000; x_wconf 77' lang='lat' dir='ltr'><strong>censeret,</strong></span> <span class='ocrx_word' id='word_1_255' title='bbox 719 1953 838 2005; x_wconf 66' lang='lat' dir='ltr'><strong>quae</strong></span> <span class='ocrx_word' id='word_1_256' title='bbox 867 1938 946 1989; x_wconf 77' lang='lat' dir='ltr'><strong>Vt&#39;l</strong></span> <span class='ocrx_word' id='word_1_257' title='bbox 986 1936 1036 1988; x_wconf 91' lang='lat' dir='ltr'><strong>in</strong></span> <span class='ocrx_word' id='word_1_258' title='bbox 1094 1951 1244 1988; x_wconf 90' lang='lat' dir='ltr'><strong>sacra</strong></span> <span class='ocrx_word' id='word_1_259' title='bbox 1279 1934 1562 2002; x_wconf 86' lang='lat' dir='ltr'><strong>Scriptura</strong></span> <span class='ocrx_word' id='word_1_260' title='bbox 1598 1933 1678 1987; x_wconf 86' lang='lat' dir='ltr'><strong>vel</strong></span> <span class='ocrx_word' id='word_1_261' title='bbox 1707 1931 1851 2001; x_wconf 89' lang='lat' dir='ltr'><strong>apud</strong></span> <span class='ocrx_word' id='word_1_262' title='bbox 1881 1930 1977 1985; x_wconf 92' lang='lat' dir='ltr'><strong>SS.</strong></span> 
     </span>
    </p>
   </div>
   <div class='ocr_carea' id='block_1_36' title="bbox 419 2024 1984 2092">
    <p class='ocr_par' dir='ltr' id='par_1_36' title="bbox 419 2024 1984 2092">
     <span class='ocr_line' id='line_1_36' title="bbox 419 2024 1984 2092; baseline -0.006 -7"><span class='ocrx_word' id='word_1_263' title='bbox 419 2032 607 2085; x_wconf 82' lang='lat' dir='ltr'><strong>Patres</strong></span> <span class='ocrx_word' id='word_1_264' title='bbox 633 2033 866 2085; x_wconf 83' lang='lat' dir='ltr'><strong>edocms</strong></span> <span class='ocrx_word' id='word_1_265' title='bbox 904 2029 1100 2092; x_wconf 82' lang='lat' dir='ltr'><strong>fuerat,</strong></span> <span class='ocrx_word' id='word_1_266' title='bbox 1133 2027 1198 2081; x_wconf 88' lang='lat' dir='ltr'><strong>ad</strong></span> <span class='ocrx_word' id='word_1_267' title='bbox 1231 2028 1445 2079; x_wconf 89' lang='lat' dir='ltr'><strong>illorum</strong></span> <span class='ocrx_word' id='word_1_268' title='bbox 1476 2027 1717 2079; x_wconf 88' lang='lat' dir='ltr'><strong>virorum</strong></span> <span class='ocrx_word' id='word_1_269' title='bbox 1742 2024 1984 2092; x_wconf 79' lang='lat' dir='ltr'><strong>philoso-</strong></span> 
     </span>
    </p>
   </div>
   <div class='ocr_carea' id='block_1_37' title="bbox 415 2113 1984 2207">
    <p class='ocr_par' dir='ltr' id='par_1_37' title="bbox 415 2113 1984 2207">
     <span class='ocr_line' id='line_1_37' title="bbox 415 2113 1984 2207; baseline -0.004 -32"><span class='ocrx_word' id='word_1_270' title='bbox 415 2125 597 2192; x_wconf 86' lang='lat' dir='ltr'><strong>phiam</strong></span> <span class='ocrx_word' id='word_1_271' title='bbox 633 2136 902 2176; x_wconf 84' lang='lat' dir='ltr'><strong>resecare.</strong></span> <span class='ocrx_word' id='word_1_272' title='bbox 959 2121 1133 2188; x_wconf 85' lang='lat' dir='ltr'><strong>Atque</strong></span> <span class='ocrx_word' id='word_1_273' title='bbox 1162 2113 1984 2207; x_wconf 41' lang='grc' dir='ltr'><strong>δσσρηςλέξςςηςηρίἒσςυρῐξ-</strong></span> 
     </span>
    </p>
   </div>
   <div class='ocr_carea' id='block_1_38' title="bbox 415 2191 2044 2284">
    <p class='ocr_par' dir='ltr' id='par_1_38' title="bbox 415 2191 2044 2284">
     <span class='ocr_line' id='line_1_38' title="bbox 415 2191 2044 2284; baseline -0.006 -15"><span class='ocrx_word' id='word_1_274' title='bbox 415 2191 632 2284; x_wconf 80' lang='lat' dir='ltr'><strong>cunque</strong></span> <span class='ocrx_word' id='word_1_275' title='bbox 662 2229 851 2268; x_wconf 91' lang='lat' dir='ltr'><strong>verum</strong></span> <span class='ocrx_word' id='word_1_276' title='bbox 880 2227 999 2267; x_wconf 84' lang='lat' dir='ltr'><strong>esse</strong></span> <span class='ocrx_word' id='word_1_277' title='bbox 1024 2211 1130 2266; x_wconf 85' lang='lat' dir='ltr'><strong>sibi</strong></span> <span class='ocrx_word' id='word_1_278' title='bbox 1155 2191 1522 2280; x_wconf 55' lang='grc' dir='ltr'><strong>υἰέειίαὲὶΞ-ξδίξ</strong></span> <span class='ocrx_word' id='word_1_279' title='bbox 1543 2193 2044 2270; x_wconf 35' lang='lat' dir='ltr'><strong>“Minatius,”</strong></span> 
     </span>
    </p>
   </div>
   <div class='ocr_carea' id='block_1_39' title="bbox 416 2300 1982 2374">
    <p class='ocr_par' dir='ltr' id='par_1_39' title="bbox 416 2300 1982 2374">
     <span class='ocr_line' id='line_1_39' title="bbox 416 2300 1982 2374; baseline -0.007 -11"><span class='ocrx_word' id='word_1_280' title='bbox 416 2317 502 2363; x_wconf 86' lang='lat' dir='ltr'><strong>ret</strong></span> <span class='ocrx_word' id='word_1_281' title='bbox 527 2323 734 2374; x_wconf 78' lang='lat' dir='ltr'><strong>suoque</strong></span> <span class='ocrx_word' id='word_1_282' title='bbox 770 2308 888 2362; x_wconf 92' lang='lat' dir='ltr'><strong>loco</strong></span> <span class='ocrx_word' id='word_1_283' title='bbox 938 2307 1109 2360; x_wconf 56' lang='lat' dir='ltr'><strong>libere</strong></span> <span class='ocrx_word' id='word_1_284' title='bbox 1174 2305 1576 2357; x_wconf 77' lang='lat' dir='ltr'><strong>confitendum.</strong></span> <span class='ocrx_word' id='word_1_285' title='bbox 1613 2302 1702 2354; x_wconf 74' lang='lat' dir='ltr'><strong>Ait</strong></span> <span class='ocrx_word' id='word_1_286' title='bbox 1753 2302 1899 2353; x_wconf 89' lang='lat' dir='ltr'><strong>enim</strong></span> <span class='ocrx_word' id='word_1_287' title='bbox 1929 2300 1982 2353; x_wconf 93' lang='lat' dir='ltr'><strong>in</strong></span> 
     </span>
    </p>
   </div>
   <div class='ocr_carea' id='block_1_40' title="bbox 2099 1768 3684 1838">
    <p class='ocr_par' dir='ltr' id='par_1_40' title="bbox 2099 1768 3684 1838">
     <span class='ocr_line' id='line_1_40' title="bbox 2099 1768 3684 1838; baseline 0.001 -17"><span class='ocrx_word' id='word_1_288' title='bbox 2099 1783 2330 1838; x_wconf 88' lang='lat' dir='ltr'><strong>quorum</strong></span> <span class='ocrx_word' id='word_1_289' title='bbox 2358 1783 2462 1838; x_wconf 86' lang='lat' dir='ltr'><strong>cpe</strong></span> <span class='ocrx_word' id='word_1_290' title='bbox 2507 1768 2808 1838; x_wconf 90' lang='lat' dir='ltr'><strong>philosophi</strong></span> <span class='ocrx_word' id='word_1_291' title='bbox 2839 1769 3014 1838; x_wconf 89' lang='lat' dir='ltr'><strong>regias</strong></span> <span class='ocrx_word' id='word_1_292' title='bbox 3063 1768 3232 1824; x_wconf 90' lang='lat' dir='ltr'><strong>moles</strong></span> <span class='ocrx_word' id='word_1_293' title='bbox 3267 1785 3394 1824; x_wconf 89' lang='lat' dir='ltr'><strong>suas</strong></span> <span class='ocrx_word' id='word_1_294' title='bbox 3422 1770 3684 1834; x_wconf 81' lang='lat' dir='ltr'><strong>excitant,</strong></span> 
     </span>
    </p>
   </div>
   <div class='ocr_carea' id='block_1_41' title="bbox 2100 1859 3683 1930">
    <p class='ocr_par' dir='ltr' id='par_1_41' title="bbox 2100 1859 3683 1930">
     <span class='ocr_line' id='line_1_41' title="bbox 2100 1859 3683 1930; baseline 0.001 -16"><span class='ocrx_word' id='word_1_295' title='bbox 2100 1868 2380 1930; x_wconf 87' lang='lat' dir='ltr'><strong>comparet</strong></span> <span class='ocrx_word' id='word_1_296' title='bbox 2413 1867 2576 1929; x_wconf 91' lang='lat' dir='ltr'><strong>atque</strong></span> <span class='ocrx_word' id='word_1_297' title='bbox 2615 1860 2940 1930; x_wconf 86' lang='lat' dir='ltr'><strong>suppeditet.</strong></span> <span class='ocrx_word' id='word_1_298' title='bbox 3001 1859 3155 1916; x_wconf 88' lang='lat' dir='ltr'><strong>Unde</strong></span> <span class='ocrx_word' id='word_1_299' title='bbox 3180 1869 3362 1916; x_wconf 87' lang='lat' dir='ltr'><strong>autem</strong></span> <span class='ocrx_word' id='word_1_300' title='bbox 3392 1871 3538 1916; x_wconf 88' lang='lat' dir='ltr'><strong>tanta</strong></span> <span class='ocrx_word' id='word_1_301' title='bbox 3570 1878 3683 1916; x_wconf 90' lang='lat' dir='ltr'><strong>om-</strong></span> 
     </span>
    </p>
   </div>
   <div class='ocr_carea' id='block_1_42' title="bbox 2101 1951 3684 2024">
    <p class='ocr_par' dir='ltr' id='par_1_42' title="bbox 2101 1951 3684 2024">
     <span class='ocr_line' id='line_1_42' title="bbox 2101 1951 3684 2024; baseline 0.002 -18"><span class='ocrx_word' id='word_1_302' title='bbox 2101 1951 2250 2006; x_wconf 92' lang='lat' dir='ltr'><strong>nium</strong></span> <span class='ocrx_word' id='word_1_303' title='bbox 2278 1969 2457 2008; x_wconf 90' lang='lat' dir='ltr'><strong>rerum</strong></span> <span class='ocrx_word' id='word_1_304' title='bbox 2493 1954 2865 2024; x_wconf 85' lang='lat' dir='ltr'><strong>perturbatio?</strong></span> <span class='ocrx_word' id='word_1_305' title='bbox 2891 1952 3061 2019; x_wconf 89' lang='lat' dir='ltr'><strong>Sunt,</strong></span> <span class='ocrx_word' id='word_1_306' title='bbox 3095 1954 3185 2022; x_wconf 89' lang='lat' dir='ltr'><strong>qui</strong></span> <span class='ocrx_word' id='word_1_307' title='bbox 3223 1953 3341 2022; x_wconf 88' lang='lat' dir='ltr'><strong>ejus</strong></span> <span class='ocrx_word' id='word_1_308' title='bbox 3366 1970 3583 2010; x_wconf 88' lang='lat' dir='ltr'><strong>causam</strong></span> <span class='ocrx_word' id='word_1_309' title='bbox 3615 1956 3684 2009; x_wconf 89' lang='lat' dir='ltr'><strong>ad</strong></span> 
     </span>
    </p>
   </div>
   <div class='ocr_carea' id='block_1_43' title="bbox 2097 2043 3686 2114">
    <p class='ocr_par' dir='ltr' id='par_1_43' title="bbox 2097 2043 3686 2114">
     <span class='ocr_line' id='line_1_43' title="bbox 2097 2043 3686 2114; baseline 0.003 -19"><span class='ocrx_word' id='word_1_310' title='bbox 2097 2043 2500 2111; x_wconf 84' lang='lat' dir='ltr'><strong>pantheismnm</strong></span> <span class='ocrx_word' id='word_1_311' title='bbox 2533 2043 2911 2113; x_wconf 84' lang='lat' dir='ltr'><strong>Erigenianum</strong></span> <span class='ocrx_word' id='word_1_312' title='bbox 2939 2045 3182 2099; x_wconf 80' lang='lat' dir='ltr'><strong>referant</strong></span> <span class='ocrx_word' id='word_1_313' title='bbox 3207 2045 3306 2114; x_wconf 80' lang='grc' dir='ltr'><strong>(ά).</strong></span> <span class='ocrx_word' id='word_1_314' title='bbox 3378 2045 3529 2112; x_wconf 87' lang='lat' dir='ltr'><strong>Quod</strong></span> <span class='ocrx_word' id='word_1_315' title='bbox 3556 2063 3686 2100; x_wconf 75' lang='lat' dir='ltr'><strong>con-</strong></span> 
     </span>
    </p>
   </div>
   <div class='ocr_carea' id='block_1_44' title="bbox 2061 2126 3686 2204">
    <p class='ocr_par' dir='ltr' id='par_1_44' title="bbox 2061 2126 3686 2204">
     <span class='ocr_line' id='line_1_44' title="bbox 2061 2126 3686 2204; baseline 0.001 -16"><span class='ocrx_word' id='word_1_316' title='bbox 2061 2126 2574 2204; x_wconf 33' lang='grc' dir='ltr'><strong>ξςι-ᾒηδεῖῖιιιθιθτυε</strong></span> <span class='ocrx_word' id='word_1_317' title='bbox 2605 2131 2835 2187; x_wconf 76' lang='lat' dir='ltr'><strong>aliirmat</strong></span> <span class='ocrx_word' id='word_1_318' title='bbox 2859 2131 2952 2203; x_wconf 78' lang='grc' dir='ltr'><strong>(ε),</strong></span> <span class='ocrx_word' id='word_1_319' title='bbox 2987 2152 3005 2184; x_wconf 85' lang='grc'><strong>‹</strong></span> <span class='ocrx_word' id='word_1_320' title='bbox 3040 2132 3186 2187; x_wconf 89' lang='lat' dir='ltr'><strong>illam</strong></span> <span class='ocrx_word' id='word_1_321' title='bbox 3218 2134 3541 2188; x_wconf 89' lang='lat' dir='ltr'><strong>sententiam</strong></span> <span class='ocrx_word' id='word_1_322' title='bbox 3573 2149 3686 2202; x_wconf 64' lang='lat' dir='ltr'><strong>(ve-</strong></span> 
     </span>
    </p>
   </div>
   <div class='ocr_carea' id='block_1_45' title="bbox 2060 2221 3685 2294">
    <p class='ocr_par' dir='ltr' id='par_1_45' title="bbox 2060 2221 3685 2294">
     <span class='ocr_line' id='line_1_45' title="bbox 2060 2221 3685 2294; baseline 0.002 -19"><span class='ocrx_word' id='word_1_323' title='bbox 2060 2223 2230 2275; x_wconf 54' lang='grc' dir='ltr'><strong>ἰτείης</strong></span> <span class='ocrx_word' id='word_1_324' title='bbox 2242 2221 2643 2291; x_wconf 69' lang='lat' dir='ltr'><strong>philosophiam</strong></span> <span class='ocrx_word' id='word_1_325' title='bbox 2680 2222 2908 2277; x_wconf 88' lang='lat' dir='ltr'><strong>eandem</strong></span> <span class='ocrx_word' id='word_1_326' title='bbox 2937 2237 3058 2278; x_wconf 90' lang='lat' dir='ltr'><strong>esse</strong></span> <span class='ocrx_word' id='word_1_327' title='bbox 3087 2238 3210 2278; x_wconf 92' lang='lat' dir='ltr'><strong>cum</strong></span> <span class='ocrx_word' id='word_1_328' title='bbox 3247 2238 3373 2278; x_wconf 86' lang='lat' dir='ltr'><strong>vera</strong></span> <span class='ocrx_word' id='word_1_329' title='bbox 3406 2223 3685 2294; x_wconf 77' lang='lat' dir='ltr'><strong>religione)</strong></span> 
     </span>
    </p>
   </div>
   <div class='ocr_carea' id='block_1_46' title="bbox 2103 2312 3686 2384">
    <p class='ocr_par' dir='ltr' id='par_1_46' title="bbox 2103 2312 3686 2384">
     <span class='ocr_line' id='line_1_46' title="bbox 2103 2312 3686 2384; baseline 0.001 -18"><span class='ocrx_word' id='word_1_330' title='bbox 2103 2312 2160 2366; x_wconf 95' lang='lat' dir='ltr'><strong>in</strong></span> <span class='ocrx_word' id='word_1_331' title='bbox 2197 2313 2436 2367; x_wconf 91' lang='lat' dir='ltr'><strong>auctoris</strong></span> <span class='ocrx_word' id='word_1_332' title='bbox 2472 2313 2643 2367; x_wconf 87' lang='lat' dir='ltr'><strong>nostri</strong></span> <span class='ocrx_word' id='word_1_333' title='bbox 2686 2328 2782 2368; x_wconf 88' lang='lat' dir='ltr'><strong>ore</strong></span> <span class='ocrx_word' id='word_1_334' title='bbox 2836 2329 2942 2369; x_wconf 92' lang='lat' dir='ltr'><strong>non</strong></span> <span class='ocrx_word' id='word_1_335' title='bbox 2984 2313 3158 2384; x_wconf 90' lang='lat' dir='ltr'><strong>magis</strong></span> <span class='ocrx_word' id='word_1_336' title='bbox 3197 2329 3319 2370; x_wconf 90' lang='lat' dir='ltr'><strong>esse</strong></span> <span class='ocrx_word' id='word_1_337' title='bbox 3360 2326 3686 2384; x_wconf 77' lang='lat' dir='ltr'><strong>suspectam,</strong></span> 
     </span>
    </p>
   </div>
   <div class='ocr_carea' id='block_1_47' title="bbox 420 2394 1995 2478">
    <p class='ocr_par' dir='ltr' id='par_1_47' title="bbox 420 2394 1986 2478">
     <span class='ocr_line' id='line_1_47' title="bbox 420 2394 1986 2478; baseline -0.008 -23"><span class='ocrx_word' id='word_1_338' title='bbox 420 2404 596 2471; x_wconf 88' lang='lat' dir='ltr'><strong>primo</strong></span> <span class='ocrx_word' id='word_1_339' title='bbox 618 2402 684 2454; x_wconf 89' lang='lat' dir='ltr'><strong>de</strong></span> <span class='ocrx_word' id='word_1_340' title='bbox 706 2400 927 2454; x_wconf 84' lang='lat' dir='ltr'><strong>Naturis</strong></span> <span class='ocrx_word' id='word_1_341' title='bbox 957 2399 1036 2469; x_wconf 83' lang='lat' dir='ltr'><strong>(b)</strong></span> <span class='ocrx_word' id='word_1_342' title='bbox 1063 2394 1778 2478; x_wconf 54' lang='lat' dir='ltr'><strong>:Etglilutrita§_t§rn&#39;terf&#39;uus</strong></span> <span class='ocrx_word' id='word_1_343' title='bbox 1795 2396 1986 2477; x_wconf 55' lang='lat' dir='ltr'><strong>aucte;</strong></span> 
     </span>
    </p>
   </div>
   <div class='ocr_carea' id='block_1_48' title="bbox 2111 2394 3687 2478">
    <p class='ocr_par' dir='ltr' id='par_1_48' title="bbox 2111 2395 3687 2476">
     <span class='ocr_line' id='line_1_48' title="bbox 2111 2395 3687 2476; baseline -0.001 -13"><span class='ocrx_word' id='word_1_344' title='bbox 2111 2395 2262 2474; x_wconf 65' lang='grc' dir='ltr'><strong>[ἑιᾷιῷ</strong></span> <span class='ocrx_word' id='word_1_345' title='bbox 2284 2399 2364 2472; x_wconf 62' lang='grc' dir='ltr'><strong>,ἰδὲ</strong></span> <span class='ocrx_word' id='word_1_346' title='bbox 2380 2405 2540 2474; x_wconf 68' lang='lat' dir='ltr'><strong>.Iiuod</strong></span> <span class='ocrx_word' id='word_1_347' title='bbox 2566 2419 2734 2475; x_wconf 88' lang='lat' dir='ltr'><strong>prope</strong></span> <span class='ocrx_word' id='word_1_348' title='bbox 2757 2416 2948 2461; x_wconf 84' lang='lat' dir='ltr'><strong>omnes</strong></span> <span class='ocrx_word' id='word_1_349' title='bbox 2975 2404 3074 2461; x_wconf 91' lang='lat' dir='ltr'><strong>SS.</strong></span> <span class='ocrx_word' id='word_1_350' title='bbox 3103 2413 3284 2476; x_wconf 82' lang='lat' dir='ltr'><strong>patres</strong></span> <span class='ocrx_word' id='word_1_351' title='bbox 3310 2407 3535 2462; x_wconf 86' lang='lat' dir='ltr'><strong>doceant</strong></span> <span class='ocrx_word' id='word_1_352' title='bbox 3553 2447 3566 2469; x_wconf 90' lang='lat'><strong>,</strong></span> <span class='ocrx_word' id='word_1_353' title='bbox 3601 2423 3687 2462; x_wconf 87' lang='lat' dir='ltr'><strong>re-</strong></span> 
     </span>
    </p>
   </div>
   <div class='ocr_carea' id='block_1_49' title="bbox 418 2477 2064 2558">
    <p class='ocr_par' dir='ltr' id='par_1_49' title="bbox 418 2477 2064 2558">
     <span class='ocr_line' id='line_1_49' title="bbox 418 2477 2064 2558; baseline -0.006 -11"><span class='ocrx_word' id='word_1_354' title='bbox 418 2495 601 2558; x_wconf 89' lang='lat' dir='ltr'><strong>ritate,</strong></span> <span class='ocrx_word' id='word_1_355' title='bbox 639 2503 735 2546; x_wconf 89' lang='lat' dir='ltr'><strong>aut</strong></span> <span class='ocrx_word' id='word_1_356' title='bbox 770 2492 951 2544; x_wconf 89' lang='lat' dir='ltr'><strong>minus</strong></span> <span class='ocrx_word' id='word_1_357' title='bbox 1006 2477 1985 2557; x_wconf 59' lang='lat' dir='ltr'><strong>mda&#39;cirirfn-animoruritexparesdo</strong></span> <span class='ocrx_word' id='word_1_358' title='bbox 2009 2491 2064 2533; x_wconf 74' lang='grc' dir='ltr'><em>Ξῖ</em></span> 
     </span>
    </p>
   </div>
   <div class='ocr_carea' id='block_1_50' title="bbox 417 2579 1986 2656">
    <p class='ocr_par' dir='ltr' id='par_1_50' title="bbox 417 2579 1986 2656">
     <span class='ocr_line' id='line_1_50' title="bbox 417 2579 1986 2656; baseline -0.006 -14"><span class='ocrx_word' id='word_1_359' title='bbox 417 2589 708 2656; x_wconf 89' lang='lat' dir='ltr'><strong>impetum,</strong></span> <span class='ocrx_word' id='word_1_360' title='bbox 747 2593 806 2639; x_wconf 88' lang='lat' dir='ltr'><strong>ut</strong></span> <span class='ocrx_word' id='word_1_361' title='bbox 841 2600 927 2647; x_wconf 88' lang='lat' dir='ltr'><strong>ea,</strong></span> <span class='ocrx_word' id='word_1_362' title='bbox 958 2592 1078 2653; x_wconf 60' lang='lat' dir='ltr'><strong>quae</strong></span> <span class='ocrx_word' id='word_1_363' title='bbox 1105 2598 1230 2636; x_wconf 83' lang='lat' dir='ltr'><strong>vera</strong></span> <span class='ocrx_word' id='word_1_364' title='bbox 1264 2583 1403 2635; x_wconf 83' lang='lat' dir='ltr'><strong>ratio</strong></span> <span class='ocrx_word' id='word_1_365' title='bbox 1457 2580 1606 2636; x_wconf 88' lang='lat' dir='ltr'><strong>clare</strong></span> <span class='ocrx_word' id='word_1_366' title='bbox 1659 2579 1870 2648; x_wconf 87' lang='lat' dir='ltr'><strong>colligit</strong></span> <span class='ocrx_word' id='word_1_367' title='bbox 1903 2579 1986 2632; x_wconf 91' lang='lat' dir='ltr'><strong>in-</strong></span> 
     </span>
    </p>
   </div>
   <div class='ocr_carea' id='block_1_51' title="bbox 415 2671 1985 2747">
    <p class='ocr_par' dir='ltr' id='par_1_51' title="bbox 415 2671 1985 2747">
     <span class='ocr_line' id='line_1_51' title="bbox 415 2671 1985 2747; baseline -0.008 -12"><span class='ocrx_word' id='word_1_368' title='bbox 415 2680 870 2747; x_wconf 88' lang='lat' dir='ltr'><strong>dubitanterque,</strong></span> <span class='ocrx_word' id='word_1_369' title='bbox 897 2677 1122 2737; x_wconf 88' lang='lat' dir='ltr'><strong>diftinit,</strong></span> <span class='ocrx_word' id='word_1_370' title='bbox 1177 2685 1364 2744; x_wconf 88' lang='lat' dir='ltr'><strong>aperta</strong></span> <span class='ocrx_word' id='word_1_371' title='bbox 1415 2674 1594 2727; x_wconf 86' lang='lat' dir='ltr'><strong>fronte</strong></span> <span class='ocrx_word' id='word_1_372' title='bbox 1625 2671 1985 2741; x_wconf 88' lang='lat' dir='ltr'><strong>pronuntiare</strong></span> 
     </span>
    </p>
   </div>
   <div class='ocr_carea' id='block_1_52' title="bbox 417 2763 1986 2838">
    <p class='ocr_par' dir='ltr' id='par_1_52' title="bbox 417 2763 1986 2838">
     <span class='ocr_line' id='line_1_52' title="bbox 417 2763 1986 2838; baseline -0.008 -11"><span class='ocrx_word' id='word_1_373' title='bbox 417 2772 747 2833; x_wconf 84' lang='lat' dir='ltr'><strong>confuudar,</strong></span> <span class='ocrx_word' id='word_1_374' title='bbox 773 2771 1078 2838; x_wconf 68' lang='lat' dir='ltr'><strong>prmsertim</strong></span> <span class='ocrx_word' id='word_1_375' title='bbox 1100 2783 1222 2821; x_wconf 90' lang='lat' dir='ltr'><strong>cum</strong></span> <span class='ocrx_word' id='word_1_376' title='bbox 1242 2767 1310 2821; x_wconf 89' lang='lat' dir='ltr'><strong>de</strong></span> <span class='ocrx_word' id='word_1_377' title='bbox 1335 2765 1536 2820; x_wconf 87' lang='lat' dir='ltr'><strong>talibus</strong></span> <span class='ocrx_word' id='word_1_378' title='bbox 1561 2779 1670 2817; x_wconf 92' lang='lat' dir='ltr'><strong>non</strong></span> <span class='ocrx_word' id='word_1_379' title='bbox 1701 2763 1805 2816; x_wconf 92' lang='lat' dir='ltr'><strong>nisi</strong></span> <span class='ocrx_word' id='word_1_380' title='bbox 1841 2763 1986 2816; x_wconf 91' lang='lat' dir='ltr'><strong>inter</strong></span> 
     </span>
    </p>
   </div>
   <div class='ocr_carea' id='block_1_53' title="bbox 420 2853 1980 2931">
    <p class='ocr_par' dir='ltr' id='par_1_53' title="bbox 420 2853 1980 2931">
     <span class='ocr_line' id='line_1_53' title="bbox 420 2853 1980 2931; baseline -0.007 -16"><span class='ocrx_word' id='word_1_381' title='bbox 420 2863 700 2931; x_wconf 82' lang='lat' dir='ltr'><strong>sapientes</strong></span> <span class='ocrx_word' id='word_1_382' title='bbox 727 2858 1075 2912; x_wconf 90' lang='lat' dir='ltr'><strong>tractandum</strong></span> <span class='ocrx_word' id='word_1_383' title='bbox 1106 2859 1196 2922; x_wconf 81' lang='lat' dir='ltr'><strong>sit,</strong></span> <span class='ocrx_word' id='word_1_384' title='bbox 1226 2857 1428 2926; x_wconf 87' lang='lat' dir='ltr'><strong>quibus</strong></span> <span class='ocrx_word' id='word_1_385' title='bbox 1454 2856 1528 2909; x_wconf 89' lang='lat' dir='ltr'><strong>nil</strong></span> <span class='ocrx_word' id='word_1_386' title='bbox 1557 2856 1784 2909; x_wconf 86' lang='lat' dir='ltr'><strong>suavius</strong></span> <span class='ocrx_word' id='word_1_387' title='bbox 1809 2864 1894 2907; x_wconf 87' lang='lat' dir='ltr'><strong>est</strong></span> <span class='ocrx_word' id='word_1_388' title='bbox 1915 2853 1980 2906; x_wconf 90' lang='lat' dir='ltr'><strong>ad</strong></span> 
     </span>
    </p>
   </div>
   <div class='ocr_carea' id='block_1_54' title="bbox 417 2947 1980 3014">
    <p class='ocr_par' dir='ltr' id='par_1_54' title="bbox 417 2947 1980 3014">
     <span class='ocr_line' id='line_1_54' title="bbox 417 2947 1980 3014; baseline -0.004 -7"><span class='ocrx_word' id='word_1_389' title='bbox 417 2953 752 3008; x_wconf 88' lang='lat' dir='ltr'><strong>audiendum</strong></span> <span class='ocrx_word' id='word_1_390' title='bbox 792 2967 914 3006; x_wconf 85' lang='lat' dir='ltr'><strong>vera</strong></span> <span class='ocrx_word' id='word_1_391' title='bbox 947 2953 1179 3014; x_wconf 88' lang='lat' dir='ltr'><strong>ratione,</strong></span> <span class='ocrx_word' id='word_1_392' title='bbox 1228 2949 1300 3001; x_wconf 90' lang='lat' dir='ltr'><strong>nil</strong></span> <span class='ocrx_word' id='word_1_393' title='bbox 1331 2948 1706 3002; x_wconf 87' lang='lat' dir='ltr'><strong>delectabilius</strong></span> <span class='ocrx_word' id='word_1_394' title='bbox 1733 2947 1798 3000; x_wconf 89' lang='lat' dir='ltr'><strong>ad</strong></span> <span class='ocrx_word' id='word_1_395' title='bbox 1831 2947 1980 3000; x_wconf 87' lang='lat' dir='ltr'><strong>inve-</strong></span> 
     </span>
    </p>
   </div>
   <div class='ocr_carea' id='block_1_55' title="bbox 2069 2479 3685 2571">
    <p class='ocr_par' dir='ltr' id='par_1_55' title="bbox 2069 2479 3685 2571">
     <span class='ocr_line' id='line_1_55' title="bbox 2069 2479 3685 2571; baseline 0 -18"><span class='ocrx_word' id='word_1_396' title='bbox 2069 2479 2432 2555; x_wconf 19' lang='lat' dir='ltr'><strong>‘kveiation‘em</strong></span> <span class='ocrx_word' id='word_1_397' title='bbox 2457 2499 2882 2556; x_wconf 87' lang='lat' dir='ltr'><strong>scilicetChristi</strong></span> <span class='ocrx_word' id='word_1_398' title='bbox 2911 2515 3030 2555; x_wconf 91' lang='lat' dir='ltr'><strong>esse</strong></span> <span class='ocrx_word' id='word_1_399' title='bbox 3048 2516 3312 2555; x_wconf 90' lang='lat' dir='ltr'><strong>summam</strong></span> <span class='ocrx_word' id='word_1_400' title='bbox 3347 2501 3685 2571; x_wconf 89' lang='lat' dir='ltr'><strong>sapientiam,</strong></span> 
     </span>
    </p>
   </div>
   <div class='ocr_carea' id='block_1_56' title="bbox 2105 2587 3688 2660">
    <p class='ocr_par' dir='ltr' id='par_1_56' title="bbox 2105 2587 3688 2660">
     <span class='ocr_line' id='line_1_56' title="bbox 2105 2587 3688 2660; baseline 0 -18"><span class='ocrx_word' id='word_1_401' title='bbox 2105 2596 2270 2658; x_wconf 89' lang='lat' dir='ltr'><strong>atque</strong></span> <span class='ocrx_word' id='word_1_402' title='bbox 2322 2603 2537 2644; x_wconf 92' lang='lat' dir='ltr'><strong>omnem</strong></span> <span class='ocrx_word' id='word_1_403' title='bbox 2603 2589 2884 2648; x_wconf 85' lang='lat' dir='ltr'><strong>continere</strong></span> <span class='ocrx_word' id='word_1_404' title='bbox 2946 2589 3341 2660; x_wconf 84' lang='lat' dir='ltr'><strong>philosophiam</strong></span> <span class='ocrx_word' id='word_1_405' title='bbox 3385 2608 3430 2642; x_wconf 77' lang='grc' dir='ltr'><strong>ι.</strong></span> <span class='ocrx_word' id='word_1_406' title='bbox 3487 2587 3688 2644; x_wconf 80' lang='lat' dir='ltr'><strong>Verum</strong></span> 
     </span>
    </p>
   </div>
   <div class='ocr_carea' id='block_1_57' title="bbox 2104 2677 3693 2748">
    <p class='ocr_par' dir='ltr' id='par_1_57' title="bbox 2104 2677 3693 2748">
     <span class='ocr_line' id='line_1_57' title="bbox 2104 2677 3693 2748; baseline 0 -16"><span class='ocrx_word' id='word_1_407' title='bbox 2104 2677 2457 2733; x_wconf 89' lang='lat' dir='ltr'><strong>Schlueterus</strong></span> <span class='ocrx_word' id='word_1_408' title='bbox 2489 2679 2621 2732; x_wconf 90' lang='lat' dir='ltr'><strong>satis</strong></span> <span class='ocrx_word' id='word_1_409' title='bbox 2667 2687 2854 2748; x_wconf 89' lang='lat' dir='ltr'><strong>aperte</strong></span> <span class='ocrx_word' id='word_1_410' title='bbox 2892 2678 3172 2746; x_wconf 89' lang='lat' dir='ltr'><strong>declarat,</strong></span> <span class='ocrx_word' id='word_1_411' title='bbox 3221 2693 3344 2734; x_wconf 87' lang='lat' dir='ltr'><strong>sese</strong></span> <span class='ocrx_word' id='word_1_412' title='bbox 3391 2678 3535 2733; x_wconf 90' lang='lat' dir='ltr'><strong>illam</strong></span> <span class='ocrx_word' id='word_1_413' title='bbox 3571 2679 3693 2732; x_wconf 85' lang='lat' dir='ltr'><strong>Eri-</strong></span> 
     </span>
    </p>
   </div>
   <div class='ocr_carea' id='block_1_58' title="bbox 2102 2769 3710 2840">
    <p class='ocr_par' dir='ltr' id='par_1_58' title="bbox 2102 2769 3710 2840">
     <span class='ocr_line' id='line_1_58' title="bbox 2102 2769 3710 2840; baseline -0.001 -16"><span class='ocrx_word' id='word_1_414' title='bbox 2102 2783 2275 2840; x_wconf 84' lang='lat' dir='ltr'><strong>genae</strong></span> <span class='ocrx_word' id='word_1_415' title='bbox 2306 2770 2628 2824; x_wconf 89' lang='lat' dir='ltr'><strong>sententiam</strong></span> <span class='ocrx_word' id='word_1_416' title='bbox 2689 2770 2744 2824; x_wconf 89' lang='lat' dir='ltr'><strong>in</strong></span> <span class='ocrx_word' id='word_1_417' title='bbox 2791 2769 2963 2840; x_wconf 87' lang='lat' dir='ltr'><strong>ipsius</strong></span> <span class='ocrx_word' id='word_1_418' title='bbox 3011 2769 3270 2840; x_wconf 85' lang='lat' dir='ltr'><strong>Erigenae</strong></span> <span class='ocrx_word' id='word_1_419' title='bbox 3309 2770 3448 2824; x_wconf 91' lang='lat' dir='ltr'><strong>libro</strong></span> <span class='ocrx_word' id='word_1_420' title='bbox 3490 2784 3557 2824; x_wconf 90' lang='lat' dir='ltr'><strong>ne</strong></span> <span class='ocrx_word' id='word_1_421' title='bbox 3595 2769 3710 2822; x_wconf 84' lang='lat' dir='ltr'><strong>ad-&#39;</strong></span> 
     </span>
    </p>
   </div>
   <div class='ocr_carea' id='block_1_59' title="bbox 2104 2858 3691 2930">
    <p class='ocr_par' dir='ltr' id='par_1_59' title="bbox 2104 2858 3691 2930">
     <span class='ocr_line' id='line_1_59' title="bbox 2104 2858 3691 2930; baseline -0.001 -16"><span class='ocrx_word' id='word_1_422' title='bbox 2104 2860 2350 2930; x_wconf 79' lang='lat' dir='ltr'><strong>spexisse</strong></span> <span class='ocrx_word' id='word_1_423' title='bbox 2377 2860 2626 2930; x_wconf 90' lang='lat' dir='ltr'><strong>quidem!</strong></span> <span class='ocrx_word' id='word_1_424' title='bbox 2677 2858 2780 2926; x_wconf 88' lang='lat' dir='ltr'><strong>Qui</strong></span> <span class='ocrx_word' id='word_1_425' title='bbox 2826 2860 2969 2914; x_wconf 92' lang='lat' dir='ltr'><strong>enim</strong></span> <span class='ocrx_word' id='word_1_426' title='bbox 3017 2859 3134 2915; x_wconf 81' lang='lat' dir='ltr'><strong>fieri</strong></span> <span class='ocrx_word' id='word_1_427' title='bbox 3164 2860 3362 2929; x_wconf 90' lang='lat' dir='ltr'><strong>potuit,</strong></span> <span class='ocrx_word' id='word_1_428' title='bbox 3407 2868 3468 2913; x_wconf 90' lang='lat' dir='ltr'><strong>ut</strong></span> <span class='ocrx_word' id='word_1_429' title='bbox 3505 2873 3691 2913; x_wconf 90' lang='lat' dir='ltr'><strong>avero</strong></span> 
     </span>
    </p>
   </div>
   <div class='ocr_carea' id='block_1_60' title="bbox 2105 2949 3693 3021">
    <p class='ocr_par' dir='ltr' id='par_1_60' title="bbox 2105 2949 3693 3021">
     <span class='ocr_line' id='line_1_60' title="bbox 2105 2949 3693 3021; baseline -0.002 -15"><span class='ocrx_word' id='word_1_430' title='bbox 2105 2949 2224 3019; x_wconf 86' lang='lat' dir='ltr'><strong>ejus</strong></span> <span class='ocrx_word' id='word_1_431' title='bbox 2254 2966 2418 3006; x_wconf 88' lang='lat' dir='ltr'><strong>sensu</strong></span> <span class='ocrx_word' id='word_1_432' title='bbox 2445 2959 2554 3005; x_wconf 91' lang='lat' dir='ltr'><strong>tam</strong></span> <span class='ocrx_word' id='word_1_433' title='bbox 2584 2950 2771 3021; x_wconf 91' lang='lat' dir='ltr'><strong>procul</strong></span> <span class='ocrx_word' id='word_1_434' title='bbox 2807 2951 3126 3005; x_wconf 85' lang='lat' dir='ltr'><strong>aberraret?</strong></span> <span class='ocrx_word' id='word_1_435' title='bbox 3163 2950 3256 3005; x_wconf 90' lang='lat' dir='ltr'><strong>Illa</strong></span> <span class='ocrx_word' id='word_1_436' title='bbox 3282 2950 3544 3021; x_wconf 84' lang='lat' dir='ltr'><strong>Erigenae</strong></span> <span class='ocrx_word' id='word_1_437' title='bbox 3570 2950 3693 3019; x_wconf 85' lang='lat' dir='ltr'><strong>phi-</strong></span> 
     </span>
    </p>
   </div>
   <div class='ocr_carea' id='block_1_61' title="bbox 417 3031 3694 3112">
    <p class='ocr_par' dir='ltr' id='par_1_61' title="bbox 417 3031 3694 3112">
     <span class='ocr_line' id='line_1_61' title="bbox 417 3031 3694 3112; baseline -0 -17"><span class='ocrx_word' id='word_1_438' title='bbox 417 3043 992 3112; x_wconf 83' lang='lat' dir='ltr'><strong>stigandum,quando</strong></span> <span class='ocrx_word' id='word_1_439' title='bbox 1016 3038 1303 3108; x_wconf 68' lang='lat' dir='ltr'><strong>quaeritur,</strong></span> <span class='ocrx_word' id='word_1_440' title='bbox 1331 3037 1406 3090; x_wconf 93' lang='lat' dir='ltr'><strong>nil</strong></span> <span class='ocrx_word' id='word_1_441' title='bbox 1441 3037 1721 3105; x_wconf 88' lang='lat' dir='ltr'><strong>pulchrius</strong></span> <span class='ocrx_word' id='word_1_442' title='bbox 1756 3036 1822 3089; x_wconf 81' lang='lat' dir='ltr'><strong>ad</strong></span> <span class='ocrx_word' id='word_1_443' title='bbox 1855 3051 1987 3089; x_wconf 87' lang='lat' dir='ltr'><strong>con-</strong></span> <span class='ocrx_word' id='word_1_444' title='bbox 2031 3031 2076 3095; x_wconf 87' lang='lat' dir='ltr'><strong>C</strong></span> <span class='ocrx_word' id='word_1_445' title='bbox 2111 3039 2357 3108; x_wconf 89' lang='lat' dir='ltr'><strong>losophia</strong></span> <span class='ocrx_word' id='word_1_446' title='bbox 2405 3048 2554 3094; x_wconf 90' lang='lat' dir='ltr'><strong>certe</strong></span> <span class='ocrx_word' id='word_1_447' title='bbox 2597 3039 2932 3094; x_wconf 89' lang='lat' dir='ltr'><strong>dialecticam</strong></span> <span class='ocrx_word' id='word_1_448' title='bbox 2975 3039 3370 3109; x_wconf 90' lang='lat' dir='ltr'><strong>complectitur,</strong></span> <span class='ocrx_word' id='word_1_449' title='bbox 3419 3055 3577 3110; x_wconf 90' lang='lat' dir='ltr'><strong>quam</strong></span> <span class='ocrx_word' id='word_1_450' title='bbox 3607 3048 3694 3094; x_wconf 84' lang='lat' dir='ltr'><strong>ta-</strong></span> 
     </span>
    </p>
   </div>
   <div class='ocr_carea' id='block_1_62' title="bbox 418 3127 1986 3204">
    <p class='ocr_par' dir='ltr' id='par_1_62' title="bbox 418 3127 1986 3204">
     <span class='ocr_line' id='line_1_62' title="bbox 418 3127 1986 3204; baseline -0.008 -13"><span class='ocrx_word' id='word_1_451' title='bbox 418 3137 819 3204; x_wconf 88' lang='lat' dir='ltr'><strong>templandum,</strong></span> <span class='ocrx_word' id='word_1_452' title='bbox 870 3133 1090 3202; x_wconf 88' lang='lat' dir='ltr'><strong>quando</strong></span> <span class='ocrx_word' id='word_1_453' title='bbox 1155 3130 1469 3184; x_wconf 85' lang='lat' dir='ltr'><strong>invenitur!</strong></span> <span class='ocrx_word' id='word_1_454' title='bbox 1516 3147 1533 3179; x_wconf 75' lang='grc' dir='ltr'><strong><em>ι</em></strong></span> <span class='ocrx_word' id='word_1_455' title='bbox 1570 3127 1690 3182; x_wconf 84' lang='lat' dir='ltr'><strong>IIuc</strong></span> <span class='ocrx_word' id='word_1_456' title='bbox 1751 3127 1986 3187; x_wconf 87' lang='lat' dir='ltr'><strong>accedit,</strong></span> 
     </span>
    </p>
   </div>
   <div class='ocr_carea' id='block_1_63' title="bbox 418 3218 1990 3298">
    <p class='ocr_par' dir='ltr' id='par_1_63' title="bbox 418 3218 1990 3298">
     <span class='ocr_line' id='line_1_63' title="bbox 418 3218 1990 3298; baseline -0.009 -14"><span class='ocrx_word' id='word_1_457' title='bbox 418 3230 563 3298; x_wconf 90' lang='lat' dir='ltr'><strong>quod</strong></span> <span class='ocrx_word' id='word_1_458' title='bbox 598 3227 746 3282; x_wconf 87' lang='lat' dir='ltr'><strong>Scoti</strong></span> <span class='ocrx_word' id='word_1_459' title='bbox 778 3229 952 3294; x_wconf 91' lang='lat' dir='ltr'><strong>pietas</strong></span> <span class='ocrx_word' id='word_1_460' title='bbox 981 3239 1109 3293; x_wconf 90' lang='lat' dir='ltr'><strong>erga</strong></span> <span class='ocrx_word' id='word_1_461' title='bbox 1138 3223 1307 3276; x_wconf 90' lang='lat' dir='ltr'><strong>Deum</strong></span> <span class='ocrx_word' id='word_1_462' title='bbox 1343 3223 1502 3290; x_wconf 86' lang='lat' dir='ltr'><strong>plane</strong></span> <span class='ocrx_word' id='word_1_463' title='bbox 1536 3219 1764 3288; x_wconf 89' lang='lat' dir='ltr'><strong>insignis</strong></span> <span class='ocrx_word' id='word_1_464' title='bbox 1791 3227 1878 3272; x_wconf 92' lang='lat' dir='ltr'><strong>est</strong></span> <span class='ocrx_word' id='word_1_465' title='bbox 1907 3218 1990 3271; x_wconf 85' lang='lat' dir='ltr'><strong>di-</strong></span> 
     </span>
    </p>
   </div>
   <div class='ocr_carea' id='block_1_64' title="bbox 417 3310 1986 3386">
    <p class='ocr_par' dir='ltr' id='par_1_64' title="bbox 417 3310 1986 3386">
     <span class='ocr_line' id='line_1_64' title="bbox 417 3310 1986 3386; baseline -0.01 -10"><span class='ocrx_word' id='word_1_466' title='bbox 417 3322 617 3382; x_wconf 85' lang='lat' dir='ltr'><strong>cenda,</strong></span> <span class='ocrx_word' id='word_1_467' title='bbox 684 3329 853 3386; x_wconf 88' lang='lat' dir='ltr'><strong>utque</strong></span> <span class='ocrx_word' id='word_1_468' title='bbox 917 3314 1242 3368; x_wconf 82' lang='lat' dir='ltr'><strong>Anastasius</strong></span> <span class='ocrx_word' id='word_1_469' title='bbox 1306 3311 1759 3366; x_wconf 88' lang='lat' dir='ltr'><strong>Bibliothecarius</strong></span> <span class='ocrx_word' id='word_1_470' title='bbox 1808 3310 1986 3362; x_wconf 88' lang='lat' dir='ltr'><strong>virum</strong></span> 
     </span>
    </p>
   </div>
   <div class='ocr_carea' id='block_1_65' title="bbox 418 3410 1629 3481">
    <p class='ocr_par' dir='ltr' id='par_1_65' title="bbox 418 3410 1629 3481">
     <span class='ocr_line' id='line_1_65' title="bbox 418 3410 1629 3481; baseline -0.012 -13"><span class='ocrx_word' id='word_1_471' title='bbox 418 3428 546 3468; x_wconf 87' lang='lat' dir='ltr'><strong>eum</strong></span> <span class='ocrx_word' id='word_1_472' title='bbox 586 3411 847 3481; x_wconf 66' lang='lat' dir='ltr'><strong>praedicat</strong></span> <span class='ocrx_word' id='word_1_473' title='bbox 888 3426 906 3458; x_wconf 85' lang='grc'><strong>‹</strong></span> <span class='ocrx_word' id='word_1_474' title='bbox 953 3422 1052 3476; x_wconf 89' lang='lat' dir='ltr'><strong>per</strong></span> <span class='ocrx_word' id='word_1_475' title='bbox 1086 3410 1571 3459; x_wconf 84' lang='lat' dir='ltr'><strong>omnia‘sanctum.</strong></span> <span class='ocrx_word' id='word_1_476' title='bbox 1611 3419 1629 3453; x_wconf 78' lang='grc' dir='ltr'><strong><em>ι</em></strong></span> 
     </span>
    </p>
   </div>
   <div class='ocr_carea' id='block_1_66' title="bbox 494 3493 1986 3568">
    <p class='ocr_par' dir='ltr' id='par_1_66' title="bbox 494 3493 1986 3568">
     <span class='ocr_line' id='line_1_66' title="bbox 494 3493 1986 3568; baseline -0.005 -13"><span class='ocrx_word' id='word_1_477' title='bbox 494 3505 786 3558; x_wconf 86' lang='lat' dir='ltr'><strong>Postremo</strong></span> <span class='ocrx_word' id='word_1_478' title='bbox 814 3510 964 3555; x_wconf 89' lang='lat' dir='ltr'><strong>certe</strong></span> <span class='ocrx_word' id='word_1_479' title='bbox 1005 3514 1182 3568; x_wconf 71' lang='lat' dir='ltr'><strong>operae</strong></span> <span class='ocrx_word' id='word_1_480' title='bbox 1213 3497 1450 3566; x_wconf 89' lang='lat' dir='ltr'><strong>pretium</strong></span> <span class='ocrx_word' id='word_1_481' title='bbox 1482 3494 1679 3549; x_wconf 84' lang='lat' dir='ltr'><strong>facturi</strong></span> <span class='ocrx_word' id='word_1_482' title='bbox 1715 3493 1986 3560; x_wconf 89' lang='lat' dir='ltr'><strong>videmur,</strong></span> 
     </span>
    </p>
   </div>
   <div class='ocr_carea' id='block_1_67' title="bbox 420 3587 1984 3662">
    <p class='ocr_par' dir='ltr' id='par_1_67' title="bbox 420 3587 1984 3662">
     <span class='ocr_line' id='line_1_67' title="bbox 420 3587 1984 3662; baseline -0.008 -12"><span class='ocrx_word' id='word_1_483' title='bbox 420 3597 466 3650; x_wconf 91' lang='lat' dir='ltr'><strong>si</strong></span> <span class='ocrx_word' id='word_1_484' title='bbox 521 3595 632 3658; x_wconf 93' lang='lat' dir='ltr'><strong>illa,</strong></span> <span class='ocrx_word' id='word_1_485' title='bbox 661 3594 865 3662; x_wconf 90' lang='lat' dir='ltr'><strong>quibus</strong></span> <span class='ocrx_word' id='word_1_486' title='bbox 928 3592 1158 3659; x_wconf 79' lang='lat' dir='ltr'><strong>Erigena</strong></span> <span class='ocrx_word' id='word_1_487' title='bbox 1201 3607 1218 3640; x_wconf 75' lang='grc' dir='ltr'>ι</span> <span class='ocrx_word' id='word_1_488' title='bbox 1258 3588 1564 3642; x_wconf 79' lang='lat' dir='ltr'><strong>dialecticae</strong></span> <span class='ocrx_word' id='word_1_489' title='bbox 1624 3601 1736 3639; x_wconf 79' lang='lat' dir='ltr'><strong>suae</strong></span> <span class='ocrx_word' id='word_1_490' title='bbox 1789 3587 1924 3638; x_wconf 78' lang='lat' dir='ltr'><strong>artis</strong></span> <span class='ocrx_word' id='word_1_491' title='bbox 1966 3606 1984 3637; x_wconf 73' lang='grc' dir='ltr'><strong>ν</strong></span> 
     </span>
    </p>
   </div>
   <div class='ocr_carea' id='block_1_68' title="bbox 425 3677 1992 3758">
    <p class='ocr_par' dir='ltr' id='par_1_68' title="bbox 425 3677 1992 3758">
     <span class='ocr_line' id='line_1_68' title="bbox 425 3677 1992 3758; baseline -0.008 -16"><span class='ocrx_word' id='word_1_492' title='bbox 425 3704 585 3745; x_wconf 90' lang='lat' dir='ltr'><strong>nsum</strong></span> <span class='ocrx_word' id='word_1_493' title='bbox 609 3687 842 3758; x_wconf 88' lang='lat' dir='ltr'><strong>probare</strong></span> <span class='ocrx_word' id='word_1_494' title='bbox 866 3692 1118 3745; x_wconf 87' lang='lat' dir='ltr'><strong>conatur,</strong></span> <span class='ocrx_word' id='word_1_495' title='bbox 1150 3681 1203 3734; x_wconf 91' lang='lat' dir='ltr'><strong>in</strong></span> <span class='ocrx_word' id='word_1_496' title='bbox 1229 3687 1519 3750; x_wconf 88' lang='lat' dir='ltr'><strong>angustum</strong></span> <span class='ocrx_word' id='word_1_497' title='bbox 1545 3677 1764 3733; x_wconf 91' lang='lat' dir='ltr'><strong>redacta</strong></span> <span class='ocrx_word' id='word_1_498' title='bbox 1791 3677 1992 3730; x_wconf 88' lang='lat' dir='ltr'><strong>retule-</strong></span> 
     </span>
    </p>
   </div>
   <div class='ocr_carea' id='block_1_69' title="bbox 423 3770 1991 3845">
    <p class='ocr_par' dir='ltr' id='par_1_69' title="bbox 423 3770 1991 3845">
     <span class='ocr_line' id='line_1_69' title="bbox 423 3770 1991 3845; baseline -0.007 -10"><span class='ocrx_word' id='word_1_499' title='bbox 423 3783 620 3836; x_wconf 91' lang='lat' dir='ltr'><strong>rimus.</strong></span> <span class='ocrx_word' id='word_1_500' title='bbox 663 3779 798 3833; x_wconf 88' lang='lat' dir='ltr'><strong>Dicit</strong></span> <span class='ocrx_word' id='word_1_501' title='bbox 831 3781 992 3845; x_wconf 81' lang='lat' dir='ltr'><strong>igitur</strong></span> <span class='ocrx_word' id='word_1_502' title='bbox 1022 3775 1129 3844; x_wconf 88' lang='lat' dir='ltr'><strong>(c):</strong></span> <span class='ocrx_word' id='word_1_503' title='bbox 1160 3792 1178 3825; x_wconf 72' lang='grc' dir='ltr'>ι</span> <span class='ocrx_word' id='word_1_504' title='bbox 1203 3773 1338 3829; x_wconf 88' lang='lat' dir='ltr'><strong>Cum</strong></span> <span class='ocrx_word' id='word_1_505' title='bbox 1371 3771 1550 3826; x_wconf 83' lang='lat' dir='ltr'><strong>omnis</strong></span> <span class='ocrx_word' id='word_1_506' title='bbox 1577 3771 1681 3840; x_wconf 68' lang='lat' dir='ltr'><strong>piat</strong></span> <span class='ocrx_word' id='word_1_507' title='bbox 1713 3770 1991 3839; x_wconf 70' lang='lat' dir='ltr'><strong>perfectae-</strong></span> 
     </span>
    </p>
   </div>
   <div class='ocr_carea' id='block_1_70' title="bbox 425 3863 1990 3944">
    <p class='ocr_par' dir='ltr' id='par_1_70' title="bbox 425 3863 1990 3944">
     <span class='ocr_line' id='line_1_70' title="bbox 425 3863 1990 3944; baseline -0.01 -15"><span class='ocrx_word' id='word_1_508' title='bbox 425 3891 532 3944; x_wconf 86' lang='lat' dir='ltr'><strong>que</strong></span> <span class='ocrx_word' id='word_1_509' title='bbox 568 3872 830 3926; x_wconf 74' lang='lat' dir='ltr'><strong>doctriua:</strong></span> <span class='ocrx_word' id='word_1_510' title='bbox 866 3873 1094 3933; x_wconf 84' lang='lat' dir='ltr'><strong>modus,</strong></span> <span class='ocrx_word' id='word_1_511' title='bbox 1149 3879 1259 3936; x_wconf 90' lang='lat' dir='ltr'><strong>quo</strong></span> <span class='ocrx_word' id='word_1_512' title='bbox 1320 3863 1565 3918; x_wconf 89' lang='lat' dir='ltr'><strong>omnium</strong></span> <span class='ocrx_word' id='word_1_513' title='bbox 1609 3877 1796 3916; x_wconf 88' lang='lat' dir='ltr'><strong>rerum</strong></span> <span class='ocrx_word' id='word_1_514' title='bbox 1851 3864 1990 3915; x_wconf 88' lang='lat' dir='ltr'><strong>ratio</strong></span> 
     </span>
    </p>
   </div>
   <div class='ocr_carea' id='block_1_71' title="bbox 425 3953 1986 4034">
    <p class='ocr_par' dir='ltr' id='par_1_71' title="bbox 425 3953 1986 4034">
     <span class='ocr_line' id='line_1_71' title="bbox 425 3953 1986 4034; baseline -0.008 -16"><span class='ocrx_word' id='word_1_515' title='bbox 425 3963 771 4034; x_wconf 87' lang='lat' dir='ltr'><strong>apertissime</strong></span> <span class='ocrx_word' id='word_1_516' title='bbox 791 3962 1088 4027; x_wconf 87' lang='lat' dir='ltr'><strong>invenitur,</strong></span> <span class='ocrx_word' id='word_1_517' title='bbox 1114 3959 1168 4012; x_wconf 91' lang='lat' dir='ltr'><strong>in</strong></span> <span class='ocrx_word' id='word_1_518' title='bbox 1193 3955 1534 4027; x_wconf 86' lang='lat' dir='ltr'><strong>philosophia</strong></span> <span class='ocrx_word' id='word_1_519' title='bbox 1552 3953 1986 4015; x_wconf 86' lang='lat' dir='ltr'><strong>sitconstitutus,</strong></span> 
     </span>
    </p>
   </div>
   <div class='ocr_carea' id='block_1_72' title="bbox 425 4043 1988 4125">
    <p class='ocr_par' dir='ltr' id='par_1_72' title="bbox 425 4043 1988 4125">
     <span class='ocr_line' id='line_1_72' title="bbox 425 4043 1988 4125; baseline -0.008 -15"><span class='ocrx_word' id='word_1_520' title='bbox 425 4059 494 4112; x_wconf 89' lang='lat' dir='ltr'><strong>de</strong></span> <span class='ocrx_word' id='word_1_521' title='bbox 522 4058 642 4125; x_wconf 87' lang='lat' dir='ltr'><strong>ejus</strong></span> <span class='ocrx_word' id='word_1_522' title='bbox 672 4053 1039 4108; x_wconf 82' lang='lat' dir='ltr'><strong>divisionibus</strong></span> <span class='ocrx_word' id='word_1_523' title='bbox 1069 4049 1318 4120; x_wconf 63' lang='lat' dir='ltr'><strong>quaedam</strong></span> <span class='ocrx_word' id='word_1_524' title='bbox 1359 4055 1488 4100; x_wconf 89' lang='lat' dir='ltr'><strong>sunt</strong></span> <span class='ocrx_word' id='word_1_525' title='bbox 1517 4044 1862 4099; x_wconf 86' lang='lat' dir='ltr'><strong>disserenda.</strong></span> <span class='ocrx_word' id='word_1_526' title='bbox 1896 4043 1988 4098; x_wconf 91' lang='lat' dir='ltr'><strong>Sic</strong></span> 
     </span>
    </p>
   </div>
   <div class='ocr_carea' id='block_1_73' title="bbox 426 4136 1984 4212">
    <p class='ocr_par' dir='ltr' id='par_1_73' title="bbox 426 4136 1984 4212">
     <span class='ocr_line' id='line_1_73' title="bbox 426 4136 1984 4212; baseline -0.007 -11"><span class='ocrx_word' id='word_1_527' title='bbox 426 4151 597 4208; x_wconf 89' lang='lat' dir='ltr'><strong>enim,</strong></span> <span class='ocrx_word' id='word_1_528' title='bbox 627 4158 685 4200; x_wconf 91' lang='lat' dir='ltr'><strong>ut</strong></span> <span class='ocrx_word' id='word_1_529' title='bbox 715 4147 789 4199; x_wconf 90' lang='lat' dir='ltr'><strong>ait</strong></span> <span class='ocrx_word' id='word_1_530' title='bbox 820 4144 877 4196; x_wconf 89' lang='lat' dir='ltr'><strong>S.</strong></span> <span class='ocrx_word' id='word_1_531' title='bbox 913 4142 1274 4212; x_wconf 81' lang='lat' dir='ltr'><strong>Augustinus,</strong></span> <span class='ocrx_word' id='word_1_532' title='bbox 1309 4137 1577 4202; x_wconf 88' lang='lat' dir='ltr'><strong>creditur,</strong></span> <span class='ocrx_word' id='word_1_533' title='bbox 1617 4155 1636 4189; x_wconf 75' lang='lat' dir='ltr'><strong>t</strong></span> <span class='ocrx_word' id='word_1_534' title='bbox 1674 4153 1781 4191; x_wconf 92' lang='lat' dir='ltr'><strong>non</strong></span> <span class='ocrx_word' id='word_1_535' title='bbox 1823 4136 1984 4190; x_wconf 89' lang='lat' dir='ltr'><strong>aliam</strong></span> 
     </span>
    </p>
   </div>
   <div class='ocr_carea' id='block_1_74' title="bbox 426 4221 2015 4297">
    <p class='ocr_par' dir='ltr' id='par_1_74' title="bbox 426 4221 2015 4297">
     <span class='ocr_line' id='line_1_74' title="bbox 426 4221 2015 4297; baseline 0 -16"><span class='ocrx_word' id='word_1_536' title='bbox 426 4241 550 4281; x_wconf 83' lang='lat' dir='ltr'><strong>esse</strong></span> <span class='ocrx_word' id='word_1_537' title='bbox 573 4223 963 4295; x_wconf 90' lang='lat' dir='ltr'><strong>philosophiam</strong></span> <span class='ocrx_word' id='word_1_538' title='bbox 990 4231 1044 4278; x_wconf 88' lang='lat' dir='ltr'><strong>et</strong></span> <span class='ocrx_word' id='word_1_539' title='bbox 1075 4221 1234 4277; x_wconf 90' lang='lat' dir='ltr'><strong>aliam</strong></span> <span class='ocrx_word' id='word_1_540' title='bbox 1263 4223 1602 4295; x_wconf 88' lang='lat' dir='ltr'><strong>religionem,</strong></span> <span class='ocrx_word' id='word_1_541' title='bbox 1631 4240 1755 4280; x_wconf 91' lang='lat' dir='ltr'><strong>cum</strong></span> <span class='ocrx_word' id='word_1_542' title='bbox 1783 4226 1860 4293; x_wconf 90' lang='lat' dir='ltr'><strong>hi,</strong></span> <span class='ocrx_word' id='word_1_543' title='bbox 1881 4241 2015 4297; x_wconf 89' lang='lat' dir='ltr'><strong>quo-</strong></span> 
     </span>
    </p>
   </div>
   <div class='ocr_carea' id='block_1_75' title="bbox 434 4313 2011 4382">
    <p class='ocr_par' dir='ltr' id='par_1_75' title="bbox 434 4313 2011 4382">
     <span class='ocr_line' id='line_1_75' title="bbox 434 4313 2011 4382; baseline 0.002 -14"><span class='ocrx_word' id='word_1_544' title='bbox 434 4330 550 4368; x_wconf 87' lang='lat' dir='ltr'><strong>rum</strong></span> <span class='ocrx_word' id='word_1_545' title='bbox 581 4313 880 4367; x_wconf 85' lang='lat' dir='ltr'><strong>doctrinam</strong></span> <span class='ocrx_word' id='word_1_546' title='bbox 926 4327 1034 4367; x_wconf 93' lang='lat' dir='ltr'><strong>non</strong></span> <span class='ocrx_word' id='word_1_547' title='bbox 1080 4313 1441 4382; x_wconf 90' lang='lat' dir='ltr'><strong>approbamus</strong></span> <span class='ocrx_word' id='word_1_548' title='bbox 1466 4354 1480 4378; x_wconf 92' lang='lat'><strong>,</strong></span> <span class='ocrx_word' id='word_1_549' title='bbox 1531 4327 1632 4370; x_wconf 88' lang='lat' dir='ltr'><strong>nec</strong></span> <span class='ocrx_word' id='word_1_550' title='bbox 1673 4329 2011 4371; x_wconf 88' lang='lat' dir='ltr'><strong>sacramenta</strong></span> 
     </span>
    </p>
   </div>
   <div class='ocr_carea' id='block_1_76' title="bbox 2109 3129 3692 3198">
    <p class='ocr_par' dir='ltr' id='par_1_76' title="bbox 2109 3129 3692 3198">
     <span class='ocr_line' id='line_1_76' title="bbox 2109 3129 3692 3198; baseline 0.001 -14"><span class='ocrx_word' id='word_1_551' title='bbox 2109 3145 2236 3184; x_wconf 89' lang='lat' dir='ltr'><strong>men</strong></span> <span class='ocrx_word' id='word_1_552' title='bbox 2272 3148 2291 3181; x_wconf 72' lang='grc' dir='ltr'><strong><em>ι</em></strong></span> <span class='ocrx_word' id='word_1_553' title='bbox 2321 3129 2525 3184; x_wconf 89' lang='lat' dir='ltr'><strong>Christi</strong></span> <span class='ocrx_word' id='word_1_554' title='bbox 2552 3129 2879 3184; x_wconf 89' lang='lat' dir='ltr'><strong>revelatione</strong></span> <span class='ocrx_word' id='word_1_555' title='bbox 2899 3149 2917 3182; x_wconf 74' lang='grc' dir='ltr'><strong>ο</strong></span> <span class='ocrx_word' id='word_1_556' title='bbox 2944 3131 3209 3186; x_wconf 74' lang='lat' dir='ltr'><strong>contineri</strong></span> <span class='ocrx_word' id='word_1_557' title='bbox 3238 3145 3343 3186; x_wconf 90' lang='lat' dir='ltr'><strong>non</strong></span> <span class='ocrx_word' id='word_1_558' title='bbox 3373 3131 3692 3198; x_wconf 79' lang='lat' dir='ltr'><strong>dixerimus,</strong></span> 
     </span>
    </p>
   </div>
   <div class='ocr_carea' id='block_1_77' title="bbox 2108 3219 3173 3290">
    <p class='ocr_par' dir='ltr' id='par_1_77' title="bbox 2108 3219 3173 3290">
     <span class='ocr_line' id='line_1_77' title="bbox 2108 3219 3173 3290; baseline 0.002 -16"><span class='ocrx_word' id='word_1_559' title='bbox 2108 3235 2210 3275; x_wconf 91' lang='lat' dir='ltr'><strong>nec</strong></span> <span class='ocrx_word' id='word_1_560' title='bbox 2237 3219 2336 3276; x_wconf 87' lang='lat' dir='ltr'><strong>SS.</strong></span> <span class='ocrx_word' id='word_1_561' title='bbox 2367 3219 2590 3275; x_wconf 89' lang='lat' dir='ltr'><strong>Patrum</strong></span> <span class='ocrx_word' id='word_1_562' title='bbox 2621 3219 2907 3290; x_wconf 88' lang='lat' dir='ltr'><strong>quisquam</strong></span> <span class='ocrx_word' id='word_1_563' title='bbox 2935 3221 3173 3276; x_wconf 81' lang='lat' dir='ltr'><strong>dixerit!</strong></span> 
     </span>
    </p>
   </div>
   <div class='ocr_carea' id='block_1_78' title="bbox 2181 3309 3697 3379">
    <p class='ocr_par' dir='ltr' id='par_1_78' title="bbox 2181 3309 3697 3379">
     <span class='ocr_line' id='line_1_78' title="bbox 2181 3309 3697 3379; baseline 0.002 -15"><span class='ocrx_word' id='word_1_564' title='bbox 2181 3309 2350 3366; x_wconf 83' lang='lat' dir='ltr'><strong>Nobis</strong></span> <span class='ocrx_word' id='word_1_565' title='bbox 2375 3318 2556 3366; x_wconf 90' lang='lat' dir='ltr'><strong>autem</strong></span> <span class='ocrx_word' id='word_1_566' title='bbox 2592 3311 2660 3366; x_wconf 86' lang='lat' dir='ltr'><strong>ad</strong></span> <span class='ocrx_word' id='word_1_567' title='bbox 2692 3310 2840 3365; x_wconf 91' lang='lat' dir='ltr'><strong>illum</strong></span> <span class='ocrx_word' id='word_1_568' title='bbox 2869 3311 3135 3379; x_wconf 83' lang='lat' dir='ltr'><strong>Erigenae</strong></span> <span class='ocrx_word' id='word_1_569' title='bbox 3169 3311 3344 3366; x_wconf 91' lang='lat' dir='ltr'><strong>locum</strong></span> <span class='ocrx_word' id='word_1_570' title='bbox 3387 3313 3697 3368; x_wconf 88' lang='lat' dir='ltr'><strong>accuratius</strong></span> 
     </span>
    </p>
   </div>
   <div class='ocr_carea' id='block_1_79' title="bbox 2105 3402 3696 3474">
    <p class='ocr_par' dir='ltr' id='par_1_79' title="bbox 2105 3402 3696 3474">
     <span class='ocr_line' id='line_1_79' title="bbox 2105 3402 3696 3474; baseline 0 -16"><span class='ocrx_word' id='word_1_571' title='bbox 2105 3403 2540 3473; x_wconf 89' lang='lat' dir='ltr'><strong>perspiciendum</strong></span> <span class='ocrx_word' id='word_1_572' title='bbox 2613 3402 2907 3474; x_wconf 90' lang='lat' dir='ltr'><strong>plurinmm</strong></span> <span class='ocrx_word' id='word_1_573' title='bbox 2975 3402 3223 3458; x_wconf 84' lang='lat' dir='ltr'><strong>conferre</strong></span> <span class='ocrx_word' id='word_1_574' title='bbox 3267 3403 3500 3470; x_wconf 89' lang='lat' dir='ltr'><strong>videtur,</strong></span> <span class='ocrx_word' id='word_1_575' title='bbox 3549 3406 3696 3474; x_wconf 89' lang='lat' dir='ltr'><strong>quod</strong></span> 
     </span>
    </p>
   </div>
   <div class='ocr_carea' id='block_1_80' title="bbox 2110 3491 3697 3563">
    <p class='ocr_par' dir='ltr' id='par_1_80' title="bbox 2110 3491 3697 3563">
     <span class='ocr_line' id='line_1_80' title="bbox 2110 3491 3697 3563; baseline 0.001 -18"><span class='ocrx_word' id='word_1_576' title='bbox 2110 3493 2165 3546; x_wconf 93' lang='lat' dir='ltr'><strong>in</strong></span> <span class='ocrx_word' id='word_1_577' title='bbox 2192 3491 2345 3547; x_wconf 91' lang='lat' dir='ltr'><strong>libris</strong></span> <span class='ocrx_word' id='word_1_578' title='bbox 2367 3491 2434 3546; x_wconf 87' lang='lat' dir='ltr'><strong>de</strong></span> <span class='ocrx_word' id='word_1_579' title='bbox 2473 3491 2740 3547; x_wconf 89' lang='lat' dir='ltr'><strong>divisione</strong></span> <span class='ocrx_word' id='word_1_580' title='bbox 2777 3491 3015 3546; x_wconf 82' lang='lat' dir='ltr'><strong>Naturae</strong></span> <span class='ocrx_word' id='word_1_581' title='bbox 3048 3492 3116 3563; x_wconf 81' lang='grc' dir='ltr'><strong>(Ι)</strong></span> <span class='ocrx_word' id='word_1_582' title='bbox 3143 3493 3360 3548; x_wconf 89' lang='lat' dir='ltr'><strong>scribit:</strong></span> <span class='ocrx_word' id='word_1_583' title='bbox 3397 3511 3417 3544; x_wconf 83' lang='lat' dir='ltr'><strong>t</strong></span> <span class='ocrx_word' id='word_1_584' title='bbox 3447 3509 3536 3549; x_wconf 85' lang='lat' dir='ltr'><strong>ars</strong></span> <span class='ocrx_word' id='word_1_585' title='bbox 3582 3494 3697 3556; x_wconf 92' lang='lat' dir='ltr'><strong>illa,</strong></span> 
     </span>
    </p>
   </div>
   <div class='ocr_carea' id='block_1_81' title="bbox 2109 3584 3696 3654">
    <p class='ocr_par' dir='ltr' id='par_1_81' title="bbox 2109 3584 3696 3654">
     <span class='ocr_line' id='line_1_81' title="bbox 2109 3584 3696 3654; baseline -0.001 -15"><span class='ocrx_word' id='word_1_586' title='bbox 2109 3599 2247 3654; x_wconf 92' lang='lat' dir='ltr'><strong>quae</strong></span> <span class='ocrx_word' id='word_1_587' title='bbox 2276 3585 2563 3644; x_wconf 77' lang='grc' dir='ltr'><strong>Διαλεκτική</strong></span> <span class='ocrx_word' id='word_1_588' title='bbox 2589 3584 2808 3653; x_wconf 86' lang='lat' dir='ltr'><strong>dicitur,</strong></span> <span class='ocrx_word' id='word_1_589' title='bbox 2830 3599 2936 3638; x_wconf 93' lang='lat' dir='ltr'><strong>non</strong></span> <span class='ocrx_word' id='word_1_590' title='bbox 2963 3584 3032 3639; x_wconf 88' lang='lat' dir='ltr'><strong>ab</strong></span> <span class='ocrx_word' id='word_1_591' title='bbox 3056 3585 3308 3640; x_wconf 89' lang='lat' dir='ltr'><strong>humanis</strong></span> <span class='ocrx_word' id='word_1_592' title='bbox 3336 3585 3696 3640; x_wconf 89' lang='lat' dir='ltr'><strong>machinatio-</strong></span> 
     </span>
    </p>
   </div>
   <div class='ocr_carea' id='block_1_82' title="bbox 2111 3673 3702 3737">
    <p class='ocr_par' dir='ltr' id='par_1_82' title="bbox 2111 3673 3702 3737">
     <span class='ocr_line' id='line_1_82' title="bbox 2111 3673 3702 3737; baseline 0.001 -9"><span class='ocrx_word' id='word_1_593' title='bbox 2111 3675 2268 3728; x_wconf 91' lang='lat' dir='ltr'><strong>nibus</strong></span> <span class='ocrx_word' id='word_1_594' title='bbox 2297 3673 2564 3737; x_wconf 89' lang='lat' dir='ltr'><strong>estfacta,</strong></span> <span class='ocrx_word' id='word_1_595' title='bbox 2590 3674 2683 3728; x_wconf 91' lang='lat' dir='ltr'><strong>sed</strong></span> <span class='ocrx_word' id='word_1_596' title='bbox 2723 3674 2776 3728; x_wconf 91' lang='lat' dir='ltr'><strong>in</strong></span> <span class='ocrx_word' id='word_1_597' title='bbox 2801 3683 2993 3728; x_wconf 90' lang='lat' dir='ltr'><strong>natura</strong></span> <span class='ocrx_word' id='word_1_598' title='bbox 3029 3688 3210 3728; x_wconf 89' lang='lat' dir='ltr'><strong>rerum</strong></span> <span class='ocrx_word' id='word_1_599' title='bbox 3240 3673 3308 3728; x_wconf 92' lang='lat' dir='ltr'><strong>ab</strong></span> <span class='ocrx_word' id='word_1_600' title='bbox 3335 3684 3558 3730; x_wconf 88' lang='lat' dir='ltr'><strong>auctore</strong></span> <span class='ocrx_word' id='word_1_601' title='bbox 3581 3692 3702 3729; x_wconf 84' lang='grc' dir='ltr'><strong>οηι-</strong></span> 
     </span>
    </p>
   </div>
   <div class='ocr_carea' id='block_1_83' title="bbox 2111 3766 3701 3837">
    <p class='ocr_par' dir='ltr' id='par_1_83' title="bbox 2111 3766 3701 3837">
     <span class='ocr_line' id='line_1_83' title="bbox 2111 3766 3701 3837; baseline 0.003 -19"><span class='ocrx_word' id='word_1_602' title='bbox 2111 3766 2260 3819; x_wconf 90' lang='lat' dir='ltr'><strong>nium</strong></span> <span class='ocrx_word' id='word_1_603' title='bbox 2302 3766 2498 3819; x_wconf 86' lang='lat' dir='ltr'><strong>artium</strong></span> <span class='ocrx_word' id='word_1_604' title='bbox 2548 3766 2759 3820; x_wconf 81' lang='lat' dir='ltr'><strong>condita</strong></span> <span class='ocrx_word' id='word_1_605' title='bbox 2787 3805 2803 3831; x_wconf 91' lang='lat'><strong>,</strong></span> <span class='ocrx_word' id='word_1_606' title='bbox 2851 3782 2882 3821; x_wconf 91' lang='lat' dir='ltr'><strong>a</strong></span> <span class='ocrx_word' id='word_1_607' title='bbox 2912 3767 3244 3837; x_wconf 89' lang='lat' dir='ltr'><strong>sapientibus</strong></span> <span class='ocrx_word' id='word_1_608' title='bbox 3279 3766 3517 3836; x_wconf 85' lang='lat' dir='ltr'><strong>inventa,</strong></span> <span class='ocrx_word' id='word_1_609' title='bbox 3545 3777 3601 3822; x_wconf 89' lang='lat' dir='ltr'><strong>et</strong></span> <span class='ocrx_word' id='word_1_610' title='bbox 3631 3769 3701 3822; x_wconf 92' lang='lat' dir='ltr'><strong>ad</strong></span> 
     </span>
    </p>
   </div>
   <div class='ocr_carea' id='block_1_84' title="bbox 2111 3855 3440 3928">
    <p class='ocr_par' dir='ltr' id='par_1_84' title="bbox 2111 3855 3440 3928">
     <span class='ocr_line' id='line_1_84' title="bbox 2111 3855 3440 3928; baseline 0.002 -19"><span class='ocrx_word' id='word_1_611' title='bbox 2111 3855 2398 3910; x_wconf 87' lang='lat' dir='ltr'><strong>utilitatem</strong></span> <span class='ocrx_word' id='word_1_612' title='bbox 2429 3856 2644 3912; x_wconf 69' lang='lat' dir='ltr'><strong>solertis</strong></span> <span class='ocrx_word' id='word_1_613' title='bbox 2668 3871 2848 3912; x_wconf 90' lang='lat' dir='ltr'><strong>rerum</strong></span> <span class='ocrx_word' id='word_1_614' title='bbox 2877 3857 3143 3928; x_wconf 90' lang='lat' dir='ltr'><strong>indaginis</strong></span> <span class='ocrx_word' id='word_1_615' title='bbox 3167 3857 3364 3912; x_wconf 85' lang='lat' dir='ltr'><strong>usitata</strong></span> <span class='ocrx_word' id='word_1_616' title='bbox 3394 3877 3440 3911; x_wconf 74' lang='grc' dir='ltr'><strong>ι.</strong></span> 
     </span>
    </p>
   </div>
   <div class='ocr_carea' id='block_1_85' title="bbox 2187 3947 3698 4019">
    <p class='ocr_par' dir='ltr' id='par_1_85' title="bbox 2187 3947 3698 4019">
     <span class='ocr_line' id='line_1_85' title="bbox 2187 3947 3698 4019; baseline -0.002 -17"><span class='ocrx_word' id='word_1_617' title='bbox 2187 3949 2389 4003; x_wconf 73' lang='lat' dir='ltr'><strong>Verum</strong></span> <span class='ocrx_word' id='word_1_618' title='bbox 2431 3963 2606 4018; x_wconf 91' lang='lat' dir='ltr'><strong>neque</strong></span> <span class='ocrx_word' id='word_1_619' title='bbox 2650 3948 2786 4013; x_wconf 90' lang='lat' dir='ltr'><strong>hoc,</strong></span> <span class='ocrx_word' id='word_1_620' title='bbox 2817 3948 3130 4017; x_wconf 89' lang='lat' dir='ltr'><strong>opinamur,</strong></span> <span class='ocrx_word' id='word_1_621' title='bbox 3174 3947 3548 4019; x_wconf 88' lang='lat' dir='ltr'><strong>negligendum</strong></span> <span class='ocrx_word' id='word_1_622' title='bbox 3591 3957 3698 4013; x_wconf 89' lang='lat' dir='ltr'><strong>est,</strong></span> 
     </span>
    </p>
   </div>
   <div class='ocr_carea' id='block_1_86' title="bbox 2115 4038 3702 4109">
    <p class='ocr_par' dir='ltr' id='par_1_86' title="bbox 2115 4038 3702 4109">
     <span class='ocr_line' id='line_1_86' title="bbox 2115 4038 3702 4109; baseline -0.001 -15"><span class='ocrx_word' id='word_1_623' title='bbox 2115 4040 2339 4095; x_wconf 91' lang='lat' dir='ltr'><strong>Scotum</strong></span> <span class='ocrx_word' id='word_1_624' title='bbox 2385 4041 2616 4096; x_wconf 90' lang='lat' dir='ltr'><strong>fortasse</strong></span> <span class='ocrx_word' id='word_1_625' title='bbox 2661 4041 2765 4095; x_wconf 90' lang='lat' dir='ltr'><strong>hac</strong></span> <span class='ocrx_word' id='word_1_626' title='bbox 2792 4041 2905 4095; x_wconf 92' lang='lat' dir='ltr'><strong>sola</strong></span> <span class='ocrx_word' id='word_1_627' title='bbox 2949 4041 3018 4094; x_wconf 88' lang='lat' dir='ltr'><strong>de</strong></span> <span class='ocrx_word' id='word_1_628' title='bbox 3055 4054 3220 4095; x_wconf 85' lang='lat' dir='ltr'><strong>causa</strong></span> <span class='ocrx_word' id='word_1_629' title='bbox 3248 4054 3432 4094; x_wconf 91' lang='lat' dir='ltr'><strong>veram</strong></span> <span class='ocrx_word' id='word_1_630' title='bbox 3463 4038 3702 4109; x_wconf 81' lang='lat' dir='ltr'><strong>philoso-</strong></span> 
     </span>
    </p>
   </div>
   <div class='ocr_carea' id='block_1_87' title="bbox 2115 4129 3703 4202">
    <p class='ocr_par' dir='ltr' id='par_1_87' title="bbox 2115 4129 3703 4202">
     <span class='ocr_line' id='line_1_87' title="bbox 2115 4129 3703 4202; baseline -0.002 -16"><span class='ocrx_word' id='word_1_631' title='bbox 2115 4133 2299 4202; x_wconf 90' lang='lat' dir='ltr'><strong>phiam</strong></span> <span class='ocrx_word' id='word_1_632' title='bbox 2325 4148 2446 4188; x_wconf 88' lang='lat' dir='ltr'><strong>cum</strong></span> <span class='ocrx_word' id='word_1_633' title='bbox 2471 4147 2600 4186; x_wconf 89' lang='lat' dir='ltr'><strong>vera</strong></span> <span class='ocrx_word' id='word_1_634' title='bbox 2627 4132 2884 4200; x_wconf 84' lang='lat' dir='ltr'><strong>religione</strong></span> <span class='ocrx_word' id='word_1_635' title='bbox 2911 4131 3136 4186; x_wconf 86' lang='lat' dir='ltr'><strong>eandem</strong></span> <span class='ocrx_word' id='word_1_636' title='bbox 3162 4131 3382 4195; x_wconf 83' lang='lat' dir='ltr'><strong>fecisse,</strong></span> <span class='ocrx_word' id='word_1_637' title='bbox 3412 4139 3473 4184; x_wconf 94' lang='lat' dir='ltr'><strong>ut</strong></span> <span class='ocrx_word' id='word_1_638' title='bbox 3497 4129 3703 4201; x_wconf 84' lang='lat' dir='ltr'><strong>signiti-</strong></span> 
     </span>
    </p>
   </div>
   <div class='ocr_carea' id='block_1_88' title="bbox 2117 4221 3706 4292">
    <p class='ocr_par' dir='ltr' id='par_1_88' title="bbox 2117 4221 3706 4292">
     <span class='ocr_line' id='line_1_88' title="bbox 2117 4221 3706 4292; baseline -0.003 -13"><span class='ocrx_word' id='word_1_639' title='bbox 2117 4232 2285 4288; x_wconf 89' lang='lat' dir='ltr'><strong>caret,</strong></span> <span class='ocrx_word' id='word_1_640' title='bbox 2315 4238 2408 4277; x_wconf 88' lang='lat' dir='ltr'><strong>eas</strong></span> <span class='ocrx_word' id='word_1_641' title='bbox 2438 4223 2578 4278; x_wconf 87' lang='lat' dir='ltr'><strong>inter</strong></span> <span class='ocrx_word' id='word_1_642' title='bbox 2612 4237 2670 4278; x_wconf 89' lang='lat' dir='ltr'><strong>se</strong></span> <span class='ocrx_word' id='word_1_643' title='bbox 2711 4221 2842 4276; x_wconf 90' lang='lat' dir='ltr'><strong>nihil</strong></span> <span class='ocrx_word' id='word_1_644' title='bbox 2866 4237 3087 4292; x_wconf 90' lang='lat' dir='ltr'><strong>prorsus</strong></span> <span class='ocrx_word' id='word_1_645' title='bbox 3115 4221 3364 4277; x_wconf 85' lang='lat' dir='ltr'><strong>reluctari</strong></span> <span class='ocrx_word' id='word_1_646' title='bbox 3397 4231 3486 4277; x_wconf 89' lang='lat' dir='ltr'><strong>aut</strong></span> <span class='ocrx_word' id='word_1_647' title='bbox 3516 4223 3706 4277; x_wconf 75' lang='lat' dir='ltr'><strong>adver-</strong></span> 
     </span>
    </p>
   </div>
   <div class='ocr_carea' id='block_1_89' title="bbox 2118 4305 3702 4382">
    <p class='ocr_par' dir='ltr' id='par_1_89' title="bbox 2118 4305 3702 4382">
     <span class='ocr_line' id='line_1_89' title="bbox 2118 4305 3702 4382; baseline -0.003 -13"><span class='ocrx_word' id='word_1_648' title='bbox 2118 4315 2246 4369; x_wconf 88' lang='lat' dir='ltr'><strong>sari.</strong></span> <span class='ocrx_word' id='word_1_649' title='bbox 2285 4305 2398 4380; x_wconf 89' lang='lat' dir='ltr'><strong>Qua</strong></span> <span class='ocrx_word' id='word_1_650' title='bbox 2428 4329 2487 4368; x_wconf 89' lang='lat' dir='ltr'><strong>re</strong></span> <span class='ocrx_word' id='word_1_651' title='bbox 2513 4314 2628 4368; x_wconf 87' lang='lat' dir='ltr'><strong>fieri</strong></span> <span class='ocrx_word' id='word_1_652' title='bbox 2650 4354 2664 4377; x_wconf 92' lang='lat'><strong>,</strong></span> <span class='ocrx_word' id='word_1_653' title='bbox 2699 4322 2777 4377; x_wconf 91' lang='lat' dir='ltr'><strong>ut,</strong></span> <span class='ocrx_word' id='word_1_654' title='bbox 2811 4329 2975 4382; x_wconf 90' lang='lat' dir='ltr'><strong>quum</strong></span> <span class='ocrx_word' id='word_1_655' title='bbox 3002 4322 3194 4368; x_wconf 88' lang='lat' dir='ltr'><strong>neutra</strong></span> <span class='ocrx_word' id='word_1_656' title='bbox 3220 4313 3398 4368; x_wconf 89' lang='lat' dir='ltr'><strong>neutri</strong></span> <span class='ocrx_word' id='word_1_657' title='bbox 3429 4313 3702 4368; x_wconf 86' lang='lat' dir='ltr'><strong>obtrecta-</strong></span> 
     </span>
    </p>
   </div>
   <div class='ocr_carea' id='block_1_90' title="bbox 437 4376 3703 4478">
    <p class='ocr_par' dir='ltr' id='par_1_90' title="bbox 437 4376 3703 4478">
     <span class='ocr_line' id='line_1_90' title="bbox 437 4376 3703 4478; baseline -0.001 -20"><span class='ocrx_word' id='word_1_658' title='bbox 437 4406 719 4460; x_wconf 80' lang='lat' dir='ltr'><strong>nebiscum</strong></span> <span class='ocrx_word' id='word_1_659' title='bbox 743 4405 1170 4460; x_wconf 68' lang='lat' dir='ltr'><strong>communicanti</strong></span> <span class='ocrx_word' id='word_1_660' title='bbox 1200 4425 1243 4459; x_wconf 71' lang='grc' dir='ltr'><strong>ι.</strong></span> <span class='ocrx_word' id='word_1_661' title='bbox 1265 4405 1400 4472; x_wconf 89' lang='lat' dir='ltr'><strong>Quid</strong></span> <span class='ocrx_word' id='word_1_662' title='bbox 1425 4415 1506 4462; x_wconf 88' lang='lat' dir='ltr'><strong>est</strong></span> <span class='ocrx_word' id='word_1_663' title='bbox 1526 4407 1670 4461; x_wconf 91' lang='lat' dir='ltr'><strong>aliud</strong></span> <span class='ocrx_word' id='word_1_664' title='bbox 1688 4409 1754 4464; x_wconf 88' lang='lat' dir='ltr'><strong>de</strong></span> <span class='ocrx_word' id='word_1_665' title='bbox 1776 4409 2014 4478; x_wconf 87' lang='lat' dir='ltr'><strong>philoso-</strong></span> <span class='ocrx_word' id='word_1_666' title='bbox 2044 4376 2096 4436; x_wconf 69' lang='grc' dir='ltr'><strong>Β</strong></span> <span class='ocrx_word' id='word_1_667' title='bbox 2119 4415 2224 4472; x_wconf 88' lang='lat' dir='ltr'><strong>ret,</strong></span> <span class='ocrx_word' id='word_1_668' title='bbox 2256 4407 2350 4461; x_wconf 92' lang='lat' dir='ltr'><strong>sed</strong></span> <span class='ocrx_word' id='word_1_669' title='bbox 2381 4406 2549 4460; x_wconf 89' lang='lat' dir='ltr'><strong>altera</strong></span> <span class='ocrx_word' id='word_1_670' title='bbox 2579 4421 2700 4460; x_wconf 91' lang='lat' dir='ltr'><strong>cum</strong></span> <span class='ocrx_word' id='word_1_671' title='bbox 2731 4405 2900 4460; x_wconf 83' lang='lat' dir='ltr'><strong>altera</strong></span> <span class='ocrx_word' id='word_1_672' title='bbox 2931 4405 3350 4460; x_wconf 87' lang='lat' dir='ltr'><strong>concordissime</strong></span> <span class='ocrx_word' id='word_1_673' title='bbox 3371 4411 3534 4473; x_wconf 87' lang='lat' dir='ltr'><strong>queat</strong></span> <span class='ocrx_word' id='word_1_674' title='bbox 3556 4403 3703 4456; x_wconf 83' lang='lat' dir='ltr'><strong>vive-</strong></span> 
     </span>
    </p>
   </div>
   <div class='ocr_carea' id='block_1_91' title="bbox 439 4496 2013 4569">
    <p class='ocr_par' dir='ltr' id='par_1_91' title="bbox 439 4496 2013 4569">
     <span class='ocr_line' id='line_1_91' title="bbox 439 4496 2013 4569; baseline 0.004 -22"><span class='ocrx_word' id='word_1_675' title='bbox 439 4496 565 4564; x_wconf 92' lang='lat' dir='ltr'><strong>phia</strong></span> <span class='ocrx_word' id='word_1_676' title='bbox 619 4503 893 4558; x_wconf 90' lang='lat' dir='ltr'><strong>tractare,</strong></span> <span class='ocrx_word' id='word_1_677' title='bbox 940 4496 1042 4548; x_wconf 91' lang='lat' dir='ltr'><strong>nisi</strong></span> <span class='ocrx_word' id='word_1_678' title='bbox 1091 4511 1256 4551; x_wconf 90' lang='lat' dir='ltr'><strong>verae</strong></span> <span class='ocrx_word' id='word_1_679' title='bbox 1305 4496 1620 4569; x_wconf 88' lang='lat' dir='ltr'><strong>religionis,</strong></span> <span class='ocrx_word' id='word_1_680' title='bbox 1671 4515 1775 4569; x_wconf 89' lang='lat' dir='ltr'><strong>qua</strong></span> <span class='ocrx_word' id='word_1_681' title='bbox 1805 4515 2013 4554; x_wconf 89' lang='lat' dir='ltr'><strong>summa</strong></span> 
     </span>
    </p>
   </div>
   <div class='ocr_carea' id='block_1_92' title="bbox 433 4585 2020 4657">
    <p class='ocr_par' dir='ltr' id='par_1_92' title="bbox 433 4585 2020 4657">
     <span class='ocr_line' id='line_1_92' title="bbox 433 4585 2020 4657; baseline 0.004 -19"><span class='ocrx_word' id='word_1_682' title='bbox 433 4586 675 4639; x_wconf 90' lang='lat' dir='ltr'><strong>omnium</strong></span> <span class='ocrx_word' id='word_1_683' title='bbox 723 4602 898 4639; x_wconf 88' lang='lat' dir='ltr'><strong>rerum</strong></span> <span class='ocrx_word' id='word_1_684' title='bbox 929 4601 1124 4650; x_wconf 86' lang='lat' dir='ltr'><strong>causa,</strong></span> <span class='ocrx_word' id='word_1_685' title='bbox 1149 4585 1313 4652; x_wconf 88' lang='lat' dir='ltr'><strong>Deus,</strong></span> <span class='ocrx_word' id='word_1_686' title='bbox 1340 4597 1394 4642; x_wconf 91' lang='lat' dir='ltr'><strong>ct</strong></span> <span class='ocrx_word' id='word_1_687' title='bbox 1420 4589 1694 4644; x_wconf 91' lang='lat' dir='ltr'><strong>humiliter</strong></span> <span class='ocrx_word' id='word_1_688' title='bbox 1721 4591 1936 4657; x_wconf 89' lang='lat' dir='ltr'><strong>colitur,</strong></span> <span class='ocrx_word' id='word_1_689' title='bbox 1965 4600 2020 4645; x_wconf 91' lang='lat' dir='ltr'><strong>et</strong></span> 
     </span>
    </p>
   </div>
   <div class='ocr_carea' id='block_1_93' title="bbox 438 4675 2019 4748">
    <p class='ocr_par' dir='ltr' id='par_1_93' title="bbox 438 4675 2019 4748">
     <span class='ocr_line' id='line_1_93' title="bbox 438 4675 2019 4748; baseline 0.003 -20"><span class='ocrx_word' id='word_1_690' title='bbox 438 4675 829 4728; x_wconf 90' lang='lat' dir='ltr'><strong>rationabiliter</strong></span> <span class='ocrx_word' id='word_1_691' title='bbox 853 4675 1226 4745; x_wconf 77' lang='lat' dir='ltr'><strong>investigatur,</strong></span> <span class='ocrx_word' id='word_1_692' title='bbox 1257 4677 1470 4746; x_wconf 88' lang='lat' dir='ltr'><strong>regulas</strong></span> <span class='ocrx_word' id='word_1_693' title='bbox 1498 4679 1800 4748; x_wconf 80' lang='lat' dir='ltr'><strong>exponere?</strong></span> <span class='ocrx_word' id='word_1_694' title='bbox 1841 4679 2019 4735; x_wconf 85' lang='lat' dir='ltr'><strong>Confi-</strong></span> 
     </span>
    </p>
   </div>
   <div class='ocr_carea' id='block_1_94' title="bbox 437 4765 2015 4839">
    <p class='ocr_par' dir='ltr' id='par_1_94' title="bbox 437 4765 2015 4839">
     <span class='ocr_line' id='line_1_94' title="bbox 437 4765 2015 4839; baseline 0.005 -23"><span class='ocrx_word' id='word_1_695' title='bbox 437 4767 580 4819; x_wconf 76' lang='lat' dir='ltr'><strong>citur</strong></span> <span class='ocrx_word' id='word_1_696' title='bbox 613 4766 754 4828; x_wconf 85' lang='lat' dir='ltr'><strong>inde,</strong></span> <span class='ocrx_word' id='word_1_697' title='bbox 780 4781 961 4818; x_wconf 85' lang='lat' dir='ltr'><strong>veram</strong></span> <span class='ocrx_word' id='word_1_698' title='bbox 993 4780 1111 4819; x_wconf 78' lang='lat' dir='ltr'><strong>esse</strong></span> <span class='ocrx_word' id='word_1_699' title='bbox 1153 4765 1542 4834; x_wconf 86' lang='lat' dir='ltr'><strong>philosophiam</strong></span> <span class='ocrx_word' id='word_1_700' title='bbox 1577 4783 1758 4822; x_wconf 86' lang='lat' dir='ltr'><strong>veram</strong></span> <span class='ocrx_word' id='word_1_701' title='bbox 1796 4769 2015 4839; x_wconf 87' lang='lat' dir='ltr'><strong>religio-</strong></span> 
     </span>
    </p>
   </div>
   <div class='ocr_carea' id='block_1_95' title="bbox 438 4856 2014 4928">
    <p class='ocr_par' dir='ltr' id='par_1_95' title="bbox 438 4856 2014 4928">
     <span class='ocr_line' id='line_1_95' title="bbox 438 4856 2014 4928; baseline 0.004 -20"><span class='ocrx_word' id='word_1_702' title='bbox 438 4871 585 4918; x_wconf 86' lang='lat' dir='ltr'><strong>nem,</strong></span> <span class='ocrx_word' id='word_1_703' title='bbox 614 4856 1026 4924; x_wconf 83' lang='lat' dir='ltr'><strong>conversimque</strong></span> <span class='ocrx_word' id='word_1_704' title='bbox 1049 4897 1062 4920; x_wconf 94' lang='lat'><strong>,</strong></span> <span class='ocrx_word' id='word_1_705' title='bbox 1094 4872 1274 4909; x_wconf 88' lang='lat' dir='ltr'><strong>veram</strong></span> <span class='ocrx_word' id='word_1_706' title='bbox 1323 4857 1635 4928; x_wconf 81' lang='lat' dir='ltr'><strong>religionem</strong></span> <span class='ocrx_word' id='word_1_707' title='bbox 1681 4875 1802 4914; x_wconf 88' lang='lat' dir='ltr'><strong>esse</strong></span> <span class='ocrx_word' id='word_1_708' title='bbox 1832 4876 2014 4915; x_wconf 88' lang='lat' dir='ltr'><strong>veram</strong></span> 
     </span>
    </p>
   </div>
   <div class='ocr_carea' id='block_1_96' title="bbox 433 4945 2017 5014">
    <p class='ocr_par' dir='ltr' id='par_1_96' title="bbox 433 4945 2017 5014">
     <span class='ocr_line' id='line_1_96' title="bbox 433 4945 2017 5014; baseline 0.003 -15"><span class='ocrx_word' id='word_1_709' title='bbox 433 4945 849 5013; x_wconf 64' lang='lat' dir='ltr'><strong>philosophiam.</strong></span> <span class='ocrx_word' id='word_1_710' title='bbox 888 4946 1034 5012; x_wconf 84' lang='lat' dir='ltr'><strong>Quae</strong></span> <span class='ocrx_word' id='word_1_711' title='bbox 1062 4947 1186 5000; x_wconf 90' lang='lat' dir='ltr'><strong>dum</strong></span> <span class='ocrx_word' id='word_1_712' title='bbox 1217 4946 1562 5001; x_wconf 82' lang='lat' dir='ltr'><strong>multifariam</strong></span> <span class='ocrx_word' id='word_1_713' title='bbox 1600 4948 1891 5014; x_wconf 87' lang='lat' dir='ltr'><strong>dividatur,</strong></span> <span class='ocrx_word' id='word_1_714' title='bbox 1933 4951 2017 5005; x_wconf 88' lang='lat' dir='ltr'><strong>bis</strong></span> 
     </span>
    </p>
   </div>
   <div class='ocr_carea' id='block_1_97' title="bbox 437 5042 2019 5112">
    <p class='ocr_par' dir='ltr' id='par_1_97' title="bbox 437 5042 2019 5112">
     <span class='ocr_line' id='line_1_97' title="bbox 437 5042 2019 5112; baseline 0.001 -18"><span class='ocrx_word' id='word_1_715' title='bbox 437 5043 596 5095; x_wconf 84' lang='lat' dir='ltr'><strong>binas</strong></span> <span class='ocrx_word' id='word_1_716' title='bbox 634 5049 812 5095; x_wconf 90' lang='lat' dir='ltr'><strong>tamen</strong></span> <span class='ocrx_word' id='word_1_717' title='bbox 837 5051 1018 5111; x_wconf 88' lang='lat' dir='ltr'><strong>partes</strong></span> <span class='ocrx_word' id='word_1_718' title='bbox 1054 5042 1381 5112; x_wconf 89' lang='lat' dir='ltr'><strong>principales</strong></span> <span class='ocrx_word' id='word_1_719' title='bbox 1407 5043 1473 5096; x_wconf 89' lang='lat' dir='ltr'><strong>ad</strong></span> <span class='ocrx_word' id='word_1_720' title='bbox 1504 5056 1716 5096; x_wconf 89' lang='lat' dir='ltr'><strong>omnem</strong></span> <span class='ocrx_word' id='word_1_721' title='bbox 1747 5043 2019 5111; x_wconf 88' lang='lat' dir='ltr'><strong>quaestio-</strong></span> 
     </span>
    </p>
   </div>
   <div class='ocr_carea' id='block_1_98' title="bbox 439 5135 2020 5205">
    <p class='ocr_par' dir='ltr' id='par_1_98' title="bbox 439 5135 2020 5205">
     <span class='ocr_line' id='line_1_98' title="bbox 439 5135 2020 5205; baseline 0.002 -18"><span class='ocrx_word' id='word_1_722' title='bbox 439 5148 565 5189; x_wconf 87' lang='lat' dir='ltr'><strong>nem</strong></span> <span class='ocrx_word' id='word_1_723' title='bbox 589 5135 900 5189; x_wconf 90' lang='lat' dir='ltr'><strong>solvendam</strong></span> <span class='ocrx_word' id='word_1_724' title='bbox 927 5137 1262 5190; x_wconf 89' lang='lat' dir='ltr'><strong>necessarias</strong></span> <span class='ocrx_word' id='word_1_725' title='bbox 1287 5137 1486 5191; x_wconf 88' lang='lat' dir='ltr'><strong>habere</strong></span> <span class='ocrx_word' id='word_1_726' title='bbox 1513 5136 2020 5205; x_wconf 88' lang='lat' dir='ltr'><strong>dignoscitur,quas</strong></span> 
     </span>
    </p>
   </div>
   <div class='ocr_carea' id='block_1_99' title="bbox 435 5225 2019 5298">
    <p class='ocr_par' dir='ltr' id='par_1_99' title="bbox 435 5225 2019 5298">
     <span class='ocr_line' id='line_1_99' title="bbox 435 5225 2019 5298; baseline 0.001 -19"><span class='ocrx_word' id='word_1_727' title='bbox 435 5225 607 5281; x_wconf 75' lang='lat' dir='ltr'><strong>latine</strong></span> <span class='ocrx_word' id='word_1_728' title='bbox 631 5241 916 5298; x_wconf 84' lang='lat' dir='ltr'><strong>possumus</strong></span> <span class='ocrx_word' id='word_1_729' title='bbox 937 5228 1116 5284; x_wconf 88' lang='lat' dir='ltr'><strong>dicere</strong></span> <span class='ocrx_word' id='word_1_730' title='bbox 1140 5228 1448 5284; x_wconf 83' lang='lat' dir='ltr'><strong>divisoriam</strong></span> <span class='ocrx_word' id='word_1_731' title='bbox 1468 5268 1484 5294; x_wconf 94' lang='lat'><strong>,</strong></span> <span class='ocrx_word' id='word_1_732' title='bbox 1527 5225 1861 5282; x_wconf 82' lang='lat' dir='ltr'><strong>diilinitivam</strong></span> <span class='ocrx_word' id='word_1_733' title='bbox 1881 5266 1896 5292; x_wconf 90' lang='lat'><strong>,</strong></span> <span class='ocrx_word' id='word_1_734' title='bbox 1925 5227 2019 5280; x_wconf 86' lang='lat' dir='ltr'><strong>de-</strong></span> 
     </span>
    </p>
   </div>
   <div class='ocr_carea' id='block_1_100' title="bbox 437 5378 2018 5519">
    <p class='ocr_par' dir='ltr' id='par_1_100' title="bbox 437 5378 2018 5519">
     <span class='ocr_line' id='line_1_100' title="bbox 437 5378 2018 5519; baseline 0.001 -87"><span class='ocrx_word' id='word_1_735' title='bbox 437 5379 730 5519; x_wconf 55' lang='lat' dir='ltr'><strong>(Ef.</strong></span> <span class='ocrx_word' id='word_1_736' title='bbox 768 5381 929 5436; x_wconf 91' lang='lat' dir='ltr'><strong>etiam</strong></span> <span class='ocrx_word' id='word_1_737' title='bbox 961 5378 1100 5435; x_wconf 75' lang='lat' dir='ltr'><strong>Hist.</strong></span> <span class='ocrx_word' id='word_1_738' title='bbox 1132 5380 1231 5436; x_wconf 84' lang='lat' dir='ltr'><strong>litt.</strong></span> <span class='ocrx_word' id='word_1_739' title='bbox 1274 5381 1338 5436; x_wconf 82' lang='lat' dir='ltr'><strong>de</strong></span> <span class='ocrx_word' id='word_1_740' title='bbox 1368 5381 1420 5436; x_wconf 87' lang='lat' dir='ltr'><strong>la</strong></span> <span class='ocrx_word' id='word_1_741' title='bbox 1445 5379 1672 5447; x_wconf 75' lang='lat' dir='ltr'><strong>France,</strong></span> <span class='ocrx_word' id='word_1_742' title='bbox 1713 5389 1840 5437; x_wconf 89' lang='lat' dir='ltr'><strong>tom.</strong></span> <span class='ocrx_word' id='word_1_743' title='bbox 1869 5381 1934 5446; x_wconf 70' lang='grc' dir='ltr'><strong>ν,</strong></span> <span class='ocrx_word' id='word_1_744' title='bbox 1966 5396 2018 5450; x_wconf 89' lang='lat' dir='ltr'><strong>p.</strong></span> 
     </span>
    </p>
   </div>
   <div class='ocr_carea' id='block_1_101' title="bbox 515 5521 1150 5584">
    <p class='ocr_par' dir='ltr' id='par_1_101' title="bbox 515 5521 1150 5584">
     <span class='ocr_line' id='line_1_101' title="bbox 515 5521 1150 5584; baseline 0.008 -15"><span class='ocrx_word' id='word_1_745' title='bbox 515 5521 590 5584; x_wconf 82' lang='lat' dir='ltr'><strong>(It)</strong></span> <span class='ocrx_word' id='word_1_746' title='bbox 629 5521 707 5572; x_wconf 66' lang='lat' dir='ltr'><strong>(li.</strong></span> <span class='ocrx_word' id='word_1_747' title='bbox 739 5521 805 5574; x_wconf 85' lang='lat' dir='ltr'><strong>de</strong></span> <span class='ocrx_word' id='word_1_748' title='bbox 835 5522 954 5577; x_wconf 72' lang='grc' dir='ltr'><strong>Νιιῑ.</strong></span> <span class='ocrx_word' id='word_1_749' title='bbox 985 5521 1026 5580; x_wconf 78' lang='grc'><strong>1,</strong></span> <span class='ocrx_word' id='word_1_750' title='bbox 1067 5522 1150 5576; x_wconf 75' lang='grc'><strong>71.</strong></span> 
     </span>
    </p>
   </div>
   <div class='ocr_carea' id='block_1_102' title="bbox 511 5589 881 5659">
    <p class='ocr_par' dir='ltr' id='par_1_102' title="bbox 511 5589 881 5659">
     <span class='ocr_line' id='line_1_102' title="bbox 511 5589 881 5659; baseline 0.024 -21"><span class='ocrx_word' id='word_1_751' title='bbox 511 5589 589 5656; x_wconf 50' lang='lat' dir='ltr'><strong>(li)</strong></span> <span class='ocrx_word' id='word_1_752' title='bbox 631 5589 759 5659; x_wconf 81' lang='lat' dir='ltr'><strong>Cap.</strong></span> <span class='ocrx_word' id='word_1_753' title='bbox 793 5593 881 5647; x_wconf 82' lang='grc'><strong>69.</strong></span> 
     </span>
    </p>
   </div>
   <div class='ocr_carea' id='block_1_103' title="bbox 2117 4497 3705 4566">
    <p class='ocr_par' dir='ltr' id='par_1_103' title="bbox 2117 4497 3705 4566">
     <span class='ocr_line' id='line_1_103' title="bbox 2117 4497 3705 4566; baseline -0.004 -13"><span class='ocrx_word' id='word_1_754' title='bbox 2117 4514 2200 4564; x_wconf 91' lang='lat' dir='ltr'><strong>re,</strong></span> <span class='ocrx_word' id='word_1_755' title='bbox 2223 4498 2386 4552; x_wconf 90' lang='lat' dir='ltr'><strong>etiam</strong></span> <span class='ocrx_word' id='word_1_756' title='bbox 2413 4497 2606 4562; x_wconf 90' lang='lat' dir='ltr'><strong>altera,</strong></span> <span class='ocrx_word' id='word_1_757' title='bbox 2630 4497 2956 4566; x_wconf 86' lang='lat' dir='ltr'><strong>simulatque</strong></span> <span class='ocrx_word' id='word_1_758' title='bbox 2976 4505 3069 4551; x_wconf 89' lang='lat' dir='ltr'><strong>aut</strong></span> <span class='ocrx_word' id='word_1_759' title='bbox 3095 4510 3320 4551; x_wconf 89' lang='lat' dir='ltr'><strong>necesse</strong></span> <span class='ocrx_word' id='word_1_760' title='bbox 3344 4503 3439 4550; x_wconf 88' lang='lat' dir='ltr'><strong>aut</strong></span> <span class='ocrx_word' id='word_1_761' title='bbox 3464 4509 3705 4549; x_wconf 86' lang='lat' dir='ltr'><strong>commo-</strong></span> 
     </span>
    </p>
   </div>
   <div class='ocr_carea' id='block_1_104' title="bbox 2118 4585 3702 4656">
    <p class='ocr_par' dir='ltr' id='par_1_104' title="bbox 2118 4585 3702 4656">
     <span class='ocr_line' id='line_1_104' title="bbox 2118 4585 3702 4656; baseline -0.004 -12"><span class='ocrx_word' id='word_1_762' title='bbox 2118 4592 2244 4645; x_wconf 89' lang='lat' dir='ltr'><strong>dum</strong></span> <span class='ocrx_word' id='word_1_763' title='bbox 2275 4604 2395 4646; x_wconf 89' lang='lat' dir='ltr'><strong>esse</strong></span> <span class='ocrx_word' id='word_1_764' title='bbox 2437 4590 2614 4644; x_wconf 91' lang='lat' dir='ltr'><strong>visum</strong></span> <span class='ocrx_word' id='word_1_765' title='bbox 2651 4589 2758 4656; x_wconf 89' lang='lat' dir='ltr'><strong>sit,</strong></span> <span class='ocrx_word' id='word_1_766' title='bbox 2791 4590 2845 4644; x_wconf 90' lang='lat' dir='ltr'><strong>in</strong></span> <span class='ocrx_word' id='word_1_767' title='bbox 2895 4589 3118 4645; x_wconf 82' lang='lat' dir='ltr'><strong>alterius</strong></span> <span class='ocrx_word' id='word_1_768' title='bbox 3151 4588 3406 4644; x_wconf 79' lang='lat' dir='ltr'><strong>auxilium</strong></span> <span class='ocrx_word' id='word_1_769' title='bbox 3447 4585 3702 4642; x_wconf 86' lang='lat' dir='ltr'><strong>advocari</strong></span> 
     </span>
    </p>
   </div>
   <div class='ocr_carea' id='block_1_105' title="bbox 2118 4681 2310 4752">
    <p class='ocr_par' dir='ltr' id='par_1_105' title="bbox 2118 4681 2310 4752">
     <span class='ocr_line' id='line_1_105' title="bbox 2118 4681 2310 4752; baseline -0.016 -16"><span class='ocrx_word' id='word_1_770' title='bbox 2118 4681 2310 4752; x_wconf 91' lang='lat' dir='ltr'><strong>possit.</strong></span> 
     </span>
    </p>
   </div>
   <div class='ocr_carea' id='block_1_106' title="bbox 2189 4766 3705 4841">
    <p class='ocr_par' dir='ltr' id='par_1_106' title="bbox 2189 4766 3705 4841">
     <span class='ocr_line' id='line_1_106' title="bbox 2189 4766 3705 4841; baseline -0.001 -19"><span class='ocrx_word' id='word_1_771' title='bbox 2189 4768 2366 4839; x_wconf 84' lang='lat' dir='ltr'><strong>Atque</strong></span> <span class='ocrx_word' id='word_1_772' title='bbox 2397 4784 2558 4838; x_wconf 90' lang='lat' dir='ltr'><strong>super</strong></span> <span class='ocrx_word' id='word_1_773' title='bbox 2586 4770 2703 4840; x_wconf 91' lang='lat' dir='ltr'><strong>ipso</strong></span> <span class='ocrx_word' id='word_1_774' title='bbox 2739 4769 2918 4826; x_wconf 84' lang='lat' dir='ltr'><strong>Nostri</strong></span> <span class='ocrx_word' id='word_1_775' title='bbox 2947 4769 3085 4824; x_wconf 88' lang='lat' dir='ltr'><strong>libro</strong></span> <span class='ocrx_word' id='word_1_776' title='bbox 3121 4769 3187 4824; x_wconf 90' lang='lat' dir='ltr'><strong>de</strong></span> <span class='ocrx_word' id='word_1_777' title='bbox 3213 4766 3705 4841; x_wconf 86' lang='lat' dir='ltr'><strong>praedestinatione</strong></span> 
     </span>
    </p>
   </div>
   <div class='ocr_carea' id='block_1_107' title="bbox 2119 4861 3408 4934">
    <p class='ocr_par' dir='ltr' id='par_1_107' title="bbox 2119 4861 3408 4934">
     <span class='ocr_line' id='line_1_107' title="bbox 2119 4861 3408 4934; baseline 0.002 -19"><span class='ocrx_word' id='word_1_778' title='bbox 2119 4861 2252 4916; x_wconf 89' lang='lat' dir='ltr'><strong>satis</strong></span> <span class='ocrx_word' id='word_1_779' title='bbox 2277 4862 2482 4916; x_wconf 91' lang='lat' dir='ltr'><strong>dictum</strong></span> <span class='ocrx_word' id='word_1_780' title='bbox 2515 4872 2627 4927; x_wconf 84' lang='lat' dir='ltr'><strong>est;</strong></span> <span class='ocrx_word' id='word_1_781' title='bbox 2655 4864 3064 4934; x_wconf 88' lang='lat' dir='ltr'><strong>progrediamur</strong></span> <span class='ocrx_word' id='word_1_782' title='bbox 3086 4864 3151 4917; x_wconf 90' lang='lat' dir='ltr'><strong>ad</strong></span> <span class='ocrx_word' id='word_1_783' title='bbox 3176 4862 3408 4931; x_wconf 90' lang='lat' dir='ltr'><strong>reliqua.</strong></span> 
     </span>
    </p>
   </div>
   <div class='ocr_carea' id='block_1_108' title="bbox 2191 4952 3702 5027">
    <p class='ocr_par' dir='ltr' id='par_1_108' title="bbox 2191 4952 3702 5027">
     <span class='ocr_line' id='line_1_108' title="bbox 2191 4952 3702 5027; baseline -0.003 -20"><span class='ocrx_word' id='word_1_784' title='bbox 2191 4953 2486 5024; x_wconf 87' lang='lat' dir='ltr'><strong>Postquam</strong></span> <span class='ocrx_word' id='word_1_785' title='bbox 2538 4956 2703 5027; x_wconf 89' lang='lat' dir='ltr'><strong>igitur</strong></span> <span class='ocrx_word' id='word_1_786' title='bbox 2747 4957 2922 5011; x_wconf 86' lang='lat' dir='ltr'><strong>editus</strong></span> <span class='ocrx_word' id='word_1_787' title='bbox 2969 4965 3051 5011; x_wconf 88' lang='lat' dir='ltr'><strong>est</strong></span> <span class='ocrx_word' id='word_1_788' title='bbox 3099 4955 3248 5011; x_wconf 89' lang='lat' dir='ltr'><strong>Scoti</strong></span> <span class='ocrx_word' id='word_1_789' title='bbox 3278 4954 3435 5020; x_wconf 90' lang='lat' dir='ltr'><strong>liber,</strong></span> <span class='ocrx_word' id='word_1_790' title='bbox 3465 4952 3702 5016; x_wconf 77' lang='lat' dir='ltr'><strong>Weniio,</strong></span> 
     </span>
    </p>
   </div>
   <div class='ocr_carea' id='block_1_109' title="bbox 2124 5044 3709 5117">
    <p class='ocr_par' dir='ltr' id='par_1_109' title="bbox 2124 5044 3709 5117">
     <span class='ocr_line' id='line_1_109' title="bbox 2124 5044 3709 5117; baseline -0.002 -17"><span class='ocrx_word' id='word_1_791' title='bbox 2124 5046 2563 5117; x_wconf 90' lang='lat' dir='ltr'><strong>archiepiscopus</strong></span> <span class='ocrx_word' id='word_1_792' title='bbox 2592 5048 2954 5111; x_wconf 90' lang='lat' dir='ltr'><strong>Senonensis,</strong></span> <span class='ocrx_word' id='word_1_793' title='bbox 2986 5061 3125 5116; x_wconf 88' lang='lat' dir='ltr'><strong>quae</strong></span> <span class='ocrx_word' id='word_1_794' title='bbox 3169 5065 3188 5096; x_wconf 69' lang='grc' dir='ltr'><strong>ε</strong></span> <span class='ocrx_word' id='word_1_795' title='bbox 3213 5047 3281 5101; x_wconf 90' lang='lat' dir='ltr'><strong>ab</strong></span> <span class='ocrx_word' id='word_1_796' title='bbox 3303 5044 3574 5101; x_wconf 87' lang='lat' dir='ltr'><strong>intellectu</strong></span> <span class='ocrx_word' id='word_1_797' title='bbox 3606 5059 3709 5097; x_wconf 68' lang='lat' dir='ltr'><strong>suo</strong></span> 
     </span>
    </p>
   </div>
   <div class='ocr_carea' id='block_1_110' title="bbox 2123 5135 3711 5207">
    <p class='ocr_par' dir='ltr' id='par_1_110' title="bbox 2123 5135 3711 5207">
     <span class='ocr_line' id='line_1_110' title="bbox 2123 5135 3711 5207; baseline -0.002 -16"><span class='ocrx_word' id='word_1_798' title='bbox 2123 5153 2182 5192; x_wconf 88' lang='lat' dir='ltr'><strong>se</strong></span> <span class='ocrx_word' id='word_1_799' title='bbox 2228 5137 2627 5207; x_wconf 88' lang='lat' dir='ltr'><strong>quodammodo</strong></span> <span class='ocrx_word' id='word_1_800' title='bbox 2675 5137 2994 5193; x_wconf 88' lang='lat' dir='ltr'><strong>divertentia</strong></span> <span class='ocrx_word' id='word_1_801' title='bbox 3037 5145 3220 5192; x_wconf 90' lang='lat' dir='ltr'><strong>essent</strong></span> <span class='ocrx_word' id='word_1_802' title='bbox 3247 5156 3290 5202; x_wconf 71' lang='grc' dir='ltr'><strong>ι,</strong></span> <span class='ocrx_word' id='word_1_803' title='bbox 3342 5136 3394 5190; x_wconf 91' lang='lat' dir='ltr'><strong>in</strong></span> <span class='ocrx_word' id='word_1_804' title='bbox 3431 5149 3496 5190; x_wconf 89' lang='lat' dir='ltr'><strong>eo</strong></span> <span class='ocrx_word' id='word_1_805' title='bbox 3522 5135 3711 5202; x_wconf 84' lang='lat' dir='ltr'><strong>depre-</strong></span> 
     </span>
    </p>
   </div>
   <div class='ocr_carea' id='block_1_111' title="bbox 2125 5223 3712 5298">
    <p class='ocr_par' dir='ltr' id='par_1_111' title="bbox 2125 5223 3712 5298">
     <span class='ocr_line' id='line_1_111' title="bbox 2125 5223 3712 5298; baseline -0.003 -16"><span class='ocrx_word' id='word_1_806' title='bbox 2125 5227 2330 5282; x_wconf 90' lang='lat' dir='ltr'><strong>hendit.</strong></span> <span class='ocrx_word' id='word_1_807' title='bbox 2372 5226 2713 5298; x_wconf 87' lang='lat' dir='ltr'><strong>Undeviginti</strong></span> <span class='ocrx_word' id='word_1_808' title='bbox 2743 5227 2879 5284; x_wconf 87' lang='lat' dir='ltr'><strong>haec</strong></span> <span class='ocrx_word' id='word_1_809' title='bbox 2916 5227 3183 5298; x_wconf 87' lang='lat' dir='ltr'><strong>capitibus</strong></span> <span class='ocrx_word' id='word_1_810' title='bbox 3212 5227 3362 5298; x_wconf 90' lang='lat' dir='ltr'><strong>(quot</strong></span> <span class='ocrx_word' id='word_1_811' title='bbox 3387 5225 3550 5283; x_wconf 80' lang='lat' dir='ltr'><strong>etiam</strong></span> <span class='ocrx_word' id='word_1_812' title='bbox 3584 5223 3712 5278; x_wconf 81' lang='lat' dir='ltr'><strong>libri</strong></span> 
     </span>
    </p>
   </div>
   <div class='ocr_carea' id='block_1_112' title="bbox 2199 5379 3092 5504">
    <p class='ocr_par' dir='ltr' id='par_1_112' title="bbox 2199 5379 3092 5504">
     <span class='ocr_line' id='line_1_112' title="bbox 2199 5379 3092 5504; baseline 0.004 -72"><span class='ocrx_word' id='word_1_813' title='bbox 2199 5379 2272 5448; x_wconf 79' lang='grc' dir='ltr'><strong>(ε)</strong></span> <span class='ocrx_word' id='word_1_814' title='bbox 2311 5379 2393 5434; x_wconf 87' lang='lat' dir='ltr'><strong>Cf.</strong></span> <span class='ocrx_word' id='word_1_815' title='bbox 2429 5379 2496 5434; x_wconf 89' lang='lat' dir='ltr'><strong>de</strong></span> <span class='ocrx_word' id='word_1_816' title='bbox 2525 5381 2792 5450; x_wconf 90' lang='lat' dir='ltr'><strong>praedest.</strong></span> <span class='ocrx_word' id='word_1_817' title='bbox 2824 5381 2866 5445; x_wconf 85' lang='lat' dir='ltr'><strong>I-,</strong></span> <span class='ocrx_word' id='word_1_818' title='bbox 2905 5382 2929 5436; x_wconf 85' lang='lat' dir='ltr'><strong>I</strong></span> <span class='ocrx_word' id='word_1_819' title='bbox 2961 5395 3092 5504; x_wconf 51' lang='lat'><strong>86%</strong></span> 
     </span>
     <span class='ocr_line' id='line_1_113' title="bbox 2199 5448 3001 5504; baseline 0 0"><span class='ocrx_word' id='word_1_820' title='bbox 2199 5450 2276 5504; x_wconf 78' lang='lat' dir='ltr'><strong>id)</strong></span> <span class='ocrx_word' id='word_1_821' title='bbox 2315 5448 2397 5504; x_wconf 81' lang='lat' dir='ltr'><strong>CI.</strong></span> <span class='ocrx_word' id='word_1_822' title='bbox 2430 5449 2468 5504; x_wconf 91' lang='lat' dir='ltr'><strong>I.</strong></span> <span class='ocrx_word' id='word_1_823' title='bbox 2503 5466 2550 5502; x_wconf 91' lang='lat' dir='ltr'><strong>v.</strong></span> <span class='ocrx_word' id='word_1_824' title='bbox 2583 5450 2775 5504; x_wconf 73' lang='lat' dir='ltr'><strong>Gdrres</strong></span> <span class='ocrx_word' id='word_1_825' title='bbox 2801 5451 3001 5504; x_wconf 81' lang='lat' dir='ltr'><strong>christl.</strong></span> 
     </span>
    </p>
   </div>
   <div class='ocr_carea' id='block_1_113' title="bbox 2199 5440 3712 5532">
    <p class='ocr_par' dir='ltr' id='par_1_113' title="bbox 2199 5440 3712 5532">
     <span class='ocr_line' id='line_1_114' title="bbox 2199 5440 3712 5532; baseline -0.022 1"><span class='ocrx_word' id='word_1_826' title='bbox 2428 5449 2468 5532; x_wconf 63' lang='grc' dir='ltr'><strong>ξ’</strong></span> <span class='ocrx_word' id='word_1_827' title='bbox 2496 5440 2550 5532; x_wconf 67' lang='grc' dir='ltr'><strong>χ’·</strong></span> <span class='ocrx_word' id='word_1_828' title='bbox 2583 5450 2775 5532; x_wconf 63' lang='grc' dir='ltr'><strong>δρνῖεε</strong></span> <span class='ocrx_word' id='word_1_829' title='bbox 2801 5440 3001 5532; x_wconf 57' lang='lat' dir='ltr'><strong>ciu-isti:</strong></span> <span class='ocrx_word' id='word_1_830' title='bbox 3036 5440 3248 5522; x_wconf 73' lang='lat' dir='ltr'><strong>Mystik.</strong></span> <span class='ocrx_word' id='word_1_831' title='bbox 3283 5447 3389 5505; x_wconf 82' lang='lat' dir='ltr'><strong>vol.</strong></span> <span class='ocrx_word' id='word_1_832' title='bbox 3429 5445 3466 5512; x_wconf 93' lang='lat' dir='ltr'><strong>I,</strong></span> <span class='ocrx_word' id='word_1_833' title='bbox 3490 5460 3544 5516; x_wconf 91' lang='lat' dir='ltr'><strong>p.</strong></span> <span class='ocrx_word' id='word_1_834' title='bbox 3576 5440 3712 5499; x_wconf 65' lang='grc'><strong>243.</strong></span> 
     </span>
    </p>
   </div>
   <div class='ocr_carea' id='block_1_114' title="bbox 2197 5519 3022 5656">
    <p class='ocr_par' dir='ltr' id='par_1_114' title="bbox 2197 5519 3022 5656">
     <span class='ocr_line' id='line_1_115' title="bbox 2200 5519 3022 5594; baseline 0.002 -22"><span class='ocrx_word' id='word_1_835' title='bbox 2200 5521 2272 5587; x_wconf 87' lang='lat' dir='ltr'><strong>(e)</strong></span> <span class='ocrx_word' id='word_1_836' title='bbox 2311 5519 2395 5573; x_wconf 84' lang='lat' dir='ltr'><strong>Cf.</strong></span> <span class='ocrx_word' id='word_1_837' title='bbox 2428 5520 2465 5572; x_wconf 93' lang='grc' dir='ltr'><strong>Ι.</strong></span> <span class='ocrx_word' id='word_1_838' title='bbox 2495 5519 2584 5574; x_wconf 91' lang='lat' dir='ltr'><strong>Sc.</strong></span> <span class='ocrx_word' id='word_1_839' title='bbox 2622 5521 2765 5594; x_wconf 82' lang='lat' dir='ltr'><strong>Erig.</strong></span> <span class='ocrx_word' id='word_1_840' title='bbox 2797 5538 2848 5592; x_wconf 90' lang='lat' dir='ltr'><strong>p.</strong></span> <span class='ocrx_word' id='word_1_841' title='bbox 2885 5519 3022 5575; x_wconf 71' lang='lat' dir='ltr'><strong>XVI.</strong></span> 
     </span>
     <span class='ocr_line' id='line_1_116' title="bbox 2197 5589 2576 5656; baseline 0.005 -14"><span class='ocrx_word' id='word_1_842' title='bbox 2197 5589 2271 5656; x_wconf 67' lang='lat' dir='ltr'><strong>(fl</strong></span> <span class='ocrx_word' id='word_1_843' title='bbox 2303 5590 2381 5643; x_wconf 88' lang='lat' dir='ltr'><strong>Cf.</strong></span> <span class='ocrx_word' id='word_1_844' title='bbox 2409 5589 2498 5655; x_wconf 78' lang='lat' dir='ltr'><strong>IV,</strong></span> <span class='ocrx_word' id='word_1_845' title='bbox 2527 5591 2576 5644; x_wconf 77' lang='grc'><strong>4.</strong></span> 
     </span>
    </p>
   </div>
  </div>
