  <div class='ocr_page' id='page_1' title='image "/cluster/home/n/w/nwhite01/storage/ocr_20150623/122/hvd.32044054759840/054.png"; bbox 0 0 4002 6148; ppageno 0'>
   <div class='ocr_carea' id='block_1_1' title="bbox 278 274 1850 353">
    <p class='ocr_par' dir='ltr' id='par_1_1' title="bbox 278 278 1848 353">
     <span class='ocr_line' id='line_1_1' title="bbox 278 278 1848 353; baseline -0.003 -15"><span class='ocrx_word' id='word_1_1' title='bbox 1117 281 1199 334; x_wconf 73' lang='grc' dir='ltr'><strong>ΜΞ</strong></span> <span class='ocrx_word' id='word_1_2' title='bbox 1237 280 1392 336; x_wconf 56' lang='grc' dir='ltr'>ἚἹΤᾹ</span> <span class='ocrx_word' id='word_1_3' title='bbox 1434 281 1520 353; x_wconf 82' lang='grc' dir='ltr'><strong>ΕΤ</strong></span> <span class='ocrx_word' id='word_1_4' title='bbox 1561 278 1848 336; x_wconf 71' lang='lat' dir='ltr'><strong>PRAECEP</strong></span> 
     </span>
    </p>
   </div>
   <div class='ocr_carea' id='block_1_2' title="bbox 1960 274 3534 353">
    <p class='ocr_par' dir='ltr' id='par_1_2' title="bbox 2000 274 3534 340">
     <span class='ocr_line' id='line_1_2' title="bbox 2000 274 3534 340; baseline 0.003 -4"><span class='ocrx_word' id='word_1_5' title='bbox 2000 280 2048 336; x_wconf 81' lang='lat' dir='ltr'><strong>J.</strong></span> <span class='ocrx_word' id='word_1_6' title='bbox 2093 279 2310 336; x_wconf 83' lang='lat' dir='ltr'><strong>SCOTI.</strong></span> <span class='ocrx_word' id='word_1_7' title='bbox 2356 313 2421 322; x_wconf 86' lang='lat'><strong>——</strong></span> <span class='ocrx_word' id='word_1_8' title='bbox 2457 282 2634 339; x_wconf 72' lang='lat' dir='ltr'><strong>PARS</strong></span> <span class='ocrx_word' id='word_1_9' title='bbox 2673 274 2723 339; x_wconf 60' lang='lat' dir='ltr'><strong>l.</strong></span> <span class='ocrx_word' id='word_1_10' title='bbox 3466 284 3534 340; x_wconf 77' lang='grc'><strong>31</strong></span> 
     </span>
    </p>
   </div>
   <div class='ocr_carea' id='block_1_3' title="bbox 280 384 3538 468">
    <p class='ocr_par' dir='ltr' id='par_1_3' title="bbox 280 384 3538 468">
     <span class='ocr_line' id='line_1_3' title="bbox 280 384 3538 468; baseline 0.004 -25"><span class='ocrx_word' id='word_1_11' title='bbox 280 390 444 457; x_wconf 83' lang='lat' dir='ltr'><strong>capita</strong></span> <span class='ocrx_word' id='word_1_12' title='bbox 476 402 595 442; x_wconf 79' lang='lat' dir='ltr'><strong>esse</strong></span> <span class='ocrx_word' id='word_1_13' title='bbox 628 384 882 456; x_wconf 64' lang='lat' dir='ltr'><strong>diximus)</strong></span> <span class='ocrx_word' id='word_1_14' title='bbox 916 392 1302 457; x_wconf 84' lang='lat' dir='ltr'><strong>comprehensa</strong></span> <span class='ocrx_word' id='word_1_15' title='bbox 1348 391 1493 444; x_wconf 89' lang='lat' dir='ltr'><strong>misit</strong></span> <span class='ocrx_word' id='word_1_16' title='bbox 1528 391 1585 445; x_wconf 93' lang='lat' dir='ltr'><strong>S.</strong></span> <span class='ocrx_word' id='word_1_17' title='bbox 1616 390 1853 444; x_wconf 84' lang='lat' dir='ltr'><strong>Pruden-</strong></span> <span class='ocrx_word' id='word_1_18' title='bbox 1882 398 1927 453; x_wconf 77' lang='grc' dir='ltr'><strong>Α</strong></span> <span class='ocrx_word' id='word_1_19' title='bbox 1959 391 2328 458; x_wconf 75' lang='lat' dir='ltr'><strong>Lugdunensns</strong></span> <span class='ocrx_word' id='word_1_20' title='bbox 2355 436 2368 455; x_wconf 88' lang='lat'><strong>,</strong></span> <span class='ocrx_word' id='word_1_21' title='bbox 2424 411 2586 463; x_wconf 91' lang='lat' dir='ltr'><strong>quum</strong></span> <span class='ocrx_word' id='word_1_22' title='bbox 2629 405 2904 465; x_wconf 87' lang='lat' dir='ltr'><strong>praeesset</strong></span> <span class='ocrx_word' id='word_1_23' title='bbox 2953 396 3178 452; x_wconf 88' lang='lat' dir='ltr'><strong>concilio</strong></span> <span class='ocrx_word' id='word_1_24' title='bbox 3228 396 3538 468; x_wconf 81' lang='lat' dir='ltr'><strong>Valentino,</strong></span> 
     </span>
    </p>
   </div>
   <div class='ocr_carea' id='block_1_4' title="bbox 280 476 1854 549">
    <p class='ocr_par' dir='ltr' id='par_1_4' title="bbox 280 476 1854 549">
     <span class='ocr_line' id='line_1_4' title="bbox 280 476 1854 549; baseline 0.003 -21"><span class='ocrx_word' id='word_1_25' title='bbox 280 482 388 541; x_wconf 92' lang='lat' dir='ltr'><strong>tio,</strong></span> <span class='ocrx_word' id='word_1_26' title='bbox 436 479 692 546; x_wconf 84' lang='lat' dir='ltr'><strong>episeopo</strong></span> <span class='ocrx_word' id='word_1_27' title='bbox 741 476 1072 543; x_wconf 80' lang='lat' dir='ltr'><strong>TriCassino,</strong></span> <span class='ocrx_word' id='word_1_28' title='bbox 1118 489 1176 531; x_wconf 89' lang='lat' dir='ltr'><strong>ut</strong></span> <span class='ocrx_word' id='word_1_29' title='bbox 1204 495 1594 549; x_wconf 65' lang='lat' dir='ltr'><strong>«quaecunque</strong></span> <span class='ocrx_word' id='word_1_30' title='bbox 1634 479 1686 534; x_wconf 92' lang='lat' dir='ltr'><strong>in</strong></span> <span class='ocrx_word' id='word_1_31' title='bbox 1730 481 1796 533; x_wconf 88' lang='lat' dir='ltr'><strong>iis</strong></span> <span class='ocrx_word' id='word_1_32' title='bbox 1825 495 1854 532; x_wconf 89' lang='lat' dir='ltr'><strong>a</strong></span> 
     </span>
    </p>
   </div>
   <div class='ocr_carea' id='block_1_5' title="bbox 277 569 1856 638">
    <p class='ocr_par' dir='ltr' id='par_1_5' title="bbox 277 569 1856 638">
     <span class='ocr_line' id='line_1_5' title="bbox 277 569 1856 638; baseline 0.002 -18"><span class='ocrx_word' id='word_1_33' title='bbox 277 586 397 623; x_wconf 78' lang='lat' dir='ltr'><strong>vero</strong></span> <span class='ocrx_word' id='word_1_34' title='bbox 421 570 782 623; x_wconf 75' lang='lat' dir='ltr'><strong>exorbitantia</strong></span> <span class='ocrx_word' id='word_1_35' title='bbox 828 569 1220 638; x_wconf 71' lang='lat' dir='ltr'><strong>comperisset,</strong></span> <span class='ocrx_word' id='word_1_36' title='bbox 1271 570 1562 638; x_wconf 88' lang='lat' dir='ltr'><strong>unicuique</strong></span> <span class='ocrx_word' id='word_1_37' title='bbox 1603 569 1667 623; x_wconf 89' lang='lat' dir='ltr'><strong>de</strong></span> <span class='ocrx_word' id='word_1_38' title='bbox 1707 569 1856 623; x_wconf 93' lang='lat' dir='ltr'><strong>libris</strong></span> 
     </span>
    </p>
   </div>
   <div class='ocr_carea' id='block_1_6' title="bbox 276 658 1856 729">
    <p class='ocr_par' dir='ltr' id='par_1_6' title="bbox 276 658 1856 729">
     <span class='ocr_line' id='line_1_6' title="bbox 276 658 1856 729; baseline 0 -17"><span class='ocrx_word' id='word_1_39' title='bbox 276 659 597 729; x_wconf 80' lang='lat' dir='ltr'><strong>evangelicis</strong></span> <span class='ocrx_word' id='word_1_40' title='bbox 623 669 677 712; x_wconf 87' lang='lat' dir='ltr'><strong>et</strong></span> <span class='ocrx_word' id='word_1_41' title='bbox 704 658 1094 714; x_wconf 86' lang='lat' dir='ltr'><strong>catholicorum</strong></span> <span class='ocrx_word' id='word_1_42' title='bbox 1124 659 1403 713; x_wconf 85' lang='lat' dir='ltr'><strong>doctorqu</strong></span> <span class='ocrx_word' id='word_1_43' title='bbox 1449 659 1856 714; x_wconf 86' lang='lat' dir='ltr'><strong>auctoritatibus</strong></span> 
     </span>
    </p>
   </div>
   <div class='ocr_carea' id='block_1_7' title="bbox 276 750 1859 823">
    <p class='ocr_par' dir='ltr' id='par_1_7' title="bbox 276 750 1859 823">
     <span class='ocr_line' id='line_1_7' title="bbox 276 750 1859 823; baseline -0.002 -16"><span class='ocrx_word' id='word_1_44' title='bbox 276 752 501 823; x_wconf 84' lang='lat' dir='ltr'><strong>devianti</strong></span> <span class='ocrx_word' id='word_1_45' title='bbox 543 753 822 821; x_wconf 71' lang='lat' dir='ltr'><strong>capitulo;</strong></span> <span class='ocrx_word' id='word_1_46' title='bbox 860 766 1098 820; x_wconf 79' lang='lat' dir='ltr'><strong>congrua</strong></span> <span class='ocrx_word' id='word_1_47' title='bbox 1143 752 1481 820; x_wconf 83' lang='lat' dir='ltr'><strong>depromeret</strong></span> <span class='ocrx_word' id='word_1_48' title='bbox 1521 750 1733 805; x_wconf 84' lang='lat' dir='ltr'><strong>abunde</strong></span> <span class='ocrx_word' id='word_1_49' title='bbox 1782 767 1859 804; x_wconf 81' lang='lat' dir='ltr'><strong>re-</strong></span> 
     </span>
    </p>
   </div>
   <div class='ocr_carea' id='block_1_8' title="bbox 276 841 1858 913">
    <p class='ocr_par' dir='ltr' id='par_1_8' title="bbox 276 841 1858 913">
     <span class='ocr_line' id='line_1_8' title="bbox 276 841 1858 913; baseline -0.002 -16"><span class='ocrx_word' id='word_1_50' title='bbox 276 860 458 913; x_wconf 87' lang='lat' dir='ltr'><strong>sponsa</strong></span> <span class='ocrx_word' id='word_1_51' title='bbox 487 844 568 912; x_wconf 80' lang='grc' dir='ltr'><strong>(ἀ)</strong></span> <span class='ocrx_word' id='word_1_52' title='bbox 607 863 652 895; x_wconf 71' lang='grc' dir='ltr'>ι.</span> <span class='ocrx_word' id='word_1_53' title='bbox 683 841 868 912; x_wconf 81' lang='lat' dir='ltr'><strong>Neque</strong></span> <span class='ocrx_word' id='word_1_54' title='bbox 906 841 1205 896; x_wconf 85' lang='lat' dir='ltr'><strong>Wenilonis</strong></span> <span class='ocrx_word' id='word_1_55' title='bbox 1249 841 1577 896; x_wconf 75' lang='lat' dir='ltr'><strong>voluntatem</strong></span> <span class='ocrx_word' id='word_1_56' title='bbox 1623 841 1858 909; x_wconf 60' lang='lat' dir='ltr'><strong>neglexit</strong></span> 
     </span>
    </p>
   </div>
   <div class='ocr_carea' id='block_1_9' title="bbox 273 932 1853 1002">
    <p class='ocr_par' dir='ltr' id='par_1_9' title="bbox 273 932 1853 1002">
     <span class='ocr_line' id='line_1_9' title="bbox 273 932 1853 1002; baseline -0.003 -12"><span class='ocrx_word' id='word_1_57' title='bbox 273 937 612 990; x_wconf 76' lang='lat' dir='ltr'><strong>Prudentius.</strong></span> <span class='ocrx_word' id='word_1_58' title='bbox 658 936 830 988; x_wconf 82' lang='lat' dir='ltr'><strong>Antea</strong></span> <span class='ocrx_word' id='word_1_59' title='bbox 879 942 1055 987; x_wconf 89' lang='lat' dir='ltr'><strong>tamen</strong></span> <span class='ocrx_word' id='word_1_60' title='bbox 1091 933 1272 1002; x_wconf 82' lang='lat' dir='ltr'><strong>ipsum</strong></span> <span class='ocrx_word' id='word_1_61' title='bbox 1316 932 1462 988; x_wconf 89' lang='lat' dir='ltr'><strong>Scoti</strong></span> <span class='ocrx_word' id='word_1_62' title='bbox 1497 933 1614 986; x_wconf 82' lang='lat' dir='ltr'><strong>libri</strong></span> <span class='ocrx_word' id='word_1_63' title='bbox 1649 947 1853 1001; x_wconf 80' lang='lat' dir='ltr'><strong>cogno-</strong></span> 
     </span>
    </p>
   </div>
   <div class='ocr_carea' id='block_1_10' title="bbox 275 1024 1854 1096">
    <p class='ocr_par' dir='ltr' id='par_1_10' title="bbox 275 1024 1854 1096">
     <span class='ocr_line' id='line_1_10' title="bbox 275 1024 1854 1096; baseline 0 -18"><span class='ocrx_word' id='word_1_64' title='bbox 275 1043 418 1082; x_wconf 85' lang='lat' dir='ltr'><strong>scere</strong></span> <span class='ocrx_word' id='word_1_65' title='bbox 446 1028 637 1082; x_wconf 81' lang='lat' dir='ltr'><strong>voluit.</strong></span> <span class='ocrx_word' id='word_1_66' title='bbox 677 1027 731 1080; x_wconf 88' lang='lat' dir='ltr'><strong>Id</strong></span> <span class='ocrx_word' id='word_1_67' title='bbox 763 1043 883 1080; x_wconf 90' lang='lat' dir='ltr'><strong>cum</strong></span> <span class='ocrx_word' id='word_1_68' title='bbox 921 1027 1020 1096; x_wconf 86' lang='lat' dir='ltr'><strong>ipsi</strong></span> <span class='ocrx_word' id='word_1_69' title='bbox 1050 1043 1148 1081; x_wconf 89' lang='lat' dir='ltr'><strong>usu</strong></span> <span class='ocrx_word' id='word_1_70' title='bbox 1180 1025 1432 1090; x_wconf 89' lang='lat' dir='ltr'><strong>venisset,</strong></span> <span class='ocrx_word' id='word_1_71' title='bbox 1457 1024 1707 1096; x_wconf 83' lang='lat' dir='ltr'><strong>peculiari</strong></span> <span class='ocrx_word' id='word_1_72' title='bbox 1731 1040 1854 1078; x_wconf 89' lang='lat' dir='ltr'><strong>eum</strong></span> 
     </span>
    </p>
   </div>
   <div class='ocr_carea' id='block_1_11' title="bbox 275 1116 1422 1187">
    <p class='ocr_par' dir='ltr' id='par_1_11' title="bbox 275 1116 1422 1187">
     <span class='ocr_line' id='line_1_11' title="bbox 275 1116 1422 1187; baseline 0 -18"><span class='ocrx_word' id='word_1_73' title='bbox 275 1119 562 1186; x_wconf 66' lang='lat' dir='ltr'><strong>scriptione</strong></span> <span class='ocrx_word' id='word_1_74' title='bbox 591 1118 943 1171; x_wconf 88' lang='lat' dir='ltr'><strong>vehementer</strong></span> <span class='ocrx_word' id='word_1_75' title='bbox 970 1116 1297 1187; x_wconf 75' lang='lat' dir='ltr'><strong>oppugnavit</strong></span> <span class='ocrx_word' id='word_1_76' title='bbox 1324 1117 1422 1185; x_wconf 73' lang='grc' dir='ltr'>(ὁ).</span> 
     </span>
    </p>
   </div>
   <div class='ocr_carea' id='block_1_12' title="bbox 339 1207 1856 1280">
    <p class='ocr_par' dir='ltr' id='par_1_12' title="bbox 339 1207 1856 1280">
     <span class='ocr_line' id='line_1_12' title="bbox 339 1207 1856 1280; baseline 0.003 -22"><span class='ocrx_word' id='word_1_77' title='bbox 339 1209 451 1273; x_wconf 85' lang='lat' dir='ltr'><strong>Qua</strong></span> <span class='ocrx_word' id='word_1_78' title='bbox 482 1211 534 1261; x_wconf 88' lang='lat' dir='ltr'><strong>in</strong></span> <span class='ocrx_word' id='word_1_79' title='bbox 565 1225 623 1262; x_wconf 90' lang='lat' dir='ltr'><strong>re</strong></span> <span class='ocrx_word' id='word_1_80' title='bbox 649 1207 967 1280; x_wconf 80' lang='lat' dir='ltr'><strong>adjutricem</strong></span> <span class='ocrx_word' id='word_1_81' title='bbox 999 1217 1192 1262; x_wconf 89' lang='lat' dir='ltr'><strong>nactus</strong></span> <span class='ocrx_word' id='word_1_82' title='bbox 1214 1217 1298 1262; x_wconf 91' lang='lat' dir='ltr'><strong>est</strong></span> <span class='ocrx_word' id='word_1_83' title='bbox 1322 1208 1618 1263; x_wconf 79' lang='lat' dir='ltr'><strong>Eeclesiam</strong></span> <span class='ocrx_word' id='word_1_84' title='bbox 1645 1209 1856 1280; x_wconf 74' lang='lat' dir='ltr'><strong>Lugdu-</strong></span> 
     </span>
    </p>
   </div>
   <div class='ocr_carea' id='block_1_13' title="bbox 273 1297 1856 1368">
    <p class='ocr_par' dir='ltr' id='par_1_13' title="bbox 273 1297 1856 1368">
     <span class='ocr_line' id='line_1_13' title="bbox 273 1297 1856 1368; baseline 0.003 -20"><span class='ocrx_word' id='word_1_85' title='bbox 273 1313 488 1351; x_wconf 84' lang='lat' dir='ltr'><strong>nensem</strong></span> <span class='ocrx_word' id='word_1_86' title='bbox 522 1297 615 1368; x_wconf 73' lang='grc' dir='ltr'>(τ).</span> <span class='ocrx_word' id='word_1_87' title='bbox 653 1297 787 1350; x_wconf 80' lang='lat' dir='ltr'><strong>Nam</strong></span> <span class='ocrx_word' id='word_1_88' title='bbox 817 1299 884 1352; x_wconf 91' lang='lat' dir='ltr'><strong>ad</strong></span> <span class='ocrx_word' id='word_1_89' title='bbox 907 1298 1048 1353; x_wconf 88' lang='lat' dir='ltr'><strong>hanc</strong></span> <span class='ocrx_word' id='word_1_90' title='bbox 1073 1314 1287 1367; x_wconf 76' lang='lat' dir='ltr'><strong>quoque</strong></span> <span class='ocrx_word' id='word_1_91' title='bbox 1328 1316 1348 1349; x_wconf 70' lang='grc' dir='ltr'>ε</span> <span class='ocrx_word' id='word_1_92' title='bbox 1379 1309 1636 1353; x_wconf 85' lang='lat' dir='ltr'><strong>venerant</strong></span> <span class='ocrx_word' id='word_1_93' title='bbox 1658 1299 1856 1353; x_wconf 87' lang='lat' dir='ltr'><strong>vanilo-</strong></span> 
     </span>
    </p>
   </div>
   <div class='ocr_carea' id='block_1_14' title="bbox 273 1387 1852 1459">
    <p class='ocr_par' dir='ltr' id='par_1_14' title="bbox 273 1387 1852 1459">
     <span class='ocr_line' id='line_1_14' title="bbox 273 1387 1852 1459; baseline 0.002 -20"><span class='ocrx_word' id='word_1_94' title='bbox 273 1389 354 1456; x_wconf 89' lang='lat' dir='ltr'><strong>qui</strong></span> <span class='ocrx_word' id='word_1_95' title='bbox 389 1388 577 1456; x_wconf 83' lang='lat' dir='ltr'><strong>(illius)</strong></span> <span class='ocrx_word' id='word_1_96' title='bbox 616 1397 670 1441; x_wconf 91' lang='lat' dir='ltr'><strong>et</strong></span> <span class='ocrx_word' id='word_1_97' title='bbox 703 1387 900 1458; x_wconf 81' lang='lat' dir='ltr'><strong>garruli</strong></span> <span class='ocrx_word' id='word_1_98' title='bbox 952 1389 1188 1443; x_wconf 90' lang='lat' dir='ltr'><strong>hominis</strong></span> <span class='ocrx_word' id='word_1_99' title='bbox 1229 1389 1428 1459; x_wconf 90' lang='lat' dir='ltr'><strong>scripta</strong></span> <span class='ocrx_word' id='word_1_100' title='bbox 1450 1420 1517 1429; x_wconf 93' lang='grc'><strong><em>-</em></strong></span> <span class='ocrx_word' id='word_1_101' title='bbox 1541 1391 1852 1454; x_wconf 87' lang='lat' dir='ltr'><strong>vanissima,</strong></span> 
     </span>
    </p>
   </div>
   <div class='ocr_carea' id='block_1_15' title="bbox 273 1480 1854 1548">
    <p class='ocr_par' dir='ltr' id='par_1_15' title="bbox 273 1480 1854 1548">
     <span class='ocr_line' id='line_1_15' title="bbox 273 1480 1854 1548; baseline -0.001 -15"><span class='ocrx_word' id='word_1_102' title='bbox 273 1490 453 1534; x_wconf 88' lang='lat' dir='ltr'><strong>contra</strong></span> <span class='ocrx_word' id='word_1_103' title='bbox 491 1480 650 1534; x_wconf 87' lang='lat' dir='ltr'><strong>ﬁdem</strong></span> <span class='ocrx_word' id='word_1_104' title='bbox 684 1495 750 1534; x_wconf 88' lang='lat' dir='ltr'><strong>ac</strong></span> <span class='ocrx_word' id='word_1_105' title='bbox 796 1480 1078 1534; x_wconf 89' lang='lat' dir='ltr'><strong>veritatem</strong></span> <span class='ocrx_word' id='word_1_106' title='bbox 1129 1480 1254 1540; x_wconf 87' lang='lat' dir='ltr'><strong>Dei,</strong></span> <span class='ocrx_word' id='word_1_107' title='bbox 1304 1480 1458 1548; x_wconf 90' lang='lat' dir='ltr'><strong>plena</strong></span> <span class='ocrx_word' id='word_1_108' title='bbox 1509 1481 1771 1534; x_wconf 91' lang='lat' dir='ltr'><strong>mendacii</strong></span> <span class='ocrx_word' id='word_1_109' title='bbox 1801 1489 1854 1533; x_wconf 84' lang='lat' dir='ltr'><strong>et</strong></span> 
     </span>
    </p>
   </div>
   <div class='ocr_carea' id='block_1_16' title="bbox 273 1571 1853 1640">
    <p class='ocr_par' dir='ltr' id='par_1_16' title="bbox 273 1571 1853 1640">
     <span class='ocr_line' id='line_1_16' title="bbox 273 1571 1853 1640; baseline 0.002 -19"><span class='ocrx_word' id='word_1_110' title='bbox 273 1573 467 1624; x_wconf 82' lang='lat' dir='ltr'><strong>erroris</strong></span> <span class='ocrx_word' id='word_1_111' title='bbox 512 1590 558 1633; x_wconf 78' lang='grc' dir='ltr'><strong>ι,</strong></span> <span class='ocrx_word' id='word_1_112' title='bbox 590 1587 728 1640; x_wconf 86' lang='lat' dir='ltr'><strong>quae</strong></span> <span class='ocrx_word' id='word_1_113' title='bbox 773 1572 946 1625; x_wconf 88' lang='lat' dir='ltr'><strong>doctis</strong></span> <span class='ocrx_word' id='word_1_114' title='bbox 982 1571 1198 1640; x_wconf 83' lang='lat' dir='ltr'><strong>quidem</strong></span> <span class='ocrx_word' id='word_1_115' title='bbox 1230 1571 1540 1626; x_wconf 87' lang='lat' dir='ltr'><strong>hominibus</strong></span> <span class='ocrx_word' id='word_1_116' title='bbox 1589 1573 1718 1625; x_wconf 89' lang='lat' dir='ltr'><strong>risui</strong></span> <span class='ocrx_word' id='word_1_117' title='bbox 1770 1587 1853 1624; x_wconf 87' lang='lat' dir='ltr'><strong>es-</strong></span> 
     </span>
    </p>
   </div>
   <div class='ocr_carea' id='block_1_17' title="bbox 273 1661 1848 1730">
    <p class='ocr_par' dir='ltr' id='par_1_17' title="bbox 273 1661 1848 1730">
     <span class='ocr_line' id='line_1_17' title="bbox 273 1661 1848 1730; baseline -0.001 -15"><span class='ocrx_word' id='word_1_118' title='bbox 273 1671 426 1725; x_wconf 93' lang='lat' dir='ltr'><strong>sent,</strong></span> <span class='ocrx_word' id='word_1_119' title='bbox 473 1663 544 1716; x_wconf 91' lang='lat' dir='ltr'><strong>ab</strong></span> <span class='ocrx_word' id='word_1_120' title='bbox 598 1662 829 1716; x_wconf 80' lang='lat' dir='ltr'><strong>indoctis</strong></span> <span class='ocrx_word' id='word_1_121' title='bbox 875 1673 1091 1723; x_wconf 88' lang='lat' dir='ltr'><strong>autem,</strong></span> <span class='ocrx_word' id='word_1_122' title='bbox 1147 1662 1348 1730; x_wconf 80' lang='lat' dir='ltr'><strong>quique.</strong></span> <span class='ocrx_word' id='word_1_123' title='bbox 1394 1662 1539 1714; x_wconf 89' lang='lat' dir='ltr'><strong>illum</strong></span> <span class='ocrx_word' id='word_1_124' title='bbox 1575 1661 1848 1714; x_wconf 81' lang='lat' dir='ltr'><strong>hominem</strong></span> 
     </span>
    </p>
   </div>
   <div class='ocr_carea' id='block_1_18' title="bbox 1959 482 3540 558">
    <p class='ocr_par' dir='ltr' id='par_1_18' title="bbox 1959 482 3540 558">
     <span class='ocr_line' id='line_1_18' title="bbox 1959 482 3540 558; baseline 0.005 -23"><span class='ocrx_word' id='word_1_125' title='bbox 1959 482 2102 550; x_wconf 88' lang='lat' dir='ltr'><strong>quod</strong></span> <span class='ocrx_word' id='word_1_126' title='bbox 2130 497 2271 537; x_wconf 91' lang='lat' dir='ltr'><strong>anno</strong></span> <span class='ocrx_word' id='word_1_127' title='bbox 2295 482 2556 540; x_wconf 85' lang='lat' dir='ltr'><strong>DCCCLV</strong></span> <span class='ocrx_word' id='word_1_128' title='bbox 2586 501 2615 538; x_wconf 89' lang='lat' dir='ltr'><strong>a</strong></span> <span class='ocrx_word' id='word_1_129' title='bbox 2644 485 3048 554; x_wconf 88' lang='lat' dir='ltr'><strong>quatuordecim</strong></span> <span class='ocrx_word' id='word_1_130' title='bbox 3078 489 3345 558; x_wconf 85' lang='lat' dir='ltr'><strong>episcopis</strong></span> <span class='ocrx_word' id='word_1_131' title='bbox 3387 491 3540 545; x_wconf 87' lang='lat' dir='ltr'><strong>babi-</strong></span> 
     </span>
    </p>
   </div>
   <div class='ocr_carea' id='block_1_19' title="bbox 1958 573 3536 652">
    <p class='ocr_par' dir='ltr' id='par_1_19' title="bbox 1958 573 3536 652">
     <span class='ocr_line' id='line_1_19' title="bbox 1958 573 3536 652; baseline 0.011 -30"><span class='ocrx_word' id='word_1_132' title='bbox 1958 579 2071 624; x_wconf 91' lang='lat' dir='ltr'><strong>tum</strong></span> <span class='ocrx_word' id='word_1_133' title='bbox 2120 580 2228 635; x_wconf 86' lang='lat' dir='ltr'><strong>est,</strong></span> <span class='ocrx_word' id='word_1_134' title='bbox 2285 582 2344 627; x_wconf 95' lang='lat' dir='ltr'><strong>ut</strong></span> <span class='ocrx_word' id='word_1_135' title='bbox 2385 573 2530 628; x_wconf 90' lang='lat' dir='ltr'><strong>Scoti</strong></span> <span class='ocrx_word' id='word_1_136' title='bbox 2580 576 2822 631; x_wconf 88' lang='lat' dir='ltr'><strong>doctrina</strong></span> <span class='ocrx_word' id='word_1_137' title='bbox 2868 578 3031 633; x_wconf 89' lang='lat' dir='ltr'><strong>etiam</strong></span> <span class='ocrx_word' id='word_1_138' title='bbox 3082 579 3150 645; x_wconf 84' lang='lat' dir='ltr'><strong>ab</strong></span> <span class='ocrx_word' id='word_1_139' title='bbox 3193 582 3292 635; x_wconf 93' lang='lat' dir='ltr'><strong>hac</strong></span> <span class='ocrx_word' id='word_1_140' title='bbox 3331 588 3536 652; x_wconf 88' lang='lat' dir='ltr'><strong>synodo</strong></span> 
     </span>
    </p>
   </div>
   <div class='ocr_carea' id='block_1_20' title="bbox 1955 661 3535 742">
    <p class='ocr_par' dir='ltr' id='par_1_20' title="bbox 1955 661 3535 742">
     <span class='ocr_line' id='line_1_20' title="bbox 1955 661 3535 742; baseline 0.008 -28"><span class='ocrx_word' id='word_1_141' title='bbox 1955 661 2326 726; x_wconf 85' lang='lat' dir='ltr'><strong>damnaretur,</strong></span> <span class='ocrx_word' id='word_1_142' title='bbox 2356 663 2551 718; x_wconf 77' lang='lat' dir='ltr'><strong>effecit.</strong></span> <span class='ocrx_word' id='word_1_143' title='bbox 2591 665 2723 720; x_wconf 93' lang='lat' dir='ltr'><strong>Suut</strong></span> <span class='ocrx_word' id='word_1_144' title='bbox 2757 667 2920 738; x_wconf 81' lang='lat' dir='ltr'><strong>igitur</strong></span> <span class='ocrx_word' id='word_1_145' title='bbox 2955 670 3006 722; x_wconf 93' lang='lat' dir='ltr'><strong>in</strong></span> <span class='ocrx_word' id='word_1_146' title='bbox 3041 669 3198 738; x_wconf 84' lang='lat' dir='ltr'><strong>hujus</strong></span> <span class='ocrx_word' id='word_1_147' title='bbox 3226 672 3414 742; x_wconf 81' lang='lat' dir='ltr'><strong>synodi</strong></span> <span class='ocrx_word' id='word_1_148' title='bbox 3448 689 3535 727; x_wconf 66' lang='lat' dir='ltr'><strong>cae</strong></span> 
     </span>
    </p>
   </div>
   <div class='ocr_carea' id='block_1_21' title="bbox 1958 751 3538 824">
    <p class='ocr_par' dir='ltr' id='par_1_21' title="bbox 1958 751 3538 824">
     <span class='ocr_line' id='line_1_21' title="bbox 1958 751 3538 824; baseline 0.007 -21"><span class='ocrx_word' id='word_1_149' title='bbox 1958 751 2190 806; x_wconf 89' lang='lat' dir='ltr'><strong>uonihus</strong></span> <span class='ocrx_word' id='word_1_150' title='bbox 2219 768 2338 806; x_wconf 93' lang='lat' dir='ltr'><strong>cum</strong></span> <span class='ocrx_word' id='word_1_151' title='bbox 2387 751 2490 806; x_wconf 90' lang='lat' dir='ltr'><strong>alia</strong></span> <span class='ocrx_word' id='word_1_152' title='bbox 2520 755 2780 810; x_wconf 87' lang='lat' dir='ltr'><strong>adversus</strong></span> <span class='ocrx_word' id='word_1_153' title='bbox 2811 756 3028 813; x_wconf 90' lang='lat' dir='ltr'><strong>Scotum</strong></span> <span class='ocrx_word' id='word_1_154' title='bbox 3065 759 3236 824; x_wconf 91' lang='lat' dir='ltr'><strong>dicta,</strong></span> <span class='ocrx_word' id='word_1_155' title='bbox 3269 770 3380 814; x_wconf 90' lang='lat' dir='ltr'><strong>tum</strong></span> <span class='ocrx_word' id='word_1_156' title='bbox 3410 777 3538 814; x_wconf 89' lang='lat' dir='ltr'><strong>vero</strong></span> 
     </span>
    </p>
   </div>
   <div class='ocr_carea' id='block_1_22' title="bbox 1957 840 3539 920">
    <p class='ocr_par' dir='ltr' id='par_1_22' title="bbox 1957 840 3539 920">
     <span class='ocr_line' id='line_1_22' title="bbox 1957 840 3539 920; baseline 0.007 -27"><span class='ocrx_word' id='word_1_157' title='bbox 1957 840 2091 895; x_wconf 87' lang='lat' dir='ltr'><strong>haec</strong></span> <span class='ocrx_word' id='word_1_158' title='bbox 2122 841 2188 912; x_wconf 66' lang='grc' dir='ltr'><strong>(Γ)</strong></span> <span class='ocrx_word' id='word_1_159' title='bbox 2217 859 2230 896; x_wconf 93' lang='lat'>:</span> <span class='ocrx_word' id='word_1_160' title='bbox 2261 861 2278 894; x_wconf 73' lang='grc' dir='ltr'>ι</span> <span class='ocrx_word' id='word_1_161' title='bbox 2329 842 2540 912; x_wconf 89' lang='lat' dir='ltr'><strong>lueptas</strong></span> <span class='ocrx_word' id='word_1_162' title='bbox 2582 847 3019 914; x_wconf 91' lang='lat' dir='ltr'><strong>quaestiunculas</strong></span> <span class='ocrx_word' id='word_1_163' title='bbox 3061 858 3116 902; x_wconf 91' lang='lat' dir='ltr'><strong>et</strong></span> <span class='ocrx_word' id='word_1_164' title='bbox 3156 849 3326 905; x_wconf 87' lang='lat' dir='ltr'><strong>aniles</strong></span> <span class='ocrx_word' id='word_1_165' title='bbox 3367 867 3539 920; x_wconf 88' lang='lat' dir='ltr'><strong>paene</strong></span> 
     </span>
    </p>
   </div>
   <div class='ocr_carea' id='block_1_23' title="bbox 1955 928 3537 1004">
    <p class='ocr_par' dir='ltr' id='par_1_23' title="bbox 1955 928 3537 1004">
     <span class='ocr_line' id='line_1_23' title="bbox 1955 928 3537 1004; baseline 0.006 -22"><span class='ocrx_word' id='word_1_166' title='bbox 1955 928 2164 986; x_wconf 85' lang='lat' dir='ltr'><strong>fabulas</strong></span> <span class='ocrx_word' id='word_1_167' title='bbox 2206 931 2600 1002; x_wconf 87' lang='lat' dir='ltr'><strong>Scotorumque</strong></span> <span class='ocrx_word' id='word_1_168' title='bbox 2624 934 2825 1003; x_wconf 86' lang='lat' dir='ltr'><strong>pultes,</strong></span> <span class='ocrx_word' id='word_1_169' title='bbox 2867 938 3087 1004; x_wconf 89' lang='lat' dir='ltr'><strong>puritati</strong></span> <span class='ocrx_word' id='word_1_170' title='bbox 3118 938 3236 992; x_wconf 90' lang='lat' dir='ltr'><strong>ﬁdei</strong></span> <span class='ocrx_word' id='word_1_171' title='bbox 3279 955 3537 996; x_wconf 82' lang='lat' dir='ltr'><strong>nauseam</strong></span> 
     </span>
    </p>
   </div>
   <div class='ocr_carea' id='block_1_24' title="bbox 1955 1021 3540 1087">
    <p class='ocr_par' dir='ltr' id='par_1_24' title="bbox 1955 1021 3540 1087">
     <span class='ocr_line' id='line_1_24' title="bbox 1955 1021 3540 1087; baseline 0.006 -12"><span class='ocrx_word' id='word_1_172' title='bbox 1955 1021 2248 1077; x_wconf 89' lang='lat' dir='ltr'><strong>inferentes</strong></span> <span class='ocrx_word' id='word_1_173' title='bbox 2287 1040 2539 1078; x_wconf 87' lang='lat' dir='ltr'><strong>—-—-ne</strong></span> <span class='ocrx_word' id='word_1_174' title='bbox 2589 1036 2799 1080; x_wconf 83' lang='lat' dir='ltr'><strong>mentes</strong></span> <span class='ocrx_word' id='word_1_175' title='bbox 2847 1027 3187 1084; x_wconf 78' lang='lat' dir='ltr'><strong>Christianae</strong></span> <span class='ocrx_word' id='word_1_176' title='bbox 3239 1031 3364 1087; x_wconf 85' lang='lat' dir='ltr'><strong>inde</strong></span> <span class='ocrx_word' id='word_1_177' title='bbox 3419 1047 3540 1086; x_wconf 84' lang='lat' dir='ltr'><strong>cor-</strong></span> 
     </span>
    </p>
   </div>
   <div class='ocr_carea' id='block_1_25' title="bbox 1956 1116 3538 1185">
    <p class='ocr_par' dir='ltr' id='par_1_25' title="bbox 1956 1116 3538 1185">
     <span class='ocr_line' id='line_1_25' title="bbox 1956 1116 3538 1185; baseline 0.009 -22"><span class='ocrx_word' id='word_1_178' title='bbox 1956 1123 2278 1182; x_wconf 88' lang='lat' dir='ltr'><strong>rumpantur</strong></span> <span class='ocrx_word' id='word_1_179' title='bbox 2326 1123 2379 1167; x_wconf 93' lang='lat' dir='ltr'><strong>et</strong></span> <span class='ocrx_word' id='word_1_180' title='bbox 2427 1116 2680 1169; x_wconf 76' lang='lat' dir='ltr'><strong>excidant</strong></span> <span class='ocrx_word' id='word_1_181' title='bbox 2728 1131 2756 1168; x_wconf 89' lang='lat' dir='ltr'><strong>a</strong></span> <span class='ocrx_word' id='word_1_182' title='bbox 2808 1117 3152 1185; x_wconf 85' lang='lat' dir='ltr'><strong>simplicitate</strong></span> <span class='ocrx_word' id='word_1_183' title='bbox 3195 1129 3250 1172; x_wconf 91' lang='lat' dir='ltr'><strong>et</strong></span> <span class='ocrx_word' id='word_1_184' title='bbox 3287 1123 3538 1178; x_wconf 81' lang='lat' dir='ltr'><strong>castitate</strong></span> 
     </span>
    </p>
   </div>
   <div class='ocr_carea' id='block_1_26' title="bbox 1957 1201 3540 1284">
    <p class='ocr_par' dir='ltr' id='par_1_26' title="bbox 1957 1201 3540 1284">
     <span class='ocr_line' id='line_1_26' title="bbox 1957 1201 3540 1284; baseline 0.009 -30"><span class='ocrx_word' id='word_1_185' title='bbox 1957 1201 2119 1266; x_wconf 88' lang='lat' dir='ltr'><strong>ﬁdei,</strong></span> <span class='ocrx_word' id='word_1_186' title='bbox 2170 1220 2308 1272; x_wconf 89' lang='lat' dir='ltr'><strong>quae</strong></span> <span class='ocrx_word' id='word_1_187' title='bbox 2357 1215 2439 1258; x_wconf 84' lang='lat' dir='ltr'><strong>est</strong></span> <span class='ocrx_word' id='word_1_188' title='bbox 2489 1206 2539 1259; x_wconf 90' lang='lat' dir='ltr'><strong>in</strong></span> <span class='ocrx_word' id='word_1_189' title='bbox 2587 1207 2803 1261; x_wconf 86' lang='lat' dir='ltr'><strong>Christo</strong></span> <span class='ocrx_word' id='word_1_190' title='bbox 2854 1207 3012 1273; x_wconf 79' lang='lat' dir='ltr'><strong>Jesu,</strong></span> <span class='ocrx_word' id='word_1_191' title='bbox 3067 1213 3281 1279; x_wconf 89' lang='lat' dir='ltr'><strong>penitus</strong></span> <span class='ocrx_word' id='word_1_192' title='bbox 3334 1217 3540 1284; x_wconf 90' lang='lat' dir='ltr'><strong>respui-</strong></span> 
     </span>
    </p>
   </div>
   <div class='ocr_carea' id='block_1_27' title="bbox 1957 1296 3537 1372">
    <p class='ocr_par' dir='ltr' id='par_1_27' title="bbox 1957 1296 3537 1372">
     <span class='ocr_line' id='line_1_27' title="bbox 1957 1296 3537 1372; baseline 0.01 -29"><span class='ocrx_word' id='word_1_193' title='bbox 1957 1308 2074 1346; x_wconf 89' lang='lat' dir='ltr'><strong>mus</strong></span> <span class='ocrx_word' id='word_1_194' title='bbox 2110 1296 2184 1363; x_wconf 84' lang='lat' dir='ltr'><strong>(g)</strong></span> <span class='ocrx_word' id='word_1_195' title='bbox 2232 1314 2276 1348; x_wconf 76' lang='grc' dir='ltr'>ι.</span> <span class='ocrx_word' id='word_1_196' title='bbox 2329 1296 2394 1349; x_wconf 83' lang='lat' dir='ltr'><strong>Et</strong></span> <span class='ocrx_word' id='word_1_197' title='bbox 2439 1297 2572 1351; x_wconf 86' lang='lat' dir='ltr'><strong>haec</strong></span> <span class='ocrx_word' id='word_1_198' title='bbox 2625 1314 2637 1348; x_wconf 88' lang='lat'><strong>:</strong></span> <span class='ocrx_word' id='word_1_199' title='bbox 2689 1316 2708 1347; x_wconf 73' lang='grc' dir='ltr'>σ</span> <span class='ocrx_word' id='word_1_200' title='bbox 2760 1298 2862 1353; x_wconf 86' lang='lat' dir='ltr'><strong>lsla</strong></span> <span class='ocrx_word' id='word_1_201' title='bbox 2893 1300 3106 1370; x_wconf 83' lang='lat' dir='ltr'><strong>(Scoti)</strong></span> <span class='ocrx_word' id='word_1_202' title='bbox 3139 1301 3368 1372; x_wconf 82' lang='lat' dir='ltr'><strong>Capitula</strong></span> <span class='ocrx_word' id='word_1_203' title='bbox 3419 1304 3537 1360; x_wconf 77' lang='lat' dir='ltr'><strong>XIX</strong></span> 
     </span>
    </p>
   </div>
   <div class='ocr_carea' id='block_1_28' title="bbox 1954 1381 3536 1460">
    <p class='ocr_par' dir='ltr' id='par_1_28' title="bbox 1954 1381 3536 1460">
     <span class='ocr_line' id='line_1_28' title="bbox 1954 1381 3536 1460; baseline 0.009 -27"><span class='ocrx_word' id='word_1_204' title='bbox 1954 1381 2278 1454; x_wconf 78' lang='lat' dir='ltr'><strong>syllogismis</strong></span> <span class='ocrx_word' id='word_1_205' title='bbox 2323 1386 2655 1454; x_wconf 90' lang='lat' dir='ltr'><strong>ineptissime</strong></span> <span class='ocrx_word' id='word_1_206' title='bbox 2698 1387 2953 1442; x_wconf 89' lang='lat' dir='ltr'><strong>conclusa</strong></span> <span class='ocrx_word' id='word_1_207' title='bbox 2998 1418 3068 1429; x_wconf 93' lang='lat'><strong>—-—</strong></span> <span class='ocrx_word' id='word_1_208' title='bbox 3110 1418 3180 1429; x_wconf 95' lang='lat'><strong>—</strong></span> <span class='ocrx_word' id='word_1_209' title='bbox 3230 1391 3282 1444; x_wconf 90' lang='lat' dir='ltr'><strong>in</strong></span> <span class='ocrx_word' id='word_1_210' title='bbox 3339 1392 3536 1460; x_wconf 87' lang='lat' dir='ltr'><strong>quibus</strong></span> 
     </span>
    </p>
   </div>
   <div class='ocr_carea' id='block_1_29' title="bbox 1955 1475 3536 1551">
    <p class='ocr_par' dir='ltr' id='par_1_29' title="bbox 1955 1475 3536 1551">
     <span class='ocr_line' id='line_1_29' title="bbox 1955 1475 3536 1551; baseline 0.009 -28"><span class='ocrx_word' id='word_1_211' title='bbox 1955 1482 2318 1527; x_wconf 86' lang='lat' dir='ltr'><strong>commentum</strong></span> <span class='ocrx_word' id='word_1_212' title='bbox 2353 1475 2548 1530; x_wconf 82' lang='lat' dir='ltr'><strong>diaboli</strong></span> <span class='ocrx_word' id='word_1_213' title='bbox 2581 1477 2790 1546; x_wconf 90' lang='lat' dir='ltr'><strong>potius,</strong></span> <span class='ocrx_word' id='word_1_214' title='bbox 2816 1493 2976 1547; x_wconf 89' lang='lat' dir='ltr'><strong>quam</strong></span> <span class='ocrx_word' id='word_1_215' title='bbox 3005 1478 3219 1548; x_wconf 89' lang='lat' dir='ltr'><strong>aliquod</strong></span> <span class='ocrx_word' id='word_1_216' title='bbox 3251 1496 3536 1551; x_wconf 66' lang='lat' dir='ltr'><strong>argumen-</strong></span> 
     </span>
    </p>
   </div>
   <div class='ocr_carea' id='block_1_30' title="bbox 1956 1562 3532 1642">
    <p class='ocr_par' dir='ltr' id='par_1_30' title="bbox 1956 1562 3532 1642">
     <span class='ocr_line' id='line_1_30' title="bbox 1956 1562 3532 1642; baseline 0.008 -29"><span class='ocrx_word' id='word_1_217' title='bbox 1956 1571 2067 1614; x_wconf 91' lang='lat' dir='ltr'><strong>tum</strong></span> <span class='ocrx_word' id='word_1_218' title='bbox 2102 1562 2222 1617; x_wconf 66' lang='lat' dir='ltr'><strong>ﬁzlei</strong></span> <span class='ocrx_word' id='word_1_219' title='bbox 2271 1566 2708 1634; x_wconf 84' lang='lat' dir='ltr'><strong>deprehenditur,</strong></span> <span class='ocrx_word' id='word_1_220' title='bbox 2737 1584 2768 1622; x_wconf 92' lang='lat' dir='ltr'><strong>a</strong></span> <span class='ocrx_word' id='word_1_221' title='bbox 2812 1569 2902 1638; x_wconf 90' lang='lat' dir='ltr'><strong>pio</strong></span> <span class='ocrx_word' id='word_1_222' title='bbox 2929 1571 3111 1624; x_wconf 90' lang='lat' dir='ltr'><strong>auditu</strong></span> <span class='ocrx_word' id='word_1_223' title='bbox 3143 1571 3403 1626; x_wconf 77' lang='lat' dir='ltr'><strong>Fidelium</strong></span> <span class='ocrx_word' id='word_1_224' title='bbox 3438 1588 3532 1642; x_wconf 82' lang='lat' dir='ltr'><strong>pc-</strong></span> 
     </span>
    </p>
   </div>
   <div class='ocr_carea' id='block_1_31' title="bbox 1957 1655 3530 1727">
    <p class='ocr_par' dir='ltr' id='par_1_31' title="bbox 1957 1655 3530 1727">
     <span class='ocr_line' id='line_1_31' title="bbox 1957 1655 3530 1727; baseline 0.007 -21"><span class='ocrx_word' id='word_1_225' title='bbox 1957 1655 2102 1707; x_wconf 79' lang='lat' dir='ltr'><strong>n&#39;ttus</strong></span> <span class='ocrx_word' id='word_1_226' title='bbox 2135 1655 2502 1724; x_wconf 75' lang='lat' dir='ltr'><strong>explodimus,</strong></span> <span class='ocrx_word' id='word_1_227' title='bbox 2535 1667 2588 1713; x_wconf 87' lang='lat' dir='ltr'><strong>et</strong></span> <span class='ocrx_word' id='word_1_228' title='bbox 2627 1669 2684 1713; x_wconf 93' lang='lat' dir='ltr'><strong>ut</strong></span> <span class='ocrx_word' id='word_1_229' title='bbox 2730 1660 2855 1714; x_wconf 90' lang='lat' dir='ltr'><strong>talia</strong></span> <span class='ocrx_word' id='word_1_230' title='bbox 2887 1669 2938 1715; x_wconf 88' lang='lat' dir='ltr'><strong>et</strong></span> <span class='ocrx_word' id='word_1_231' title='bbox 2971 1659 3166 1714; x_wconf 89' lang='lat' dir='ltr'><strong>similia</strong></span> <span class='ocrx_word' id='word_1_232' title='bbox 3215 1674 3530 1727; x_wconf 72' lang='lat' dir='ltr'><strong>caveantur,</strong></span> 
     </span>
    </p>
   </div>
   <div class='ocr_carea' id='block_1_32' title="bbox 279 1747 3529 1822">
    <p class='ocr_par' dir='ltr' id='par_1_32' title="bbox 279 1747 3529 1822">
     <span class='ocr_line' id='line_1_32' title="bbox 279 1747 3529 1822; baseline 0.002 -21"><span class='ocrx_word' id='word_1_233' title='bbox 279 1752 462 1822; x_wconf 71' lang='lat' dir='ltr'><strong>«quasi</strong></span> <span class='ocrx_word' id='word_1_234' title='bbox 510 1752 784 1806; x_wconf 87' lang='lat' dir='ltr'><strong>eruditum</strong></span> <span class='ocrx_word' id='word_1_235' title='bbox 827 1751 1168 1810; x_wconf 85' lang='lat' dir='ltr'><strong>admirationi</strong></span> <span class='ocrx_word' id='word_1_236' title='bbox 1217 1753 1477 1806; x_wconf 88' lang='lat' dir='ltr'><strong>haberent</strong></span> <span class='ocrx_word' id='word_1_237' title='bbox 1504 1773 1547 1813; x_wconf 72' lang='grc' dir='ltr'><strong>ι,</strong></span> <span class='ocrx_word' id='word_1_238' title='bbox 1595 1767 1702 1805; x_wconf 90' lang='lat' dir='ltr'><strong>non</strong></span> <span class='ocrx_word' id='word_1_239' title='bbox 1736 1753 1854 1808; x_wconf 91' lang='lat' dir='ltr'><strong>sine</strong></span> <span class='ocrx_word' id='word_1_240' title='bbox 1887 1747 1928 1803; x_wconf 81' lang='grc' dir='ltr'>Β</span> <span class='ocrx_word' id='word_1_241' title='bbox 1957 1759 2054 1812; x_wconf 89' lang='lat' dir='ltr'><strong>per</strong></span> <span class='ocrx_word' id='word_1_242' title='bbox 2083 1747 2264 1800; x_wconf 91' lang='lat' dir='ltr'><strong>omnia</strong></span> <span class='ocrx_word' id='word_1_243' title='bbox 2291 1752 2619 1804; x_wconf 83' lang='lat' dir='ltr'><strong>authoritate</strong></span> <span class='ocrx_word' id='word_1_244' title='bbox 2655 1751 2886 1820; x_wconf 88' lang='lat' dir='ltr'><strong>Spiritus</strong></span> <span class='ocrx_word' id='word_1_245' title='bbox 2927 1754 3099 1806; x_wconf 86' lang='lat' dir='ltr'><strong>sancti</strong></span> <span class='ocrx_word' id='word_1_246' title='bbox 3139 1753 3529 1809; x_wconf 88' lang='lat' dir='ltr'><strong>interdicimus.</strong></span> 
     </span>
    </p>
   </div>
   <div class='ocr_carea' id='block_1_33' title="bbox 275 1842 1853 1912">
    <p class='ocr_par' dir='ltr' id='par_1_33' title="bbox 275 1842 1853 1912">
     <span class='ocr_line' id='line_1_33' title="bbox 275 1842 1853 1912; baseline 0.001 -18"><span class='ocrx_word' id='word_1_247' title='bbox 275 1857 497 1904; x_wconf 81' lang='lat' dir='ltr'><strong>summo,</strong></span> <span class='ocrx_word' id='word_1_248' title='bbox 533 1850 625 1894; x_wconf 90' lang='lat' dir='ltr'><strong>aut</strong></span> <span class='ocrx_word' id='word_1_249' title='bbox 669 1843 903 1910; x_wconf 90' lang='lat' dir='ltr'><strong>ipsorum</strong></span> <span class='ocrx_word' id='word_1_250' title='bbox 937 1842 1177 1912; x_wconf 89' lang='lat' dir='ltr'><strong>periculo</strong></span> <span class='ocrx_word' id='word_1_251' title='bbox 1215 1851 1307 1895; x_wconf 87' lang='lat' dir='ltr'><strong>aut</strong></span> <span class='ocrx_word' id='word_1_252' title='bbox 1345 1842 1682 1897; x_wconf 88' lang='lat' dir='ltr'><strong>Christianae</strong></span> <span class='ocrx_word' id='word_1_253' title='bbox 1733 1842 1853 1896; x_wconf 85' lang='lat' dir='ltr'><strong>reli-</strong></span> 
     </span>
    </p>
   </div>
   <div class='ocr_carea' id='block_1_34' title="bbox 274 1931 1259 2001">
    <p class='ocr_par' dir='ltr' id='par_1_34' title="bbox 274 1931 1259 2001">
     <span class='ocr_line' id='line_1_34' title="bbox 274 1931 1259 2001; baseline -0.001 -17"><span class='ocrx_word' id='word_1_254' title='bbox 274 1931 443 1998; x_wconf 76' lang='lat' dir='ltr'><strong>giouis</strong></span> <span class='ocrx_word' id='word_1_255' title='bbox 468 1931 798 2000; x_wconf 86' lang='lat' dir='ltr'><strong>detrimento</strong></span> <span class='ocrx_word' id='word_1_256' title='bbox 827 1931 1130 2001; x_wconf 82' lang='lat' dir='ltr'><strong>legerentur</strong></span> <span class='ocrx_word' id='word_1_257' title='bbox 1158 1932 1259 2000; x_wconf 68' lang='grc' dir='ltr'>(Α).</span> 
     </span>
    </p>
   </div>
   <div class='ocr_carea' id='block_1_35' title="bbox 338 2019 1850 2090">
    <p class='ocr_par' dir='ltr' id='par_1_35' title="bbox 338 2019 1850 2090">
     <span class='ocr_line' id='line_1_35' title="bbox 338 2019 1850 2090; baseline -0.001 -14"><span class='ocrx_word' id='word_1_258' title='bbox 338 2020 578 2090; x_wconf 83' lang='lat' dir='ltr'><strong>Uterque</strong></span> <span class='ocrx_word' id='word_1_259' title='bbox 605 2020 754 2074; x_wconf 89' lang='lat' dir='ltr'><strong>Scoti</strong></span> <span class='ocrx_word' id='word_1_260' title='bbox 794 2021 1134 2075; x_wconf 88' lang='lat' dir='ltr'><strong>adversarius</strong></span> <span class='ocrx_word' id='word_1_261' title='bbox 1175 2021 1363 2075; x_wconf 90' lang='lat' dir='ltr'><strong>eodem</strong></span> <span class='ocrx_word' id='word_1_262' title='bbox 1403 2019 1512 2076; x_wconf 78' lang='lat' dir='ltr'><strong>fere</strong></span> <span class='ocrx_word' id='word_1_263' title='bbox 1558 2022 1714 2075; x_wconf 89' lang='lat' dir='ltr'><strong>modo</strong></span> <span class='ocrx_word' id='word_1_264' title='bbox 1739 2035 1850 2074; x_wconf 91' lang='lat' dir='ltr'><strong>rem</strong></span> 
     </span>
    </p>
   </div>
   <div class='ocr_carea' id='block_1_36' title="bbox 276 2113 1853 2184">
    <p class='ocr_par' dir='ltr' id='par_1_36' title="bbox 276 2113 1853 2184">
     <span class='ocr_line' id='line_1_36' title="bbox 276 2113 1853 2184; baseline -0.001 -18"><span class='ocrx_word' id='word_1_265' title='bbox 276 2115 450 2184; x_wconf 80' lang='lat' dir='ltr'><strong>gessit.</strong></span> <span class='ocrx_word' id='word_1_266' title='bbox 493 2113 820 2167; x_wconf 76' lang='lat' dir='ltr'><strong>Aretissime</strong></span> <span class='ocrx_word' id='word_1_267' title='bbox 859 2123 1021 2182; x_wconf 79' lang='lat' dir='ltr'><strong>atque</strong></span> <span class='ocrx_word' id='word_1_268' title='bbox 1048 2129 1145 2183; x_wconf 90' lang='lat' dir='ltr'><strong>per</strong></span> <span class='ocrx_word' id='word_1_269' title='bbox 1170 2113 1408 2182; x_wconf 80' lang='lat' dir='ltr'><strong>singulas</strong></span> <span class='ocrx_word' id='word_1_270' title='bbox 1435 2127 1602 2183; x_wconf 90' lang='lat' dir='ltr'><strong>paene</strong></span> <span class='ocrx_word' id='word_1_271' title='bbox 1638 2123 1853 2166; x_wconf 85' lang='lat' dir='ltr'><strong>senten-</strong></span> 
     </span>
    </p>
   </div>
   <div class='ocr_carea' id='block_1_37' title="bbox 212 2201 1852 2274">
    <p class='ocr_par' dir='ltr' id='par_1_37' title="bbox 212 2201 1852 2274">
     <span class='ocr_line' id='line_1_37' title="bbox 212 2201 1852 2274; baseline -0.001 -18"><span class='ocrx_word' id='word_1_272' title='bbox 212 2213 218 2217; x_wconf 87' lang='lat'>&#39;</span> <span class='ocrx_word' id='word_1_273' title='bbox 275 2208 368 2259; x_wconf 86' lang='lat' dir='ltr'><strong>tias</strong></span> <span class='ocrx_word' id='word_1_274' title='bbox 394 2204 510 2271; x_wconf 88' lang='lat' dir='ltr'><strong>ejus</strong></span> <span class='ocrx_word' id='word_1_275' title='bbox 527 2205 752 2274; x_wconf 82' lang='lat' dir='ltr'><strong>vestigia</strong></span> <span class='ocrx_word' id='word_1_276' title='bbox 776 2202 1334 2274; x_wconf 87' lang='lat' dir='ltr'><strong>prementes,simulac</strong></span> <span class='ocrx_word' id='word_1_277' title='bbox 1383 2213 1521 2273; x_wconf 87' lang='lat' dir='ltr'><strong>quae</strong></span> <span class='ocrx_word' id='word_1_278' title='bbox 1552 2219 1580 2256; x_wconf 91' lang='lat' dir='ltr'><strong>a</strong></span> <span class='ocrx_word' id='word_1_279' title='bbox 1608 2219 1736 2263; x_wconf 85' lang='lat' dir='ltr'><strong>vero</strong></span> <span class='ocrx_word' id='word_1_280' title='bbox 1763 2201 1852 2255; x_wconf 83' lang='lat' dir='ltr'><strong>ab-</strong></span> 
     </span>
    </p>
   </div>
   <div class='ocr_carea' id='block_1_38' title="bbox 277 2293 1850 2364">
    <p class='ocr_par' dir='ltr' id='par_1_38' title="bbox 277 2293 1850 2364">
     <span class='ocr_line' id='line_1_38' title="bbox 277 2293 1850 2364; baseline -0.002 -14"><span class='ocrx_word' id='word_1_281' title='bbox 277 2298 488 2350; x_wconf 82' lang='lat' dir='ltr'><strong>horrere</strong></span> <span class='ocrx_word' id='word_1_282' title='bbox 518 2296 829 2357; x_wconf 83' lang='lat' dir='ltr'><strong>videantur,</strong></span> <span class='ocrx_word' id='word_1_283' title='bbox 872 2295 1370 2364; x_wconf 84' lang='lat' dir='ltr'><strong>deprehenderunt,</strong></span> <span class='ocrx_word' id='word_1_284' title='bbox 1410 2311 1472 2349; x_wconf 87' lang='lat' dir='ltr'><strong>ea</strong></span> <span class='ocrx_word' id='word_1_285' title='bbox 1500 2293 1850 2350; x_wconf 87' lang='lat' dir='ltr'><strong>acerbissime</strong></span> 
     </span>
    </p>
   </div>
   <div class='ocr_carea' id='block_1_39' title="bbox 276 2386 1851 2457">
    <p class='ocr_par' dir='ltr' id='par_1_39' title="bbox 276 2386 1851 2457">
     <span class='ocr_line' id='line_1_39' title="bbox 276 2386 1851 2457; baseline -0.002 -17"><span class='ocrx_word' id='word_1_286' title='bbox 276 2399 473 2443; x_wconf 85' lang='lat' dir='ltr'><strong>notant.</strong></span> <span class='ocrx_word' id='word_1_287' title='bbox 519 2389 579 2442; x_wconf 88' lang='lat' dir='ltr'><strong>Si</strong></span> <span class='ocrx_word' id='word_1_288' title='bbox 609 2404 713 2457; x_wconf 92' lang='lat' dir='ltr'><strong>qua</strong></span> <span class='ocrx_word' id='word_1_289' title='bbox 755 2388 806 2442; x_wconf 93' lang='lat' dir='ltr'><strong>in</strong></span> <span class='ocrx_word' id='word_1_290' title='bbox 839 2402 898 2440; x_wconf 91' lang='lat' dir='ltr'><strong>re</strong></span> <span class='ocrx_word' id='word_1_291' title='bbox 929 2386 1334 2441; x_wconf 89' lang='lat' dir='ltr'><strong>dialecticorum</strong></span> <span class='ocrx_word' id='word_1_292' title='bbox 1363 2386 1562 2456; x_wconf 73' lang='lat' dir='ltr'><strong>regulis</strong></span> <span class='ocrx_word' id='word_1_293' title='bbox 1589 2401 1851 2456; x_wconf 80' lang='lat' dir='ltr'><strong>repugna-</strong></span> 
     </span>
    </p>
   </div>
   <div class='ocr_carea' id='block_1_40' title="bbox 274 2477 1846 2551">
    <p class='ocr_par' dir='ltr' id='par_1_40' title="bbox 274 2477 1846 2551">
     <span class='ocr_line' id='line_1_40' title="bbox 274 2477 1846 2551; baseline -0.001 -20"><span class='ocrx_word' id='word_1_294' title='bbox 274 2481 421 2544; x_wconf 79' lang='lat' dir='ltr'><strong>verit,</strong></span> <span class='ocrx_word' id='word_1_295' title='bbox 457 2480 660 2551; x_wconf 77' lang='lat' dir='ltr'><strong>regulis</strong></span> <span class='ocrx_word' id='word_1_296' title='bbox 687 2478 965 2544; x_wconf 88' lang='lat' dir='ltr'><strong>dialectis,</strong></span> <span class='ocrx_word' id='word_1_297' title='bbox 1017 2478 1099 2532; x_wconf 93' lang='lat' dir='ltr'><strong>sin</strong></span> <span class='ocrx_word' id='word_1_298' title='bbox 1133 2494 1409 2532; x_wconf 87' lang='lat' dir='ltr'><strong>sacrorum</strong></span> <span class='ocrx_word' id='word_1_299' title='bbox 1439 2478 1729 2532; x_wconf 89' lang='lat' dir='ltr'><strong>Bibliorum</strong></span> <span class='ocrx_word' id='word_1_300' title='bbox 1766 2477 1846 2530; x_wconf 84' lang='lat' dir='ltr'><strong>vel</strong></span> 
     </span>
    </p>
   </div>
   <div class='ocr_carea' id='block_1_41' title="bbox 273 2571 1846 2627">
    <p class='ocr_par' dir='ltr' id='par_1_41' title="bbox 273 2571 1846 2627">
     <span class='ocr_line' id='line_1_41' title="bbox 273 2571 1846 2627; baseline -0.001 -1"><span class='ocrx_word' id='word_1_301' title='bbox 273 2572 481 2627; x_wconf 85' lang='lat' dir='ltr'><strong>Patrum</strong></span> <span class='ocrx_word' id='word_1_302' title='bbox 522 2571 1015 2627; x_wconf 89' lang='lat' dir='ltr'><strong>ecclesiasticorum</strong></span> <span class='ocrx_word' id='word_1_303' title='bbox 1063 2572 1370 2626; x_wconf 86' lang='lat' dir='ltr'><strong>auctoritati</strong></span> <span class='ocrx_word' id='word_1_304' title='bbox 1411 2571 1588 2626; x_wconf 90' lang='lat' dir='ltr'><strong>minus</strong></span> <span class='ocrx_word' id='word_1_305' title='bbox 1619 2585 1846 2626; x_wconf 83' lang='lat' dir='ltr'><strong>consen-</strong></span> 
     </span>
    </p>
   </div>
   <div class='ocr_carea' id='block_1_42' title="bbox 275 2661 1844 2732">
    <p class='ocr_par' dir='ltr' id='par_1_42' title="bbox 275 2661 1844 2732">
     <span class='ocr_line' id='line_1_42' title="bbox 275 2661 1844 2732; baseline -0.004 -14"><span class='ocrx_word' id='word_1_306' title='bbox 275 2665 427 2726; x_wconf 88' lang='lat' dir='ltr'><strong>serit,</strong></span> <span class='ocrx_word' id='word_1_307' title='bbox 454 2665 648 2718; x_wconf 89' lang='lat' dir='ltr'><strong>horum</strong></span> <span class='ocrx_word' id='word_1_308' title='bbox 678 2663 914 2732; x_wconf 87' lang='lat' dir='ltr'><strong>ipsorum</strong></span> <span class='ocrx_word' id='word_1_309' title='bbox 949 2662 1268 2716; x_wconf 87' lang='lat' dir='ltr'><strong>testimoniis</strong></span> <span class='ocrx_word' id='word_1_310' title='bbox 1291 2677 1412 2716; x_wconf 91' lang='lat' dir='ltr'><strong>eum</strong></span> <span class='ocrx_word' id='word_1_311' title='bbox 1445 2661 1844 2732; x_wconf 79' lang='lat' dir='ltr'><strong>aggrediuntur.</strong></span> 
     </span>
    </p>
   </div>
   <div class='ocr_carea' id='block_1_43' title="bbox 275 2753 1845 2824">
    <p class='ocr_par' dir='ltr' id='par_1_43' title="bbox 275 2753 1845 2824">
     <span class='ocr_line' id='line_1_43' title="bbox 275 2753 1845 2824; baseline 0 -16"><span class='ocrx_word' id='word_1_312' title='bbox 275 2755 494 2824; x_wconf 84' lang='lat' dir='ltr'><strong>Saepius</strong></span> <span class='ocrx_word' id='word_1_313' title='bbox 518 2755 716 2816; x_wconf 90' lang='lat' dir='ltr'><strong>etiam,</strong></span> <span class='ocrx_word' id='word_1_314' title='bbox 750 2769 887 2822; x_wconf 89' lang='lat' dir='ltr'><strong>quae</strong></span> <span class='ocrx_word' id='word_1_315' title='bbox 917 2753 1110 2808; x_wconf 90' lang='lat' dir='ltr'><strong>Scotus</strong></span> <span class='ocrx_word' id='word_1_316' title='bbox 1138 2754 1506 2808; x_wconf 91' lang='lat' dir='ltr'><strong>ratiocinando</strong></span> <span class='ocrx_word' id='word_1_317' title='bbox 1553 2753 1845 2818; x_wconf 81' lang='lat' dir='ltr'><strong>effecisset,</strong></span> 
     </span>
    </p>
   </div>
   <div class='ocr_carea' id='block_1_44' title="bbox 275 2845 1850 2917">
    <p class='ocr_par' dir='ltr' id='par_1_44' title="bbox 275 2845 1850 2917">
     <span class='ocr_line' id='line_1_44' title="bbox 275 2845 1850 2917; baseline 0.002 -20"><span class='ocrx_word' id='word_1_318' title='bbox 275 2846 590 2899; x_wconf 85' lang='lat' dir='ltr'><strong>testimoniis</strong></span> <span class='ocrx_word' id='word_1_319' title='bbox 623 2845 1146 2916; x_wconf 88' lang='lat' dir='ltr'><strong>aueloritatibusque</strong></span> <span class='ocrx_word' id='word_1_320' title='bbox 1205 2847 1466 2916; x_wconf 83' lang='lat' dir='ltr'><strong>Oppositis</strong></span> <span class='ocrx_word' id='word_1_321' title='bbox 1521 2847 1850 2917; x_wconf 77' lang='lat' dir='ltr'><strong>redarguere</strong></span> 
     </span>
    </p>
   </div>
   <div class='ocr_carea' id='block_1_45' title="bbox 273 2933 1848 3006">
    <p class='ocr_par' dir='ltr' id='par_1_45' title="bbox 273 2933 1848 3006">
     <span class='ocr_line' id='line_1_45' title="bbox 273 2933 1848 3006; baseline 0.004 -19"><span class='ocrx_word' id='word_1_322' title='bbox 273 2945 545 2990; x_wconf 88' lang='lat' dir='ltr'><strong>conantur.</strong></span> <span class='ocrx_word' id='word_1_323' title='bbox 588 2933 700 2991; x_wconf 83' lang='lat' dir='ltr'><strong>Nec</strong></span> <span class='ocrx_word' id='word_1_324' title='bbox 729 2937 924 2991; x_wconf 92' lang='lat' dir='ltr'><strong>desunt</strong></span> <span class='ocrx_word' id='word_1_325' title='bbox 954 2937 1076 3000; x_wconf 87' lang='lat' dir='ltr'><strong>loci,</strong></span> <span class='ocrx_word' id='word_1_326' title='bbox 1129 2937 1252 3002; x_wconf 90' lang='lat' dir='ltr'><strong>ubi,</strong></span> <span class='ocrx_word' id='word_1_327' title='bbox 1293 2937 1371 2991; x_wconf 90' lang='lat' dir='ltr'><strong>ira</strong></span> <span class='ocrx_word' id='word_1_328' title='bbox 1397 2939 1466 2993; x_wconf 89' lang='lat' dir='ltr'><strong>ob</strong></span> <span class='ocrx_word' id='word_1_329' title='bbox 1490 2937 1606 3006; x_wconf 87' lang='lat' dir='ltr'><strong>ejus</strong></span> <span class='ocrx_word' id='word_1_330' title='bbox 1634 2952 1848 2994; x_wconf 90' lang='lat' dir='ltr'><strong>errores</strong></span> 
     </span>
    </p>
   </div>
   <div class='ocr_carea' id='block_1_46' title="bbox 273 3028 1842 3096">
    <p class='ocr_par' dir='ltr' id='par_1_46' title="bbox 273 3028 1842 3096">
     <span class='ocr_line' id='line_1_46' title="bbox 273 3028 1842 3096; baseline 0.003 -18"><span class='ocrx_word' id='word_1_331' title='bbox 273 3028 508 3096; x_wconf 82' lang='lat' dir='ltr'><strong>abrepti,</strong></span> <span class='ocrx_word' id='word_1_332' title='bbox 551 3028 812 3084; x_wconf 85' lang='lat' dir='ltr'><strong>conviciis</strong></span> <span class='ocrx_word' id='word_1_333' title='bbox 849 3043 970 3083; x_wconf 89' lang='lat' dir='ltr'><strong>cum</strong></span> <span class='ocrx_word' id='word_1_334' title='bbox 999 3029 1299 3084; x_wconf 86' lang='lat' dir='ltr'><strong>dilacerare</strong></span> <span class='ocrx_word' id='word_1_335' title='bbox 1332 3046 1437 3084; x_wconf 90' lang='lat' dir='ltr'><strong>non</strong></span> <span class='ocrx_word' id='word_1_336' title='bbox 1476 3031 1740 3086; x_wconf 86' lang='lat' dir='ltr'><strong>dubitent.</strong></span> <span class='ocrx_word' id='word_1_337' title='bbox 1785 3029 1842 3083; x_wconf 91' lang='lat' dir='ltr'><strong>S.</strong></span> 
     </span>
    </p>
   </div>
   <div class='ocr_carea' id='block_1_47' title="bbox 1954 1837 3534 1908">
    <p class='ocr_par' dir='ltr' id='par_1_47' title="bbox 1954 1837 3534 1908">
     <span class='ocr_line' id='line_1_47' title="bbox 1954 1837 3534 1908; baseline 0.007 -18"><span class='ocrx_word' id='word_1_338' title='bbox 1954 1837 2223 1894; x_wconf 76' lang='lat' dir='ltr'><strong>Novarum</strong></span> <span class='ocrx_word' id='word_1_339' title='bbox 2269 1841 2431 1896; x_wconf 88' lang='lat' dir='ltr'><strong>etiam</strong></span> <span class='ocrx_word' id='word_1_340' title='bbox 2478 1858 2655 1896; x_wconf 81' lang='lat' dir='ltr'><strong>rerum</strong></span> <span class='ocrx_word' id='word_1_341' title='bbox 2694 1843 3108 1908; x_wconf 87' lang='lat' dir='ltr'><strong>introductores,</strong></span> <span class='ocrx_word' id='word_1_342' title='bbox 3143 1860 3211 1900; x_wconf 87' lang='lat' dir='ltr'><strong>ne</strong></span> <span class='ocrx_word' id='word_1_343' title='bbox 3237 1845 3534 1902; x_wconf 79' lang='lat' dir='ltr'><strong>districtius</strong></span> 
     </span>
    </p>
   </div>
   <div class='ocr_carea' id='block_1_48' title="bbox 1954 1931 3530 2006">
    <p class='ocr_par' dir='ltr' id='par_1_48' title="bbox 1954 1931 3530 2006">
     <span class='ocr_line' id='line_1_48' title="bbox 1954 1931 3530 2006; baseline 0.006 -23"><span class='ocrx_word' id='word_1_344' title='bbox 1954 1931 2237 1997; x_wconf 79' lang='lat' dir='ltr'><strong>feriantur,</strong></span> <span class='ocrx_word' id='word_1_345' title='bbox 2277 1934 2618 2002; x_wconf 82' lang='lat' dir='ltr'><strong>castigandos</strong></span> <span class='ocrx_word' id='word_1_346' title='bbox 2653 1950 2770 1990; x_wconf 89' lang='lat' dir='ltr'><strong>esse</strong></span> <span class='ocrx_word' id='word_1_347' title='bbox 2797 1951 3081 1991; x_wconf 84' lang='lat' dir='ltr'><strong>censemus</strong></span> <span class='ocrx_word' id='word_1_348' title='bbox 3110 1937 3187 2006; x_wconf 74' lang='lat' dir='ltr'><strong>(Ir)</strong></span> <span class='ocrx_word' id='word_1_349' title='bbox 3214 1956 3259 1990; x_wconf 72' lang='grc' dir='ltr'>ι.</span> <span class='ocrx_word' id='word_1_350' title='bbox 3285 1937 3395 1993; x_wconf 91' lang='lat' dir='ltr'><strong>lloc</strong></span> <span class='ocrx_word' id='word_1_351' title='bbox 3423 1937 3530 1992; x_wconf 55' lang='lat' dir='ltr'><strong>Va-</strong></span> 
     </span>
    </p>
   </div>
   <div class='ocr_carea' id='block_1_49' title="bbox 1951 2022 3534 2094">
    <p class='ocr_par' dir='ltr' id='par_1_49' title="bbox 1951 2022 3534 2094">
     <span class='ocr_line' id='line_1_49' title="bbox 1951 2022 3534 2094; baseline 0.008 -21"><span class='ocrx_word' id='word_1_352' title='bbox 1951 2022 2184 2076; x_wconf 87' lang='lat' dir='ltr'><strong>lentinae</strong></span> <span class='ocrx_word' id='word_1_353' title='bbox 2220 2024 2406 2093; x_wconf 82' lang='lat' dir='ltr'><strong>synodi</strong></span> <span class='ocrx_word' id='word_1_354' title='bbox 2437 2025 2696 2094; x_wconf 89' lang='lat' dir='ltr'><strong>judicium</strong></span> <span class='ocrx_word' id='word_1_355' title='bbox 2727 2027 2947 2080; x_wconf 89' lang='lat' dir='ltr'><strong>omnino</strong></span> <span class='ocrx_word' id='word_1_356' title='bbox 2978 2036 3150 2081; x_wconf 87' lang='lat' dir='ltr'><strong>ratum</strong></span> <span class='ocrx_word' id='word_1_357' title='bbox 3193 2029 3380 2083; x_wconf 84' lang='lat' dir='ltr'><strong>habuit</strong></span> <span class='ocrx_word' id='word_1_358' title='bbox 3405 2044 3534 2084; x_wconf 86' lang='lat' dir='ltr'><strong>con-</strong></span> 
     </span>
    </p>
   </div>
   <div class='ocr_carea' id='block_1_50' title="bbox 1953 2114 3529 2189">
    <p class='ocr_par' dir='ltr' id='par_1_50' title="bbox 1953 2114 3529 2189">
     <span class='ocr_line' id='line_1_50' title="bbox 1953 2114 3529 2189; baseline 0.008 -25"><span class='ocrx_word' id='word_1_359' title='bbox 1953 2114 2133 2167; x_wconf 86' lang='lat' dir='ltr'><strong>cilium</strong></span> <span class='ocrx_word' id='word_1_360' title='bbox 2185 2114 2521 2186; x_wconf 78' lang='lat' dir='ltr'><strong>Lingoneuse</strong></span> <span class='ocrx_word' id='word_1_361' title='bbox 2563 2119 2636 2189; x_wconf 87' lang='lat' dir='ltr'><strong>(a.</strong></span> <span class='ocrx_word' id='word_1_362' title='bbox 2671 2117 3020 2188; x_wconf 78' lang='lat' dir='ltr'><strong>DCCCLIX);</strong></span> <span class='ocrx_word' id='word_1_363' title='bbox 3055 2119 3106 2172; x_wconf 92' lang='lat' dir='ltr'><strong>in</strong></span> <span class='ocrx_word' id='word_1_364' title='bbox 3153 2130 3348 2189; x_wconf 90' lang='lat' dir='ltr'><strong>quarto</strong></span> <span class='ocrx_word' id='word_1_365' title='bbox 3383 2123 3529 2176; x_wconf 91' lang='lat' dir='ltr'><strong>enim</strong></span> 
     </span>
    </p>
   </div>
   <div class='ocr_carea' id='block_1_51' title="bbox 1950 2207 3531 2282">
    <p class='ocr_par' dir='ltr' id='par_1_51' title="bbox 1950 2207 3531 2282">
     <span class='ocr_line' id='line_1_51' title="bbox 1950 2207 3531 2282; baseline 0.006 -24"><span class='ocrx_word' id='word_1_366' title='bbox 1950 2221 2198 2259; x_wconf 89' lang='lat' dir='ltr'><strong>canone:</strong></span> <span class='ocrx_word' id='word_1_367' title='bbox 2236 2226 2252 2256; x_wconf 80' lang='grc' dir='ltr'>ι</span> <span class='ocrx_word' id='word_1_368' title='bbox 2298 2207 2541 2276; x_wconf 81' lang='lat' dir='ltr'><strong>Capitula</strong></span> <span class='ocrx_word' id='word_1_369' title='bbox 2579 2230 2622 2272; x_wconf 70' lang='grc' dir='ltr'>ι,</span> <span class='ocrx_word' id='word_1_370' title='bbox 2653 2211 2760 2274; x_wconf 88' lang='lat' dir='ltr'><strong>ait,</strong></span> <span class='ocrx_word' id='word_1_371' title='bbox 2789 2229 2807 2261; x_wconf 76' lang='grc' dir='ltr'>ι</span> <span class='ocrx_word' id='word_1_372' title='bbox 2864 2209 2984 2264; x_wconf 76' lang='lat' dir='ltr'><strong>XIX</strong></span> <span class='ocrx_word' id='word_1_373' title='bbox 3043 2211 3368 2282; x_wconf 78' lang='lat' dir='ltr'><strong>syllogismis</strong></span> <span class='ocrx_word' id='word_1_374' title='bbox 3413 2213 3531 2267; x_wconf 79' lang='lat' dir='ltr'><strong>ine-</strong></span> 
     </span>
    </p>
   </div>
   <div class='ocr_carea' id='block_1_52' title="bbox 1949 2295 3532 2369">
    <p class='ocr_par' dir='ltr' id='par_1_52' title="bbox 1949 2295 3532 2369">
     <span class='ocr_line' id='line_1_52' title="bbox 1949 2295 3532 2369; baseline 0.004 -22"><span class='ocrx_word' id='word_1_375' title='bbox 1949 2295 2196 2362; x_wconf 84' lang='lat' dir='ltr'><strong>ptissime</strong></span> <span class='ocrx_word' id='word_1_376' title='bbox 2226 2312 2290 2351; x_wconf 89' lang='lat' dir='ltr'><strong>ac</strong></span> <span class='ocrx_word' id='word_1_377' title='bbox 2321 2297 2730 2353; x_wconf 85' lang='lat' dir='ltr'><strong>mendacissime</strong></span> <span class='ocrx_word' id='word_1_378' title='bbox 2759 2314 2788 2352; x_wconf 89' lang='lat' dir='ltr'><strong>a</strong></span> <span class='ocrx_word' id='word_1_379' title='bbox 2811 2301 3040 2369; x_wconf 89' lang='lat' dir='ltr'><strong>quodam</strong></span> <span class='ocrx_word' id='word_1_380' title='bbox 3065 2300 3228 2354; x_wconf 91' lang='lat' dir='ltr'><strong>Scoto</strong></span> <span class='ocrx_word' id='word_1_381' title='bbox 3257 2301 3532 2366; x_wconf 90' lang='lat' dir='ltr'><strong>conclusa,</strong></span> 
     </span>
    </p>
   </div>
   <div class='ocr_carea' id='block_1_53' title="bbox 1951 2369 3532 2456">
    <p class='ocr_par' dir='ltr' id='par_1_53' title="bbox 1951 2369 3532 2456">
     <span class='ocr_line' id='line_1_53' title="bbox 1951 2369 3532 2456; baseline 0.005 -20"><span class='ocrx_word' id='word_1_382' title='bbox 1951 2386 2038 2439; x_wconf 92' lang='lat' dir='ltr'><strong>ubi</strong></span> <span class='ocrx_word' id='word_1_383' title='bbox 2071 2401 2176 2440; x_wconf 91' lang='lat' dir='ltr'><strong>non</strong></span> <span class='ocrx_word' id='word_1_384' title='bbox 2225 2397 2596 2455; x_wconf 83' lang='lat' dir='ltr'><strong>argumentum</strong></span> <span class='ocrx_word' id='word_1_385' title='bbox 2647 2388 2799 2452; x_wconf 87' lang='lat' dir='ltr'><strong>ﬁdei,</strong></span> <span class='ocrx_word' id='word_1_386' title='bbox 2839 2389 2931 2443; x_wconf 88' lang='lat' dir='ltr'><strong>sed</strong></span> <span class='ocrx_word' id='word_1_387' title='bbox 2962 2369 3136 2456; x_wconf 73' lang='lat' dir='ltr'><strong>potius</strong></span> <span class='ocrx_word' id='word_1_388' title='bbox 3165 2400 3532 2444; x_wconf 90' lang='lat' dir='ltr'><strong>commentum</strong></span> 
     </span>
    </p>
   </div>
   <div class='ocr_carea' id='block_1_54' title="bbox 1949 2478 3534 2550">
    <p class='ocr_par' dir='ltr' id='par_1_54' title="bbox 1949 2478 3534 2550">
     <span class='ocr_line' id='line_1_54' title="bbox 1949 2478 3534 2550; baseline 0.002 -20"><span class='ocrx_word' id='word_1_389' title='bbox 1949 2479 2207 2546; x_wconf 87' lang='lat' dir='ltr'><strong>perﬁdiae</strong></span> <span class='ocrx_word' id='word_1_390' title='bbox 2235 2487 2402 2548; x_wconf 89' lang='lat' dir='ltr'><strong>patet,</strong></span> <span class='ocrx_word' id='word_1_391' title='bbox 2433 2478 2574 2532; x_wconf 86' lang='lat' dir='ltr'><strong>nulla</strong></span> <span class='ocrx_word' id='word_1_392' title='bbox 2622 2479 2840 2533; x_wconf 91' lang='lat' dir='ltr'><strong>omnino</strong></span> <span class='ocrx_word' id='word_1_393' title='bbox 2888 2479 3259 2550; x_wconf 86' lang='lat' dir='ltr'><strong>philosophiae</strong></span> <span class='ocrx_word' id='word_1_394' title='bbox 3307 2488 3444 2545; x_wconf 88' lang='lat' dir='ltr'><strong>arte,</strong></span> <span class='ocrx_word' id='word_1_395' title='bbox 3475 2488 3534 2534; x_wconf 95' lang='lat' dir='ltr'><strong>ut</strong></span> 
     </span>
    </p>
   </div>
   <div class='ocr_carea' id='block_1_55' title="bbox 1950 2571 3530 2642">
    <p class='ocr_par' dir='ltr' id='par_1_55' title="bbox 1950 2571 3530 2642">
     <span class='ocr_line' id='line_1_55' title="bbox 1950 2571 3530 2642; baseline 0.004 -19"><span class='ocrx_word' id='word_1_396' title='bbox 1950 2581 2271 2639; x_wconf 85' lang='lat' dir='ltr'><strong>arroganter</strong></span> <span class='ocrx_word' id='word_1_397' title='bbox 2300 2588 2328 2624; x_wconf 89' lang='lat' dir='ltr'><strong>a</strong></span> <span class='ocrx_word' id='word_1_398' title='bbox 2360 2571 2678 2640; x_wconf 88' lang='lat' dir='ltr'><strong>quibusdam</strong></span> <span class='ocrx_word' id='word_1_399' title='bbox 2712 2572 2968 2642; x_wconf 89' lang='lat' dir='ltr'><strong>jactatur,</strong></span> <span class='ocrx_word' id='word_1_400' title='bbox 3011 2581 3407 2638; x_wconf 87' lang='lat' dir='ltr'><strong>constructum,</strong></span> <span class='ocrx_word' id='word_1_401' title='bbox 3435 2575 3530 2630; x_wconf 85' lang='lat' dir='ltr'><strong>sed</strong></span> 
     </span>
    </p>
   </div>
   <div class='ocr_carea' id='block_1_56' title="bbox 1952 2663 3525 2734">
    <p class='ocr_par' dir='ltr' id='par_1_56' title="bbox 1952 2663 3525 2734">
     <span class='ocr_line' id='line_1_56' title="bbox 1952 2663 3525 2734; baseline 0.004 -20"><span class='ocrx_word' id='word_1_402' title='bbox 1952 2663 2095 2716; x_wconf 92' lang='lat' dir='ltr'><strong>inani</strong></span> <span class='ocrx_word' id='word_1_403' title='bbox 2128 2663 2332 2717; x_wconf 81' lang='lat' dir='ltr'><strong>fallacia</strong></span> <span class='ocrx_word' id='word_1_404' title='bbox 2356 2673 2408 2719; x_wconf 88' lang='lat' dir='ltr'><strong>et</strong></span> <span class='ocrx_word' id='word_1_405' title='bbox 2431 2665 2743 2733; x_wconf 83' lang='lat' dir='ltr'><strong>deccptionc</strong></span> <span class='ocrx_word' id='word_1_406' title='bbox 2767 2665 3168 2734; x_wconf 76' lang='lat' dir='ltr'><strong>imperitissimo</strong></span> <span class='ocrx_word' id='word_1_407' title='bbox 3191 2665 3525 2730; x_wconf 84' lang='lat' dir='ltr'><strong>conclusum,</strong></span> 
     </span>
    </p>
   </div>
   <div class='ocr_carea' id='block_1_57' title="bbox 1950 2752 3528 2826">
    <p class='ocr_par' dir='ltr' id='par_1_57' title="bbox 1950 2752 3528 2826">
     <span class='ocr_line' id='line_1_57' title="bbox 1950 2752 3528 2826; baseline 0.003 -22"><span class='ocrx_word' id='word_1_408' title='bbox 1950 2769 1977 2804; x_wconf 86' lang='lat' dir='ltr'><strong>a</strong></span> <span class='ocrx_word' id='word_1_409' title='bbox 2028 2752 2116 2822; x_wconf 91' lang='lat' dir='ltr'><strong>pio</strong></span> <span class='ocrx_word' id='word_1_410' title='bbox 2163 2752 2395 2806; x_wconf 84' lang='lat' dir='ltr'><strong>ﬁdelium</strong></span> <span class='ocrx_word' id='word_1_411' title='bbox 2459 2754 2640 2808; x_wconf 88' lang='lat' dir='ltr'><strong>amlitu</strong></span> <span class='ocrx_word' id='word_1_412' title='bbox 2709 2755 2925 2822; x_wconf 89' lang='lat' dir='ltr'><strong>penitus</strong></span> <span class='ocrx_word' id='word_1_413' title='bbox 2970 2755 3128 2823; x_wconf 81' lang='lat' dir='ltr'><strong>expio</strong></span> <span class='ocrx_word' id='word_1_414' title='bbox 3151 2756 3309 2810; x_wconf 86' lang='lat' dir='ltr'><strong>limus</strong></span> <span class='ocrx_word' id='word_1_415' title='bbox 3356 2755 3443 2826; x_wconf 83' lang='grc' dir='ltr'><strong>(ἰ)</strong></span> <span class='ocrx_word' id='word_1_416' title='bbox 3483 2776 3528 2808; x_wconf 71' lang='grc' dir='ltr'>ι.</span> 
     </span>
    </p>
   </div>
   <div class='ocr_carea' id='block_1_58' title="bbox 1951 2843 3535 2910">
    <p class='ocr_par' dir='ltr' id='par_1_58' title="bbox 1951 2843 3535 2910">
     <span class='ocr_line' id='line_1_58' title="bbox 1951 2843 3535 2910; baseline 0.003 -13"><span class='ocrx_word' id='word_1_417' title='bbox 1951 2843 2194 2898; x_wconf 86' lang='lat' dir='ltr'><strong>Tradunt</strong></span> <span class='ocrx_word' id='word_1_418' title='bbox 2221 2844 2385 2898; x_wconf 90' lang='lat' dir='ltr'><strong>etiam</strong></span> <span class='ocrx_word' id='word_1_419' title='bbox 2416 2843 2689 2898; x_wconf 73' lang='lat' dir='ltr'><strong>Nicolaum</strong></span> <span class='ocrx_word' id='word_1_420' title='bbox 2720 2845 2759 2910; x_wconf 91' lang='lat' dir='ltr'><strong>l,</strong></span> <span class='ocrx_word' id='word_1_421' title='bbox 2783 2844 2941 2898; x_wconf 83' lang='lat' dir='ltr'><strong>Pont.</strong></span> <span class='ocrx_word' id='word_1_422' title='bbox 2985 2844 3150 2906; x_wconf 75' lang='lat' dir='ltr'><strong>Max.,</strong></span> <span class='ocrx_word' id='word_1_423' title='bbox 3181 2846 3373 2899; x_wconf 90' lang='lat' dir='ltr'><strong>horum</strong></span> <span class='ocrx_word' id='word_1_424' title='bbox 3405 2861 3535 2901; x_wconf 84' lang='lat' dir='ltr'><strong>con-</strong></span> 
     </span>
    </p>
   </div>
   <div class='ocr_carea' id='block_1_59' title="bbox 1951 2933 3533 3001">
    <p class='ocr_par' dir='ltr' id='par_1_59' title="bbox 1951 2933 3533 3001">
     <span class='ocr_line' id='line_1_59' title="bbox 1951 2933 3533 3001; baseline 0.001 -14"><span class='ocrx_word' id='word_1_425' title='bbox 1951 2933 2195 2987; x_wconf 89' lang='lat' dir='ltr'><strong>ciliormn</strong></span> <span class='ocrx_word' id='word_1_426' title='bbox 2237 2947 2471 2986; x_wconf 82' lang='lat' dir='ltr'><strong>canones</strong></span> <span class='ocrx_word' id='word_1_427' title='bbox 2507 2934 2830 3001; x_wconf 78' lang='lat' dir='ltr'><strong>apostolicae</strong></span> <span class='ocrx_word' id='word_1_428' title='bbox 2873 2934 3016 2987; x_wconf 89' lang='lat' dir='ltr'><strong>sedis</strong></span> <span class='ocrx_word' id='word_1_429' title='bbox 3059 2935 3380 2991; x_wconf 75' lang='lat' dir='ltr'><strong>auctoritate</strong></span> <span class='ocrx_word' id='word_1_430' title='bbox 3406 2951 3533 2990; x_wconf 81' lang='lat' dir='ltr'><strong>con-</strong></span> 
     </span>
    </p>
   </div>
   <div class='ocr_carea' id='block_1_60' title="bbox 1954 3021 3534 3092">
    <p class='ocr_par' dir='ltr' id='par_1_60' title="bbox 1954 3021 3534 3092">
     <span class='ocr_line' id='line_1_60' title="bbox 1954 3021 3534 3092; baseline 0.002 -16"><span class='ocrx_word' id='word_1_431' title='bbox 1954 3026 2196 3076; x_wconf 89' lang='lat' dir='ltr'><strong>ﬁrmasse</strong></span> <span class='ocrx_word' id='word_1_432' title='bbox 2229 3021 2326 3092; x_wconf 86' lang='lat' dir='ltr'><strong>(j).</strong></span> <span class='ocrx_word' id='word_1_433' title='bbox 2374 3021 2570 3077; x_wconf 88' lang='lat' dir='ltr'><strong>Seotus</strong></span> <span class='ocrx_word' id='word_1_434' title='bbox 2616 3031 2826 3085; x_wconf 90' lang='lat' dir='ltr'><strong>autem,</strong></span> <span class='ocrx_word' id='word_1_435' title='bbox 2872 3031 3131 3092; x_wconf 90' lang='lat' dir='ltr'><strong>quantum</strong></span> <span class='ocrx_word' id='word_1_436' title='bbox 3179 3024 3414 3086; x_wconf 88' lang='lat' dir='ltr'><strong>scimus,</strong></span> <span class='ocrx_word' id='word_1_437' title='bbox 3465 3028 3534 3079; x_wconf 91' lang='lat' dir='ltr'><strong>ad</strong></span> 
     </span>
    </p>
   </div>
   <div class='ocr_carea' id='block_1_61' title="bbox 272 3105 3532 3193">
    <p class='ocr_par' dir='ltr' id='par_1_61' title="bbox 272 3105 3532 3193">
     <span class='ocr_line' id='line_1_61' title="bbox 272 3105 3532 3193; baseline 0.002 -26"><span class='ocrx_word' id='word_1_438' title='bbox 272 3121 477 3184; x_wconf 82' lang='lat' dir='ltr'><strong>quidem</strong></span> <span class='ocrx_word' id='word_1_439' title='bbox 502 3119 831 3174; x_wconf 81' lang='lat' dir='ltr'><strong>Prudentius</strong></span> <span class='ocrx_word' id='word_1_440' title='bbox 855 3161 870 3184; x_wconf 91' lang='lat'><strong>,</strong></span> <span class='ocrx_word' id='word_1_441' title='bbox 916 3135 1026 3190; x_wconf 91' lang='lat' dir='ltr'><strong>quo</strong></span> <span class='ocrx_word' id='word_1_442' title='bbox 1065 3121 1182 3176; x_wconf 86' lang='lat' dir='ltr'><strong>loco</strong></span> <span class='ocrx_word' id='word_1_443' title='bbox 1216 3120 1411 3177; x_wconf 83' lang='lat' dir='ltr'><strong>Scotus</strong></span> <span class='ocrx_word' id='word_1_444' title='bbox 1448 3123 1724 3176; x_wconf 87' lang='lat' dir='ltr'><strong>contendit</strong></span> <span class='ocrx_word' id='word_1_445' title='bbox 1748 3121 1842 3193; x_wconf 88' lang='lat' dir='ltr'><strong>(e),</strong></span> <span class='ocrx_word' id='word_1_446' title='bbox 1872 3105 1916 3167; x_wconf 64' lang='grc' dir='ltr'><strong>(ἶ</strong></span> <span class='ocrx_word' id='word_1_447' title='bbox 1949 3112 2084 3166; x_wconf 67' lang='lat' dir='ltr'><strong>haec</strong></span> <span class='ocrx_word' id='word_1_448' title='bbox 2119 3125 2237 3165; x_wconf 66' lang='lat'><strong>$058</strong></span> <span class='ocrx_word' id='word_1_449' title='bbox 2283 3125 2350 3164; x_wconf 67' lang='grc' dir='ltr'><strong><em>ηε</em></strong></span> <span class='ocrx_word' id='word_1_450' title='bbox 2398 3111 2688 3164; x_wconf 75' lang='grc' dir='ltr'><strong>οοηιηιονῖι</strong></span> <span class='ocrx_word' id='word_1_451' title='bbox 2723 3111 2967 3178; x_wconf 83' lang='lat' dir='ltr'><strong>quidem;</strong></span> <span class='ocrx_word' id='word_1_452' title='bbox 3001 3128 3161 3180; x_wconf 78' lang='lat' dir='ltr'><strong>quam</strong></span> <span class='ocrx_word' id='word_1_453' title='bbox 3202 3127 3314 3168; x_wconf 80' lang='lat' dir='ltr'><strong>rem</strong></span> <span class='ocrx_word' id='word_1_454' title='bbox 3365 3111 3532 3167; x_wconf 51' lang='lat' dir='ltr'><strong>Slau-</strong></span> 
     </span>
    </p>
   </div>
   <div class='ocr_carea' id='block_1_62' title="bbox 279 3210 1844 3282">
    <p class='ocr_par' dir='ltr' id='par_1_62' title="bbox 279 3210 1844 3282">
     <span class='ocr_line' id='line_1_62' title="bbox 279 3210 1844 3282; baseline 0.003 -20"><span class='ocrx_word' id='word_1_455' title='bbox 279 3228 295 3256; x_wconf 74' lang='grc' dir='ltr'>ι</span> <span class='ocrx_word' id='word_1_456' title='bbox 325 3210 482 3262; x_wconf 85' lang='lat' dir='ltr'><strong>Deum</strong></span> <span class='ocrx_word' id='word_1_457' title='bbox 516 3212 794 3278; x_wconf 89' lang='lat' dir='ltr'><strong>praescire</strong></span> <span class='ocrx_word' id='word_1_458' title='bbox 831 3211 937 3266; x_wconf 90' lang='lat' dir='ltr'><strong>dici</strong></span> <span class='ocrx_word' id='word_1_459' title='bbox 964 3226 1120 3280; x_wconf 81' lang='lat' dir='ltr'><strong>posse</strong></span> <span class='ocrx_word' id='word_1_460' title='bbox 1149 3227 1248 3282; x_wconf 88' lang='lat' dir='ltr'><strong>pro</strong></span> <span class='ocrx_word' id='word_1_461' title='bbox 1284 3212 1493 3267; x_wconf 88' lang='lat' dir='ltr'><strong>nescire</strong></span> <span class='ocrx_word' id='word_1_462' title='bbox 1523 3231 1534 3265; x_wconf 91' lang='lat'>:</span> <span class='ocrx_word' id='word_1_463' title='bbox 1573 3213 1644 3265; x_wconf 90' lang='lat' dir='ltr'><strong>ita</strong></span> <span class='ocrx_word' id='word_1_464' title='bbox 1681 3213 1844 3266; x_wconf 88' lang='lat' dir='ltr'><strong>etiam</strong></span> 
     </span>
    </p>
   </div>
   <div class='ocr_carea' id='block_1_63' title="bbox 274 3303 1848 3376">
    <p class='ocr_par' dir='ltr' id='par_1_63' title="bbox 274 3303 1848 3376">
     <span class='ocr_line' id='line_1_63' title="bbox 274 3303 1848 3376; baseline 0.005 -24"><span class='ocrx_word' id='word_1_465' title='bbox 274 3303 671 3368; x_wconf 63' lang='lat' dir='ltr'><strong>uaedestinare</strong></span> <span class='ocrx_word' id='word_1_466' title='bbox 723 3319 820 3373; x_wconf 89' lang='lat' dir='ltr'><strong>pro</strong></span> <span class='ocrx_word' id='word_1_467' title='bbox 848 3320 952 3358; x_wconf 90' lang='lat' dir='ltr'><strong>non</strong></span> <span class='ocrx_word' id='word_1_468' title='bbox 999 3306 1402 3376; x_wconf 89' lang='lat' dir='ltr'><strong>praedestinare</strong></span> <span class='ocrx_word' id='word_1_469' title='bbox 1451 3326 1497 3371; x_wconf 67' lang='grc' dir='ltr'><strong>ι,</strong></span> <span class='ocrx_word' id='word_1_470' title='bbox 1546 3307 1646 3361; x_wconf 92' lang='lat' dir='ltr'><strong>hoc</strong></span> <span class='ocrx_word' id='word_1_471' title='bbox 1688 3307 1848 3360; x_wconf 89' lang='lat' dir='ltr'><strong>modo</strong></span> 
     </span>
    </p>
   </div>
   <div class='ocr_carea' id='block_1_64' title="bbox 273 3393 1842 3465">
    <p class='ocr_par' dir='ltr' id='par_1_64' title="bbox 273 3393 1842 3465">
     <span class='ocr_line' id='line_1_64' title="bbox 273 3393 1842 3465; baseline 0.004 -23"><span class='ocrx_word' id='word_1_472' title='bbox 273 3393 321 3443; x_wconf 89' lang='lat' dir='ltr'><strong>in</strong></span> <span class='ocrx_word' id='word_1_473' title='bbox 364 3409 484 3446; x_wconf 77' lang='lat' dir='ltr'><strong>cum</strong></span> <span class='ocrx_word' id='word_1_474' title='bbox 517 3395 826 3460; x_wconf 73' lang='lat' dir='ltr'><strong>invehitur:</strong></span> <span class='ocrx_word' id='word_1_475' title='bbox 866 3415 884 3447; x_wconf 76' lang='grc' dir='ltr'><strong><em>ι</em></strong></span> <span class='ocrx_word' id='word_1_476' title='bbox 916 3397 958 3450; x_wconf 89' lang='grc'>0</span> <span class='ocrx_word' id='word_1_477' title='bbox 986 3397 1257 3465; x_wconf 77' lang='lat' dir='ltr'><strong>ingenium</strong></span> <span class='ocrx_word' id='word_1_478' title='bbox 1305 3398 1524 3452; x_wconf 87' lang='lat' dir='ltr'><strong>venenis</strong></span> <span class='ocrx_word' id='word_1_479' title='bbox 1553 3396 1842 3451; x_wconf 87' lang='lat' dir='ltr'><strong>infectum!</strong></span> 
     </span>
    </p>
   </div>
   <div class='ocr_carea' id='block_1_65' title="bbox 273 3487 1849 3558">
    <p class='ocr_par' dir='ltr' id='par_1_65' title="bbox 273 3487 1849 3558">
     <span class='ocr_line' id='line_1_65' title="bbox 273 3487 1849 3558; baseline 0.001 -21"><span class='ocrx_word' id='word_1_480' title='bbox 273 3499 302 3530; x_wconf 81' lang='grc' dir='ltr'>ο</span> <span class='ocrx_word' id='word_1_481' title='bbox 329 3501 544 3538; x_wconf 81' lang='lat' dir='ltr'><strong>sensum</strong></span> <span class='ocrx_word' id='word_1_482' title='bbox 573 3501 822 3540; x_wconf 88' lang='lat' dir='ltr'><strong>errorum</strong></span> <span class='ocrx_word' id='word_1_483' title='bbox 864 3488 1101 3542; x_wconf 89' lang='lat' dir='ltr'><strong>tenebris</strong></span> <span class='ocrx_word' id='word_1_484' title='bbox 1146 3488 1636 3558; x_wconf 87' lang='lat' dir='ltr'><strong>incomparabiliter</strong></span> <span class='ocrx_word' id='word_1_485' title='bbox 1658 3487 1849 3540; x_wconf 88' lang='lat' dir='ltr'><strong>obseu-</strong></span> 
     </span>
    </p>
   </div>
   <div class='ocr_carea' id='block_1_66' title="bbox 276 3575 1848 3648">
    <p class='ocr_par' dir='ltr' id='par_1_66' title="bbox 276 3575 1848 3648">
     <span class='ocr_line' id='line_1_66' title="bbox 276 3575 1848 3648; baseline 0.003 -24"><span class='ocrx_word' id='word_1_486' title='bbox 276 3577 470 3629; x_wconf 88' lang='lat' dir='ltr'><strong>ratum!</strong></span> <span class='ocrx_word' id='word_1_487' title='bbox 506 3592 784 3645; x_wconf 88' lang='lat' dir='ltr'><strong>nunquam</strong></span> <span class='ocrx_word' id='word_1_488' title='bbox 813 3579 1008 3646; x_wconf 85' lang='lat' dir='ltr'><strong>quippe</strong></span> <span class='ocrx_word' id='word_1_489' title='bbox 1032 3579 1195 3631; x_wconf 90' lang='lat' dir='ltr'><strong>etiam</strong></span> <span class='ocrx_word' id='word_1_490' title='bbox 1233 3578 1624 3648; x_wconf 84' lang='lat' dir='ltr'><strong>haereticorum</strong></span> <span class='ocrx_word' id='word_1_491' title='bbox 1662 3575 1848 3646; x_wconf 84' lang='lat' dir='ltr'><strong>quisli-</strong></span> 
     </span>
    </p>
   </div>
   <div class='ocr_carea' id='block_1_67' title="bbox 275 3665 1849 3746">
    <p class='ocr_par' dir='ltr' id='par_1_67' title="bbox 275 3665 1849 3746">
     <span class='ocr_line' id='line_1_67' title="bbox 275 3665 1849 3746; baseline 0.002 -28"><span class='ocrx_word' id='word_1_492' title='bbox 275 3665 497 3746; x_wconf 61' lang='lat' dir='ltr'><strong>lretante</strong></span> <span class='ocrx_word' id='word_1_493' title='bbox 522 3677 574 3721; x_wconf 91' lang='lat' dir='ltr'><strong>te</strong></span> <span class='ocrx_word' id='word_1_494' title='bbox 609 3670 751 3722; x_wconf 87' lang='lat' dir='ltr'><strong>hunc</strong></span> <span class='ocrx_word' id='word_1_495' title='bbox 792 3669 1058 3723; x_wconf 87' lang='lat' dir='ltr'><strong>nefarium</strong></span> <span class='ocrx_word' id='word_1_496' title='bbox 1086 3670 1414 3723; x_wconf 77' lang='lat' dir='ltr'><strong>intellectum</strong></span> <span class='ocrx_word' id='word_1_497' title='bbox 1439 3670 1674 3724; x_wconf 87' lang='lat' dir='ltr'><strong>admisit.</strong></span> <span class='ocrx_word' id='word_1_498' title='bbox 1723 3668 1849 3721; x_wconf 82' lang='lat' dir='ltr'><strong>Nul-</strong></span> 
     </span>
    </p>
   </div>
   <div class='ocr_carea' id='block_1_68' title="bbox 245 3758 1848 3830">
    <p class='ocr_par' dir='ltr' id='par_1_68' title="bbox 245 3758 1848 3830">
     <span class='ocr_line' id='line_1_68' title="bbox 245 3758 1848 3830; baseline 0.004 -22"><span class='ocrx_word' id='word_1_499' title='bbox 245 3758 350 3812; x_wconf 77' lang='lat' dir='ltr'><strong>‘lus</strong></span> <span class='ocrx_word' id='word_1_500' title='bbox 385 3759 786 3815; x_wconf 85' lang='lat' dir='ltr'><strong>Catholicorum</strong></span> <span class='ocrx_word' id='word_1_501' title='bbox 819 3763 1006 3814; x_wconf 87' lang='lat' dir='ltr'><strong>saltem</strong></span> <span class='ocrx_word' id='word_1_502' title='bbox 1056 3772 1236 3815; x_wconf 81' lang='lat' dir='ltr'><strong>mente</strong></span> <span class='ocrx_word' id='word_1_503' title='bbox 1267 3763 1544 3830; x_wconf 83' lang='lat' dir='ltr'><strong>concepit,</strong></span> <span class='ocrx_word' id='word_1_504' title='bbox 1594 3771 1652 3814; x_wconf 94' lang='lat' dir='ltr'><strong>ut</strong></span> <span class='ocrx_word' id='word_1_505' title='bbox 1683 3761 1848 3814; x_wconf 86' lang='lat' dir='ltr'><strong>Deum</strong></span> 
     </span>
    </p>
   </div>
   <div class='ocr_carea' id='block_1_69' title="bbox 278 3851 1850 3921">
    <p class='ocr_par' dir='ltr' id='par_1_69' title="bbox 278 3851 1850 3921">
     <span class='ocr_line' id='line_1_69' title="bbox 278 3851 1850 3921; baseline 0.003 -21"><span class='ocrx_word' id='word_1_506' title='bbox 278 3851 406 3904; x_wconf 86' lang='lat' dir='ltr'><strong>scire</strong></span> <span class='ocrx_word' id='word_1_507' title='bbox 429 3866 530 3918; x_wconf 84' lang='lat' dir='ltr'><strong>pro</strong></span> <span class='ocrx_word' id='word_1_508' title='bbox 561 3866 626 3905; x_wconf 91' lang='lat' dir='ltr'><strong>eo</strong></span> <span class='ocrx_word' id='word_1_509' title='bbox 676 3852 818 3921; x_wconf 88' lang='lat' dir='ltr'><strong>quod</strong></span> <span class='ocrx_word' id='word_1_510' title='bbox 845 3862 926 3904; x_wconf 89' lang='lat' dir='ltr'><strong>est</strong></span> <span class='ocrx_word' id='word_1_511' title='bbox 957 3853 1200 3915; x_wconf 85' lang='lat' dir='ltr'><strong>nescire,</strong></span> <span class='ocrx_word' id='word_1_512' title='bbox 1229 3862 1283 3905; x_wconf 87' lang='lat' dir='ltr'><strong>et</strong></span> <span class='ocrx_word' id='word_1_513' title='bbox 1321 3853 1727 3921; x_wconf 88' lang='lat' dir='ltr'><strong>praedestinare</strong></span> <span class='ocrx_word' id='word_1_514' title='bbox 1753 3865 1850 3919; x_wconf 88' lang='lat' dir='ltr'><strong>pro</strong></span> 
     </span>
    </p>
   </div>
   <div class='ocr_carea' id='block_1_70' title="bbox 277 3944 1852 4019">
    <p class='ocr_par' dir='ltr' id='par_1_70' title="bbox 277 3944 1852 4019">
     <span class='ocr_line' id='line_1_70' title="bbox 277 3944 1852 4019; baseline 0.005 -27"><span class='ocrx_word' id='word_1_515' title='bbox 277 3959 335 3993; x_wconf 79' lang='lat' dir='ltr'><strong>eo</strong></span> <span class='ocrx_word' id='word_1_516' title='bbox 358 3944 496 4012; x_wconf 83' lang='lat' dir='ltr'><strong>quod</strong></span> <span class='ocrx_word' id='word_1_517' title='bbox 545 3955 630 3998; x_wconf 88' lang='lat' dir='ltr'><strong>est</strong></span> <span class='ocrx_word' id='word_1_518' title='bbox 663 3961 766 3998; x_wconf 90' lang='lat' dir='ltr'><strong>non</strong></span> <span class='ocrx_word' id='word_1_519' title='bbox 795 3947 1220 4015; x_wconf 76' lang='lat' dir='ltr'><strong>praedestinare,</strong></span> <span class='ocrx_word' id='word_1_520' title='bbox 1253 3958 1344 4001; x_wconf 92' lang='lat' dir='ltr'><strong>aut</strong></span> <span class='ocrx_word' id='word_1_521' title='bbox 1372 3949 1728 4019; x_wconf 81' lang='lat' dir='ltr'><strong>intelligerent</strong></span> <span class='ocrx_word' id='word_1_522' title='bbox 1757 3956 1852 4000; x_wconf 88' lang='lat' dir='ltr'><strong>aut</strong></span> 
     </span>
    </p>
   </div>
   <div class='ocr_carea' id='block_1_71' title="bbox 280 4031 1854 4108">
    <p class='ocr_par' dir='ltr' id='par_1_71' title="bbox 280 4031 1854 4108">
     <span class='ocr_line' id='line_1_71' title="bbox 280 4031 1854 4108; baseline 0.006 -26"><span class='ocrx_word' id='word_1_523' title='bbox 280 4031 672 4105; x_wconf 74' lang='lat' dir='ltr'><strong>intelligendum</strong></span> <span class='ocrx_word' id='word_1_524' title='bbox 729 4039 1021 4092; x_wconf 89' lang='lat' dir='ltr'><strong>suaderent</strong></span> <span class='ocrx_word' id='word_1_525' title='bbox 1071 4057 1113 4089; x_wconf 69' lang='grc' dir='ltr'>ι.</span> <span class='ocrx_word' id='word_1_526' title='bbox 1153 4039 1327 4108; x_wconf 87' lang='lat' dir='ltr'><strong>Atque</strong></span> <span class='ocrx_word' id='word_1_527' title='bbox 1374 4040 1656 4094; x_wconf 86' lang='lat' dir='ltr'><strong>innumera</strong></span> <span class='ocrx_word' id='word_1_528' title='bbox 1716 4038 1854 4108; x_wconf 84' lang='lat' dir='ltr'><strong>ejus-</strong></span> 
     </span>
    </p>
   </div>
   <div class='ocr_carea' id='block_1_72' title="bbox 280 4127 1852 4201">
    <p class='ocr_par' dir='ltr' id='par_1_72' title="bbox 280 4127 1852 4201">
     <span class='ocr_line' id='line_1_72' title="bbox 280 4127 1852 4201; baseline 0.005 -24"><span class='ocrx_word' id='word_1_529' title='bbox 280 4127 409 4179; x_wconf 85' lang='lat' dir='ltr'><strong>modi</strong></span> <span class='ocrx_word' id='word_1_530' title='bbox 437 4128 578 4182; x_wconf 91' lang='lat' dir='ltr'><strong>dicta</strong></span> <span class='ocrx_word' id='word_1_531' title='bbox 613 4128 667 4182; x_wconf 93' lang='lat' dir='ltr'><strong>in</strong></span> <span class='ocrx_word' id='word_1_532' title='bbox 700 4128 760 4184; x_wconf 86' lang='lat' dir='ltr'><strong>S.</strong></span> <span class='ocrx_word' id='word_1_533' title='bbox 791 4129 1065 4184; x_wconf 89' lang='lat' dir='ltr'><strong>Prudentii</strong></span> <span class='ocrx_word' id='word_1_534' title='bbox 1097 4131 1233 4184; x_wconf 91' lang='lat' dir='ltr'><strong>libro</strong></span> <span class='ocrx_word' id='word_1_535' title='bbox 1259 4132 1622 4201; x_wconf 88' lang='lat' dir='ltr'><strong>reperiuntur.</strong></span> <span class='ocrx_word' id='word_1_536' title='bbox 1667 4131 1852 4185; x_wconf 88' lang='lat' dir='ltr'><strong>Eccle-</strong></span> 
     </span>
    </p>
   </div>
   <div class='ocr_carea' id='block_1_73' title="bbox 280 4216 1852 4290">
    <p class='ocr_par' dir='ltr' id='par_1_73' title="bbox 280 4216 1852 4290">
     <span class='ocr_line' id='line_1_73' title="bbox 280 4216 1852 4290; baseline 0.006 -23"><span class='ocrx_word' id='word_1_537' title='bbox 280 4216 349 4268; x_wconf 89' lang='lat' dir='ltr'><strong>sia</strong></span> <span class='ocrx_word' id='word_1_538' title='bbox 376 4232 556 4274; x_wconf 90' lang='lat' dir='ltr'><strong>autem</strong></span> <span class='ocrx_word' id='word_1_539' title='bbox 589 4219 961 4290; x_wconf 78' lang='lat' dir='ltr'><strong>Lugdunensis</strong></span> <span class='ocrx_word' id='word_1_540' title='bbox 991 4237 1054 4275; x_wconf 91' lang='lat' dir='ltr'><strong>ne</strong></span> <span class='ocrx_word' id='word_1_541' title='bbox 1077 4227 1258 4290; x_wconf 78' lang='lat' dir='ltr'><strong>postea</strong></span> <span class='ocrx_word' id='word_1_542' title='bbox 1289 4223 1504 4290; x_wconf 89' lang='lat' dir='ltr'><strong>quidem</strong></span> <span class='ocrx_word' id='word_1_543' title='bbox 1536 4237 1656 4276; x_wconf 89' lang='lat' dir='ltr'><strong>cum</strong></span> <span class='ocrx_word' id='word_1_544' title='bbox 1685 4223 1852 4277; x_wconf 92' lang='lat' dir='ltr'><strong>Scoto</strong></span> 
     </span>
    </p>
   </div>
   <div class='ocr_carea' id='block_1_74' title="bbox 281 4312 1854 4384">
    <p class='ocr_par' dir='ltr' id='par_1_74' title="bbox 281 4312 1854 4384">
     <span class='ocr_line' id='line_1_74' title="bbox 281 4312 1854 4384; baseline 0.006 -26"><span class='ocrx_word' id='word_1_545' title='bbox 281 4323 374 4361; x_wconf 79' lang='lat' dir='ltr'><strong>non</strong></span> <span class='ocrx_word' id='word_1_546' title='bbox 428 4312 664 4367; x_wconf 73' lang='lat' dir='ltr'><strong>bellavit.</strong></span> <span class='ocrx_word' id='word_1_547' title='bbox 747 4313 804 4368; x_wconf 93' lang='lat' dir='ltr'><strong>S.</strong></span> <span class='ocrx_word' id='word_1_548' title='bbox 857 4316 1000 4368; x_wconf 89' lang='lat' dir='ltr'><strong>enim</strong></span> <span class='ocrx_word' id='word_1_549' title='bbox 1046 4314 1362 4384; x_wconf 78' lang='lat' dir='ltr'><strong>Remigius,</strong></span> <span class='ocrx_word' id='word_1_550' title='bbox 1411 4314 1854 4384; x_wconf 86' lang='lat' dir='ltr'><strong>archiepiscopus</strong></span> 
     </span>
    </p>
   </div>
   <div class='ocr_carea' id='block_1_75' title="bbox 1952 3201 3531 3276">
    <p class='ocr_par' dir='ltr' id='par_1_75' title="bbox 1952 3201 3531 3276">
     <span class='ocr_line' id='line_1_75' title="bbox 1952 3201 3531 3276; baseline 0.001 -20"><span class='ocrx_word' id='word_1_551' title='bbox 1952 3203 2294 3257; x_wconf 86' lang='lat' dir='ltr'><strong>denmaierus</strong></span> <span class='ocrx_word' id='word_1_552' title='bbox 2324 3201 2422 3273; x_wconf 89' lang='lat' dir='ltr'><strong>ipsi</strong></span> <span class='ocrx_word' id='word_1_553' title='bbox 2471 3201 2562 3270; x_wconf 86' lang='lat' dir='ltr'><strong>(cf.</strong></span> <span class='ocrx_word' id='word_1_554' title='bbox 2597 3201 2786 3257; x_wconf 89' lang='lat' dir='ltr'><strong>Staud.</strong></span> <span class='ocrx_word' id='word_1_555' title='bbox 2835 3217 2888 3271; x_wconf 91' lang='lat' dir='ltr'><strong>p.</strong></span> <span class='ocrx_word' id='word_1_556' title='bbox 2939 3203 3195 3276; x_wconf 81' lang='grc'><strong>196-197)</strong></span> <span class='ocrx_word' id='word_1_557' title='bbox 3236 3205 3288 3260; x_wconf 92' lang='lat' dir='ltr'><strong>in</strong></span> <span class='ocrx_word' id='word_1_558' title='bbox 3320 3205 3531 3260; x_wconf 84' lang='lat' dir='ltr'><strong>laudem</strong></span> 
     </span>
    </p>
   </div>
   <div class='ocr_carea' id='block_1_76' title="bbox 1951 3295 2133 3347">
    <p class='ocr_par' dir='ltr' id='par_1_76' title="bbox 1951 3295 2133 3347">
     <span class='ocr_line' id='line_1_76' title="bbox 1951 3295 2133 3347; baseline 0.011 -2"><span class='ocrx_word' id='word_1_559' title='bbox 1951 3295 2133 3347; x_wconf 83' lang='lat' dir='ltr'><strong>vertit.</strong></span> 
     </span>
    </p>
   </div>
   <div class='ocr_carea' id='block_1_77' title="bbox 2027 3383 3534 3457">
    <p class='ocr_par' dir='ltr' id='par_1_77' title="bbox 2027 3383 3534 3457">
     <span class='ocr_line' id='line_1_77' title="bbox 2027 3383 3534 3457; baseline 0.005 -22"><span class='ocrx_word' id='word_1_560' title='bbox 2027 3383 2281 3438; x_wconf 75' lang='lat' dir='ltr'><strong>Venimus</strong></span> <span class='ocrx_word' id='word_1_561' title='bbox 2315 3399 2456 3438; x_wconf 90' lang='lat' dir='ltr'><strong>nunc</strong></span> <span class='ocrx_word' id='word_1_562' title='bbox 2486 3383 2550 3436; x_wconf 89' lang='lat' dir='ltr'><strong>ad</strong></span> <span class='ocrx_word' id='word_1_563' title='bbox 2579 3383 2804 3438; x_wconf 89' lang='lat' dir='ltr'><strong>alteram</strong></span> <span class='ocrx_word' id='word_1_564' title='bbox 2831 3384 2972 3437; x_wconf 87' lang='lat' dir='ltr'><strong>illam</strong></span> <span class='ocrx_word' id='word_1_565' title='bbox 3006 3388 3373 3457; x_wconf 84' lang='lat' dir='ltr'><strong>theologorum</strong></span> <span class='ocrx_word' id='word_1_566' title='bbox 3403 3405 3534 3443; x_wconf 90' lang='lat' dir='ltr'><strong>con-</strong></span> 
     </span>
    </p>
   </div>
   <div class='ocr_carea' id='block_1_78' title="bbox 1953 3473 3531 3548">
    <p class='ocr_par' dir='ltr' id='par_1_78' title="bbox 1953 3473 3531 3548">
     <span class='ocr_line' id='line_1_78' title="bbox 1953 3473 3531 3548; baseline 0.004 -20"><span class='ocrx_word' id='word_1_567' title='bbox 1953 3475 2305 3548; x_wconf 82' lang='lat' dir='ltr'><strong>troversiam,</strong></span> <span class='ocrx_word' id='word_1_568' title='bbox 2357 3473 2509 3542; x_wconf 86' lang='lat' dir='ltr'><strong>cujus</strong></span> <span class='ocrx_word' id='word_1_569' title='bbox 2546 3473 2768 3530; x_wconf 90' lang='lat' dir='ltr'><strong>Scotum</strong></span> <span class='ocrx_word' id='word_1_570' title='bbox 2811 3479 3128 3547; x_wconf 89' lang='lat' dir='ltr'><strong>participem</strong></span> <span class='ocrx_word' id='word_1_571' title='bbox 3177 3480 3341 3536; x_wconf 86' lang='lat' dir='ltr'><strong>fuisse</strong></span> <span class='ocrx_word' id='word_1_572' title='bbox 3387 3481 3531 3534; x_wconf 78' lang='lat' dir='ltr'><strong>dixi-</strong></span> 
     </span>
    </p>
   </div>
   <div class='ocr_carea' id='block_1_79' title="bbox 1955 3580 2093 3620">
    <p class='ocr_par' dir='ltr' id='par_1_79' title="bbox 1955 3580 2093 3620">
     <span class='ocr_line' id='line_1_79' title="bbox 1955 3580 2093 3620; baseline -0.014 0"><span class='ocrx_word' id='word_1_573' title='bbox 1955 3580 2093 3620; x_wconf 75' lang='grc'><strong>111118.</strong></span> 
     </span>
    </p>
   </div>
   <div class='ocr_carea' id='block_1_80' title="bbox 2024 3652 3533 3726">
    <p class='ocr_par' dir='ltr' id='par_1_80' title="bbox 2024 3652 3533 3726">
     <span class='ocr_line' id='line_1_80' title="bbox 2024 3652 3533 3726; baseline 0.001 -18"><span class='ocrx_word' id='word_1_574' title='bbox 2024 3653 2345 3709; x_wconf 87' lang='lat' dir='ltr'><strong>Paschasius</strong></span> <span class='ocrx_word' id='word_1_575' title='bbox 2391 3653 2555 3722; x_wconf 72' lang='lat' dir='ltr'><strong>igitur</strong></span> <span class='ocrx_word' id='word_1_576' title='bbox 2601 3652 2906 3709; x_wconf 80' lang='lat' dir='ltr'><strong>Radbertus</strong></span> <span class='ocrx_word' id='word_1_577' title='bbox 2933 3653 3006 3725; x_wconf 68' lang='lat' dir='ltr'><strong>(It)</strong></span> <span class='ocrx_word' id='word_1_578' title='bbox 3040 3657 3112 3726; x_wconf 89' lang='lat' dir='ltr'><strong>(a.</strong></span> <span class='ocrx_word' id='word_1_579' title='bbox 3151 3655 3533 3722; x_wconf 79' lang='lat' dir='ltr'><strong>DCCCXLlV&#39;.)</strong></span> 
     </span>
    </p>
   </div>
   <div class='ocr_carea' id='block_1_81' title="bbox 1951 3747 3532 3817">
    <p class='ocr_par' dir='ltr' id='par_1_81' title="bbox 1951 3747 3532 3817">
     <span class='ocr_line' id='line_1_81' title="bbox 1951 3747 3532 3817; baseline 0.002 -17"><span class='ocrx_word' id='word_1_580' title='bbox 1951 3762 2087 3816; x_wconf 90' lang='lat' dir='ltr'><strong>opus</strong></span> <span class='ocrx_word' id='word_1_581' title='bbox 2119 3762 2274 3800; x_wconf 89' lang='lat' dir='ltr'><strong>suum</strong></span> <span class='ocrx_word' id='word_1_582' title='bbox 2317 3765 2335 3797; x_wconf 73' lang='grc' dir='ltr'><strong><em>ι</em></strong></span> <span class='ocrx_word' id='word_1_583' title='bbox 2367 3747 2434 3800; x_wconf 92' lang='lat' dir='ltr'><strong>de</strong></span> <span class='ocrx_word' id='word_1_584' title='bbox 2457 3761 2683 3816; x_wconf 88' lang='lat' dir='ltr'><strong>corpore</strong></span> <span class='ocrx_word' id='word_1_585' title='bbox 2708 3756 2762 3800; x_wconf 91' lang='lat' dir='ltr'><strong>et</strong></span> <span class='ocrx_word' id='word_1_586' title='bbox 2805 3748 3066 3817; x_wconf 81' lang='lat' dir='ltr'><strong>sanguine</strong></span> <span class='ocrx_word' id='word_1_587' title='bbox 3099 3747 3308 3802; x_wconf 91' lang='lat' dir='ltr'><strong>Domini</strong></span> <span class='ocrx_word' id='word_1_588' title='bbox 3351 3767 3396 3814; x_wconf 75' lang='grc' dir='ltr'><strong>ι,</strong></span> <span class='ocrx_word' id='word_1_589' title='bbox 3417 3747 3532 3816; x_wconf 87' lang='lat' dir='ltr'><strong>jam</strong></span> 
     </span>
    </p>
   </div>
   <div class='ocr_carea' id='block_1_82' title="bbox 1953 3837 3530 3908">
    <p class='ocr_par' dir='ltr' id='par_1_82' title="bbox 1953 3837 3530 3908">
     <span class='ocr_line' id='line_1_82' title="bbox 1953 3837 3530 3908; baseline -0.001 -15"><span class='ocrx_word' id='word_1_590' title='bbox 1953 3841 2151 3893; x_wconf 90' lang='lat' dir='ltr'><strong>dudum</strong></span> <span class='ocrx_word' id='word_1_591' title='bbox 2175 3838 2303 3894; x_wconf 89' lang='lat' dir='ltr'><strong>illud</strong></span> <span class='ocrx_word' id='word_1_592' title='bbox 2325 3837 2542 3908; x_wconf 89' lang='lat' dir='ltr'><strong>quidem</strong></span> <span class='ocrx_word' id='word_1_593' title='bbox 2573 3847 2698 3894; x_wconf 91' lang='lat' dir='ltr'><strong>ante</strong></span> <span class='ocrx_word' id='word_1_594' title='bbox 2724 3840 3110 3908; x_wconf 86' lang='lat' dir='ltr'><strong>compositum,</strong></span> <span class='ocrx_word' id='word_1_595' title='bbox 3135 3840 3229 3894; x_wconf 92' lang='lat' dir='ltr'><strong>sed</strong></span> <span class='ocrx_word' id='word_1_596' title='bbox 3261 3849 3384 3896; x_wconf 90' lang='lat' dir='ltr'><strong>tunc</strong></span> <span class='ocrx_word' id='word_1_597' title='bbox 3408 3857 3530 3896; x_wconf 89' lang='lat' dir='ltr'><strong>cum</strong></span> 
     </span>
    </p>
   </div>
   <div class='ocr_carea' id='block_1_83' title="bbox 1954 3927 3534 4000">
    <p class='ocr_par' dir='ltr' id='par_1_83' title="bbox 1954 3927 3534 4000">
     <span class='ocr_line' id='line_1_83' title="bbox 1954 3927 3534 4000; baseline 0.001 -18"><span class='ocrx_word' id='word_1_598' title='bbox 1954 3933 2187 3985; x_wconf 84' lang='lat' dir='ltr'><strong>maxime</strong></span> <span class='ocrx_word' id='word_1_599' title='bbox 2231 3929 2474 4000; x_wconf 89' lang='lat' dir='ltr'><strong>pluribus</strong></span> <span class='ocrx_word' id='word_1_600' title='bbox 2502 3928 2634 3984; x_wconf 91' lang='lat' dir='ltr'><strong>locis</strong></span> <span class='ocrx_word' id='word_1_601' title='bbox 2677 3931 3018 3983; x_wconf 88' lang='lat' dir='ltr'><strong>emendatum</strong></span> <span class='ocrx_word' id='word_1_602' title='bbox 3045 3969 3060 3993; x_wconf 91' lang='lat'><strong>,</strong></span> <span class='ocrx_word' id='word_1_603' title='bbox 3101 3927 3297 3985; x_wconf 89' lang='lat' dir='ltr'><strong>Carolo</strong></span> <span class='ocrx_word' id='word_1_604' title='bbox 3347 3929 3534 3994; x_wconf 87' lang='lat' dir='ltr'><strong>Calvo,</strong></span> 
     </span>
    </p>
   </div>
   <div class='ocr_carea' id='block_1_84' title="bbox 1953 4019 3537 4090">
    <p class='ocr_par' dir='ltr' id='par_1_84' title="bbox 1953 4019 3537 4090">
     <span class='ocr_line' id='line_1_84' title="bbox 1953 4019 3537 4090; baseline 0.002 -18"><span class='ocrx_word' id='word_1_605' title='bbox 1953 4021 2150 4090; x_wconf 89' lang='lat' dir='ltr'><strong>quippe</strong></span> <span class='ocrx_word' id='word_1_606' title='bbox 2195 4021 2284 4090; x_wconf 93' lang='lat' dir='ltr'><strong>qui</strong></span> <span class='ocrx_word' id='word_1_607' title='bbox 2326 4021 2500 4090; x_wconf 91' lang='lat' dir='ltr'><strong>ipsum</strong></span> <span class='ocrx_word' id='word_1_608' title='bbox 2549 4020 2814 4088; x_wconf 87' lang='lat' dir='ltr'><strong>petiisset,</strong></span> <span class='ocrx_word' id='word_1_609' title='bbox 2863 4020 3005 4074; x_wconf 91' lang='lat' dir='ltr'><strong>dono</strong></span> <span class='ocrx_word' id='word_1_610' title='bbox 3035 4019 3184 4073; x_wconf 90' lang='lat' dir='ltr'><strong>misit</strong></span> <span class='ocrx_word' id='word_1_611' title='bbox 3221 4019 3304 4090; x_wconf 91' lang='grc' dir='ltr'>(Ι).</span> <span class='ocrx_word' id='word_1_612' title='bbox 3338 4020 3537 4087; x_wconf 83' lang='lat' dir='ltr'><strong>Quam-</strong></span> 
     </span>
    </p>
   </div>
   <div class='ocr_carea' id='block_1_85' title="bbox 1954 4111 3534 4182">
    <p class='ocr_par' dir='ltr' id='par_1_85' title="bbox 1954 4111 3534 4182">
     <span class='ocr_line' id='line_1_85' title="bbox 1954 4111 3534 4182; baseline 0.003 -19"><span class='ocrx_word' id='word_1_613' title='bbox 1954 4127 2114 4182; x_wconf 89' lang='lat' dir='ltr'><strong>quam</strong></span> <span class='ocrx_word' id='word_1_614' title='bbox 2146 4123 2325 4166; x_wconf 90' lang='lat' dir='ltr'><strong>autem</strong></span> <span class='ocrx_word' id='word_1_615' title='bbox 2357 4120 2500 4166; x_wconf 91' lang='lat' dir='ltr'><strong>totus</strong></span> <span class='ocrx_word' id='word_1_616' title='bbox 2526 4120 2607 4164; x_wconf 90' lang='lat' dir='ltr'><strong>est</strong></span> <span class='ocrx_word' id='word_1_617' title='bbox 2633 4111 2682 4164; x_wconf 89' lang='lat' dir='ltr'><strong>in</strong></span> <span class='ocrx_word' id='word_1_618' title='bbox 2716 4126 2800 4172; x_wconf 90' lang='lat' dir='ltr'><strong>eo,</strong></span> <span class='ocrx_word' id='word_1_619' title='bbox 2839 4119 2892 4163; x_wconf 93' lang='lat' dir='ltr'><strong>ut</strong></span> <span class='ocrx_word' id='word_1_620' title='bbox 2926 4111 3312 4166; x_wconf 88' lang='lat' dir='ltr'><strong>catholicorum</strong></span> <span class='ocrx_word' id='word_1_621' title='bbox 3341 4113 3534 4182; x_wconf 81' lang='lat' dir='ltr'><strong>dogma</strong></span> 
     </span>
    </p>
   </div>
   <div class='ocr_carea' id='block_1_86' title="bbox 1954 4201 3532 4270">
    <p class='ocr_par' dir='ltr' id='par_1_86' title="bbox 1954 4201 3532 4270">
     <span class='ocr_line' id='line_1_86' title="bbox 1954 4201 3532 4270; baseline 0.001 -14"><span class='ocrx_word' id='word_1_622' title='bbox 1954 4202 2021 4256; x_wconf 87' lang='lat' dir='ltr'><strong>(le</strong></span> <span class='ocrx_word' id='word_1_623' title='bbox 2048 4201 2650 4255; x_wconf 73' lang='lat' dir='ltr'><strong>transsubstautiatione</strong></span> <span class='ocrx_word' id='word_1_624' title='bbox 2676 4201 2799 4270; x_wconf 91' lang='lat' dir='ltr'><strong>(etsi</strong></span> <span class='ocrx_word' id='word_1_625' title='bbox 2827 4201 2928 4255; x_wconf 89' lang='lat' dir='ltr'><strong>hoc</strong></span> <span class='ocrx_word' id='word_1_626' title='bbox 2955 4201 3169 4256; x_wconf 89' lang='lat' dir='ltr'><strong>nomine</strong></span> <span class='ocrx_word' id='word_1_627' title='bbox 3192 4202 3266 4254; x_wconf 93' lang='lat' dir='ltr'><strong>uti</strong></span> <span class='ocrx_word' id='word_1_628' title='bbox 3298 4204 3532 4257; x_wconf 91' lang='lat' dir='ltr'><strong>nondum</strong></span> 
     </span>
    </p>
   </div>
   <div class='ocr_carea' id='block_1_87' title="bbox 1955 4291 3532 4365">
    <p class='ocr_par' dir='ltr' id='par_1_87' title="bbox 1955 4291 3532 4365">
     <span class='ocr_line' id='line_1_87' title="bbox 1955 4291 3532 4365; baseline -0.003 -15"><span class='ocrx_word' id='word_1_629' title='bbox 1955 4295 2150 4365; x_wconf 89' lang='lat' dir='ltr'><strong>potuit)</strong></span> <span class='ocrx_word' id='word_1_630' title='bbox 2187 4293 2517 4364; x_wconf 79' lang='lat' dir='ltr'><strong>argumentis</strong></span> <span class='ocrx_word' id='word_1_631' title='bbox 2541 4301 2651 4346; x_wconf 92' lang='lat' dir='ltr'><strong>tum</strong></span> <span class='ocrx_word' id='word_1_632' title='bbox 2683 4308 2747 4347; x_wconf 75' lang='lat' dir='ltr'><strong>cx</strong></span> <span class='ocrx_word' id='word_1_633' title='bbox 2777 4291 2834 4347; x_wconf 91' lang='lat' dir='ltr'><strong>S.</strong></span> <span class='ocrx_word' id='word_1_634' title='bbox 2871 4291 3150 4361; x_wconf 90' lang='lat' dir='ltr'><strong>Scriptura</strong></span> <span class='ocrx_word' id='word_1_635' title='bbox 3183 4303 3292 4347; x_wconf 90' lang='lat' dir='ltr'><strong>tum</strong></span> <span class='ocrx_word' id='word_1_636' title='bbox 3330 4308 3398 4348; x_wconf 80' lang='lat' dir='ltr'><strong>ex</strong></span> <span class='ocrx_word' id='word_1_637' title='bbox 3431 4292 3532 4348; x_wconf 88' lang='lat' dir='ltr'><strong>SS.</strong></span> 
     </span>
    </p>
   </div>
   <div class='ocr_carea' id='block_1_88' title="bbox 345 4449 3534 4537">
    <p class='ocr_par' dir='ltr' id='par_1_88' title="bbox 345 4449 3534 4537">
     <span class='ocr_line' id='line_1_88' title="bbox 345 4449 3534 4537; baseline 0.003 -23"><span class='ocrx_word' id='word_1_638' title='bbox 345 4467 415 4531; x_wconf 77' lang='grc' dir='ltr'><strong>(α)</strong></span> <span class='ocrx_word' id='word_1_639' title='bbox 457 4465 538 4517; x_wconf 71' lang='grc' dir='ltr'><strong>(π.</strong></span> <span class='ocrx_word' id='word_1_640' title='bbox 569 4466 625 4520; x_wconf 91' lang='grc'>8.</span> <span class='ocrx_word' id='word_1_641' title='bbox 662 4465 825 4537; x_wconf 85' lang='lat' dir='ltr'><strong>Prud.</strong></span> <span class='ocrx_word' id='word_1_642' title='bbox 855 4467 920 4522; x_wconf 88' lang='lat' dir='ltr'><strong>de</strong></span> <span class='ocrx_word' id='word_1_643' title='bbox 947 4467 1136 4521; x_wconf 70' lang='lat' dir='ltr'><strong>Prae-l.</strong></span> <span class='ocrx_word' id='word_1_644' title='bbox 1164 4468 1286 4520; x_wconf 84' lang='lat' dir='ltr'><strong>adv.</strong></span> <span class='ocrx_word' id='word_1_645' title='bbox 1321 4467 1466 4521; x_wconf 84' lang='lat' dir='ltr'><strong>Scot.</strong></span> <span class='ocrx_word' id='word_1_646' title='bbox 1503 4467 1671 4537; x_wconf 87' lang='lat' dir='ltr'><strong>praef.</strong></span> <span class='ocrx_word' id='word_1_647' title='bbox 1707 4467 1846 4521; x_wconf 74' lang='lat' dir='ltr'><strong>Max.</strong></span> <span class='ocrx_word' id='word_1_648' title='bbox 1881 4449 1931 4507; x_wconf 83' lang='grc' dir='ltr'><strong>Ῑ)</strong></span> <span class='ocrx_word' id='word_1_649' title='bbox 2027 4469 2103 4537; x_wconf 85' lang='lat' dir='ltr'><strong>(j)</strong></span> <span class='ocrx_word' id='word_1_650' title='bbox 2145 4465 2365 4537; x_wconf 81' lang='lat' dir='ltr'><strong>Mab._in</strong></span> <span class='ocrx_word' id='word_1_651' title='bbox 2393 4464 2532 4537; x_wconf 75' lang='lat' dir='ltr'><strong>Ann.</strong></span> <span class='ocrx_word' id='word_1_652' title='bbox 2567 4464 2951 4537; x_wconf 60' lang='lat' dir='ltr'><strong>libreXXXV,</strong></span> <span class='ocrx_word' id='word_1_653' title='bbox 2983 4464 3136 4537; x_wconf 75' lang='lat' dir='ltr'><strong>n.58</strong></span> <span class='ocrx_word' id='word_1_654' title='bbox 3165 4482 3278 4521; x_wconf 92' lang='lat' dir='ltr'><strong>rem</strong></span> <span class='ocrx_word' id='word_1_655' title='bbox 3319 4467 3534 4523; x_wconf 80' lang='lat' dir='ltr'><strong>dubiam</strong></span> 
     </span>
    </p>
   </div>
   <div class='ocr_carea' id='block_1_89' title="bbox 282 4532 1478 4606">
    <p class='ocr_par' dir='ltr' id='par_1_89' title="bbox 282 4532 1478 4606">
     <span class='ocr_line' id='line_1_89' title="bbox 282 4532 1478 4606; baseline 0.006 -23"><span class='ocrx_word' id='word_1_656' title='bbox 282 4532 400 4584; x_wconf 83' lang='lat' dir='ltr'><strong>bibl.</strong></span> <span class='ocrx_word' id='word_1_657' title='bbox 434 4537 648 4589; x_wconf 87' lang='lat' dir='ltr'><strong>l‘atrum</strong></span> <span class='ocrx_word' id='word_1_658' title='bbox 680 4536 876 4606; x_wconf 78' lang='lat' dir='ltr'><strong>Lugd.,</strong></span> <span class='ocrx_word' id='word_1_659' title='bbox 903 4547 1030 4592; x_wconf 90' lang='lat' dir='ltr'><strong>tom.</strong></span> <span class='ocrx_word' id='word_1_660' title='bbox 1062 4537 1177 4600; x_wconf 77' lang='lat' dir='ltr'><strong>XV,</strong></span> <span class='ocrx_word' id='word_1_661' title='bbox 1206 4555 1257 4605; x_wconf 89' lang='lat' dir='ltr'><strong>p.</strong></span> <span class='ocrx_word' id='word_1_662' title='bbox 1284 4539 1385 4592; x_wconf 67' lang='grc'><strong>467</strong></span> <span class='ocrx_word' id='word_1_663' title='bbox 1417 4538 1478 4591; x_wconf 84' lang='lat' dir='ltr'><strong>F.</strong></span> 
     </span>
    </p>
   </div>
   <div class='ocr_carea' id='block_1_90' title="bbox 347 4606 1243 4676">
    <p class='ocr_par' dir='ltr' id='par_1_90' title="bbox 347 4606 1243 4676">
     <span class='ocr_line' id='line_1_90' title="bbox 347 4606 1243 4676; baseline 0.003 -19"><span class='ocrx_word' id='word_1_664' title='bbox 347 4606 416 4676; x_wconf 72' lang='grc' dir='ltr'>(ὁ)</span> <span class='ocrx_word' id='word_1_665' title='bbox 456 4606 535 4676; x_wconf 82' lang='lat' dir='ltr'><strong>Cf.</strong></span> <span class='ocrx_word' id='word_1_666' title='bbox 567 4618 680 4660; x_wconf 85' lang='lat' dir='ltr'><strong>not.</strong></span> <span class='ocrx_word' id='word_1_667' title='bbox 712 4623 866 4675; x_wconf 80' lang='lat' dir='ltr'><strong>prox.</strong></span> <span class='ocrx_word' id='word_1_668' title='bbox 891 4609 1243 4676; x_wconf 75' lang='lat' dir='ltr'><strong>Superiorem.</strong></span> 
     </span>
    </p>
   </div>
   <div class='ocr_carea' id='block_1_91' title="bbox 347 4675 1852 4747">
    <p class='ocr_par' dir='ltr' id='par_1_91' title="bbox 347 4675 1852 4747">
     <span class='ocr_line' id='line_1_91' title="bbox 347 4675 1852 4747; baseline 0.004 -22"><span class='ocrx_word' id='word_1_669' title='bbox 347 4675 414 4747; x_wconf 11' lang='grc' dir='ltr'><strong>(γε)</strong></span> <span class='ocrx_word' id='word_1_670' title='bbox 454 4675 532 4728; x_wconf 85' lang='lat' dir='ltr'><strong>Cf.</strong></span> <span class='ocrx_word' id='word_1_671' title='bbox 560 4677 766 4731; x_wconf 61' lang='lat' dir='ltr'><strong>l‘lccles.</strong></span> <span class='ocrx_word' id='word_1_672' title='bbox 801 4675 968 4747; x_wconf 77' lang='lat' dir='ltr'><strong>Lugd.</strong></span> <span class='ocrx_word' id='word_1_673' title='bbox 993 4679 1082 4731; x_wconf 88' lang='lat' dir='ltr'><strong>lib.</strong></span> <span class='ocrx_word' id='word_1_674' title='bbox 1122 4679 1241 4730; x_wconf 83' lang='lat' dir='ltr'><strong>adv.</strong></span> <span class='ocrx_word' id='word_1_675' title='bbox 1274 4678 1421 4733; x_wconf 90' lang='lat' dir='ltr'><strong>Scoti</strong></span> <span class='ocrx_word' id='word_1_676' title='bbox 1446 4692 1700 4731; x_wconf 85' lang='lat' dir='ltr'><strong>erroneas</strong></span> <span class='ocrx_word' id='word_1_677' title='bbox 1721 4677 1852 4731; x_wconf 76' lang='lat' dir='ltr'><strong>tleﬂ-</strong></span> 
     </span>
    </p>
   </div>
   <div class='ocr_carea' id='block_1_92' title="bbox 282 4743 1853 4817">
    <p class='ocr_par' dir='ltr' id='par_1_92' title="bbox 282 4743 1853 4817">
     <span class='ocr_line' id='line_1_92' title="bbox 282 4743 1853 4817; baseline 0.003 -23"><span class='ocrx_word' id='word_1_678' title='bbox 282 4743 525 4817; x_wconf 75' lang='lat' dir='ltr'><strong>pitioues.</strong></span> <span class='ocrx_word' id='word_1_679' title='bbox 562 4747 704 4800; x_wconf 78' lang='lat' dir='ltr'><strong>Max.</strong></span> <span class='ocrx_word' id='word_1_680' title='bbox 737 4747 864 4801; x_wconf 90' lang='lat' dir='ltr'><strong>bibl.</strong></span> <span class='ocrx_word' id='word_1_681' title='bbox 884 4743 1130 4817; x_wconf 52' lang='lat' dir='ltr'><strong>&#39;patrum.</strong></span> <span class='ocrx_word' id='word_1_682' title='bbox 1164 4747 1200 4799; x_wconf 92' lang='lat' dir='ltr'><strong>l.</strong></span> <span class='ocrx_word' id='word_1_683' title='bbox 1237 4749 1274 4802; x_wconf 91' lang='lat' dir='ltr'><strong>l.</strong></span> <span class='ocrx_word' id='word_1_684' title='bbox 1316 4764 1369 4817; x_wconf 91' lang='lat' dir='ltr'><strong>p.</strong></span> <span class='ocrx_word' id='word_1_685' title='bbox 1402 4748 1499 4802; x_wconf 84' lang='grc'><strong>611</strong></span> <span class='ocrx_word' id='word_1_686' title='bbox 1538 4764 1689 4817; x_wconf 84' lang='lat' dir='ltr'><strong>seqq.</strong></span> <span class='ocrx_word' id='word_1_687' title='bbox 1721 4749 1853 4814; x_wconf 75' lang='lat' dir='ltr'><strong>Quis</strong></span> 
     </span>
    </p>
   </div>
   <div class='ocr_carea' id='block_1_93' title="bbox 283 4812 1852 4886">
    <p class='ocr_par' dir='ltr' id='par_1_93' title="bbox 283 4812 1852 4886">
     <span class='ocr_line' id='line_1_93' title="bbox 283 4812 1852 4886; baseline 0.005 -23"><span class='ocrx_word' id='word_1_688' title='bbox 283 4812 417 4886; x_wconf 71' lang='lat' dir='ltr'><strong>l_u_mc</strong></span> <span class='ocrx_word' id='word_1_689' title='bbox 445 4816 635 4886; x_wconf 85' lang='lat' dir='ltr'><strong>librum</strong></span> <span class='ocrx_word' id='word_1_690' title='bbox 663 4812 1046 4886; x_wconf 82' lang='lat' dir='ltr'><strong>composuerit,</strong></span> <span class='ocrx_word' id='word_1_691' title='bbox 1085 4812 1352 4872; x_wconf 82' lang='lat' dir='ltr'><strong>incertum</strong></span> <span class='ocrx_word' id='word_1_692' title='bbox 1399 4827 1504 4872; x_wconf 87' lang='lat' dir='ltr'><strong>est.</strong></span> <span class='ocrx_word' id='word_1_693' title='bbox 1563 4812 1720 4882; x_wconf 76' lang='lat' dir='ltr'><strong>sunt,</strong></span> <span class='ocrx_word' id='word_1_694' title='bbox 1747 4812 1852 4886; x_wconf 85' lang='lat' dir='ltr'><strong>qui</strong></span> 
     </span>
    </p>
   </div>
   <div class='ocr_carea' id='block_1_94' title="bbox 279 4881 1856 4957">
    <p class='ocr_par' dir='ltr' id='par_1_94' title="bbox 279 4881 1856 4957">
     <span class='ocr_line' id='line_1_94' title="bbox 279 4881 1856 4957; baseline 0.005 -24"><span class='ocrx_word' id='word_1_695' title='bbox 279 4881 514 4948; x_wconf 84' lang='lat' dir='ltr'><strong>Florum,</strong></span> <span class='ocrx_word' id='word_1_696' title='bbox 541 4881 913 4956; x_wconf 74' lang='lat' dir='ltr'><strong>Lugdunensis</strong></span> <span class='ocrx_word' id='word_1_697' title='bbox 926 4887 1196 4942; x_wconf 74' lang='lat' dir='ltr'><strong>Ecclesiae</strong></span> <span class='ocrx_word' id='word_1_698' title='bbox 1219 4889 1526 4950; x_wconf 87' lang='lat' dir='ltr'><strong>diaconum,</strong></span> <span class='ocrx_word' id='word_1_699' title='bbox 1545 4889 1659 4957; x_wconf 88' lang='lat' dir='ltr'><strong>ejus</strong></span> <span class='ocrx_word' id='word_1_700' title='bbox 1675 4881 1856 4942; x_wconf 83' lang='lat' dir='ltr'><strong>aucto-</strong></span> 
     </span>
    </p>
   </div>
   <div class='ocr_carea' id='block_1_95' title="bbox 282 4957 1844 5027">
    <p class='ocr_par' dir='ltr' id='par_1_95' title="bbox 282 4957 1844 5027">
     <span class='ocr_line' id='line_1_95' title="bbox 282 4957 1844 5027; baseline 0.005 -24"><span class='ocrx_word' id='word_1_701' title='bbox 282 4967 387 5027; x_wconf 73' lang='lat' dir='ltr'><strong>rem</strong></span> <span class='ocrx_word' id='word_1_702' title='bbox 405 4957 580 5027; x_wconf 78' lang='lat' dir='ltr'><strong>dicant</strong></span> <span class='ocrx_word' id='word_1_703' title='bbox 603 4965 757 5021; x_wconf 81' lang='lat' dir='ltr'><strong>;suut</strong></span> <span class='ocrx_word' id='word_1_704' title='bbox 773 4967 979 5019; x_wconf 90' lang='lat' dir='ltr'><strong>contra,</strong></span> <span class='ocrx_word' id='word_1_705' title='bbox 996 4957 1086 5027; x_wconf 92' lang='lat' dir='ltr'><strong>qui</strong></span> <span class='ocrx_word' id='word_1_706' title='bbox 1101 4973 1223 5012; x_wconf 89' lang='lat' dir='ltr'><strong>eum</strong></span> <span class='ocrx_word' id='word_1_707' title='bbox 1241 4958 1300 5012; x_wconf 89' lang='lat' dir='ltr'><strong>S.</strong></span> <span class='ocrx_word' id='word_1_708' title='bbox 1320 4958 1588 5026; x_wconf 72' lang='lat' dir='ltr'><strong>Remigio,</strong></span> <span class='ocrx_word' id='word_1_709' title='bbox 1604 4959 1844 5026; x_wconf 84' lang='lat' dir='ltr'><strong>archiep.</strong></span> 
     </span>
    </p>
   </div>
   <div class='ocr_carea' id='block_1_96' title="bbox 282 5020 1853 5097">
    <p class='ocr_par' dir='ltr' id='par_1_96' title="bbox 282 5020 1853 5097">
     <span class='ocr_line' id='line_1_96' title="bbox 282 5020 1853 5097; baseline -0.006 -7"><span class='ocrx_word' id='word_1_710' title='bbox 282 5020 488 5097; x_wconf 16' lang='lat' dir='ltr'><strong>Lugd&quot;,</strong></span> <span class='ocrx_word' id='word_1_711' title='bbox 505 5020 611 5097; x_wconf 68' lang='lat' dir='ltr'><strong>fult</strong></span> <span class='ocrx_word' id='word_1_712' title='bbox 636 5027 863 5089; x_wconf 87' lang='lat' dir='ltr'><strong>Ehboni,</strong></span> <span class='ocrx_word' id='word_1_713' title='bbox 901 5020 1062 5097; x_wconf 80' lang='lat' dir='ltr'><strong>episc.</strong></span> <span class='ocrx_word' id='word_1_714' title='bbox 1102 5020 1622 5097; x_wconf 80' lang='lat' dir='ltr'><strong>Gratianopolitauo,</strong></span> <span class='ocrx_word' id='word_1_715' title='bbox 1651 5020 1853 5082; x_wconf 72' lang='lat' dir='ltr'><strong>adscri-</strong></span> 
     </span>
    </p>
   </div>
   <div class='ocr_carea' id='block_1_97' title="bbox 283 5093 1852 5169">
    <p class='ocr_par' dir='ltr' id='par_1_97' title="bbox 283 5093 1852 5169">
     <span class='ocr_line' id='line_1_97' title="bbox 283 5093 1852 5169; baseline 0.006 -26"><span class='ocrx_word' id='word_1_716' title='bbox 283 5093 421 5146; x_wconf 84' lang='lat' dir='ltr'><strong>bant.</strong></span> <span class='ocrx_word' id='word_1_717' title='bbox 453 5094 533 5148; x_wconf 87' lang='lat' dir='ltr'><strong>Cf.</strong></span> <span class='ocrx_word' id='word_1_718' title='bbox 579 5095 784 5150; x_wconf 86' lang='lat' dir='ltr'><strong>Ludov.</strong></span> <span class='ocrx_word' id='word_1_719' title='bbox 816 5093 1004 5153; x_wconf 67' lang='lat' dir='ltr'><strong>Cellbt.</strong></span> <span class='ocrx_word' id='word_1_720' title='bbox 1034 5097 1092 5152; x_wconf 91' lang='lat' dir='ltr'><strong>S.</strong></span> <span class='ocrx_word' id='word_1_721' title='bbox 1141 5098 1178 5153; x_wconf 88' lang='grc' dir='ltr'>Ι.</span> <span class='ocrx_word' id='word_1_722' title='bbox 1211 5101 1337 5154; x_wconf 88' lang='lat' dir='ltr'><strong>hist.</strong></span> <span class='ocrx_word' id='word_1_723' title='bbox 1366 5093 1623 5154; x_wconf 76' lang='lat' dir='ltr'><strong>Cotbesc.</strong></span> <span class='ocrx_word' id='word_1_724' title='bbox 1665 5117 1714 5169; x_wconf 90' lang='lat' dir='ltr'><strong>p.</strong></span> <span class='ocrx_word' id='word_1_725' title='bbox 1752 5099 1852 5152; x_wconf 77' lang='lat' dir='ltr'><strong>Mt)</strong></span> 
     </span>
    </p>
   </div>
   <div class='ocr_carea' id='block_1_98' title="bbox 282 5177 1745 5310">
    <p class='ocr_par' dir='ltr' id='par_1_98' title="bbox 282 5177 1745 5310">
     <span class='ocr_line' id='line_1_98' title="bbox 282 5177 1745 5310; baseline 0.001 -16"><span class='ocrx_word' id='word_1_726' title='bbox 282 5177 422 5310; x_wconf 46' lang='lat' dir='ltr'><strong>mia)</strong></span> <span class='ocrx_word' id='word_1_727' title='bbox 460 5235 544 5310; x_wconf 69' lang='lat' dir='ltr'><strong>Cf.</strong></span> <span class='ocrx_word' id='word_1_728' title='bbox 565 5237 774 5310; x_wconf 63' lang='lat' dir='ltr'><strong>Eccles.</strong></span> <span class='ocrx_word' id='word_1_729' title='bbox 808 5236 974 5310; x_wconf 76' lang='lat' dir='ltr'><strong>Lugd.</strong></span> <span class='ocrx_word' id='word_1_730' title='bbox 1007 5239 1097 5294; x_wconf 88' lang='lat' dir='ltr'><strong>lib.</strong></span> <span class='ocrx_word' id='word_1_731' title='bbox 1133 5238 1301 5310; x_wconf 85' lang='lat' dir='ltr'><strong>praef.</strong></span> <span class='ocrx_word' id='word_1_732' title='bbox 1330 5240 1364 5294; x_wconf 90' lang='grc'><strong>1.</strong></span> <span class='ocrx_word' id='word_1_733' title='bbox 1396 5239 1436 5294; x_wconf 87' lang='lat' dir='ltr'><strong>l.</strong></span> <span class='ocrx_word' id='word_1_734' title='bbox 1463 5255 1515 5309; x_wconf 90' lang='lat' dir='ltr'><strong>p.</strong></span> <span class='ocrx_word' id='word_1_735' title='bbox 1549 5239 1645 5294; x_wconf 89' lang='grc'><strong>611</strong></span> <span class='ocrx_word' id='word_1_736' title='bbox 1681 5238 1745 5296; x_wconf 82' lang='grc'><strong>11.</strong></span> 
     </span>
    </p>
   </div>
   <div class='ocr_carea' id='block_1_99' title="bbox 349 5307 1400 5382">
    <p class='ocr_par' dir='ltr' id='par_1_99' title="bbox 349 5307 1400 5382">
     <span class='ocr_line' id='line_1_99' title="bbox 349 5307 1400 5382; baseline 0.006 -23"><span class='ocrx_word' id='word_1_737' title='bbox 349 5307 416 5382; x_wconf 83' lang='lat' dir='ltr'><strong>(e_)_</strong></span> <span class='ocrx_word' id='word_1_738' title='bbox 658 5309 821 5382; x_wconf 71' lang='lat' dir='ltr'><strong>Prud.</strong></span> <span class='ocrx_word' id='word_1_739' title='bbox 849 5307 958 5382; x_wconf 51' lang='lat' dir='ltr'><strong>lfl.</strong></span> <span class='ocrx_word' id='word_1_740' title='bbox 989 5325 1044 5379; x_wconf 88' lang='lat' dir='ltr'><strong>p.</strong></span> <span class='ocrx_word' id='word_1_741' title='bbox 1073 5307 1250 5382; x_wconf 50' lang='lat' dir='ltr'><strong>5l&#39;9_ll</strong></span> <span class='ocrx_word' id='word_1_742' title='bbox 1284 5327 1400 5381; x_wconf 91' lang='lat' dir='ltr'><strong>seq.</strong></span> 
     </span>
    </p>
   </div>
   <div class='ocr_carea' id='block_1_100' title="bbox 282 5377 1852 5499">
    <p class='ocr_par' dir='ltr' id='par_1_100' title="bbox 282 5377 1852 5499">
     <span class='ocr_line' id='line_1_100' title="bbox 282 5377 1852 5499; baseline 0.006 -69"><span class='ocrx_word' id='word_1_743' title='bbox 282 5377 432 5499; x_wconf 45' lang='lat' dir='ltr'><strong>miti)!</strong></span> <span class='ocrx_word' id='word_1_744' title='bbox 461 5377 542 5431; x_wconf 81' lang='lat' dir='ltr'><strong>Cf.</strong></span> <span class='ocrx_word' id='word_1_745' title='bbox 567 5378 734 5434; x_wconf 90' lang='lat' dir='ltr'><strong>Cone.</strong></span> <span class='ocrx_word' id='word_1_746' title='bbox 766 5379 974 5435; x_wconf 80' lang='lat' dir='ltr'><strong>Valent.</strong></span> <span class='ocrx_word' id='word_1_747' title='bbox 995 5377 1154 5452; x_wconf 73' lang='lat' dir='ltr'><strong>apud</strong></span> <span class='ocrx_word' id='word_1_748' title='bbox 1184 5377 1376 5437; x_wconf 70' lang='lat' dir='ltr'><strong>Mansi.</strong></span> <span class='ocrx_word' id='word_1_749' title='bbox 1420 5381 1456 5435; x_wconf 92' lang='lat' dir='ltr'><strong>l.</strong></span> <span class='ocrx_word' id='word_1_750' title='bbox 1501 5380 1541 5435; x_wconf 90' lang='lat' dir='ltr'><strong>l.</strong></span> <span class='ocrx_word' id='word_1_751' title='bbox 1575 5389 1705 5436; x_wconf 89' lang='lat' dir='ltr'><strong>tom.</strong></span> <span class='ocrx_word' id='word_1_752' title='bbox 1735 5378 1852 5439; x_wconf 74' lang='lat' dir='ltr'><strong>XV.</strong></span> 
     </span>
     <span class='ocr_line' id='line_1_101' title="bbox 289 5465 581 5499; baseline 0.01 -3"><span class='ocrx_word' id='word_1_753' title='bbox 289 5489 292 5492; x_wconf 86' lang='lat'><strong>.</strong></span> <span class='ocrx_word' id='word_1_754' title='bbox 363 5485 375 5496; x_wconf 89' lang='lat'><strong>.</strong></span> <span class='ocrx_word' id='word_1_755' title='bbox 465 5465 581 5499; x_wconf 69' lang='lat'><strong>$80.</strong></span> 
     </span>
    </p>
   </div>
   <div class='ocr_carea' id='block_1_101' title="bbox 289 5465 581 5504">
    <p class='ocr_par' dir='ltr' id='par_1_101' title="bbox 289 5465 581 5504">
     <span class='ocr_line' id='line_1_102' title="bbox 289 5465 581 5504; baseline 0.024 -6"><span class='ocrx_word' id='word_1_756' title='bbox 289 5465 375 5498; x_wconf 69' lang='lat' dir='ltr'><strong>aur.</strong></span> <span class='ocrx_word' id='word_1_757' title='bbox 411 5465 432 5499; x_wconf 87' lang='grc' dir='ltr'><strong>ι</strong></span> <span class='ocrx_word' id='word_1_758' title='bbox 465 5465 581 5504; x_wconf 76' lang='lat' dir='ltr'><strong>seu.</strong></span> 
     </span>
    </p>
   </div>
   <div class='ocr_carea' id='block_1_102' title="bbox 350 5465 1349 5595">
    <p class='ocr_par' dir='ltr' id='par_1_102' title="bbox 350 5465 1349 5595">
     <span class='ocr_line' id='line_1_103' title="bbox 350 5465 1349 5595; baseline 0.006 -23"><span class='ocrx_word' id='word_1_759' title='bbox 638 5519 678 5595; x_wconf 79' lang='lat' dir='ltr'><strong>l.</strong></span> <span class='ocrx_word' id='word_1_760' title='bbox 711 5535 833 5574; x_wconf 88' lang='lat' dir='ltr'><strong>can.</strong></span> <span class='ocrx_word' id='word_1_761' title='bbox 862 5521 944 5595; x_wconf 46' lang='grc' dir='ltr'><strong>Ἦ)</strong></span> <span class='ocrx_word' id='word_1_762' title='bbox 972 5523 1072 5577; x_wconf 87' lang='lat' dir='ltr'><strong>col.</strong></span> <span class='ocrx_word' id='word_1_763' title='bbox 1104 5523 1138 5578; x_wconf 90' lang='lat'><strong><em>6</em></strong></span> <span class='ocrx_word' id='word_1_764' title='bbox 1164 5523 1204 5577; x_wconf 88' lang='lat' dir='ltr'>D</span> <span class='ocrx_word' id='word_1_765' title='bbox 1233 5539 1349 5595; x_wconf 88' lang='lat' dir='ltr'><strong>seq.</strong></span> 
     </span>
    </p>
   </div>
   <div class='ocr_carea' id='block_1_103' title="bbox 351 5589 1252 5655">
    <p class='ocr_par' dir='ltr' id='par_1_103' title="bbox 351 5589 1252 5655">
     <span class='ocr_line' id='line_1_104' title="bbox 351 5589 1252 5655; baseline 0.013 -19"><span class='ocrx_word' id='word_1_766' title='bbox 351 5593 426 5655; x_wconf 76' lang='lat' dir='ltr'><strong>th)</strong></span> <span class='ocrx_word' id='word_1_767' title='bbox 466 5589 543 5641; x_wconf 85' lang='lat' dir='ltr'><strong>Cf.</strong></span> <span class='ocrx_word' id='word_1_768' title='bbox 577 5591 611 5642; x_wconf 91' lang='grc' dir='ltr'>Ι.</span> <span class='ocrx_word' id='word_1_769' title='bbox 643 5591 680 5643; x_wconf 89' lang='grc'><strong>1.</strong></span> <span class='ocrx_word' id='word_1_770' title='bbox 713 5608 834 5645; x_wconf 85' lang='lat' dir='ltr'><strong>can.</strong></span> <span class='ocrx_word' id='word_1_771' title='bbox 872 5592 959 5653; x_wconf 78' lang='lat' dir='ltr'><strong>IV,</strong></span> <span class='ocrx_word' id='word_1_772' title='bbox 995 5595 1099 5648; x_wconf 89' lang='lat' dir='ltr'><strong>col.</strong></span> <span class='ocrx_word' id='word_1_773' title='bbox 1127 5595 1161 5650; x_wconf 82' lang='grc'><strong>5</strong></span> <span class='ocrx_word' id='word_1_774' title='bbox 1192 5595 1252 5650; x_wconf 83' lang='lat' dir='ltr'><strong>D.</strong></span> 
     </span>
    </p>
   </div>
   <div class='ocr_carea' id='block_1_104' title="bbox 351 5657 1488 5727">
    <p class='ocr_par' dir='ltr' id='par_1_104' title="bbox 351 5657 1488 5727">
     <span class='ocr_line' id='line_1_105' title="bbox 351 5657 1488 5727; baseline 0.009 -16"><span class='ocrx_word' id='word_1_775' title='bbox 351 5660 411 5722; x_wconf 70' lang='lat' dir='ltr'><strong>(ii</strong></span> <span class='ocrx_word' id='word_1_776' title='bbox 450 5657 531 5710; x_wconf 84' lang='lat' dir='ltr'><strong>Cf.</strong></span> <span class='ocrx_word' id='word_1_777' title='bbox 559 5660 750 5716; x_wconf 78' lang='lat' dir='ltr'><strong>Mansi.</strong></span> <span class='ocrx_word' id='word_1_778' title='bbox 779 5671 908 5717; x_wconf 87' lang='lat' dir='ltr'><strong>tom.</strong></span> <span class='ocrx_word' id='word_1_779' title='bbox 941 5663 1058 5727; x_wconf 75' lang='lat' dir='ltr'><strong>XV,</strong></span> <span class='ocrx_word' id='word_1_780' title='bbox 1092 5666 1195 5719; x_wconf 87' lang='lat' dir='ltr'><strong>col.</strong></span> <span class='ocrx_word' id='word_1_781' title='bbox 1229 5664 1330 5720; x_wconf 79' lang='grc'>558</span> <span class='ocrx_word' id='word_1_782' title='bbox 1358 5665 1488 5721; x_wconf 82' lang='grc' dir='ltr'>Α-Β.</span> 
     </span>
    </p>
   </div>
   <div class='ocr_carea' id='block_1_105' title="bbox 530 5760 1086 5820">
    <p class='ocr_par' dir='ltr' id='par_1_105' title="bbox 530 5760 1086 5820">
     <span class='ocr_line' id='line_1_106' title="bbox 530 5760 1086 5820; baseline 0 0"><span class='ocrx_word' id='word_1_783' title='bbox 530 5761 775 5820; x_wconf 64' lang='lat' dir='ltr'><strong>Parum.</strong></span> <span class='ocrx_word' id='word_1_784' title='bbox 837 5760 1086 5820; x_wconf 74' lang='lat' dir='ltr'><strong>CXth.</strong></span> 
     </span>
    </p>
   </div>
   <div class='ocr_carea' id='block_1_106' title="bbox 1954 4534 3534 4657">
    <p class='ocr_par' dir='ltr' id='par_1_106' title="bbox 1954 4534 3534 4657">
     <span class='ocr_line' id='line_1_107' title="bbox 1954 4534 3534 4657; baseline -0.001 -63"><span class='ocrx_word' id='word_1_785' title='bbox 1954 4534 2242 4606; x_wconf 81' lang='lat' dir='ltr'><strong>relinquit;</strong></span> <span class='ocrx_word' id='word_1_786' title='bbox 2292 4534 2646 4590; x_wconf 89' lang='lat' dir='ltr'><strong>Schlueterus</strong></span> <span class='ocrx_word' id='word_1_787' title='bbox 2797 4535 2836 4588; x_wconf 93' lang='grc'><strong>1.</strong></span> <span class='ocrx_word' id='word_1_788' title='bbox 2887 4552 2940 4606; x_wconf 91' lang='lat' dir='ltr'><strong>p.</strong></span> <span class='ocrx_word' id='word_1_789' title='bbox 2992 4536 3090 4603; x_wconf 75' lang='grc' dir='ltr'><strong>Ν)</strong></span> <span class='ocrx_word' id='word_1_790' title='bbox 3137 4539 3268 4591; x_wconf 90' lang='lat' dir='ltr'><strong>haec</strong></span> <span class='ocrx_word' id='word_1_791' title='bbox 3315 4539 3475 4593; x_wconf 90' lang='lat' dir='ltr'><strong>habet</strong></span> <span class='ocrx_word' id='word_1_792' title='bbox 3520 4557 3534 4592; x_wconf 90' lang='lat'><strong>:</strong></span> 
     </span>
     <span class='ocr_line' id='line_1_108' title="bbox 1961 4605 3534 4657; baseline 0 0"><span class='ocrx_word' id='word_1_793' title='bbox 1961 4629 1978 4657; x_wconf 75' lang='grc' dir='ltr'>ι</span> <span class='ocrx_word' id='word_1_794' title='bbox 2023 4609 2136 4657; x_wconf 80' lang='lat' dir='ltr'><strong>Nic.</strong></span> <span class='ocrx_word' id='word_1_795' title='bbox 2180 4607 2200 4657; x_wconf 89' lang='lat' dir='ltr'><strong>l</strong></span> <span class='ocrx_word' id='word_1_796' title='bbox 2239 4621 2434 4657; x_wconf 91' lang='lat' dir='ltr'><strong>canon.</strong></span> <span class='ocrx_word' id='word_1_797' title='bbox 2483 4620 2636 4657; x_wconf 90' lang='lat' dir='ltr'><strong>conc.</strong></span> <span class='ocrx_word' id='word_1_798' title='bbox 2733 4605 2802 4657; x_wconf 87' lang='lat' dir='ltr'><strong>al.</strong></span> <span class='ocrx_word' id='word_1_799' title='bbox 2849 4645 2862 4657; x_wconf 98' lang='lat'><strong>.</strong></span> <span class='ocrx_word' id='word_1_800' title='bbox 2908 4646 2921 4657; x_wconf 97' lang='lat'><strong>.</strong></span> <span class='ocrx_word' id='word_1_801' title='bbox 2969 4607 3311 4657; x_wconf 85' lang='lat' dir='ltr'><strong>conﬁrmavit</strong></span> <span class='ocrx_word' id='word_1_802' title='bbox 3347 4625 3401 4657; x_wconf 75' lang='grc' dir='ltr'><strong>»ε</strong></span> <span class='ocrx_word' id='word_1_803' title='bbox 3438 4609 3534 4657; x_wconf 79' lang='lat' dir='ltr'><strong>ad-</strong></span> 
     </span>
    </p>
   </div>
   <div class='ocr_carea' id='block_1_107' title="bbox 1961 4605 3534 4672">
    <p class='ocr_par' dir='ltr' id='par_1_107' title="bbox 1961 4605 3534 4672">
     <span class='ocr_line' id='line_1_109' title="bbox 1961 4605 3534 4672; baseline 0.002 -13"><span class='ocrx_word' id='word_1_804' title='bbox 1961 4629 1978 4659; x_wconf 76' lang='lat' dir='ltr'><strong>r</strong></span> <span class='ocrx_word' id='word_1_805' title='bbox 2022 4605 2136 4662; x_wconf 71' lang='lat' dir='ltr'><strong>Nic.</strong></span> <span class='ocrx_word' id='word_1_806' title='bbox 2180 4607 2200 4660; x_wconf 90' lang='lat' dir='ltr'><strong>l</strong></span> <span class='ocrx_word' id='word_1_807' title='bbox 2239 4621 2434 4661; x_wconf 90' lang='lat' dir='ltr'><strong>canon.</strong></span> <span class='ocrx_word' id='word_1_808' title='bbox 2483 4620 2636 4658; x_wconf 92' lang='lat' dir='ltr'><strong>conc.</strong></span> <span class='ocrx_word' id='word_1_809' title='bbox 2683 4605 2802 4658; x_wconf 81' lang='lat' dir='ltr'><strong>Val.</strong></span> <span class='ocrx_word' id='word_1_810' title='bbox 2849 4645 2862 4658; x_wconf 97' lang='lat'><strong>.</strong></span> <span class='ocrx_word' id='word_1_811' title='bbox 2890 4605 2921 4659; x_wconf 46' lang='grc'>“.</span> <span class='ocrx_word' id='word_1_812' title='bbox 2969 4607 3311 4662; x_wconf 86' lang='lat' dir='ltr'><strong>conﬁrmavit</strong></span> <span class='ocrx_word' id='word_1_813' title='bbox 3347 4625 3401 4672; x_wconf 81' lang='grc'><strong>›;</strong></span> <span class='ocrx_word' id='word_1_814' title='bbox 3438 4609 3534 4663; x_wconf 89' lang='lat' dir='ltr'><strong>ad-</strong></span> 
     </span>
    </p>
   </div>
   <div class='ocr_carea' id='block_1_108' title="bbox 1955 4675 3542 4748">
    <p class='ocr_par' dir='ltr' id='par_1_108' title="bbox 1955 4675 3542 4748">
     <span class='ocr_line' id='line_1_110' title="bbox 1955 4675 3542 4748; baseline 0.001 -17"><span class='ocrx_word' id='word_1_815' title='bbox 1955 4678 2089 4732; x_wconf 90' lang='lat' dir='ltr'><strong>dens</strong></span> <span class='ocrx_word' id='word_1_816' title='bbox 2119 4695 2130 4730; x_wconf 93' lang='lat'>:</span> <span class='ocrx_word' id='word_1_817' title='bbox 2171 4699 2187 4727; x_wconf 78' lang='grc' dir='ltr'>ι</span> <span class='ocrx_word' id='word_1_818' title='bbox 2206 4696 2240 4748; x_wconf 16' lang='grc' dir='ltr'><strong>«γ</strong></span> <span class='ocrx_word' id='word_1_819' title='bbox 2264 4675 2539 4730; x_wconf 80' lang='lat' dir='ltr'><strong>Venenum</strong></span> <span class='ocrx_word' id='word_1_820' title='bbox 2579 4693 2632 4748; x_wconf 55' lang='grc' dir='ltr'><strong>ρ</strong></span> <span class='ocrx_word' id='word_1_821' title='bbox 2656 4675 2970 4748; x_wconf 80' lang='lat' dir='ltr'><strong>dogmatum</strong></span> <span class='ocrx_word' id='word_1_822' title='bbox 2997 4679 3254 4748; x_wconf 78' lang='lat' dir='ltr'><strong>Erigonae</strong></span> <span class='ocrx_word' id='word_1_823' title='bbox 3279 4681 3542 4748; x_wconf 87' lang='lat' dir='ltr'><strong>perstrin-</strong></span> 
     </span>
    </p>
   </div>
   <div class='ocr_carea' id='block_1_109' title="bbox 1956 4745 3462 4817">
    <p class='ocr_par' dir='ltr' id='par_1_109' title="bbox 1956 4745 3462 4817">
     <span class='ocr_line' id='line_1_111' title="bbox 1956 4745 3462 4817; baseline 0.002 -18"><span class='ocrx_word' id='word_1_824' title='bbox 1956 4750 2200 4817; x_wconf 82' lang='lat' dir='ltr'><strong>gebatur,</strong></span> <span class='ocrx_word' id='word_1_825' title='bbox 2231 4747 2343 4815; x_wconf 84' lang='lat' dir='ltr'><strong>ipse</strong></span> <span class='ocrx_word' id='word_1_826' title='bbox 2371 4755 2547 4817; x_wconf 71' lang='lat' dir='ltr'><strong>tamen</strong></span> <span class='ocrx_word' id='word_1_827' title='bbox 2579 4745 2807 4817; x_wconf 79' lang='lat' dir='ltr'><strong>Erigena</strong></span> <span class='ocrx_word' id='word_1_828' title='bbox 2834 4747 2976 4800; x_wconf 86' lang='lat' dir='ltr'><strong>haud</strong></span> <span class='ocrx_word' id='word_1_829' title='bbox 3005 4745 3292 4802; x_wconf 80' lang='lat' dir='ltr'><strong>damnatus</strong></span> <span class='ocrx_word' id='word_1_830' title='bbox 3314 4758 3396 4803; x_wconf 92' lang='lat' dir='ltr'><strong>est</strong></span> <span class='ocrx_word' id='word_1_831' title='bbox 3421 4767 3462 4802; x_wconf 74' lang='grc' dir='ltr'>ι.</span> 
     </span>
    </p>
   </div>
   <div class='ocr_carea' id='block_1_110' title="bbox 2031 4815 3532 4888">
    <p class='ocr_par' dir='ltr' id='par_1_110' title="bbox 2031 4815 3532 4888">
     <span class='ocr_line' id='line_1_112' title="bbox 2031 4815 3532 4888; baseline 0.001 -18"><span class='ocrx_word' id='word_1_832' title='bbox 2031 4817 2100 4888; x_wconf 72' lang='lat' dir='ltr'><strong>(Ic)</strong></span> <span class='ocrx_word' id='word_1_833' title='bbox 2144 4817 2242 4871; x_wconf 88' lang='lat' dir='ltr'><strong>Hic</strong></span> <span class='ocrx_word' id='word_1_834' title='bbox 2281 4819 2340 4888; x_wconf 78' lang='lat' dir='ltr'><strong>in</strong></span> <span class='ocrx_word' id='word_1_835' title='bbox 2380 4815 2764 4871; x_wconf 82' lang='lat' dir='ltr'><strong>Suessiouibus</strong></span> <span class='ocrx_word' id='word_1_836' title='bbox 2811 4817 3148 4882; x_wconf 88' lang='lat' dir='ltr'><strong>lunuillimo,</strong></span> <span class='ocrx_word' id='word_1_837' title='bbox 3197 4829 3252 4872; x_wconf 90' lang='lat' dir='ltr'><strong>ut</strong></span> <span class='ocrx_word' id='word_1_838' title='bbox 3297 4819 3532 4880; x_wconf 87' lang='lat' dir='ltr'><strong>videtur,</strong></span> 
     </span>
    </p>
   </div>
   <div class='ocr_carea' id='block_1_111' title="bbox 1957 4885 3538 4957">
    <p class='ocr_par' dir='ltr' id='par_1_111' title="bbox 1957 4885 3538 4957">
     <span class='ocr_line' id='line_1_113' title="bbox 1957 4885 3538 4957; baseline 0 -15"><span class='ocrx_word' id='word_1_839' title='bbox 1957 4885 2248 4943; x_wconf 47' lang='lat' dir='ltr'><strong>loco&#39;ortus</strong></span> <span class='ocrx_word' id='word_1_840' title='bbox 2272 4885 2384 4952; x_wconf 90' lang='lat' dir='ltr'><strong>jam</strong></span> <span class='ocrx_word' id='word_1_841' title='bbox 2408 4902 2437 4939; x_wconf 90' lang='lat' dir='ltr'><strong>a</strong></span> <span class='ocrx_word' id='word_1_842' title='bbox 2465 4901 2633 4954; x_wconf 91' lang='lat' dir='ltr'><strong>puero</strong></span> <span class='ocrx_word' id='word_1_843' title='bbox 2661 4890 2985 4957; x_wconf 86' lang='lat' dir='ltr'><strong>monasteria</strong></span> <span class='ocrx_word' id='word_1_844' title='bbox 3039 4905 3230 4957; x_wconf 85' lang='lat' dir='ltr'><strong>resque</strong></span> <span class='ocrx_word' id='word_1_845' title='bbox 3263 4890 3538 4944; x_wconf 88' lang='lat' dir='ltr'><strong>monachi-</strong></span> 
     </span>
    </p>
   </div>
   <div class='ocr_carea' id='block_1_112' title="bbox 1959 4955 3540 5020">
    <p class='ocr_par' dir='ltr' id='par_1_112' title="bbox 1959 4955 3540 5020">
     <span class='ocr_line' id='line_1_114' title="bbox 1959 4955 3540 5020; baseline -0.001 -6"><span class='ocrx_word' id='word_1_846' title='bbox 1959 4975 2050 5014; x_wconf 80' lang='lat' dir='ltr'><strong>eas</strong></span> <span class='ocrx_word' id='word_1_847' title='bbox 2075 4969 2313 5020; x_wconf 87' lang='lat' dir='ltr'><strong>secutus,</strong></span> <span class='ocrx_word' id='word_1_848' title='bbox 2339 4959 2552 5010; x_wconf 90' lang='lat' dir='ltr'><strong>tandem</strong></span> <span class='ocrx_word' id='word_1_849' title='bbox 2579 4957 2632 5009; x_wconf 93' lang='lat' dir='ltr'><strong>in</strong></span> <span class='ocrx_word' id='word_1_850' title='bbox 2651 4955 2974 5011; x_wconf 86' lang='lat' dir='ltr'><strong>Corheieuse</strong></span> <span class='ocrx_word' id='word_1_851' title='bbox 2991 4955 3308 5012; x_wconf 83' lang='lat' dir='ltr'><strong>coenobium</strong></span> <span class='ocrx_word' id='word_1_852' title='bbox 3332 4973 3392 5014; x_wconf 89' lang='lat' dir='ltr'><strong>se</strong></span> <span class='ocrx_word' id='word_1_853' title='bbox 3409 4975 3540 5014; x_wconf 85' lang='lat' dir='ltr'><strong>con-</strong></span> 
     </span>
    </p>
   </div>
   <div class='ocr_carea' id='block_1_113' title="bbox 1960 5027 3536 5097">
    <p class='ocr_par' dir='ltr' id='par_1_113' title="bbox 1960 5027 3536 5097">
     <span class='ocr_line' id='line_1_115' title="bbox 1960 5027 3536 5097; baseline -0.001 -15"><span class='ocrx_word' id='word_1_854' title='bbox 1960 5029 2100 5091; x_wconf 93' lang='lat' dir='ltr'><strong>tulit,</strong></span> <span class='ocrx_word' id='word_1_855' title='bbox 2126 5027 2278 5093; x_wconf 90' lang='lat' dir='ltr'><strong>cujus</strong></span> <span class='ocrx_word' id='word_1_856' title='bbox 2306 5028 2538 5097; x_wconf 90' lang='lat' dir='ltr'><strong>primum</strong></span> <span class='ocrx_word' id='word_1_857' title='bbox 2563 5027 2859 5082; x_wconf 88' lang='lat' dir='ltr'><strong>monachus</strong></span> <span class='ocrx_word' id='word_1_858' title='bbox 2881 5028 3074 5082; x_wconf 84' lang='lat' dir='ltr'><strong>deinde</strong></span> <span class='ocrx_word' id='word_1_859' title='bbox 3100 5031 3325 5083; x_wconf 88' lang='lat' dir='ltr'><strong>antistes</strong></span> <span class='ocrx_word' id='word_1_860' title='bbox 3347 5031 3536 5084; x_wconf 75' lang='lat' dir='ltr'><strong>evasit.</strong></span> 
     </span>
    </p>
   </div>
   <div class='ocr_carea' id='block_1_114' title="bbox 1964 5097 3542 5168">
    <p class='ocr_par' dir='ltr' id='par_1_114' title="bbox 1964 5097 3542 5168">
     <span class='ocr_line' id='line_1_116' title="bbox 1964 5097 3542 5168; baseline 0 -16"><span class='ocrx_word' id='word_1_861' title='bbox 1964 5098 2106 5153; x_wconf 79' lang='lat' dir='ltr'><strong>Vixit</strong></span> <span class='ocrx_word' id='word_1_862' title='bbox 2139 5107 2316 5152; x_wconf 90' lang='lat' dir='ltr'><strong>autem</strong></span> <span class='ocrx_word' id='word_1_863' title='bbox 2356 5112 2453 5166; x_wconf 89' lang='lat' dir='ltr'><strong>per</strong></span> <span class='ocrx_word' id='word_1_864' title='bbox 2496 5097 2724 5165; x_wconf 89' lang='lat' dir='ltr'><strong>primam</strong></span> <span class='ocrx_word' id='word_1_865' title='bbox 2771 5097 2935 5152; x_wconf 88' lang='lat' dir='ltr'><strong>seculi</strong></span> <span class='ocrx_word' id='word_1_866' title='bbox 2973 5101 3096 5153; x_wconf 90' lang='lat' dir='ltr'><strong>noui</strong></span> <span class='ocrx_word' id='word_1_867' title='bbox 3131 5110 3338 5168; x_wconf 88' lang='lat' dir='ltr'><strong>partem</strong></span> <span class='ocrx_word' id='word_1_868' title='bbox 3384 5100 3542 5152; x_wconf 87' lang='lat' dir='ltr'><strong>dimi-</strong></span> 
     </span>
    </p>
   </div>
   <div class='ocr_carea' id='block_1_115' title="bbox 1958 5168 3538 5238">
    <p class='ocr_par' dir='ltr' id='par_1_115' title="bbox 1958 5168 3538 5238">
     <span class='ocr_line' id='line_1_117' title="bbox 1958 5168 3538 5238; baseline -0.003 -12"><span class='ocrx_word' id='word_1_869' title='bbox 1958 5173 2124 5232; x_wconf 86' lang='lat' dir='ltr'><strong>diam,</strong></span> <span class='ocrx_word' id='word_1_870' title='bbox 2152 5177 2314 5237; x_wconf 87' lang='lat' dir='ltr'><strong>atque</strong></span> <span class='ocrx_word' id='word_1_871' title='bbox 2344 5169 2412 5222; x_wconf 90' lang='lat' dir='ltr'><strong>ab</strong></span> <span class='ocrx_word' id='word_1_872' title='bbox 2440 5168 2745 5238; x_wconf 85' lang='lat' dir='ltr'><strong>eruditione</strong></span> <span class='ocrx_word' id='word_1_873' title='bbox 2773 5183 2836 5222; x_wconf 90' lang='lat' dir='ltr'><strong>ac</strong></span> <span class='ocrx_word' id='word_1_874' title='bbox 2861 5170 3128 5232; x_wconf 82' lang='lat' dir='ltr'><strong>doctrina,</strong></span> <span class='ocrx_word' id='word_1_875' title='bbox 3156 5185 3304 5238; x_wconf 81' lang='lat' dir='ltr'><strong>quae</strong></span> <span class='ocrx_word' id='word_1_876' title='bbox 3325 5169 3538 5222; x_wconf 80' lang='lat' dir='ltr'><strong>illorum</strong></span> 
     </span>
    </p>
   </div>
   <div class='ocr_carea' id='block_1_116' title="bbox 1960 5237 3537 5311">
    <p class='ocr_par' dir='ltr' id='par_1_116' title="bbox 1960 5237 3537 5311">
     <span class='ocr_line' id='line_1_118' title="bbox 1960 5237 3537 5311; baseline -0.003 -16"><span class='ocrx_word' id='word_1_877' title='bbox 1960 5251 2259 5311; x_wconf 78' lang='lat' dir='ltr'><strong>temporqu</strong></span> <span class='ocrx_word' id='word_1_878' title='bbox 2285 5248 2368 5311; x_wconf 85' lang='lat' dir='ltr'><strong>est</strong></span> <span class='ocrx_word' id='word_1_879' title='bbox 2411 5237 2572 5311; x_wconf 67' lang='lat' dir='ltr'><strong>ratio,</strong></span> <span class='ocrx_word' id='word_1_880' title='bbox 2605 5238 2892 5293; x_wconf 88' lang='lat' dir='ltr'><strong>admodum</strong></span> <span class='ocrx_word' id='word_1_881' title='bbox 2943 5237 3238 5295; x_wconf 80' lang='lat' dir='ltr'><strong>instructus</strong></span> <span class='ocrx_word' id='word_1_882' title='bbox 3286 5237 3405 5292; x_wconf 87' lang='lat' dir='ltr'><strong>fuit.</strong></span> <span class='ocrx_word' id='word_1_883' title='bbox 3453 5237 3537 5311; x_wconf 69' lang='lat' dir='ltr'><strong>(2f.</strong></span> 
     </span>
    </p>
   </div>
   <div class='ocr_carea' id='block_1_117' title="bbox 1963 5305 3538 5380">
    <p class='ocr_par' dir='ltr' id='par_1_117' title="bbox 1963 5305 3538 5380">
     <span class='ocr_line' id='line_1_119' title="bbox 1963 5305 3538 5380; baseline -0.004 -15"><span class='ocrx_word' id='word_1_884' title='bbox 1963 5305 2104 5366; x_wconf 73' lang='lat' dir='ltr'><strong>Misi.</strong></span> <span class='ocrx_word' id='word_1_885' title='bbox 2131 5309 2290 5363; x_wconf 79' lang='lat' dir='ltr'><strong>littér.</strong></span> <span class='ocrx_word' id='word_1_886' title='bbox 2322 5308 2387 5380; x_wconf 77' lang='lat' dir='ltr'><strong>de</strong></span> <span class='ocrx_word' id='word_1_887' title='bbox 2416 5307 2468 5361; x_wconf 84' lang='lat' dir='ltr'><strong>la</strong></span> <span class='ocrx_word' id='word_1_888' title='bbox 2499 5305 2547 5359; x_wconf 88' lang='lat' dir='ltr'><em>F</em></span> <span class='ocrx_word' id='word_1_889' title='bbox 2553 5324 2728 5372; x_wconf 86' lang='lat' dir='ltr'><strong>rauce,</strong></span> <span class='ocrx_word' id='word_1_890' title='bbox 2760 5319 2888 5366; x_wconf 91' lang='lat' dir='ltr'><strong>tom.</strong></span> <span class='ocrx_word' id='word_1_891' title='bbox 2927 5311 2988 5375; x_wconf 85' lang='lat' dir='ltr'><strong>V,</strong></span> <span class='ocrx_word' id='word_1_892' title='bbox 3020 5326 3072 5380; x_wconf 93' lang='lat' dir='ltr'><strong>p.</strong></span> <span class='ocrx_word' id='word_1_893' title='bbox 3099 5311 3204 5365; x_wconf 75' lang='lat'><strong>287</strong></span> <span class='ocrx_word' id='word_1_894' title='bbox 3241 5323 3378 5377; x_wconf 91' lang='lat' dir='ltr'><strong>seq.,</strong></span> <span class='ocrx_word' id='word_1_895' title='bbox 3415 5309 3538 5378; x_wconf 80' lang='lat' dir='ltr'><strong>qui-</strong></span> 
     </span>
    </p>
   </div>
   <div class='ocr_carea' id='block_1_118' title="bbox 1958 5379 2864 5452">
    <p class='ocr_par' dir='ltr' id='par_1_118' title="bbox 1958 5379 2864 5452">
     <span class='ocr_line' id='line_1_120' title="bbox 1958 5379 2864 5452; baseline -0.001 -17"><span class='ocrx_word' id='word_1_896' title='bbox 1958 5397 2064 5452; x_wconf 88' lang='lat' dir='ltr'><strong>que</strong></span> <span class='ocrx_word' id='word_1_897' title='bbox 2092 5395 2168 5452; x_wconf 86' lang='lat' dir='ltr'><strong>eo_</strong></span> <span class='ocrx_word' id='word_1_898' title='bbox 2181 5380 2309 5452; x_wconf 68' lang='lat' dir='ltr'><strong>loco</strong></span> <span class='ocrx_word' id='word_1_899' title='bbox 2328 5379 2566 5434; x_wconf 88' lang='lat' dir='ltr'><strong>citantur</strong></span> <span class='ocrx_word' id='word_1_900' title='bbox 2594 5391 2864 5452; x_wconf 80' lang='lat' dir='ltr'><strong>auctores.</strong></span> 
     </span>
    </p>
   </div>
   <div class='ocr_carea' id='block_1_119' title="bbox 2033 5447 3538 5523">
    <p class='ocr_par' dir='ltr' id='par_1_119' title="bbox 2033 5447 3538 5523">
     <span class='ocr_line' id='line_1_121' title="bbox 2033 5447 3538 5523; baseline -0.001 -19"><span class='ocrx_word' id='word_1_901' title='bbox 2033 5453 2094 5523; x_wconf 78' lang='grc' dir='ltr'><strong>(Ι)</strong></span> <span class='ocrx_word' id='word_1_902' title='bbox 2130 5447 2214 5506; x_wconf 85' lang='lat' dir='ltr'><strong>Cf.</strong></span> <span class='ocrx_word' id='word_1_903' title='bbox 2263 5447 2490 5523; x_wconf 73' lang='lat' dir='ltr'><strong>Marteu.</strong></span> <span class='ocrx_word' id='word_1_904' title='bbox 2521 5457 2573 5523; x_wconf 74' lang='lat' dir='ltr'><strong>et</strong></span> <span class='ocrx_word' id='word_1_905' title='bbox 2600 5450 2856 5523; x_wconf 38' lang='lat' dir='ltr'><strong>“Durand.</strong></span> <span class='ocrx_word' id='word_1_906' title='bbox 2890 5460 2995 5523; x_wconf 66' lang='lat' dir='ltr'><strong>vet.</strong></span> <span class='ocrx_word' id='word_1_907' title='bbox 3031 5451 3218 5523; x_wconf 45' lang='lat' dir='ltr'><strong>script;</strong></span> <span class='ocrx_word' id='word_1_908' title='bbox 3250 5459 3302 5523; x_wconf 81' lang='lat' dir='ltr'><strong>et</strong></span> <span class='ocrx_word' id='word_1_909' title='bbox 3345 5465 3538 5506; x_wconf 85' lang='lat' dir='ltr'><strong>monu-</strong></span> 
     </span>
    </p>
   </div>
   <div class='ocr_carea' id='block_1_120' title="bbox 1963 5519 3538 5590">
    <p class='ocr_par' dir='ltr' id='par_1_120' title="bbox 1963 5519 3538 5590">
     <span class='ocr_line' id='line_1_122' title="bbox 1963 5519 3538 5590; baseline -0.003 -12"><span class='ocrx_word' id='word_1_910' title='bbox 1963 5519 2131 5578; x_wconf 83' lang='lat' dir='ltr'><strong>ment.</strong></span> <span class='ocrx_word' id='word_1_911' title='bbox 2164 5520 2494 5590; x_wconf 87' lang='lat' dir='ltr'><strong>amplissima</strong></span> <span class='ocrx_word' id='word_1_912' title='bbox 2520 5519 2744 5574; x_wconf 89' lang='lat' dir='ltr'><strong>Collect.</strong></span> <span class='ocrx_word' id='word_1_913' title='bbox 2775 5531 2903 5574; x_wconf 86' lang='lat' dir='ltr'><strong>tom.</strong></span> <span class='ocrx_word' id='word_1_914' title='bbox 2930 5521 3022 5580; x_wconf 77' lang='grc' dir='ltr'><strong>ΙΧ.</strong></span> <span class='ocrx_word' id='word_1_915' title='bbox 3056 5525 3157 5575; x_wconf 88' lang='lat' dir='ltr'><strong>col.</strong></span> <span class='ocrx_word' id='word_1_916' title='bbox 3190 5521 3294 5575; x_wconf 72' lang='grc'><strong>574</strong></span> <span class='ocrx_word' id='word_1_917' title='bbox 3323 5523 3365 5582; x_wconf 81' lang='lat' dir='ltr'><strong>A</strong></span> <span class='ocrx_word' id='word_1_918' title='bbox 3393 5537 3538 5588; x_wconf 85' lang='lat' dir='ltr'><strong>seq.,</strong></span> 
     </span>
    </p>
   </div>
   <div class='ocr_carea' id='block_1_121' title="bbox 1965 5591 3537 5665">
    <p class='ocr_par' dir='ltr' id='par_1_121' title="bbox 1965 5591 3537 5665">
     <span class='ocr_line' id='line_1_123' title="bbox 1965 5591 3537 5665; baseline 0.002 -22"><span class='ocrx_word' id='word_1_919' title='bbox 1965 5592 2221 5665; x_wconf 87' lang='lat' dir='ltr'><strong>quoloeo</strong></span> <span class='ocrx_word' id='word_1_920' title='bbox 2247 5593 2420 5665; x_wconf 73' lang='lat' dir='ltr'><strong>ipsum</strong></span> <span class='ocrx_word' id='word_1_921' title='bbox 2445 5606 2659 5665; x_wconf 82' lang='lat' dir='ltr'><strong>quoque</strong></span> <span class='ocrx_word' id='word_1_922' title='bbox 2682 5591 2956 5665; x_wconf 84' lang='lat' dir='ltr'><strong>Paschasii</strong></span> <span class='ocrx_word' id='word_1_923' title='bbox 2985 5605 3119 5659; x_wconf 87' lang='lat' dir='ltr'><strong>opus</strong></span> <span class='ocrx_word' id='word_1_924' title='bbox 3147 5609 3270 5648; x_wconf 89' lang='lat' dir='ltr'><strong>cum</strong></span> <span class='ocrx_word' id='word_1_925' title='bbox 3320 5591 3537 5646; x_wconf 52' lang='lat' dir='ltr'><strong>Praef.»-</strong></span> 
     </span>
    </p>
   </div>
   <div class='ocr_carea' id='block_1_122' title="bbox 1967 5661 3244 5731">
    <p class='ocr_par' dir='ltr' id='par_1_122' title="bbox 1967 5661 3244 5731">
     <span class='ocr_line' id='line_1_124' title="bbox 1967 5661 3244 5731; baseline 0 -13"><span class='ocrx_word' id='word_1_926' title='bbox 1967 5661 2201 5719; x_wconf 73' lang='lat' dir='ltr'><strong>tionibus</strong></span> <span class='ocrx_word' id='word_1_927' title='bbox 2237 5663 2300 5716; x_wconf 82' lang='lat' dir='ltr'><strong>ad</strong></span> <span class='ocrx_word' id='word_1_928' title='bbox 2332 5661 2582 5716; x_wconf 82' lang='lat' dir='ltr'><strong>Carolum</strong></span> <span class='ocrx_word' id='word_1_929' title='bbox 2615 5663 2750 5731; x_wconf 78' lang='lat' dir='ltr'><strong>typis</strong></span> <span class='ocrx_word' id='word_1_930' title='bbox 2779 5663 3105 5731; x_wconf 70' lang='lat' dir='ltr'><strong>descriptum</strong></span> <span class='ocrx_word' id='word_1_931' title='bbox 3142 5675 3244 5718; x_wconf 76' lang='lat' dir='ltr'><strong>est.</strong></span> 
     </span>
    </p>
   </div>
   <div class='ocr_carea' id='block_1_123' title="bbox 3111 5757 3148 5816">
    <p class='ocr_par' dir='ltr' id='par_1_123' title="bbox 3111 5757 3148 5816">
     <span class='ocr_line' id='line_1_125' title="bbox 3111 5757 3148 5816; baseline 0 0"><span class='ocrx_word' id='word_1_932' title='bbox 3111 5757 3148 5816; x_wconf 77' lang='grc'>2</span> 
     </span>
    </p>
   </div>
  </div>
