4002 6148
417 325 481 339 -.ν

417 347 482 378 υἱ)

1444 322 1529 375 DE
1565 320 1828 375 JOANNE
1871 319 2091 376 SCOTO
2129 313 2643 374 CUMMENTAI'IO.
3616 322 3688 375 δεῖ

416 438 638 492 1³.ιιι·υιιι
665 439 919 508 operibus
948 437 1172 506 prolatis
1201 434 1459 488 defendat
1486 442 1648 502 atque
1669 435 1986 488 confirmet:
2020 449 2066 505 Α
2097 446 2314 502 mopere
2345 429 2591 484 laudatus
2621 432 2714 498 (g),
2748 437 2798 481 et
2852 428 3202 492 llincntarits,
3245 430 3687 502 :nchiepismpns

417 540 594 585 tamen
623 571 639 595 ,
686 545 852 599 quum
890 545 1025 584 nova
1073 528 1342 598 quaedam
1391 535 1554 595 atque
1581 526 1651 581 ad
1694 527 1746 581 id
1779 536 1988 597 tempus
2093 523 2396 579 Bernensis.
2426 522 2737 592 Cmnposuit
2767 521 2910 577 enim
2944 522 3279 576 Adrevaldus
3312 540 3328 572 ι
3366 523 3684 593 opustninm

413 621 651 674 inaudita
675 621 971 690 aspersisse
1001 618 1275 673 videretur
1297 617 1592 684 nonnullis,
1623 631 1766 688 quae
1793 617 1987 672 alicubi

411 708 759 764 offensionem
791 715 1063 778 parerent,
1091 707 1145 760 in
1174 707 1278 761 hoc
1305 706 1422 777 ejus
1451 705 1587 762 libro
1611 715 1983 778 occurrerunt.

411 800 574 867 Cujus
603 800 817 868 generis
853 780 1100 869 exempla
1129 797 1206 870 (a)
1236 799 1361 852 sunt
1388 798 1561 852 haec:
1598 817 1616 850 ι
1656 796 1737 868 (S.
1775 798 1984 853 Eucha-

409 889 584 954 ristia)
616 903 719 942 non
755 888 858 941 alia
889 888 1045 957 plane
1074 887 1244 959 (caro)
1277 897 1385 951 est,
1407 904 1568 957 quam
1597 904 1736 958 quae
1757 898 1883 942 nata
1904 897 1990 943 est

409 978 472 1032 de
495 977 680 1040 Maria,
717 987 772 1033 et
803 993 961 1046 passa
986 980 1038 1032 in
1067 993 1249 1042 cruce,
1297 987 1353 1032 et
1380 980 1672 1033 resurrexit
1700 979 1768 1033 de
1811 979 1986 1048 sepul-

405 1083 501 1122 cro
533 1068 606 1138 (ὁ)
644 1086 810 1120 ›.-‹
848 1067 986 1122 Vera
1021 1069 1204 1137 utique
1229 1083 1355 1122 caro
1384 1067 1609 1131 Christi,
1655 1084 1794 1137 quae
1813 1069 1986 1141 cruei-

403 1155 510 1210 fixa
539 1166 622 1212 est
650 1165 706 1211 et
729 1156 960 1226 sepulta,
990 1171 1176 1210 verum
1202 1156 1343 1211 illius
1373 1157 1555 1211 carnis
1578 1165 1982 1210 sacramentum

401 1247 543 1316 quod
573 1263 670 1318 per
713 1249 1049 1303 sacerdotem
1081 1261 1243 1317 super
1267 1247 1441 1302 altare
1486 1247 1538 1301 in
1569 1247 1737 1303 verbo
1781 1247 1984 1303 Christi

397 1352 494 1407 per
517 1335 774 1408 Spiritum
800 1337 857 1394 S.
888 1337 1143 1392 divinitus
1171 1348 1518 1394 consecratur
1544 1339 1616 1411 (ε)
1653 1357 1699 1396 ι.

466 1431 651 1502 Itaque
677 1430 899 1486 Carolus
927 1429 1145 1496 Calvus,
1167 1431 1252 1486 cui
1277 1430 1502 1486 forsitan
1532 1440 1588 1485 et
1614 1431 1716 1501 ipsi
1745 1445 1832 1486 res
1857 1430 1984 1486 illae

309 1546 324 1563 ο
398 1521 575 1574 minus
595 1520 976 1590 probarentur,
1008 1519 1365 1574 Ilatramnum
1403 1518 1784 1574 Corbeiensem
1816 1520 1893 1592 (ά)
1925 1531 1981 1574 et

393 1609 654 1666 Joannem
681 1609 900 1665 Scotum
931 1610 1022 1682 (ε),
1051 1619 1127 1675 ut,
1159 1625 1299 1680 quae
1320 1624 1446 1664 vera
1473 1623 1619 1665 esset
1645 1609 1703 1664 S.
1734 1609 1976 1680 Scriptu-

395 1717 491 1758 rac
535 1711 592 1757 et
647 1701 748 1757 SS.
797 1701 1019 1758 Patrum
1049 1704 1115 1758 de
1143 1717 1371 1773 corpore
1395 1712 1449 1757 et
1475 1703 1736 1774 sanguine
1759 1702 1970 1757 Domini

2090 616 2154 670 de
2185 631 2410 684 corpore
2433 623 2487 669 et
2512 615 2771 684 sanguine
2805 615 3010 667 Domini
3041 623 3228 669 contra
3269 616 3497 683 ineptias
3519 617 3683 671 Joan-

2090 709 2173 762 nis
2217 707 2363 762 Scoti
2410 726 2454 770 υ,
2485 705 2641 774 cujus
2686 706 2850 759 libelli
2879 706 3087 775 insigne
3120 705 3481 774 fragmentum
3517 707 3684 761 edizlit

2089 796 2222 851 Lac.
2280 797 2576 851 Dacherius
2625 795 2676 849 in
2732 815 2748 846 ι
2786 805 3029 850 veterum
3091 797 3411 865 scriptorum
3457 795 3683 865 Spicilc-

2087 891 2174 960 gio
2199 889 2273 960 (Ii)
2309 910 2354 943 ι.
2385 889 2493 944 Hoc
2524 889 2880 958 fragmentum
2912 887 3042 941 nihil
3075 887 3214 940 aliud
3242 888 3374 957 agit,
3403 888 3503 942 nisi
3529 898 3583 942 ut
3617 888 3676 942 S.

2089 977 2434 1048 Hieronymi,
2479 976 2538 1031 S.
2587 975 2912 1046 Augustini,
2966 974 3024 1029 S.
3069 973 3320 1046 Gregorii
3353 977 3679 1046 papaelocis

2085 1082 2246 1136 quam
2274 1065 2522 1136 plurimis
2550 1081 2735 1120 veram
2760 1063 2886 1118 Jesn
2919 1065 3122 1118 Christi
3152 1065 3204 1118 in
3238 1064 3296 1118 S.
3333 1065 3675 1120 Eucharistia

2085 1149 2444 1226 praesentiam
2474 1159 2725 1211 ostendat
2751 1165 2913 1224 atque
2937 1154 3243 1208 confirmet.
3264 1154 3436 1210 Minus
3458 1157 3674 1224 quidem

2084 1262 2326 1321 apertum
2359 1263 2441 1305 est
2476 1249 2749 1304 llincmari
2790 1249 3183 1314 testimonium,
3233 1264 3330 1302 nec
3373 1260 3549 1303 tamen
3597 1251 3673 1313 id,

2084 1344 2224 1411 quod
2253 1358 2476 1413 prorsus
2503 1342 2571 1395 sit
2603 1339 2997 1410 negligendum.
3030 1338 3237 1392 Acerhe
3259 1339 3403 1392 enim
3451 1341 3502 1393 in
3535 1339 3674 1394 libro

2081 1449 2180 1488 Sno
2205 1435 2270 1487 de
2304 1432 2804 1487 Praedestinatione
2852 1432 2914 1501 (ἱ)
2965 1439 3156 1484 notans
3186 1445 3401 1484 errores
3445 1431 3668 1498 aliquot.

2081 1523 2133 1577 in
2167 1538 2300 1591 quos
2327 1523 2644 1576 incidissem
2682 1520 2739 1574 S.
2785 1519 3110 1574 Prudentius
3139 1529 3194 1574 et
3225 1517 3462 1574 Joannes
3493 1519 3670 1574 Scoti-

2079 1629 2253 1683 gena:
2290 1631 2307 1662 ι
2347 1611 2484 1666 Sunt
2515 1621 2570 1666 et
2610 1611 2716 1664 alia
2759 1628 2806 1676 ι,
2837 1610 3033 1679 Σιιηιιίι,
3069 1628 3086 1660 ι
3128 1625 3265 1679 quae
3306 1651 3319 1663 .
3367 1648 3380 1662 .
3425 1650 3437 1661 .
3481 1618 3670 1665 contra

2080 1704 2226 1758 Fidei
2278 1703 2587 1758 Catholicae
2628 1703 2910 1757 veritatem
2971 1701 3157 1755 dicunt
3192 1716 3207 1754 :
3244 1701 3492 1756 videdcct
3531 1742 3541 1755 .
3587 1741 3604 1755 .
3646 1741 3662 1755 .

392 1793 682 1857 sententia,
735 1793 952 1862 scriptis
996 1801 1475 1863 persequerentur,
1500 1793 1780 1848 voluntate
1810 1802 1972 1862 atque
2005 1801 2046 1859 Β
2075 1796 2216 1863 quod
2241 1802 2650 1849 sacramentum
2671 1791 2859 1846 altaris
2893 1806 2997 1845 non
3021 1806 3206 1846 verum
3235 1805 3432 1860 corpus
3469 1800 3522 1846 et
3567 1806 3662 1845 ve-

390 1883 710 1938 auctoritate
755 1899 850 1938 sua
903 1885 1180 1939 excitavit.
1231 1883 1514 1938 Ratramni
1563 1883 1700 1938 liber
1757 1893 1972 1950 exstat,

391 1973 538 2028 Scoti
565 1974 762 2028 invidia
796 1983 1096 2043 temporum
1123 1983 1210 2028 est
1237 1973 1574 2045 absumptus.

458 2064 643 2134 Neque
673 2075 853 2118 tamen
880 2066 982 2120 hoc
1012 2065 1130 2120 loco
1159 2081 1264 2120 non
1293 2076 1416 2121 sunt
1442 2066 1970 2132 commemorandae,

385 2169 526 2224 quae
560 2168 722 2234 super
755 2154 908 2210 libris
952 2169 1248 2225 eorumque
1288 2157 1602 2212 auctoribus
1645 2157 1788 2212 inter
1825 2156 1972 2212 viros

386 2246 576 2301 doctos
622 2253 844 2301 exortae
889 2253 1016 2301 sunt
1046 2245 1430 2302 dissensiones.
1482 2246 1723 2301 Fuerunt
1763 2247 1966 2319 igitur,

387 2335 481 2403 qui
506 2349 670 2388 unum
705 2334 866 2390 modo
896 2335 962 2388 de
990 2333 1048 2389 S.
1078 2335 1419 2389 Eucharistia
1463 2351 1634 2406 opus,
1669 2336 1812 2407 quod
1861 2336 1970 2391 Ra.

383 2423 580 2478 tramni
619 2438 742 2479 esse
769 2423 1025 2488 diximus,
1068 2424 1244 2478 Caroli
1265 2423 1418 2492 jussu
1449 2427 1814 2496 conscriptum
1845 2443 1968 2483 esse

380 2524 629 2583 putarent
652 2556 666 2580 ,
715 2530 890 2584 neque
938 2516 988 2570 id
1017 2515 1334 2582 Ilatramno,
1367 2516 1462 2572 sed
1493 2517 1655 2572 Scoto
1683 2519 1958 2574 adscribe-

381 2616 523 2660 rent.
556 2605 651 2660 llis
676 2615 852 2660 autem
877 2605 990 2673 jam
1015 2607 1222 2675 pridem
1254 2607 1329 2660 ita
1362 2607 1700 2664 satisfactum
1741 2617 1848 2672 est,
1881 2618 1959 2674 ut,

377 2697 466 2766 qui
519 2696 782 2767 hodieque
827 2697 973 2752 illum
1005 2697 1198 2752 librant
1228 2713 1334 2753 non
1359 2699 1427 2754 ad
1457 2697 1833 2765 Ratramnnm,
1865 2699 1960 2754 sed

377 2785 444 2840 ad
473 2785 695 2844 Scotum
736 2797 1014 2843 auctorem
1060 2785 1302 2855 referat,
1332 2789 1637 2844 inveniatur
1666 2804 1824 2844 nemo
1865 2788 1954 2861 (ι’).

375 2879 526 2946 Quae
556 2894 731 2950 pugna
762 2887 1050 2949 postquam
1079 2879 1256 2946 desiit,
1306 2881 1360 2935 in
1389 2879 1552 2936 aliam
1591 2881 1862 2951 quandam
1893 2882 1958 2937 de

373 2971 464 3025 illo
492 2969 640 3026 Scoti
677 2971 817 3026 libro
859 2971 1219 3040 suSpiciouem
1263 2980 1481 3027 ventum
1513 2979 1614 3027 est.
1643 2971 1795 3027 Hanc
1831 2987 1958 3027 \ero

371 3076 588 3116 causam
619 3044 691 3116 ila
736 3061 940 3132 optime
966 3072 1020 3115 et
1065 3061 1322 3116 facillime
1353 3060 1650 3144 dijudicare
1679 3077 1837 3131 posse
1869 3063 1951 3115 vi-

2078 1899 2171 1938 rus
2203 1883 2423 1952 sanguis
2449 1882 2517 1936 sit
2564 1881 2796 1946 Domini,
2841 1881 2935 1935 sed
2972 1889 3176 1934 tantum
3227 1882 3490 1934 memoria
3542 1883 3664 1936 veri

2075 1975 2396 2044 corporiset
2422 1973 2700 2044 sanguinis
2747 1973 2864 2042 ejus
2899 1992 2946 2025 ι.
2989 1971 3140 2038 Quae
3185 1988 3294 2035 res,
3327 1988 3447 2026 cum
3498 1973 3548 2026 in
3599 1971 3659 2025 S.

2072 2064 2421 2120 Prudentium
2437 2065 2581 2119 nullo
2607 2075 2764 2136 pacto
2787 2064 2981 2120 cadere
2997 2072 3160 2132 queat
3187 2063 3287 2135 (j),
3320 2064 3370 2117 in
3393 2062 3658 2118 Joannem

2075 2153 2294 2210 Scotum
2312 2157 2491 2221 cadat,
2523 2169 2744 2209 necesse
2769 2163 2873 2209 est.
2909 2153 3061 2222 Quod
3081 2155 3124 2208 si
3154 2155 3208 2208 in
3239 2153 3459 2208 Scotuzn
3490 2155 3656 2218 cadit,

2071 2262 2132 2300 ex
2167 2247 2306 2300 libro
2332 2245 2512 2316 aliquo
2539 2246 2706 2315 ipsius
2730 2246 2861 2300 viris
2883 2245 3057 2299 doctis
3081 2245 3248 2314 petita
3274 2245 3506 2309 videtur,
3537 2246 3662 2298 idco

2069 2339 2210 2406 quod
2249 2337 2480 2407 reliquos
2512 2336 2624 2393 fere
2649 2353 2880 2402 errores,
2913 2337 3004 2406 qui
3035 2338 3103 2392 ab
3133 2337 3429 2391 llincmaro
3454 2337 3654 2391 ibidem

2067 2431 2518 2498 perstringuntur,
2549 2429 2600 2482 in
2632 2428 2783 2482 libris
2815 2429 2982 2497 ipsius
3009 2428 3276 2498 hodieque
3305 2427 3549 2498 legimus.

2137 2521 2280 2576 Haec
2311 2537 2456 2586 vero,
2488 2521 2532 2575 si
2563 2519 2691 2590 quid
2725 2520 2959 2591 scrupuli
2991 2519 3043 2573 in
3062 2520 3254 2576 'animo
3280 2531 3466 2574 nostro
3489 2520 3654 2575 relin-

2065 2623 2254 2682 quant,
2287 2622 2460 2667 totum
2493 2613 2543 2666 id
2573 2628 2602 2665 a
2639 2611 2969 2683 Berengario
2993 2609 3291 2666 Turonensi
3315 2619 3372 2666 et
3390 2611 3654 2681 quidquid

2064 2702 2177 2757 fere
2211 2705 2497 2757 doctorqu
2531 2702 2810 2755 hominum
2839 2715 2961 2755 cum
2992 2715 3058 2754 eo
3081 2701 3237 2767 vixit,
3285 2700 3407 2754 inde
3436 2701 3649 2755 exime-

2065 2802 2170 2847 tnr.
2210 2792 2378 2858 Nam,
2423 2801 2480 2847 ut
2527 2792 2716 2861 paucis
2755 2793 2895 2845 hanc
2939 2806 3051 2845 rem
3102 2790 3650 2860 comprehendamus,

2061 2896 2277 2955 praeter
2306 2885 2480 2955 ipsum
2512 2884 2920 2954 Berengarium,
2953 2884 3043 2952 qui
3073 2882 3374 2936 innumeris
3420 2881 3532 2935 fere
3563 2881 3647 2933 lo-

2059 2979 2140 3032 eis
2164 2978 2356 3032 librum
2386 2975 2612 3030 Joannis
2656 2975 2798 3029 δουιὶ
2836 2975 2902 3028 de
2950 2974 3009 3028 S.
3058 2973 3396 3027 Encharistia
3433 2971 3642 3035 laudat,

2059 3067 2151 3136 qui
2198 3082 2321 3120 eum
2370 3063 2547 3120 Caroli
2601 3065 2748 3134 regis
2778 3063 2931 3134 jussu
2981 3063 3240 3117 adversus
3290 3061 3646 3116 Paschasium

369 3152 590 3215 demur,
643 3150 689 3203 si
738 3159 931 3214 antea,
977 3149 1173 3218 quibus
1223 3148 1568 3216 potissimum
1595 3150 1950 3219 argumentis,

2066 3159 2316 3227 scriptum
2361 3172 2484 3212 esse
2513 3157 2605 3220 ait,
2654 3154 2875 3224 ejusque
2905 3153 3098 3222 placita
3137 3153 3239 3207 sibi
3271 3152 3384 3207 sola
3424 3152 3645 3222 probari

369 3237 592 3293 Scotum
623 3239 688 3291 de
716 3239 774 3291 S.
805 3237 1144 3291 Eucharistia
1173 3235 1480 3305 scripsisse,
1503 3233 1789 3302 efﬁciatur,
1819 3253 1950 3306 pau-

366 3330 419 3383 lo
465 3329 771 3385 accuratius
808 3344 837 3382 a
890 3329 1046 3383 nobis
1087 3326 1248 3382 fuerit
1293 3328 1634 3398 explicatum.
1670 3327 1950 3383 Habentur

366 3431 546 3475 autem
572 3418 688 3488 ejus
717 3420 794 3474 rei
823 3429 987 3475 testes
1017 3434 1138 3473 cum
1165 3420 1332 3490 ipsius
1357 3419 1502 3475 Scoti
1531 3419 1808 3490 aequales,
1837 3429 1948 3474 tum

254 3550 260 3556 .
364 3527 494 3566 vero
518 3509 874 3580 Berengarius
903 3510 1234 3565 Turonensis
1275 3511 1476 3580 quique
1503 3526 1645 3566 cum.
1674 3511 1778 3566 hoc
1801 3512 1948 3567 vixe-

365 3613 494 3656 runt
525 3602 771 3657 homines
801 3601 967 3656 docti.
997 3601 1173 3670 Atque
1201 3601 1341 3657 illius
1369 3603 1588 3674 generis
1629 3611 1758 3657 sunt
1779 3602 1950 3657 Adre-

364 3694 575 3759 valdus,
605 3693 900 3749 monachus
925 3691 1308 3759 Floriacensis,
1342 3695 1425 3747 vir
1456 3709 1488 3746 a
1527 3693 1774 3749 doctrina
1803 3709 1949 3750 sum-

433 3832 508 3902 (a)
545 3830 628 3887 Cf.
660 3831 754 3886 Dr.
786 3832 821 3885 Ι.
855 3831 893 3885 Ι.
932 3830 1129 3902 nitier,
1180 3829 1472 3884 Handbuch
1500 3830 1595 3885 der
1627 3830 1950 3902 Kircltenge-

361 3901 611 3964 umcme,
633 3903 760 3956 edit.
797 3903 858 3964 ιι,
891 3901 993 3956 vol.
1021 3903 1084 3967 ιι,
1108 3917 1162 3972 ρ.
1186 3902 1446 3972 motat.

431 3975 506 4042 (ιι)
543 3972 626 4027 (1f.
659 3972 914 4027 Paschas.
963 3988 1082 4043 cap.
1112 3971 1152 4026 ’l
1200 3972 1360 4043 (apud
1389 3971 1547 4027 διατι.
1577 3982 1634 4026 et
1660 3971 1794 4028 Dur.
1833 3973 1870 4027 ι.
1904 3974 1942 4030 Ι.

358 4043 460 4098 col.
493 4043 599 4098 585
625 4049 668 4098 A
697 4048 896 4112 seqq.).

431 4115 518 4185 (c)_
541 4112 623 4168 Cf.
659 4112 910 4168 Paschas.
945 4127 1064 4183 cap.
1098 4113 1167 4167 IV
1192 4111 1356 4184 (apud
1382 4111 1539 4166 Mart.
1579 4121 1635 4167 et
1668 4113 1796 4167 Dur.
1832 4114 1869 4168 l.
1905 4115 1942 4168 Ι.

357 4183 454 4238 591
484 4183 559 4238 ⁷1).
589 4185 789 4239 senm).

979 4255 1046 4308 de
1074 4256 1234 4322 Corp.
1286 4261 1340 4325 et
1367 4253 1565 4325 Sang.
1584 4253 1735 4308 Dom.
1766 4255 1943 4325 praef.

357 4323 424 4378 ad
454 4325 632 4379 Carol.
659 4325 806 4379 Calv.
839 4325 1027 4379 Editus
1052 4335 1135 4379 est
1164 4325 1252 4378 hic
1285 4323 1422 4378 liber
1449 4323 1501 4377 in
1529 4323 1790 4378 Gallicum
1820 4341 1932 4380 ser-

357 4411 568 4449 monem
635 4410 928 4450 conversus
985 4411 1014 4449 a
1067 4395 1254 4450 Jacob.
1315 4393 1554 4448 Boileau.
1608 4394 1833 4450 Parisiis
1885 4412 1936 4449 a.

354 4461 631 4519 lllDCCXII
666 4466 730 4518 1°).
757 4475 860 4518 mo:
894 4465 1096 4520 latinus
1123 4465 1321 4520 nrodiit
1348 4464 1533 4518 Colon.
1563 4479 1615 4518 a.
1644 4464 1939 4520 MDXXXII

526 4480 631 4518 ahll
666 4480 730 4518 1?.
757 4480 822 4503 "1"
847 4483 860 4518 Ξ
896 4480 1096 4520 ιλιιιιιυε
1123 4480 1321 4520 ιιι-οιιιιι
1348 4480 1533 4518 μοιοιι.
1563 4480 1615 4518 3.
1644 4480 1766 4519 MU}

353 4545 408 4590 et
446 4536 683 4604 saepius,
711 4550 809 4588 nec
832 4544 1008 4589 tamen
1034 4545 1090 4589 ut
1123 4535 1398 4589 [{att‘amni
1423 4535 1574 4597 liber,
1604 4536 1697 4588 sed
1725 4549 1783 4590 ut
1809 4535 1939 4590 Ber-

355 4606 539 4661 tratni.
575 4604 770 4661 Verum
803 4606 886 4660 his
915 4607 1123 4660 duobus
1150 4605 1467 4659 nominibus
1487 4619 1652 4657 unum
1675 4607 1936 4659 eundern-

353 4691 458 4744 que
490 4676 756 4730 hominem
779 4675 1073 4744 significari
1105 4677 1260 4729 docet
1282 4674 1556 4728 Mabillon.
1589 4673 1710 4728 Act.
1735 4675 1933 4730 Bened.

352 4761 498 4801 saec.
536 4745 625 4817 IV,
660 4761 785 4817 pars
812 4744 852 4800 ll
880 4744 1050 4817 praef.
1084 4762 1135 4799 n.
1171 4745 1262 4802 81.

425 4818 494 4886 (ε)
534 4816 617 4888 Cf.
653 4811 895 4888 Ilerengf
915 4815 1217 4888 Turonens.
1247 4815 1405 4884 epist.
1431 4811 1793 4888 adﬂichard:
1807 4815 1935 4888 abb.

351 4880 491 4956 apud
537 4886 706 4942 lesi
743 4888 797 4940 in
832 4880 1001 4942 Cone.
1031 4885 1258 4941 Collect.
1281 4880 1416 4940 ὶοιιι.
1458 4880 1598 4948 ΧΙΧ,
1629 4883 1730 4938 col.
1767 4885 1868 4939 785
1899 4887 1939 4938 Β

349 4974 470 5028 δυηξ

420 5021 499 5098 (Τ)
539 5025 622 5081 Cf.
672 5025 812 5081 Mah.
855 5036 959 5082 act.
1008 5025 1205 5080 Bened.
1239 5040 1350 5081 sec.
1391 5021 1482 5086 IV,
1519 5038 1646 5094 pars
1677 5022 1720 5078 II
1760 5024 1932 5092 praef.

353 5116 407 5154 n.
441 5101 502 5154 8t
531 5125 601 5136 —--
625 5095 728 5161 89;
753 5096 941 5153 Jacob.
971 5095 1211 5151 Boileau.
1261 5096 1312 5150 in
1345 5093 1515 5164 praef.
1552 5095 1620 5147 ad
1651 5093 1934 5164 Ratramu.

350 5172 416 5222 de
441 5183 588 5238 corp.
623 5177 677 5220 et
705 5183 858 5238 sang.
896 5169 1104 5238 Domini
1123 5183 1155 5238 ;_
1175 5165 1321 5238 lI_isI_.
1351 5163 1510 5218 Iittér.
1533 5165 1600 5238 de
1629 5163 1938 5238 left-once,

351 5251 481 5293 tom.
518 5233 580 5302 ν,
609 5251 661 5306 p.
691 5237 793 5292 557
810 5233 980 5306 ἐθιιᾳ.
1012 5237 1100 5290 Dr.
1146 5236 1180 5289 I.
1218 5235 1257 5288 Ι.
1291 5233 1818 5306 Πιιῐθτνηςιηάὸυσή
1844 5237 1937 5306 der

350 5303 1052 5377 Ifircltengiescltirltte,odit.
1080 5306 1138 5367 ll,
1170 5308 1275 5377 vol.
1310 5305 1373 5368 ll,
1397 5319 1462 5377 _p.
1495 5303 1600 5377 192
1623 5320 1808 5374 seqq.;
1841 5305 1931 5357 Dr.

350 5381 386 5434 Ι.
422 5380 532 5502 ¹ι.
568 5375 876 5502 Doigggcr,
921 5375 1190 5430 Leftrbuclt
1246 5377 1340 5430 der
1387 5375 1933 5444 Kircltengeschichte,

350 5465 413 5498 vo
443 5488 454 5500 .
511 5490 524 5502 .
555 5465 606 5502 ι).
712 5453 723 5480 ⁸
750 5490 761 5501 .

350 5451 454 5501 νυΙ.
482 5451 524 5512 Ι,
555 5465 606 5512 ρ.
637 5451 761 5504 409.

816 5519 974 5572 littér.
1006 5517 1070 5571 de
1093 5517 1143 5570 la
1188 5516 1411 5582 France,
1461 5524 1591 5569 tom.
1643 5515 1708 5581 ν,
1747 5532 1799 5587 p.
1833 5513 1936 5570 515

351 5606 465 5644 seu.

423 5607 498 5729 illi)
539 5657 621 5714 Cf.
675 5659 908 5730 Spirileg
973 5659 1100 5715 edit.
1155 5659 1192 5713 I.
1245 5658 1418 5713 Paris.
1453 5673 1504 5711 a.
1809 5661 1926 5725 seq.

357 5732 444 5786 ίύ
499 5741 628 5785 tom.
682 5729 793 5797 χει,
849 5728 898 5801 ιι.
949 5732 1018 5786 50
1060 5747 1199 5802 seq.,
1249 5739 1302 5786 et
1355 5730 1482 5784 edit.
1537 5729 1596 5781 ll.
1640 5728 1814 5782 Paris.
1875 5744 1925 5780 a.

2054 3249 2334 3304 contendit
2359 3247 2464 3319 (Ir),
2503 3263 2609 3302 non
2640 3246 2812 3302 solum
2843 3245 3034 3314 singuli
3070 3245 3312 3299 homines
3351 3243 3514 3307 docti,
3547 3245 3644 3313 qui

2051 3343 2133 3399 vel
2162 3343 2410 3412 privatim
2444 3340 2526 3395 vel
2554 3339 2764 3410 publice
2793 3339 2845 3392 in
2879 3337 3250 3406 theologorum
3282 3335 3646 3390 conventibus

2050 3449 2173 3488 cum
2204 3433 2320 3502 ipso
2345 3439 2571 3501 egerunt
2607 3430 2690 3502 (ι),
2729 3445 2914 3484 verum
2938 3427 3102 3484 etiam
3128 3441 3315 3481 omnes
3356 3440 3648 3496 propemo-

2049 3524 2176 3581 dum
2201 3525 2414 3597 synodi,
2449 3525 2769 3595 quibuscum
2803 3537 2890 3576 res
2938 3519 3038 3575 fuit
3063 3519 3414 3590 Berengario,
3462 3531 3636 3588 quae-

2049 3629 2155 3685 que
2193 3629 2441 3685 magnam
2473 3621 2680 3682 partem
2712 3611 2778 3665 ab
2809 3610 3004 3680 insigni
3040 3609 3417 3679 episcoporum
3456 3607 3643 3662 docto-

2051 3719 2278 3774 rumque
2307 3705 2583 3758 hominum
2615 3701 2916 3773 frequentia
2940 3710 3066 3756 sunt
3095 3697 3445 3771 habitae(m).
3470 3697 3640 3753 Joan-

2048 3836 2400 3894 MDCCXXIII
2429 3851 2580 3906 seqq.
2609 3833 2699 3890 fol.
2737 3844 2872 3889 tom.
2914 3835 2954 3899 I,
2985 3851 3039 3904 p.
3090 3833 3191 3906 {50
3231 3849 3348 3903 seq.
3382 3830 3642 3906 Scribant

2049 3917 2330 3978 praeterea
2357 3909 2424 3978 de
2445 3900 2732 3962 Adrevaldi
2755 3905 2890 3978 l_i_bro
2919 3900 3040 3978 cum
3073 3904 3200 3970 alii,
3232 3900 3346 3957 tum
3373 3901 3513 3955 Hist.
3541 3900 3638 3952 lit-

2048 3973 2148 4032 ἱέτ.
2180 3983 2244 4033 de
2269 3979 2321 4031 la
2350 3977 2578 4042 France,
2604 3985 2732 4030 tom.
2765 3975 2822 4038 V,
2863 3989 2915 4044 p.
2941 3973 3064 4030 519.

2120 4049 2182 4119 (ἐ)
2223 4049 2476 4119 (Σειρη5ι.

2119 4111 2185 4189 (Ῑ)
2223 4111 2317 4174 (ΖΙ.
2359 4118 2500 4173 Mab.
2549 4125 2655 4172 aet.
2700 4113 2901 4169 Bened.
2952 4129 3064 4170 sec.
3097 4113 3187 4179 IV,
3230 4128 3358 4184 pars
3385 4112 3427 4168 ll
3459 4111 3634 4182 praef.

2047 4190 2311 4329 η’(ΙςῗῖίῖΙ.
2347 4258 2574 4329 Dereng.
2607 4256 2776 4329 epist1
2801 4255 2866 4329 ad
2891 4251 3318 4329 Bichard._apnd
3369 4251 3564 4329 mansi.
3592 4251 3630 4329 Ι.

2045 4329 2080 4383 l.
2114 4323 2244 4383 tom.
2279 4327 2420 4391 XIX,
2452 4323 2701 4381 columna
2747 4325 2853 4380 755
2890 4326 2935 4378 Α
2964 4340 3105 4394 seq.
3142 4323 3325 4393 Ejusd.
3348 4323 3517 4394 epist.
3564 4323 3635 4394 ad

2044 4400 2335 4455 Lanl'ranc.
2393 4399 2533 4466 apud
2598 4396 2792 4450 Mansi.
2857 4395 2894 4449 Ι.
2959 4391 3308 4466 Lucolnmna
3345 4391 3456 4466 768
3491 4391 3628 4444 A-B.

2048 4469 2230 4538 Ejusd.
2265 4463 2441 4538 epist;
2457 4468 2524 4538 ad
2551 4467 2789 4538 Ascelin.
2820 4465 2961 4534 apud
3003 4463 3193 4538 Mansi.
3225 4464 3260 4538 Ι.
3296 4463 3331 4515 ι.
3376 4463 3630 4538 columna

2047 4532 2367 4621 “(3-776
2505 4537 2711 4621 Eadem
2744 4532 2901 4617 plane
2924 4550 3013 4589 res
3035 4534 3351 4621 saepissin'te
3383 4533 3546 4613 etiam
3575 4532 3633 4586 in

2049 4610 2137 4664 illo
2163 4608 2486 4677 Berengarii
2505 4607 2644 4661 libro
2667 4602 2884 4677 leg—itur,
2909 4619 3068 4677 quem
3101 4602 3165 4659 (ἶ.
3202 4603 3264 4657 Ε.
3288 4602 3533 4672 Lessing.
3561 4617 3632 4656 ex

2049 4625 2137 4664 nto
2165 4625 2334 4663 ueren
2375 4625 2474 4662 arn
2507 4625 2644 4661 noro
2667 4625 2884 4677 tegitur,
2909 4625 3026 4674 que:

2045 4679 2292 4734 biblioth.
2327 4625 2600 4733 (guelferb.
2633 4678 2840 4745 prinms
2865 4676 3026 4728 eruit.

2118 4749 2179 4873 Si)
2203 4747 2284 4804 Cf.
2313 4747 2600 4801 Lanfranc.
2625 4739 2824 4802 comm.
2851 4753 3040 4799 contra
3062 4742 3290 4812 Bereng.
3317 4756 3406 4811 ap.
3432 4739 3626 4795 Mansi.

2147 4859 2160 4872 .
2193 4820 2295 4872 col.
2326 4817 2430 4873 759
2463 4819 2504 4872 Ι)
2533 4825 2588 4871 et
2624 4817 2842 4873 sanius.
2873 4815 3112 4867 Durand.
3140 4813 3263 4867 abh.
3291 4811 3626 4866 Troarnens.

2049 4820 2085 4873 l.
2126 4811 2172 4873 Ι.’
2193 4820 2295 4872 col.
2326 4817 2430 4873 759
2463 4819 2504 4872 Ι)
2533 4825 2588 4871 et
2624 4811 3263 4887 smpiusaDurandiabh.
3291 4811 3628 4887 Iroartteps.

2047 4905 2135 4960 ap.
2183 4888 2521 4960 MansiLcol.
2561 4887 2666 4943 782
2696 4877 2913 4960 D:_E.
2953 4881 3188 4960 Ascglin.
3220 4882 3380 4949 epist.
3415 4883 3482 4936 ad
3513 4877 3628 4960 'Be:

2049 4949 2328 5033 reng._ap.
2359 4957 2546 5033 Mansi.
2570 4962 2615 5033 Ι.
2659 4972 2708 5012 c.
2749 4957 2853 5033 777
2886 4956 2931 5008 A
2953 4980 3023 5033 -_-
3135 4953 3479 5033 .Anonymusn
3507 4949 3628 5031 (qui

2044 5019 2290 5084 conciliis
2313 5030 2526 5082 advers.
2570 5027 2951 5097 Berengarium
2972 5024 3188 5097 habitis
3219 5038 3278 5077 se
3301 5019 3632 5097 interfuisse

2043 5100 2254 5171 scribit)
2293 5101 2344 5171 in
2375 5087 2922 5171 opuscadelle'geng.
2951 5093 3300 5148 damnatione
3340 5087 3635 5160 multiplici

2043 5185 2128 5238 ap.
2163 5166 2353 5224 Mansi.
2387 5169 2422 5221 Ι.
2449 5168 2484 5221 Ι.
2513 5169 2619 5238 col.
2645 5166 2837 5238 7,5777E.

2113 5244 2208 5302 (in)
2245 5241 2318 5294 lle
2351 5239 2557 5308 synodo
2583 5235 3019 5308 Vercellensiga.
3044 5232 3165 5308 ML)
3192 5231 3262 5308 cf.
3293 5230 3486 5308 ilapsi.
3517 5228 3554 5282 Ι.
3582 5229 3632 5308 _l.

2039 5311 2143 5364 col.
2174 5309 2274 5364 757
2308 5312 2345 5362 ις
2380 5302 2538 5377 seqq.
2582 5307 2762 5361 etcol.
2793 5305 2964 5377 7757,13
3006 5313 3059 5359 et
3086 5302 3189 5377 col.
3222 5303 3328 5377 ys
3352 5302 3395 5377 ε
3421 5320 3433 5354 ε
3462 5329 3532 5377 —_-
3558 5302 3637 5356 de

2045 5368 2518 5451 synodoRotnana
2547 5381 2622 5448 (a.
2654 5377 2872 5451 MLIX)__
2892 5375 3023 5451 ibid.
3077 5374 3184 5451 col.
3430 5368 3552 5451 -_B_.‘
3571 5381 3638 5424 et

2045 5439 2148 5504 col.
2179 5450 2280 5504 759
2307 5452 2352 5503 Α
2379 5467 2392 5501 :
2420 5479 2490 5489 —
2515 5439 2581 5502 de
2606 5450 2810 5518 synodo
2823 5439 3128 5520 'Parisiensi
3157 5445 3232 5566 Sa.
3267 5441 3384 5506 ML)
3415 5441 3483 5494 cf.
3516 5439 3635 5494 Du-

2046 5524 2198 5566 rand-
2225 5519 2455 5566 'I‘marn.
2481 5534 2568 5566 an.
2601 5518 2790 5566 Mansi.
2825 5516 2860 5566 Ι.
2892 5516 2926 5566 Ι.
2955 5529 3062 5566 (τί...
3085 5513 3170 5566 ἷ8“
3216 5512 3257 5566 Ε
3283 5529 3295 5564 :
3321 5515 3389 5565 de
3417 5512 3635 5566 SVttodu

2046 5524 2198 5573 rand.
2225 5519 2455 5572 'I‘roarn.
2481 5534 2568 5587 ap.
2600 5512 2790 5587 Mansi.
2825 5516 2860 5587 Ι.
2892 5516 2931 5587 Ι.
2955 5514 3062 5587 eo}.
3081 5512 3186 5587 782
3283 5529 3295 5564 :
3321 5515 3389 5565 de
3417 5512 3638 5587 synodo

2044 5589 2345 5644 Turonensi
2389 5591 2462 5660 (a.
2494 5582 2682 5659 ΜΕΝ)
2704 5586 2786 5660 _cf.
2815 5585 2959 5642 Guil.
2990 5584 3270 5639 Maltnesb.
3300 5597 3390 5651 ap.
3423 5583 3454 5634 'l
3469 5582 3632 5634 hom.

2041 5660 2190 5716 Cale.
2221 5661 2256 5714 Ι.
2285 5661 2325 5716 I.
2357 5658 2582 5726 testim,
2615 5658 2668 5730 p.
2695 5658 2749 5713 8.
