4002 6148
251 343 307 395 37
635 293 650 300 -
1030 341 1118 394 DE
1161 341 1316 394 \‘lTA
1359 340 1444 394 ΕΤ
1485 337 1890 393 PRECEPTIS
1927 339 1978 392 Ἰ.
2023 338 2242 394 SCOTI.
2280 371 2348 379 ———
2382 341 2562 398 PARS
2602 343 2639 398 Ι.
3417 349 3489 404 33

251 458 320 509 nis
340 452 472 508 Scoti
507 451 706 506 librum
735 451 800 506 de
831 450 887 505 S.
936 451 1274 506 Eucharistia
1322 461 1607 525 noverunt,
1658 451 1801 522 lege-
1830 459 1877 514 Α
1906 465 2056 504 cosse
2085 460 2188 514 est,
2219 452 2360 520 quod
2390 452 2494 507 illis
2523 455 2852 524 temporibus
2881 463 3160 522 auctores,
3193 473 3356 530 super
3396 477 3490 515 ea-

251 556 394 608 runt,
436 533 848 598 damnaverunt.
901 542 1008 596 Nec
1051 544 1338 612 quisquam
1390 543 1535 598 inter
1595 551 1807 596 tantam

249 627 552 689 summorum
580 633 822 687 virorum
855 633 1274 698 multitudinem,
1306 634 1398 704 qui
1420 643 1498 688 tot
1518 649 1616 704 per
1631 647 1803 687 annos

250 726 562 782 continenter
591 724 705 780 fere
743 725 1139 797 Berengariana
1189 743 1352 782 causa
1398 726 1616 782 fuerunt
1643 742 1806 782 occu-

248 818 340 886 pati
365 857 378 879 ,
421 815 694 870 exstitisse
735 827 1005 880 narratur,
1039 817 1124 872 cui
1171 818 1278 872 alia
1301 818 1366 872 de
1390 818 1532 873 illius
1559 818 1682 872 libri
1711 833 1808 870 au-

247 906 450 960 ctorein
501 915 737 960 mentem
788 907 1054 960 venerint.
1086 906 1268 975 Quare
1318 908 1562 978 profecto
1609 909 1803 962 mirum

247 1009 348 1049 esse
388 1010 490 1048 non
529 1004 744 1062 potest,
795 995 888 1064 qui
933 995 1129 1069 factum
1179 997 1269 1058 sit,
1310 1006 1368 1051 ut
1405 999 1472 1052 ab
1503 998 1606 1053 illis
1635 1015 1805 1066 usque

250 1083 559 1152 temporibus
581 1084 721 1152 apud
751 1099 942 1139 omnes
983 1087 1208 1140 omnino
1235 1088 1528 1144 historicos
1554 1090 1800 1145 criticos-

247 1189 334 1244 que
357 1175 422 1227 ita
443 1173 752 1228 constiterit
776 1191 790 1226 :
818 1176 1184 1244 composuisse
1210 1176 1431 1231 Scotum
1457 1179 1632 1233 Caroli
1664 1180 1805 1249 regis

240 1265 371 1334 jussu
389 1267 647 1321 adversus
669 1264 1016 1322 Pascliasium
1034 1267 1228 1323 librum
1254 1270 1319 1324 de
1351 1269 1408 1325 S.
1442 1269 1801 1335 Eucharistia,

247 1368 338 1423 quo
363 1355 495 1409 libro
519 1365 707 1424 postea
742 1356 1099 1426 Berengarius
1129 1373 1258 1412 usus
1286 1358 1376 1411 sit.

305 1446 485 1501 Nostra
540 1456 721 1501 autem
772 1455 953 1501 aelate
1004 1446 1132 1512 fuit,
1176 1449 1265 1517 qui
1318 1449 1555 1513 diceret,
1607 1451 1802 1505 librum

245 1538 374 1593 illum
418 1536 878 1609 Berengarianum
937 1553 1042 1591 non
1094 1536 1259 1592 fuisse
1321 1539 1503 1604 Scoti,
1551 1542 1645 1595 sed
1696 1542 1801 1596 Ra-

248 1629 489 1707 tramni‘.
520 1627 674 1682 llunc
720 1629 854 1682 falso
881 1629 1211 1698 adscriptum
1245 1644 1366 1684 esse
1393 1629 1585 1684 Joanni
1621 1631 1801 1687 Scoto.

247 1720 398 1786 Quare
447 1737 518 1775 ne
575 1723 677 1775 hoc
735 1722 951 1791 quidem
1003 1731 1211 1775 certum
1257 1732 1422 1786 esset,
1484 1739 1552 1776 an
1610 1723 1803 1780 Scotus

246 1813 388 1866 ullum
441 1830 683 1884 unquam
743 1815 808 1868 de
869 1815 927 1868 S.
986 1813 1323 1868 Eucharistia
1381 1831 1515 1885 opus
1570 1820 2172 1887 excude-ngeruntur
2224 1814 2362 1878 ista,
2417 1830 2523 1867 non
2579 1815 2809 1869 veritate
2840 1834 2920 1867 η.
2987 1814 3196 1882 Quibus
3260 1816 3497 1872 Ascelini
3586 1819 3588 1821 ’

251 1905 306 1957 rit
333 1907 420 1974 (τι).

306 1997 490 2050 Verum
558 1997 838 2050 enimvero
898 1998 1147 2066 quamvis
1193 2006 1352 2053 acute
1411 2008 1574 2068 atque
1633 1999 1808 2054 subti-

248 2087 351 2140 liter
391 2087 474 2142 ille
522 2087 576 2140 in
625 2087 946 2156 disputando
991 2087 1064 2141 sit
1103 2096 1376 2151 versatus,
1423 2088 1475 2142 id
1507 2097 1722 2151 tamen,
1761 2090 1810 2142 si

247 2181 354 2248 quid
381 2180 624 2235 videmus
645 2219 660 2242 ,
709 2194 813 2232 non
845 2187 930 2234 est
963 2190 1308 2250 assequutus,
1342 2190 1401 2235 ut
1435 2191 1541 2235 tam
1588 2183 1811 2251 antiqua

248 2286 331 2324 nos
368 2270 706 2340 possessione
755 2269 1090 2324 exturbaret.
1145 2271 1256 2326 l‘loc
1304 2281 1364 2325 ut
1414 2271 1636 2341 planum
1679 2271 1808 2336 ﬁat,

248 2361 408 2429 paucis
441 2360 524 2415 rei
570 2375 837 2415 summam
884 2375 1251 2431 proponemus
1276 2371 1439 2431 atque
1479 2361 1812 2416 examinabi.

248 2466 349 2504 mus
369 2452 457 2522 (b).

305 2543 442 2609 Quod
485 2543 750 2612 primum,
796 2559 1150 2614 quaecunque
1194 2544 1558 2614 Berengarius
1588 2545 1813 2616 ejusque

248 2634 472 2702 aequales
503 2634 574 2688 de
605 2633 768 2689 Scoto
798 2649 898 2689 suo
923 2634 1204 2696 dixissent,
1240 2635 1402 2688 etiam
1434 2635 1500 2690 de
1529 2634 1812 2690 Ratramni

247 2722 363 2777 libro
395 2725 500 2780 dici
539 2739 694 2795 posse
725 2722 1040 2788 affirmavit,
1072 2739 1136 2778 ac
1171 2721 1283 2790 jam
1314 2723 1458 2789 inde,
1490 2720 1658 2778 librOs
1694 2724 1814 2780 illos

248 2830 335 2866 non
368 2816 521 2880 duos,
566 2813 660 2869 sed
705 2829 871 2869 unum
900 2814 1240 2882 eundemque
1277 2813 1469 2879 fuisse,
1499 2814 1811 2870 conclusum

246 2907 418 2970 voluit,
453 2916 540 2962 est
573 2906 716 2962 istud
761 2907 979 2976 quidem
1013 2905 1237 2976 aliquid,
1286 2921 1475 2960 verum
1519 2905 1573 2960 in
1605 2921 1671 2961 eo
1717 2921 1812 2961 ne-

246 3013 488 3068 quaquam
539 3007 669 3052 sunt
705 2998 907 3051 omnia.
955 2996 1190 3053 Haberet
1234 3008 1383 3053 certe
1417 2996 1508 3066 jus
1553 3013 1708 3053 suum
1738 2999 1812 3053 ita

245 3090 604 3154 concludendi,
630 3091 676 3144 si
707 3089 949 3159 pluribus
975 3089 1062 3144 ille
1091 3089 1236 3156 Scoti
1263 3089 1401 3142 liber
1426 3087 1582 3142 nobis
1609 3087 1814 3142 descri-

1917 541 2039 595 dem
2068 555 2126 596 re
2157 543 2476 608 scribentes,
2508 545 2692 599 iisdem
2723 562 2888 616 prope
2919 551 3269 619 argumentis,
3303 551 3511 607 iisdem-

1914 629 2030 688 fere
2078 632 2469 698 locutionibus,
2519 651 2624 689 non
2675 637 2918 691 dissimili
2975 639 3244 696 scribendi
3296 658 3495 712 genere

1915 726 2078 779 etiam
2125 726 2340 793 sacpius
2380 736 2505 779 sunt
2538 728 2620 781 usi
2665 728 2764 799 (ἀ).
2810 728 2993 799 Neque
3039 733 3232 787 desunt
3268 747 3492 800 contra,

1912 830 2053 884 quae
2080 830 2147 869 ex
2197 814 2359 869 Scoto
2403 817 2558 872 nobis
2601 817 2962 885 innotuerint,
2996 836 3096 876 nec
3138 831 3317 877 tamen
3363 827 3495 880 satis

1913 907 2196 960 commode
2241 907 2307 961 ad
2355 906 2708 962 Ratramnum
2755 911 3024 978 pertinere
3071 913 3356 968 videantur
3399 919 3491 986 (e).

1915 996 2174 1050 Dicuntur
2203 998 2403 1052 haecce
2447 999 2717 1066 paululum
2766 1010 2976 1054 revecta
3024 1001 3090 1056 ad
3135 1002 3492 1059 Ratramnum

1913 1099 2070 1154 posse
2117 1086 2385 1156 appellere
2428 1105 2440 1140 :
2494 1103 2682 1141 verum
2731 1089 3030 1152 enimvero,
3079 1091 3122 1145 si
3157 1091 3266 1161 jam
3319 1094 3494 1148 alieno

1913 1186 2037 1252 sunt
2073 1175 2209 1240 loco,
2257 1177 2416 1230 etiam
2467 1179 2568 1232 lioc
2610 1179 2905 1247 quaeritur,
2954 1196 3083 1233 num
3133 1179 3269 1236 forte
3301 1183 3493 1252 paulu-

1914 1267 2022 1320 lum
2076 1277 2287 1321 revecta
2343 1269 2410 1322 ad
2463 1268 2618 1340 longe
2673 1270 2836 1323 alium
2897 1279 3173 1326 auctorem
3229 1275 3497 1344 appellere

1911 1359 2139 1426 possint.

1982 1453 2278 1508 Plurimum
2335 1455 2496 1512 tribui
2554 1455 2801 1510 videmus
2858 1455 2926 1528 (ι’)
2975 1456 3244 1522 Ascelino,
3296 1459 3387 1529 qui
3439 1459 3494 1514 in
3590 1454 3592 1456 ’

1913 1543 2066 1612 epist.
2095 1544 2160 1597 ad
2189 1543 2572 1615 Bereugarium
2615 1545 2686 1598 ita
2715 1546 2782 1600 de
2811 1545 2974 1600 Scoto
3009 1548 3224 1617 scripsit
3248 1566 3262 1601 :
3296 1549 3498 1603 dixisse

1911 1648 2032 1686 eum
2063 1633 2114 1686 in
2147 1635 2464 1702 exponendo
2493 1635 2792 1689 orationem
2827 1635 2969 1689 illam
3002 1635 3393 1706 Grcgorianam
3420 1639 3496 1708 (ῃ)

1917 1741 1935 1773 ι
1970 1723 2112 1776 inter
2174 1734 2385 1777 caetera
2446 1723 2567 1778 ﬁdei
2609 1732 2825 1778 nostrae
2861 1726 3173 1778 contraria:
3224 1745 3278 1777 η
3308 1729 3488 1797 specie

1911 1905 2093 1960 verbis
2133 1905 2220 1960 hic
2266 1905 2545 1959 Ratramni
2587 1905 2737 1960 locus
2779 1913 3000 1960 notatus
3031 1921 3151 1961 esse
3197 1907 3441 1962 creditur
3478 1925 3494 1962 :

1918 2014 1970 2046 «ι
1998 1995 2290 2051 Perticiant
2317 1997 2369 2050 in
2418 1997 2594 2060 nobis,
2640 1996 2884 2061 Domine,
2910 2013 3258 2067 quaesumus,
3292 2006 3381 2053 tua
3411 2014 3501 2054 sa-

1910 2095 2208 2151 cramenta,
2259 2086 2398 2156 quod
2443 2088 2754 2151 continent,
2789 2097 2878 2152 ut,
2937 2104 3078 2158 quae
3129 2105 3275 2145 nunc
3318 2091 3500 2161 specie

1912 2178 2170 2246 gerimus,
2206 2185 2386 2234 rerum
2415 2180 2642 2234 veritate
2689 2179 2968 2250 capiamus
3009 2200 3086 2233 η.
3124 2199 3143 2232 ι
3193 2183 3333 2237 Dicit
3371 2182 3501 2254 (sci-

1913 2268 2039 2322 licet
2065 2269 2239 2324 oratio
2267 2270 2402 2339 illa),
2434 2270 2574 2340 quod
2605 2285 2656 2323 in
2701 2271 2880 2339 specie
2919 2280 3177 2340 gerantur
3217 2272 3344 2337 ista,
3388 2290 3498 2329 non

1914 2359 1966 2412 in
2004 2360 2249 2424 veritate,
2281 2361 2331 2415 id
2361 2369 2461 2427 est,
2487 2377 2583 2432 per
2608 2361 3034 2427 similitudinem,
3066 2379 3171 2417 non
3208 2380 3306 2433 per
3333 2365 3501 2434 ipsius

1913 2449 1991 2503 rei
2021 2449 2532 2506 manifestationcm.
2567 2451 2833 2507 Diﬂ‘eruut
2862 2461 3040 2507 autem
3067 2469 3099 2508 a
3130 2468 3189 2508 se
3216 2457 3422 2524 species
3447 2464 3503 2512 et

1914 2540 2137 2595 veritas.
2169 2541 2510 2612 Quapropter
2543 2559 2738 2612 corpus
2769 2553 2823 2598 et
2851 2544 3090 2615 sanguis,
3137 2548 3282 2616 quod
3312 2549 3364 2602 in
3411 2564 3502 2604 ec-

1913 2627 2078 2683 clesia
2124 2630 2349 2699 geritur,
2387 2630 2570 2686 dill'ert
2616 2633 2686 2688 ab
2730 2632 2820 2690 illo
2861 2651 3090 2707 corpore
3118 2646 3174 2693 et
3213 2640 3501 2710 sanguine,

1912 2715 2054 2787 quod
2104 2717 2157 2772 in
2199 2717 2407 2773 ChriSti
2460 2735 2688 2791 corpore
2738 2737 2836 2792 per
2885 2729 3336 2782 resurreCtionem
3383 2727 3501 2796 jam

1912 2804 2270 2874 glorificatum
2334 2811 2697 2878 cognoscitur.
2761 2811 2829 2868 Et
2861 2815 2990 2871 boc
3042 2831 3239 2887 corpus
3304 2819 3502 2886 pignus

1912 2904 1997 2948 cst
2041 2904 2095 2949 et
2143 2897 2369 2965 species,
2420 2898 2546 2952 illud
2597 2915 2724 2955 vero
2771 2902 2888 2971 ipsa
2931 2906 3151 2960 veritas.
3203 2907 3314 2962 Hoc
3357 2911 3502 2967 enim

1912 2987 2141 3056 geritur,
2187 2986 2357 3041 denec
2407 2989 2473 3043 ad
2505 2989 2631 3044 illud
2679 2993 3029 3060 perveniatur
3056 3014 3102 3048 ι.
3129 2993 3229 3052 Ubi
3262 3013 3390 3054 vero
3432 3001 3500 3054 ad

1914 3077 2043 3133 illud
2120 3088 2433 3149 perventum
2492 3080 2684 3148 fuerit,
2757 3085 2861 3141 hoc
2917 3088 3302 3154 removebitur.
3371 3091 3502 3159 Quae

245 3191 351 3250 plus
382 3192 549 3246 esset,
581 3197 720 3252 quae
749 3182 969 3237 omnino
1012 3182 1065 3236 in
1100 3180 1378 3236 liatramni
1409 3195 1544 3249 opus
1573 3182 1805 3251 quadra-
1834 3178 1879 3240 C
1913 3179 2038 3224 sum
2090 3170 2142 3224 ίη
2201 3172 2303 3226 hoc
2363 3171 2479 3227 Ιοεο
2528 3172 2651 3228 ﬁdei
2717 3184 2936 3233 nostrae
3005 3181 3325 3235 contraria?
3381 3182 3500 3252 Ipse

246 3285 367 3339 rent,
397 3291 496 3331 nec
534 3274 695 3329 facile
723 3275 778 3329 in
820 3275 1029 3329 duobus
1058 3274 1285 3328 duorum
1334 3283 1617 3327 auctorum
1662 3272 1814 3328 libris

245 3373 340 3419 tam
363 3367 500 3421 inter
530 3381 590 3421 se
620 3366 818 3420 similia
863 3373 1084 3436 possent
1112 3363 1360 3435 reperiri.
1391 3365 1461 3419 At
1489 3364 1815 3434 paucissima

245 3464 432 3511 tantum
469 3459 544 3512 de
591 3457 742 3513 Scoti
790 3457 927 3512 libro
973 3465 1487 3515 commemorantur.
1523 3465 1686 3525 atque
1726 3472 1812 3521 ea,

243 3562 301 3602 ex
341 3549 536 3618 quibus
587 3547 801 3603 facilius
842 3547 1084 3618 colligas,
1130 3547 1405 3601 diversum
1452 3545 1599 3600 illum
1632 3562 1660 3598 a
1712 3545 1814 3600 Ra-

247 3643 422 3695 tramui
479 3642 623 3697 libro
678 3640 880 3706 fuisse,
927 3655 1087 3710 quam
1136 3655 1262 3694 cum
1314 3639 1417 3694 boc
1465 3655 1628 3693 unum
1677 3655 1814 3694 euu-

246 3732 475 3801 demque.

307 3820 394 3875 Est
419 3822 667 3890 quidem,
703 3829 765 3875 ut
801 3819 1088 3875 nonnullae
1123 3835 1211 3874 res
1239 3817 1307 3873 de
1348 3815 1512 3873 Scoto
1555 3818 1662 3871 sint
1688 3817 1818 3871 scri-

244 3911 454 3982 ptae(c),
477 3926 622 3981 quae
647 3911 835 3965 eodem
857 3909 971 3966 fere
998 3919 1154 3980 pacto
1173 3909 1240 3963 ad
1265 3908 1618 3962 Ratramnum
1648 3916 1820 3960 trans-

247 4000 358 4054 terri
399 4012 636 4072 queant;
666 4017 854 4055 verum
889 4001 974 4056 bis
1004 4000 1123 4054 ideo
1151 4015 1340 4069 parum
1380 4011 1697 4053 moveamur
1723 4011 1819 4051 ne-

305 4177 377 4254 (n)
405 4179 507 4254 61⁵ἓ
525 4177 590 4254 ιζ.
729 4176 920 4254 _Lauf_s
947 4175 1173 4254 :__Ueber
1215 4174 1303 4230 die
1336 4173 1422 4254 to:
1449 4172 1696 4254 verloreu
1729 4186 1822 4254 ge-

244 4243 447 4303 baltene
473 4247 688 4305 Schrift
711 4249 805 4302 des
824 4247 946 4302 Job.
975 4246 1172 4301 Scottis
1202 4260 1301 4299 von
1330 4245 1426 4298 der
1453 4243 1817 4305 Eucharistie,

245 4319 294 4372 in
341 4321 497 4385 libro,
531 4319 626 4387 qui
679 4319 1034 4382 inscribitur:
1079 4314 1450 4387 “redegitque
1477 4313 1722 4387 Studien
1764 4330 1817 4366 ιι.

245 4381 608 4445 Κτὶιίὲεηιὸιι
647 4389 739 4443 Dr.
773 4381 1018 4443 Ullmaun
1057 4403 1112 4440 ιι.
1145 4385 1237 4438 Dr.
1271 4381 1534 4440 Umbreit.
1569 4381 1623 4447 Ι,
1650 4381 1684 4436 4
1705 4422 1720 4446 ,
1764 4399 1818 4452 p.

247 4479 332 4512 too
359 4476 476 4514 δρα.
855 4481 859 4484 ‘

303 4476 747 4600 fbicgiiamquam
773 4529 912 4600 haec
955 4541 1043 4581 res
1071 4526 1230 4595 digna
1258 4532 1371 4588 est,
1403 4538 1544 4594 quae
1588 4537 1812 4583 accura-

243 4597 720 4675 tius'explore’tur.
769 4597 966 4652 Multae
1009 4607 1195 4675 autem
1249 4603 1378 4675 sunt
1420 4607 1811 4675 causam-quae

240 4685 347 4730 nos,
375 4663 675 4738 quominus
694 4667 810 4738 jam
841 4666 1062 4738 nuncid
1093 4674 1454 4738 praestemus,
1490 4663 1807 4738 impediunt.

304 4741 370 4809 (τ)
392 4732 476 4793 Cf.
509 4732 764 4809 Ιιξιιιῖεξι.
793 4737 828 4790 l.
861 4754 913 4807 p.
940 4735 1064 4800 763,
1092 4732 1218 4809 ⁸765.
1241 4735 1391 4801 Quae
1418 4750 1469 4803 p.
1494 4732 1808 4809 76§_lt3gtitl-

239 4802 366 4863 νηί-ξ
395 4828 413 4859 ι
445 4809 627 4883 Caroli
664 4802 1252 4883 blagtii,'an_'ecesso_ris
1288 4802 1576 4883 i...,'apud
1611 4802 1812 4883 haebe-

239 4881 388 4942 rium,
417 4881 490 4933 ita
522 4894 583 4933 se
612 4874 847 4933 habent:
884 4896 901 4927 ι
931 4877 1108 4931 Caroli
1137 4874 1312 4942 Magni
1344 4874 1804 4928 autecessoris...»

237 4952 376 5018 Apud
402 4950 596 5003 Mansi.
618 4951 802 5073 gone.
830 4947 962 5002 Coll.
993 4956 1122 5029 tom.
1153 4942 1297 5010 XIX,
1321 4945 1424 5027 col.
1455 4944 1558 4998 756
1581 4942 1647 5014 Α)
1677 4943 1813 5024 scri-

237 5033 370 5073 nium
401 5031 489 5073 est
515 5037 532 5072 :
568 5037 588 5070 ι
661 5018 795 5073 aroli
830 5033 1007 5073 manui
1039 5025 1401 5071 antecesseris
1429 5034 1474 5070 ι.
1506 5012 1657 5073 Quod
1677 5028 1724 5067 ει
1755 5028 1809 5066 In

235 5012 370 5087 ptum
401 5031 489 5075 est
515 5037 532 5072 :
568 5037 588 5070 ι
618 5012 795 5074 Caroli
830 5017 1007 5087 magni
1039 5017 1401 5071 antecesseris
1429 5012 1657 5087 iaQuod
1677 5013 1724 5067 si
1755 5012 1809 5066 in

236 5084 313 5143 illa
342 5090 664 5155 Berengarii
704 5088 862 5156 epist.
893 5084 960 5143 ad
997 5087 1251 5141 Richard.
1283 5094 1460 5154 potest
1489 5084 1590 5155 legi
1619 5105 1631 5136 ;
1672 5101 1690 5132 ι
1716 5097 1813 5156 no-

235 5161 356 5231 verit
383 5181 403 5212 ι
460 5153 756 5231 (Henricus
803 5157 853 5220 l.
900 5173 992 5231 rex
1031 5153 1360 5231 Gallorum),
1390 5174 1408 5204 ε
1439 5153 1579 5225 quae
1623 5153 1813 5231 scribit

232 5225 480 5285 Joannes'
510 5230 734 5292 Scotus,
773 5229 977 5282 monitu
1009 5242 1132 5299 eum
1171 5225 1456 5299 scripsisse
1503 5225 1813 5299 praecario-

233 5317 327 5370 que
353 5300 544 5370 Caroli
586 5301 763 5370 magni
797 5297 1158 5370 antecesseris
1200 5297 1355 5350 sui...
1381 5315 1426 5358 ›,
1452 5310 1560 5366 quo
1589 5297 1809 5370 jure_ex

233 5363 324 5423 lioc
358 5369 479 5426 loco
511 5363 808 5440 colligitur,
842 5369 1038 5422 librum
1065 5367 1241 5440 illum,
1280 5381 1443 5440 quem
1472 5363 1685 5440 spectat
1716 5363 1812 5417 Be-

233 5443 531 5512 rengarius,
561 5435 748 5494 eodem
779 5441 955 5502 modo,
980 5454 1043 5492 ac
1063 5436 1342 5492 Ratramni
1364 5451 1523 5506 opus,
1549 5435 1809 5504 scriptum

285 5618 318 5651 ‘
346 5617 403 5672 Id
445 5618 598 5686 quod
629 5626 684 5672 et
722 5616 881 5670 nobis
927 5613 1380 5686 verisimillimum
1413 5626 1534 5686 esse
1575 5611 1814 5686 videtur,

230 5683 561 5754 uberiusque
587 5703 616 5740 ιι
644 5687 798 5742 nobis
825 5687 1156 5754 disceptatur
1184 5687 1234 5737 iu
1261 5683 1562 5754 Prooemio.
1582 5683 1817 5735 Omnino

231 5753 528 5826 ascriptum
559 5753 1026 5810 connncntationis
1053 5756 1105 5809 in
1144 5754 1226 5818 iis,
1262 5766 1399 5822 quae
1431 5753 1612 5806 dchoc
1644 5754 1817 5823 rapite

1915 3260 2281 3324 Lanfrancus,
2315 3263 2612 3318 acerrimus
2655 3265 2968 3336 Bercngarii
3000 3269 3344 3325 adversarius
3365 3311 3380 3335 ,
3423 3273 3501 3326 si-

1917 3351 2028 3406 mili
2072 3353 2277 3406 ratione
2314 3353 2524 3408 locutus
2551 3365 2636 3409 est
2683 3357 2779 3428 (h).
2821 3355 2924 3413 Ubi
2966 3360 3066 3414 hoc
3093 3359 3212 3415 loco
3249 3359 3501 3416 Ratram-
3561 3399 3568 3406 -

1917 3460 2037 3510 nus,
2068 3445 2181 3500 suis
2211 3445 2380 3515 ipsius
2408 3446 2588 3500 verbis
2614 3463 2762 3513 usus,
2799 3466 2818 3499 σ
2849 3452 3029 3518 specie
3060 3470 3106 3515 ι,
3135 3450 3327 3522 inquit,
3362 3470 3380 3502 ι
3411 3468 3501 3522 ge-

1919 3547 2115 3592 runtur
2156 3539 2280 3603 ista,
2312 3554 2419 3593 non
2452 3540 2678 3594 veritate
2706 3561 2750 3607 ι,
2784 3540 3058 3598 Ecclesiae
3104 3545 3267 3598 verba
3312 3559 3503 3599 secun-

1917 3631 2043 3684 dum
2075 3629 2349 3685 Ecclesiae
2373 3631 2694 3686 sententiam
2721 3632 2972 3702 explicat.
2999 3632 3201 3700 Quodsi
3221 3635 3360 3690 banc
3384 3652 3498 3690 rem

1918 3719 2169 3787 Cuiquam
2199 3719 2407 3772 auctori
2436 3720 2567 3773 vitio
2607 3719 2736 3774 dare
2766 3721 2938 3790 potuit
2978 3721 3280 3788 Asceliuus,
3330 3725 3504 3779 tribus

1918 3810 2192 3880 Anticyris
2215 3819 2375 3879 caput
2403 3809 2519 3877 ejus
2545 3813 2842 3868 insanabile
2869 3813 3035 3869 fuisse
3057 3824 3289 3885 oportet.
3317 3815 3505 3888 Longe

1919 3901 2082 3954 alium
2115 3900 2428 3970 Erigeniani
2460 3901 2602 3957 illius
2648 3902 2939 3974 loci,quem
2969 3904 3253 3960 Ascelinus
3281 3906 3351 3962 ob
3379 3921 3504 3962 ocu-

1921 3989 2001 4046 los
2031 3990 2238 4056 babuit,
2279 4006 2346 4048 ex
2381 3993 2550 4063 ipsius
2575 3993 2812 4049 Ascelini
2843 3995 3024 4051 verbis
3049 4005 3378 4062 contextum,
3409 3999 3502 4068 qui

1923 4164 2091 4220 fuisse
2116 4175 2181 4258 oet
2187 4167 2457 4258 1ιιιίειξιιιιιι
2477 4167 2543 4221 ad
2594 4167 2902 4258 «.Carolum'
2925 4186 3178 4258 magnum
3211 4175 3506 4258 imperato-

1925 4251 2038 4290 rem
2072 4237 2139 4290 i?
2186 4237 2388 4291 Deinde
2441 4238 2578 4294 haec
2627 4239 2742 4307 ipsa
2794 4241 2981 4306 verba,
3017 4237 3308 4300 Ratramni
3362 4247 3504 4303 libro

1925 4307 2246 4374 praemissa,
2294 4324 2399 4362 non
2455 4308 2626 4376 ipsius
2678 4307 2962 4363 Ratramni
3016 4325 3137 4372 esse
3191 4315 3502 4372 credimus:

1927 4392 2050 4451 nam
2118 4377 2170 4451 i_n
2225 4377 2604 4451 antiquissimo
2652 4379 2839 4451 codice
2888 4394 3044 4451 ms.,7
3087 4398 3247 4451 quem
3301 4386 3502 4444 Mabill.

1927 4447 2086 4523 (acta
2119 4445 2490 4523 Dened._saec.
2521 4446 2608 4523 ly.
2641 4447 2855 4523 tom.__l_l.
2886 4450 3058 4523 praef.
3103 4445 3162 4505 ιι.
3193 4453 3282 4523 85)
3333 4459 3463 4511 vidit
3487 4499 3503 4522 ,

1929 4517 2002 4569 ita
2041 4516 2300 4585 scriptum
2327 4514 2464 4570 fuit:
2501 4539 2517 4568 ι
2549 4517 2740 4586 Incipit
2767 4514 2906 4573 liber
2952 4520 3234 4578 Ratramni
3266 4514 3347 4580 'de
3387 4514 3507 4582 cur;

1843 4567 1891 4624 Ῑ)
1919 4567 2064 4654 pbie'
2077 4567 2462 4677 etZsalnﬁuliiie;
2489 4567 2721 4677 Domitii.
2764 4588 3033 4677 Jussistis:
3065 4567 3508 4677 "91in-

1913 4671 2045 4725 ceps
2084 4675 2127 4708 ι.
2159 4655 2308 4729 Nihil
2327 4657 2560 4727 denique
2587 4659 2744 4729 estin
2774 4674 2859 4722 eo,
2890 4662 3032 4729 quod
3065 4655 3284 4729 Scottis,
3315 4670 3504 4724 eodem

1917 4737 2102 4803 pacto,
2135 4741 2241 4795 quo
2277 4725 2630 4803 R_atr_am_nus,
2663 4726 2840 4803 Caroli
2879 4725 3034 4798 jussu
3081 4725 3374 4803 scripsisse
3424 4740 3508 4792 di-

1915 4796 2078 4860 citur,
2112 4813 2274 4861 quum
2309 4798 2359 4850 in
2390 4796 2730 4853 Gotliescalci
2780 4796 2944 4856 causa
2991 4812 3046 4856 et
3077 4796 3407 4862 Batramnus
3451 4819 3509 4863 et

1916 4864 2097 4938 Lupus
2130 4865 2498 4922 Ferrariensis
2528 4869 2777 4938 jubente,
2804 4881 2861 4925 et
2891 4873 3087 4928 Scotus
3123 4894 3140 4924 ι
3171 4889 3448 4934 annuente
3479 4900 3496 4930 ι

1915 4935 2122 5010 Carolq
2137 4938 2304 5010 libros
2329 4953 2457 4992 suos
2484 4935 2909 5010 composuerint.

2013 5006 2068 5084 rt)
2186 5006 2473 5084 Diablacta
2492 5006 2697 5084 Bened.
2729 5011 2972 5084 sec.__lV.
2997 5027 3048 5084 p.
3069 5011 3130 5067 ll.
3149 5016 3319 5084 praef.
3342 5035 3395 5070 ιι.
3413 5019 3500 5074 88.

2011 5078 2058 5151 e)
2203 5077 2384 5151 luant}.
2419 5079 2454 5131 ι.
2489 5081 2613 5151 l_.ﬂp.
2645 5081 2768 5143 764,
2802 5079 2922 5144 765,
2954 5075 3058 5136 766
3086 5075 3197 5138 ιιοί.
3224 5101 3278 5151 a,
3309 5089 3431 5144 768.

2010 5147 2062 5217 f)
2093 5146 2175 5218 Cf.
2209 5147 2389 5201 Latiis.
2421 5165 2474 5218 p.
2503 5149 2603 5203 757
2625 5178 2687 5188 --
2718 5151 2843 5205 760.

1988 5217 2065 5290 (g)
2100 5217 2386 5286 Perﬁciant
2425 5217 2483 5272 in
2515 5220 2660 5274 nobis
2705 5234 2832 5284 tua,
2878 5221 3120 5290 Domine,
3153 5240 3500 5290 sacramenta,

1915 5286 2054 5370 quod
2080 5291 2363 5370 continent.
2390 5300 2466 5354 ut,
2495 5307 2629 5360 quae
2655 5308 2792 5347 nunc
2822 5297 2990 5363 specie
3033 5286 3279 5366 gerimus,
3331 5286 3504 5352 rerum.

1914 5366 2133 5426 veritate
2148 5366 2444 5426 capiamus.

1940 5492 1944 5496 ι
1990 5425 2068 5500 (Ii)
2093 5425 2174 5480 Cf.
2202 5425 2341 5481 Mab.
2367 5437 2486 5482 acta
2501 5429 2704 5486 Bencd.
2749 5449 2860 5488 sec.
2884 5433 3044 5505 lV.p.
3071 5435 3131 5489 ll.
3155 5436 3322 5506 praef.
3342 5455 3392 5491 ιι.
3411 5440 3503 5496 SS.

1926 5619 2192 5695 protulit,
2252 5636 2363 5695 non
2425 5637 2710 5690 possumus
2769 5627 2899 5695 quin
2955 5627 3360 5690 dissentiamus.
3419 5635 3504 5692 Ci.

1928 5687 2285 5756 Prooemium.
2340 5687 2607 5749 Asiuanv.
2642 5687 2798 5752 lion:
