4002 6148
313 155 375 215 Π

1149 158 1238 219 DE
1274 153 1429 222 "TA
1466 167 1558 225 ET
1592 168 2001 227 PRECEPTIS
2036 172 2086 229 εἰ.
2130 172 2345 229 SCOTl.
2384 206 2453 217 —
2487 174 2668 230 PARS
2701 175 2741 230 l.

3537 177 3604 237 η

318 277 550 329 videtur.
583 272 814 345 Saepius
841 272 982 330 enim
1014 272 1285 332 frontibus
1310 277 1554 335 adversis
1594 294 1777 336 secum
1804 293 1902 350 pu-
1929 281 1979 340 Α
2007 294 2196 351 paruus
2222 283 2404 340 Iesum
2430 300 2528 356 per
2550 286 2731 351 tidem,
2763 293 2817 340 et
2853 283 2905 339 in
2941 285 3113 340 interc
3140 284 3216 355 (Ii)
3257 288 3599 357 participaui-

313 366 536 436 guantia
562 366 869 435 composuit
896 364 998 437 (α).

383 454 574 527 Neque
622 457 798 520 doest,
825 471 999 528 quare
1042 456 1403 512 Adrevaldum
1446 466 1502 514 et
1557 459 1905 539 llincmarnm

313 565 419 603 non
452 548 589 602 nihil
616 558 837 603 secutus
862 562 984 603 esse
1014 549 1236 604 dixeris.
1275 549 1371 603 Est
1399 551 1544 604 enim
1588 551 1732 605 inter
1760 551 1905 607 Scoti
1954 551 1960 558 ”

314 640 583 709 einuiua,
619 654 760 708 quae
800 636 1151 694 Schlnctcrus
1201 654 1266 694 ex
1308 639 1675 708 palimpsestis
1719 640 1906 711 Angeli

315 732 438 788 Maii
471 750 502 787 a
535 749 596 788 se
638 733 783 788 edita
812 731 1024 795 Scribit,
1049 748 1210 787 unum
1242 731 1339 799 (ὁ),
1370 733 1512 801 quod
1542 748 1647 796 non
1677 733 1913 789 obscure

317 824 477 878 istum
520 839 763 878 errorem
794 823 1082 892 signiﬁcat.
1125 822 1404 890 Descripta
1440 824 1697 892 paschale
1737 824 1908 879 Israe.

315 916 556 975 litarum,
590 929 742 967 mare
780 915 1002 968 rubrum
1046 913 1465 976 transeuntium,
1497 914 1570 967 ita
1594 914 1768 985 pergit
1798 932 1812 968 :

380 1019 405 1046 ι
436 1001 573 1052 Haec
592 1002 833 1061 quondam
852 1000 1051 1049 fuerunt
1077 1002 1267 1063 venturi
1293 1010 1500 1063 omam
1529 1001 1729 1061 Christi,

440 1064 490 1110 lu
515 1077 614 1122 quo
638 1065 905 1120 collucent,
931 1076 1058 1121 quae
1082 1062 1273 1110 latuere
1295 1065 1399 1111 diu.

381 1122 475 1181 Qui
501 1125 639 1173 solos
661 1126 817 1172 vietor
838 1131 1079 1181 prostrato
1103 1142 1113 1176 ι
1133 1124 1321 1182 ιιὶηονὶῃθ
1345 1123 1513 1172 mundi

440 1184 703 1236 Trausuto
724 1186 885 1233 triduo
904 1184 1088 1245 prosilit
1114 1197 1175 1233 ex
1204 1183 1382 1232 Erebo.

382 1247 455 1308 Δρ
476 1250 662 1301 primus
684 1246 876 1293 calcans
898 1254 1103 1292 umrtem
1139 1248 1357 1294 tran~ivit
1383 1249 1430 1295 in
1456 1246 1570 1308 alta,

440 1307 585 1357 Solus
606 1322 717 1354 nam
741 1309 864 1354 liber
886 1309 1085 1356 numine
1111 1315 1345 1355 tartareo.

378 1369 645 1430 Sanguinis
671 1376 717 1417 et
752 1372 931 1429 prOprii
957 1368 1166 1416 fundens
1193 1368 1419 1430 libari-ina
1444 1380 1569 1428 pura

440 1431 619 1477 bluudo
640 1431 825 1480 salvato
846 1431 1018 1485 pascha
1044 1441 1219 1476 novum
1251 1429 1464 1478 dedicat.

380 1495 563 1554 Sponte
586 1505 673 1539 sua
695 1490 932 1540 Dominus
946 1503 1002 1554 se
1026 1498 1202 1554 mactat
1223 1492 1327 1554 ipse
1349 1491 1594 1550 sacerdos.

441 1558 577 1611 Quae
601 1555 730 1601 l'atri
757 1554 955 1613 placem
980 1552 1130 1599 bu~tia
1153 1555 1254 1599 sola
1275 1552 1399 1603 fuit.

380 1614 568 1677 Hostia,
593 1627 722 1675 quae
745 1622 899 1662 totum
920 1614 1141 1672 purgavit
1166 1615 1372 1677 crimine.
1401 1613 1652 1676 mundum,

442 1674 859 1739 Mttnilum,quem
896 1681 1050 1733 [potuit
1071 1674 1284 1739 perdere
1308 1678 1491 1739 prltttus
1516 1674 1678 1727 homo.

379 1739 448 1790 E3
470 1751 574 1801 uno
599 1737 803 1786 veniens
826 1749 955 1784 mors
977 1743 1053 1784 est
1075 1736 1278 1801 expulsa
1304 1736 1393 1789 t-dr
1418 1750 1562 1787 unum
1584 1751 1600 1801 ;

440 1800 594 1849 non-‘-
620 1801 745 1847 bona
772 1801 835 1844 vit
856 1811 905 1847 te
928 1811 1057 1846 mors
1078 1797 1202 1846 mala
1227 1798 1348 1847 victa
1376 1801 1521 1859 perit.

382 1860 636 1911 Primitiae
661 1860 882 1907 Christus
901 1860 1140 1908 reseratit
1162 1869 1300 1917 septa
1323 1859 1532 1922 sepulcri

438 1922 646 1971 Nostrae
674 1922 887 1971 Naturae
913 1921 1102 1981 perdita
1128 1921 1418 1970 restituens.

385 1984 565 2033 Harum
588 1997 717 2030 ltllttc
744 1996 903 2044 rerum
926 1982 1240 2030 trelcb'attlm'
1263 1982 1480 2044 symbols
1503 1995 1640 2032 sacra

440 2046 561 2092 Dum
586 2053 757 2102 parcnt
783 2043 953 2102 octdis,
975 2045 1219 2091 utentibus
1240 2043 1349 2091 nota
1371 2048 1523 2105 prius,

379 2105 505 2169 Dum
532 2119 713 2169 corpus
737 2105 934 2169 Christi,
962 2105 1075 2150 dum
1099 2107 1490 2169 saetisattguinis
1511 2106 1683 2154 undam

432 2166 492 2216 Et
517 2168 734 2228 pretium
761 2166 925 2212 mundi
945 2178 1084 2228 meus
1105 2178 1178 2223 pta
1198 2179 1280 2213 cor
1300 2166 1347 2215 ’ὁ
1370 2171 1516 2225 Sapit,

377 2227 497 2278 Dam
521 2227 774 2276 mentures
789 2240 989 2274 coenam
1011 2227 1197 2290 Dmtiui
1225 2240 1511 2276 revocamus
1531 2229 1580 2278 in
1599 2240 1769 2290 annos,

439 2290 563 2336 lium
592 2292 762 2349 plures
785 2291 903 2336 odas
923 2296 1152 2335 consonat
1182 2289 1285 2346 ipse
1302 2291 1482 2338 chorus

384 2351 613 2404 Aeternis
634 2352 811 2410 epulis,
833 2363 954 2401 uuas
979 2350 1174 2397 nostica
1194 2352 1330 2402 signa
1353 2352 1583 2409 ligarant,

437 2412 670 2471 Dignrris
692 2412 913 2459 Carolum
939 2422 1161 2470 pascere,
1196 2412 1411 2473 Christe,
1438 2420 1593 2461 tuum.
1616 2424 1649 2461 ι

380 2490 491 2545 lluc
513 2491 645 2545 item
681 2489 916 2558 pertinet
943 2488 1095 2543 locus
1123 2488 1210 2543 ille
1233 2490 1299 2543 de
1326 2499 1514 2544 sancta
1539 2490 1900 2555 Ettcliaristia,

315 2594 465 2651 quem
490 2578 775 2635 lioellerus
800 2579 872 2650 (c)
894 2595 960 2634 ex
984 2581 1375 2635 commentario
1397 2580 1630 2651 quodam
1657 2581 1721 2634 ad
1744 2580 1904 2636 Pseu-

314 2671 675 2742 do-Dionysii
724 2671 1085 2741 Areopagitae
1145 2671 1511 2727 bierarchiam
1566 2671 1854 2727 coelestem
1885 2714 1899 2735 ,

312 2778 466 2833 quem
498 2762 699 2818 Scotus
726 2762 1223 2830 noster-scripsisse
1250 2763 1481 2817 traditur
1514 2763 1616 2835 (ιι),
1658 2762 1903 2833 protulit.

312 2855 425 2924 Ipse
449 2854 602 2910 locus
633 2853 725 2909 hic
772 2862 855 2909 est
887 2872 902 2908 :
936 2872 954 2904 ι
992 2852 1249 2923 Sequitur
1281 2872 1293 2907 :
1324 2862 1377 2908 et
1404 2854 1456 2908 in
1484 2869 1647 2907 unutn
1697 2854 1900 2924 princi-

312 2947 545 3015 pationis
568 2945 639 3015 (e)
673 2946 844 3014 ipsam
872 2945 1240 2999 divinisximae
1270 2944 1644 2999 Eucltaristiae
1690 2959 1901 2999 assum-

313 3036 571 3106 ptionem.
626 3035 860 3097 latuere,
910 3050 1071 3103 quam
1122 3033 1387 3103 pulchre,
1438 3049 1599 3103 quam
1643 3048 1901 3104 expresse

314 3128 528 3190 asserit,
550 3127 820 3181 visibilem
849 3127 987 3180 hanc
1030 3124 1453 3186 Eocharistiam,
1479 3138 1638 3193 quam
1661 3124 1902 3192 quotidie

313 3220 619 3276 sacerdotes
672 3218 943 3272 Ecclesiae
993 3218 1045 3269 in
1096 3216 1251 3270 altari
1306 3218 1621 3279 coniiciunt,
1668 3217 1899 3286 typicam

316 3325 429 3366 esse
453 3309 860 3365 similitudinem
883 3306 1175 3377 spiritualis
1209 3307 1618 3375 principationis
1640 3306 1716 3376 (Ῑ)
1748 3304 1899 3370 Iesu,

318 3416 472 3470 quam
501 3399 739 3454 ﬁdeliter
767 3398 882 3452 solo
918 3397 1192 3453 intellectu
1221 3407 1522 3469 gustamus,
1552 3397 1655 3451 hoc
1680 3405 1782 3459 est,
1814 3397 1901 3450 in-

321 3490 626 3557 tclligimus,
658 3489 820 3557 inque
857 3499 1073 3543 nostrae
1103 3498 1328 3543 naturae
1371 3488 1630 3542 interiora
1683 3487 1900 3540 viscera

320 3580 601 3641 sumimus,
617 3579 684 3631 ad
709 3588 947 3632 nostram
971 3578 1198 3633 salutem
1224 3587 1277 3634 et
1301 3578 1579 3647 Spirituale
1600 3578 1902 3647 incremen-

321 3677 427 3722 tum
450 3677 507 3724 et
551 3666 876 3723 inct‘lbbilem
905 3669 1322 3724 deiiicationem.
1358 3669 1588 3738 Oportet
1638 3684 1788 3740 ergo,
1819 3669 1903 3723 in-

319 3758 451 3825 quit,
480 3757 779 3811 humanum
834 3756 1074 3810 animum
1122 3771 1187 3811 ex
1245 3757 1592 3813 sensibilibus
1638 3759 1800 3813 rebus
1847 3756 1899 3811 in

320 3846 630 3900 caelestium
671 3846 931 3899 virtutmu
963 3846 1375 3901 similitudinem
1419 3855 1477 3901 et
1515 3847 1898 3917 aequalitatem

319 3933 695 3988 ascendentem
743 3935 1019 3998 arbitrari,
1049 3934 1447 3990 divinissimam
1500 3934 1897 3989 Eocharistiam

319 4021 608 4085 visibilem,
646 4023 700 4077 in
728 4023 966 4078 Ecclesia
1003 4024 1416 4089 conformata‘m,
1445 4026 1681 4082 maxime
1712 4036 1897 4099 typum

318 4121 434 4162 esse
461 4108 895 4179 participationis
918 4109 994 4182 (g)
1023 4111 1210 4182 ipsius,
1246 4125 1352 4181 qua
1389 4122 1443 4169 et
1483 4128 1630 4169 nunc
1674 4113 1899 4185 partici-

386 4228 465 4297 (α)
499 4229 585 4284 Ct'.
626 4229 775 4286 Scoti
811 4231 905 4287 lib.
935 4232 1004 4288 de
1030 4233 1137 4287 div.
1168 4233 1290 4289 Nat.

1932 1645 1977 1705 Β

1928 2996 1971 3055 C

2010 389 2132 429 mus
2156 373 2217 446 (ὅ)
2244 390 2339 444 per
2366 377 2620 445 speciem,
2645 377 2804 447 eique
2844 376 3200 432 adunabimus
3228 376 3291 448 (ὅ)
3323 392 3418 445 per
3454 381 3600 433 cari-

2002 469 2200 529 tatem.
2236 463 2376 531 Quid
2402 480 2531 535 ergo
2559 466 2627 520 ad
2676 467 2815 521 hanc
2861 466 3042 538 magni
3084 464 3316 537 theologi
3359 466 3600 539 Dionysii

2009 553 2511 624 praeclarissimam
2567 555 2748 609 tubam
2795 554 3283 625 respondent,‘qui
3331 555 3601 611 visibilem

2012 644 2410 700 Eocharistiam
2439 645 2513 699 nil
2558 645 2701 700 aliud
2746 644 3053 714 signiﬁcare
3079 643 3295 713 praeter
3338 660 3397 699 se
3426 646 3599 715 ipsam

2012 736 2202 791 volunt
2224 736 2508 791 asserere?
2542 735 2676 789 Dum
2719 736 3019 790 clarissima
3053 736 3178 789 tuba
3208 733 3450 803 praefata
3491 735 3602 792 cla-

2011 834 2144 890 mat,
2189 841 2295 880 non
2345 826 2431 880 illa
2480 834 2821 881 sacramenta
2866 825 3093 880 visibilia
3140 825 3388 886 colenda,
3425 840 3601 895 neque

2010 929 2109 985 pro
2137 914 2371 970 veritate
2413 914 2791 984 amplexanda,
2818 913 2942 982 quia
2972 913 3329 984 signiticativa
3354 914 3599 970 veritatis

2011 1013 2161 1071 sunt,
2192 1021 2365 1075 neque
2384 1014 2606 1076 prepter
2627 1020 2686 1061 se
2710 1006 2822 1075 ipsa
2850 1005 3088 1067 inventa,
3107 1006 3362 1073 quoniam
3387 1005 3440 1059 in
3470 1007 3602 1075 ipsis

2012 1096 2135 1150 ﬂuis
2177 1095 2561 1165 intelligentiae
2596 1110 2701 1148 non
2747 1104 2850 1159 est,
2887 1092 2982 1148 sed
3025 1103 3257 1164 propter
3289 1094 3599 1164 incompre-

2011 1185 2343 1241 hensibilem
2370 1185 2613 1241 veritatis
2639 1185 2916 1248 virtutem,
2947 1199 3086 1253 quae
3126 1183 3378 1239 Christus
3407 1193 3514 1247 est,
3545 1184 3598 1238 in

2009 1275 2219 1332 unitate
2258 1277 2528 1331 humanae
2558 1277 2880 1345 divinaeque
2920 1290 3049 1331 suae
3081 1275 3417 1330 substantiae
3456 1274 3600 1330 ultra

2007 1380 2170 1422 omne
2220 1366 2363 1436 quod
2416 1379 2579 1421 sensu
2610 1367 2847 1421 sentitur
2885 1378 3171 1435 corporeo,
3205 1377 3368 1433 super
3412 1370 3609 1429 outne,‘

2006 1459 2154 1528 quod
2183 1459 2381 1515 virtute
2404 1460 2701 1531 percipitur
2735 1458 3121 1530 intelligentiae
3144 1456 3288 1514 Deus
3311 1456 3596 1514 invisibilis

2009 1548 2064 1604 in
2091 1558 2319 1620 utraque
2349 1565 2444 1606 sua
2473 1559 2666 1605 natura
2704 1569 2723 1602 ι
2761 1551 2813 1604 ⁸.

2008 1721 2140 1782 Cum
2168 1725 2233 1781 de
2258 1724 2379 1781 aliis
2398 1638 3047 1794 ητιίὁηεάξιτῖῗέὶῖςγέιιιω
3071 1732 3323 1792 praeterea
3353 1722 3424 1777 ad
3447 1722 3602 1780 Scoti

2077 1796 2233 1866 vitam
2281 1796 2652 1849 it'lustrandom
2698 1795 3030 1866 pertineant,
3073 1802 3183 1847 tum
3224 1794 3484 1864 praecipue
3529 1794 3602 1848 dc

2079 1865 2278 1919 ultimis
2305 1867 2469 1935 ipsius
2495 1865 2639 1934 fatis.

2076 1957 2372 2025 Postquam
2405 1957 2569 2027 igitur
2597 1955 2811 2019 Scottis,
2840 1962 2900 2010 tit
2920 1954 3079 2026 longe
3107 1954 3221 2010 veri
3257 1952 3592 2010 simillimum

2006 2064 2126 2105 esse
2148 2048 2514 2119 probavimus,
2547 2048 2766 2103 circiter
2806 2063 3007 2101 annum
3040 2044 3357 2102 DCCCXLV
3386 2046 3453 2100 ad
3483 2044 3591 2101 Ca-

2007 2139 2180 2199 rolum
2206 2138 2433 2195 Calvum
2457 2138 2638 2203 venit,
2677 2137 2722 2192 is
2751 2137 2948 2191 multos
2982 2151 3153 2191 annos
3191 2136 3449 2213 deinceps
3484 2151 3592 2193 non

2007 2230 2178 2286 solum
2201 2229 2565 2285 convictorem
2591 2243 2714 2283 eum
2742 2236 2904 2297 atque
2925 2228 3156 2282 amicum
3175 2226 3385 2291 habuit,
3403 2242 3594 2284 verum

2007 2321 2190 2382 etiam,
2221 2320 2365 2389 quod
2407 2320 2534 2374 item
2564 2319 2807 2390 pluribus
2846 2335 2876 2372 a
2923 2319 3079 2390 nobis
3109 2328 3192 2373 est
3232 2319 3486 2383 relatum,
3530 2327 3595 2375 ut

2005 2426 2093 2467 res
2136 2410 2332 2464 multas
2378 2389 2581 2477 easque
2620 2423 2814 2479 graves
2851 2389 3240 2476 exsequeretur
3264 2449 3279 2473 ,
3321 2408 3596 2464 voluntate

2006 2516 2101 2557 sua
2129 2500 2441 2555 commovit.
2487 2499 2563 2553 Eo
2602 2507 2779 2552 autem
2825 2497 2942 2554 loco
2998 2507 3052 2552 et
3104 2500 3307 2553 honore
3335 2499 3592 2569 quamdiu

2007 2589 2200 2646 Scottis
2227 2589 2622 2659 permanserit,
2659 2588 2924 2642 incertum
2947 2596 3094 2642 ’est:
3127 2602 3451 2655 quamquam
3489 2588 3593 2642 hoc

2005 2679 2140 2734 satis
2164 2678 2501 2748 exploratum
2534 2677 2733 2733 habere
2762 2677 3027 2740 videmur,
3051 2676 3178 2730 illud
3216 2683 3452 2745 tempus,
3481 2691 3590 2744 quo

2007 2769 2132 2824 inde
2159 2769 2314 2833 abiit,
2345 2769 2434 2823 vix
2457 2777 2584 2822 ante
2620 2783 2819 2822 annum
2847 2764 3181 2822 DCCCLXI"
3208 2766 3391 2820 fuisse.
3430 2764 3593 2820 Nam-

2003 2873 2129 2929 que,
2155 2869 2213 2912 ut
2240 2859 2347 2913 alia
2375 2859 2552 2913 minus
2578 2868 2726 2914 certa
2758 2858 3034 2913 mittamus
3063 2858 3164 2928 (j),
3195 2867 3373 2913 exstat
3402 2858 3593 2927 poéma

2005 2950 2273 3020 quoddam
2299 2948 2446 3004 Scoti
2468 2950 2534 3002 ad
2556 2948 2807 3003 Carolum
2828 2948 2923 3018 (Ιε),
2946 2950 2997 3001 in
3020 2964 3128 3017 quo
3150 2949 3591 3002 manifestissima

2003 3039 2347 3109 reperiuntur
2362 3039 2605 3107 vestigia,
2626 3038 2795 3101 illum,
2817 3053 2924 3107 quo
2943 3038 2993 3092 id
3016 3047 3256 3106 tempore
3283 3038 3585 3107 scripserit,

2004 3134 2181 3188 adhuc
2213 3132 2265 3186 in
2305 3131 2485 3188 Caroli
2533 3131 2678 3200 regia
2714 3130 2955 3183 haesisse
2978 3171 2992 3194 ,
3022 3130 3302 3198 quodque,
3330 3130 3587 3198 quoniam

2004 3221 2055 3275 iu
2079 3221 2326 3284 victoria,
2351 3235 2513 3289 quam
2530 3217 2759 3274 Carolus
2787 3218 2937 3272 brevi
2966 3227 3089 3271 ante
3107 3218 3172 3270 de
3201 3217 3587 3272 Nortlunanuis

2000 3313 2288 3382 pepererit,
2320 3326 2419 3380 pro
2448 3309 2915 3380 more'glorialur,
2958 3322 3098 3363 anno
3124 3306 3437 3363 DCCCLXll
3456 3309 3591 3362 scri-

2002 3408 2151 3469 ptum
2179 3413 2300 3454 esse
2327 3408 2539 3468 Oportet
2564 3398 2647 3469 (Ι).

2072 3486 2209 3541 Atsi
2237 3501 2340 3540 non
2374 3487 2427 3541 in
2475 3486 2652 3555 regia,
2685 3494 2834 3541 certe
2867 3494 3044 3542 tamen
3092 3486 3146 3541 in
3196 3501 3361 3555 regno
3404 3486 3584 3543 Caroli

2000 3591 2173 3647 usque
2197 3576 2262 3630 ad
2291 3592 2489 3630 annum
2523 3575 2907 3631 DCCCLXXIII
2938 3577 3085 3629 vixit.
3118 3575 3271 3643 Quod
3304 3576 3377 3630 illi
3409 3578 3583 3631 versi-

1999 3652 2106 3722 culi
2136 3673 2420 3728 testantur,
2444 3681 2670 3734 quorum
2689 3665 2801 3733 jam
2831 3681 2990 3733 supra
3028 3664 3122 3736 (in)
3147 3667 3346 3721 mentio
3373 3677 3456 3721 est
3500 3667 3585 3720 i-u—

1993 3756 2161 3825 jecta.
2205 3754 2300 3810 llis
2326 3755 2468 3811 enim
2506 3753 2829 3809 Hincmarus
2857 3754 3201 3824 (Remensis),
3237 3755 3442 3809 Liuddo
3469 3756 3586 3825 quia

2002 3848 2146 3914 dam,
2173 3849 2336 3903 homo
2357 3846 2619 3909 Graecus,
2649 3846 2738 3916 qui
2772 3847 2911 3915 apud
2939 3845 3286 3902 llincmarnm
3317 3847 3483 3902 fuisse
3507 3847 3586 3900 vi-
3652 3908 3655 3911 _

2001 3937 2160 3992 detur
2186 3935 2294 4009 (η),
2349 3946 2511 4007 atque
2561 3934 2797 3989 Joannes
2847 3933 2977 3995 Vlll,
3028 3935 3183 3989 l’ont.
3217 3934 3383 3998 Max”
3420 3950 3580 4005 quem

2001 4037 2231 4082 exeunte
2279 4041 2424 4081 anno
2471 4022 2832 4080 DCCCLXXII
2905 4023 2957 4077 in
2987 4022 3076 4077 illo
3102 4023 3383 4092 dignitatis
3410 4025 3583 4094 gradu

2000 4116 2320 4174 collocatum
2365 4129 2488 4171 esse
2513 4120 2745 4177 constat,
2775 4110 3066 4166 admodum
3103 4110 3402 4166 honoriﬁce
3436 4127 3585 4167 com-

1998 4229 2365 4304 psisse_(Cap.
2393 4227 2479 4300 lll)
2514 4227 2873 4304 narravimus.
2902 4223 3248 4304 lnuca_eni_in,
3267 4234 3332 4304 _ut
3353 4225 3585 4304 habetur

385 4293 458 4386 tt)
489 4300 676 4386 G'rrt-
706 4302 741 4386 Ξ
769 4303 834 4386 te
857 4302 1372 4386 Paschmstéttsrlo
1393 4302 1494 4359 Mai
1520 4303 1681 4361 ειπεε·
1709 4306 1895 4375 Auct»
1926 4326 1977 4386 υ
2001 4293 2152 4386 iam!
2186 4293 2472 4386 “meo:
2499 4299 2741 4386 W399?
2770 4293 3348 4386 Et:!f.'i.‘..":‘ff§‘1'.i_3
3387 4295 3583 4386 (iis?

320 4378 357 4423 t.
475 4386 530 4443 ρ.
554 4371 680 4425 ιῦἳ.
706 4372 994 4427 Schluetcr
1022 4389 1074 4443 p.
1105 4374 1255 4440 597.)

386 4440 458 4515 (c)
491 4442 585 4515 D_ie
616 4440 1156 4515 deutscheufapste.
1186 4443 1422 4515 Abtheil.
1456 4444 1521 4507 ll,
1552 4461 1605 4515 p.
1633 4445 1721 4502 80.

318 4511 465 4633 magri)
484 4510 589 4635 ﬁt;
619 4511 713 4635 in?
742 4512 872 4583 Cap.
905 4512 972 4568 Vl
993 4522 1133 4568 extr.
1164 4514 1231 4568 de
1257 4511 1476 4584 scriptis
1503 4510 1763 4588 Erigeuae
1794 4516 1894 4569 du-

356 4595 440 4633 liS.
483 4595 517 4630 ἐκ
528 4596 609 4635 1⁵0.
640 4595 727 4635 ΙΙΙ.

323 4648 734 4770 in’ge)m\;‘idt;tnr,
762 4651 1046 4723 legendum
1070 4667 1190 4709 esse
1217 4653 1695 4725 cparticipationis
1731 4675 1777 4709 ι.
1807 4655 1892 4711 Cf.

342 4729 418 4772 nt.
453 4729 564 4773 ιιοι.
602 4737 655 4773 ll.

249 4799 261 4810 -
323 4737 572 4857 “ira
600 4737 715 4844 ta.
743 4806 790 4845 ε.

408 4860 461 4929 g)
494 4858 572 4934 Es
618 4860 710 4934 bis
756 4860 889 4916 locis
931 4870 1119 4934 patere
1152 4862 1386 4926 videtur,
1429 4878 1540 4934 quo
1567 4863 1691 4934 jure
1735 4881 1896 4934 supra

319 4938 497 5009 notua
528 4929 806 5009 legendum
858 4929 995 5009 esse;
1022 4933 1266 5009 arbitrati
1315 4929 1485 4989 sinitis
1519 4929 1627 4990 Pro
1672 4953 1691 4986 t
1749 4929 1898 5005 prin-

319 5000 603 5072 cipationis
645 5018 664 5051 ι
698 5029 769 5040 -
806 5018 826 5052 t
854 5002 1280 5072 participatiunis
1316 5021 1360 5056 ι.

382 5069 461 5137 (ι)
496 5087 517 5120 ι
552 5067 733 5125 futuro
774 5089 822 5124 ι.

405 5138 459 5194 ii
488 5138 867 5194 adunabimur.
896 5148 913 5161 '

416 5206 460 5279 i)
493 5206 651 5280 Yelut
680 5208 826 5263 illam
847 5208 1152 5280 epistolam,
1176 5226 1336 5280 quam
1363 5211 1639 5269 Nicolaum
1666 5215 1707 5280 l,
1732 5214 1889 5270 Pont.

317 5276 455 5332 llas.
513 5278 580 5331 de
619 5276 827 5332 Joanne
874 5276 1061 5335 nostro
1097 5282 1163 5336 ad
1186 5276 1436 5338 Carolum
1487 5276 1708 5339 Calvum
1754 5286 1891 5341 scri-

378 5388 410 5417 ⁸
439 5387 617 5460 Locus
640 5388 965 5460 depravatus
992 5399 1046 5445 et
1086 5406 1150 5446 ex
1183 5402 1336 5460 parte
1371 5392 1592 5448 mutilus
1612 5404 1714 5449 est.
1762 5394 1896 5449 lute-

316 5471 406 5577 ἵει·
439 5467 496 5511 et
525 5457 595 5511 ad
625 5457 789 5512 trium
825 5460 1069 5515 codicum
1110 5457 1269 5515 [idem
1316 5463 1610 5534 castigatus
1651 5473 1803 5520 extat
1839 5467 1893 5520 in

350 5564 361 5576 .
388 5526 1010 5577 Scot.exnositionihns.
1044 5545 1072 5577 τι
1106 5531 1260 5577 nobis
1292 5546 1433 5577 nunc
1465 5535 1888 5577 nrimummliiiq-

334 5526 361 5613 l.
388 5526 1010 5598 Scenexpositionibus,
1044 5545 1072 5584 a
1106 5531 1260 5587 nobis
1292 5546 1433 5586 nunc
1455 5526 1693 5601 primum
1711 5535 1893 5602 editis,

2004 4362 2222 4428 sizholae
2250 4371 2543 4441 palatinae,
2571 4362 2732 4441 quam
2753 4363 3056 4441 vocabant)
3080 4362 3192 4429 jam
3216 4364 3345 4418 olim
3379 4362 3408 4416 ί
3435 4367 3580 4441 capi-

2006 4442 2076 4497 tal
2117 4432 2282 4494 fuisse.
2312 4460 2331 4491 ι
2368 4432 2689 4495 όίιοίιιινξΕς
2715 4434 2798 4488 his
2826 4432 3063 4506 colligas.
3087 4448 3193 4506 quo
3225 4443 3466 4505 tempore
3495 4432 3583 4491 {\‘i-

2004 4511 2109 4565 col.
2148 4511 2187 4563 Ι.
2224 4510 2367 4587 illam
2399 4506 2679 4587 epistolam
2710 4503 3031 4587 composuit.
3063 4517 3129 4557 eo
3155 4503 3376 4585 sentum
3407 4506 3583 4562 adhuc

2003 4582 2056 4636 io
2093 4599 2112 4631 ι
2152 4580 2352 4651 palatio
2389 4598 2407 4630 ι
2434 4571 2586 4646 regis
2638 4575 2927 4629 habitasse.
2980 4571 3246 4627 Convenit
3284 4585 3497 4637 autem,
3522 4585 3581 4630 ut

2004 4651 2263 4723 diximus,
2295 4649 2436 4702 inter
2474 4660 2687 4708 ouuues,
2717 4651 2809 4723 aut
2839 4656 2981 4695 anno
3015 4641 3279 4698 DCCCLX
3303 4644 3397 4700 aut
3421 4647 3582 4715 quin.-

2003 4721 2237 4789 quenoio
2262 4727 2383 4788 post
2407 4730 2526 4789 eam
2554 4728 2673 4789 esse
2696 4721 2971 4789 scriptam.

2073 4789 2145 4862 (It)
2190 4781 2816 4862 Ca'rnieumlj“angelo;
2848 4782 2950 4836 Mai
3001 4781 3035 4837 1.
3093 4781 3131 4836 1;
3185 4798 3239 4853 p.
3299 4782 3407 4840 426
3465 4800 3579 4858 seq.

2002 4854 2306 4923 Schlueter,
2338 4874 2390 4927 p.
2419 4854 2677 4927 595—595.

2072 4929 2133 5000 (ι)
2165 4928 2248 4983 Cf.
2293 4919 2495 4982 Mabill.
2535 4923 2715 4979 annal.
2747 4921 2840 4977 lib.
2868 4919 3083 4983 XXXV,
3121 4938 3173 4975 n.
3199 4922 3364 4979 95.91
3391 4933 3447 4980 et
3479 4925 3579 4981 107

1998 5007 2230 5053 exirem.

2072 5070 2168 5138 (ut)
2196 5063 2503 5138 C‘l'._cap_._‘l,
2534 5063 2636 5117 col.
2665 5061 2946 5138 _6,_not.__li.

2178 5135 2259 5191 Cf.
2289 5131 2491 5190 Mabill.
2521 5132 2699 5188 annal.
2730 5132 2823 5186 lib.
2855 5131 3141 5199 XXX.V,n.
3169 5134 3271 5199 53;
3293 5131 3580 5202 XXXVIII.

1998 5225 2054 5263 ll.
2096 5225 2175 5263 ΙΖ.

1999 5406 2136 5459 infra
2165 5403 2269 5459 col.
2288 5402 2414 5457 HO.
2446 5401 2675 5471 Respice
2703 5416 2789 5464 ea,
2820 5416 2958 5469 quae
3011 5402 3082 5457 ibi
3117 5401 3171 5456 ln
3203 5401 3344 5458 hunc
3402 5402 3583 5461 locum

1998 5474 2493 5530 animadvertimus.
2524 5473 2790 5528 ANIMADV.
2818 5472 2974 5528 Eutr.
