4002 6148
328 218 390 275 i7
1361 217 1447 274 DE
1486 215 1748 274 JOANNE
1788 214 2011 276 SCOTO
2045 216 2564 276 COMMENTATIO.
3124 218 3131 223 ’
3525 221 3594 277 48

330 333 450 389 aliis
477 332 698 405 locis(a)
723 332 857 389 nihil
879 333 1106 388 dubitat.
1131 331 1283 400 Quod
1311 339 1491 385 autem
1516 331 1600 384 his
1623 329 1754 398 ipsis
1773 328 1908 384 locis
1938 347 1984 402 Α
2014 345 2241 387 numero
2282 331 2402 386 XIV
2445 351 2460 389 :
2505 334 2557 387 in
2605 333 2878 403 prooemio
2924 334 3042 389 libri
3088 333 3153 389 de
3204 333 3591 404 praedestinat.

331 425 517 493 adjicit
538 444 555 477 1
591 435 645 480 ut
666 441 732 480 ex
758 427 977 495 scriptis
1004 424 1145 495 regis
1174 421 1421 491 (Alfredi)
1448 420 1710 484 intellexi,
1730 417 1912 489 (Joan-

334 516 452 584 nes)
502 516 745 571 sublimis
798 514 1206 571 Malmesburiae
1262 511 1460 566 resedit
1496 530 1552 575 ι,
1600 510 1735 564 haec
1789 525 1912 578 pro-

332 602 498 669 fecto,
530 603 691 658 rebus
712 603 950 674 alioquin
982 602 1077 666 ita,
1110 609 1169 654 nt
1216 598 1545 668 explicatum
1572 605 1678 662 est,
1724 612 1783 651 se
1812 598 1910 651 ha-

333 693 605 757 bentibus,
634 708 820 762 parum
852 707 948 744 nos
985 698 1222 745 movent.
1257 689 1351 743 Est
1385 688 1528 742 enim
1559 685 1815 749 fortasse,
1856 695 1915 739 ut

333 799 398 837 ex
445 784 585 853 regis
610 782 824 850 scriptis
869 780 1198 836 intellexerit
1230 797 1249 830 ι
1286 778 1552 834 resedisse
1593 768 1914 831 Malntesbu-

339 874 453 927 riae
473 872 732 926 Joannem
762 892 807 937 ι,
836 872 902 926 de
929 887 1027 927 suo
1056 879 1234 925 autem
1267 869 1554 934 addiderit,
1585 869 1773 923 eadem
1802 867 1915 922 fere

335 980 456 1019 cum
505 964 710 1034 lngulfo
748 966 976 1028 ratione,
1025 982 1044 1014 ι
1093 961 1259 1017 fuisse
1297 962 1441 1018 hunc
1478 959 1738 1017 Joannem
1784 959 1916 1015 Sco-

337 1070 447 1113 tum
474 1059 757 1128 Erigenam
796 1079 840 1111 ι.
866 1056 1139 1126 Ejusmodi
1166 1070 1383 1112 errores
1411 1054 1515 1109 illis
1543 1052 1910 1123 scriptoribus,

334 1167 400 1207 ex
428 1166 656 1221 quorum
687 1166 914 1205 numero
956 1159 1041 1204 est
1066 1148 1386 1212 Guilelmus,
1420 1146 1735 1216 saepissime
1759 1141 1914 1197 οσυεί

336 1251 482 1295 sunt.
510 1242 685 1310 Atque
713 1241 1009 1295 faciliorem
1054 1241 1218 1294 etiam
1256 1240 1394 1294 haec
1426 1247 1536 1293 tota
1568 1252 1657 1293 res
1680 1236 1915 1306 explica-

339 1346 450 1389 tum
476 1316 729 1399 habet,‘si
756 1332 1016 1388 Joannem
1041 1333 1214 1396 illum,
1244 1341 1303 1385 ut
1338 1340 1602 1396 nostrum,
1628 1327 1914 1383 Scotorum

336 1426 513 1495 gentis
539 1424 705 1480 fuisse
752 1423 1061 1480 fecerimus.
1115 1423 1330 1479 Scimus
1376 1430 1579 1484 autem,
1624 1420 1914 1474 maximam

334 1533 400 1571 ca
455 1524 632 1571 aetate
687 1516 972 1571 doctorum
1025 1514 1303 1569 hominum
1358 1510 1779 1575 multitudinem,
1824 1509 1914 1579 qui

338 1609 624 1665 Scotorum
657 1610 833 1679 gentis
862 1617 1066 1673 essent,
1090 1607 1377 1677 praecipue
1409 1622 1476 1660 ex
1507 1604 1761 1659 lliberuia
1790 1617 1915 1673 pro-

319 1702 530 1768 fectos,
555 1701 606 1754 in
631 1701 841 1770 Anglia,
869 1699 1037 1756 Callia
1069 1699 1264 1753 vixisse
1280 1697 1373 1767 (ὁ).
1393 1696 1507 1752 lluc
1528 1694 1756 1758 accedit,
1774 1692 1916 1763 quod

336 1792 511 1861 majus
539 1793 702 1848 etiam
733 1803 835 1858 est,
883 1802 941 1845 nt
985 1792 1208 1845 annales
1246 1789 1505 1844 Ilidenses
1545 1787 1762 1841 disertis
1795 1800 1917 1840 ver-

335 1884 421 1939 bis
451 1892 716 1939 testentur
741 1882 833 1955 (ε),
874 1882 1043 1938 fuisse
1068 1883 1209 1937 inter
1250 1896 1366 1946 eos,
1413 1880 1502 1950 qui
1552 1880 1650 1935 sub
1697 1876 1916 1933 Alfredo

334 1989 464 2044 rege
493 1972 686 2030 Oxonii
713 1976 1048 2045 iuventutem
1082 1972 1445 2028 instituissent
1476 1971 1529 2025 in
1554 1970 1763 2025 artibus
1783 1969 1920 2037 opti-

337 2062 463 2127 mis,
488 2072 706 2133 praeter
724 2063 873 2119 illum
894 2062 1157 2120 Joannem
1181 2062 1568 2118 Ealdsaxonem
1597 2059 1697 2132 (ά),
1723 2061 1788 2116 de
1814 2064 1920 2129 qu’o

337 2170 498 2223 supra
528 2154 628 2208 fuit
663 2157 886 2220 mentio,
912 2156 1075 2210 etiam
1099 2153 1382 2218 Joannem,
1434 2152 1696 2209 ecclesiae
1747 2153 1920 2206 Mene-

335 2246 521 2301 vensis
558 2248 902 2302 monacluun.
948 2245 1199 2301 Potuitne
1225 2261 1356 2318 ergo
1390 2246 1529 2311 ﬁeri,
1561 2255 1620 2299 ut
1667 2243 1920 2298 Alfredus

336 2338 482 2392 hunc
504 2336 702 2406 ipsum,
725 2336 1052 2407 aliquamdiu
1079 2352 1303 2392 munere
1329 2336 1420 2391 illo
1447 2334 1708 2398 functum,
1733 2348 1920 2404 quem-

338 2426 625 2481 admodum
671 2425 933 2483 Joaunem
985 2427 1381 2484 Ealdsaxonem
1427 2424 1920 2495 Aetheliugiensem

339 2517 589 2571 abbatem
613 2517 911 2583 constituit,
944 2518 1017 2571 ita
1033 2519 1085 2572 in
1109 2516 1584 2572 Malmesburiense
1606 2515 1920 2570 coenobium

341 2607 617 2663 mitteret?
642 2607 888 2663 Potuitne
924 2607 1060 2673 ﬁeri,
1090 2617 1151 2662 ut
1197 2608 1287 2663 hic
1312 2607 1446 2677 ipse,
1505 2621 1669 2675 quum
1713 2606 1925 2660 dicatur

340 2699 639 2753 monachus
677 2698 952 2754 Ecclesiae
991 2697 1350 2762 Menevensis,
1405 2697 1567 2752 etiam
1621 2696 1814 2753 Seotus
1843 2696 1925 2751 vel

341 2796 508 2852 esset,
533 2782 621 2842 vel
651 2787 1047 2860 appellaretur?
1075 2773 1234 2843 Certe
1262 2788 1404 2842 enim
1433 2788 1798 2853 meminimus,
1824 2789 1925 2843 do-

340 2892 466 2933 cere
488 2893 587 2957 nos
613 2894 774 2949 supra
806 2877 956 2950 (Cap.
989 2879 1053 2943 ll,
1074 2878 1177 2933 col.
1199 2878 1390 2933 leuet.
1408 2879 1509 2933 hct
1529 2878 1657 2948 Cap.
1688 2878 1750 2950 l),
1776 2879 1927 2932 habi-

342 2976 487 3023 tasse
509 2967 877 3038 proculdubio
903 2969 956 3022 in
990 2968 1077 3024 illa
1108 2969 1222 3040 ipsa
1248 2968 1470 3039 regione
1500 2968 1802 3024 Menevensi
1831 2971 1927 3025 ho-

2017 422 2245 478 habetur
2260 423 2276 477 l
2294 441 2309 488 ;
2333 424 2612 493 prooemio
2640 425 3099 493 interpretationis
3116 424 3593 496 Pseudo—Dionysii

2016 515 2390 585 at’jeeta'sunt
2431 517 2504 583 Il;
2552 517 2787 588 Cangins
2832 519 2882 572 in
2922 518 3255 587 praefatione
3283 518 3350 572 ad
3391 517 3594 573 Labbei

2015 607 2336 678 glossarinm
2366 608 2533 661 edidit
2558 609 2613 673 l;
2646 606 2996 662 Schlueterus
3024 623 3089 663 ex
3113 608 3389 663 codicibus
3408 607 3595 677 ΛαερΙὶ

2017 696 2165 762 Maii,
2191 706 2248 752 ut
2272 698 2424 763 dicit,
2456 713 2592 752 nova
2620 699 2838 766 protulit
2862 698 2909 753 Χ
2934 700 3003 768 (ι’)
3025 698 3073 752 ⁸.
3103 698 3484 753 Brevissituutn
3507 698 3596 759 ιν,

2018 787 2390 858 longissimum
2419 789 2485 844 ad
2509 789 2699 844 LXXX
2727 806 2912 846 versus
2947 792 3123 845 habet.
3154 791 3314 845 Missa
3342 790 3452 845 fere
3475 800 3601 844 sunt

2018 878 2213 934 Carolo
2245 879 2428 934 Calvo.
2459 881 2709 935 Omnium
2735 879 2902 935 ferme
2933 890 3247 951 argumenta
3270 897 3334 935 ex
3364 880 3602 950 philoso-

2016 969 2246 1039 phorum
2290 970 2768 1040 theologorumque
2809 971 3014 1027 chartis
3053 973 3369 1042 deprompta
3411 982 3536 1025 sunt
3584 986 3599 1023 :

2019 1062 2232 1115 canitur
2258 1078 2275 1112 1
2304 1059 2555 1117 Christus
2582 1060 2877 1116 cruciﬁxus
2908 1081 2955 1127 ο,
2989 1081 3007 1113 ι
3037 1078 3170 1117 crux
3209 1081 3254 1126 1,
3291 1079 3310 1112 ‹
3340 1061 3536 1131 pascha
3578 1079 3598 1113 ι

2019 1161 2181 1222 atque
2215 1152 2430 1207 similia.
2474 1153 2702 1210 Errores
2735 1153 3016 1208 continent
3048 1154 3244 1228 multos
3278 1153 3606 1222 eosdemque

2020 1244 2406 1313 propemodum
2444 1260 2566 1299 eum
2611 1244 2765 1299 libris
2798 1244 2864 1299 de
2893 1243 3157 1301 divisione
3188 1243 3422 1299 Naturae
3460 1245 3606 1299 etde

2019 1336 2531 1406 praedestinatione.
2588 1334 2878 1390 Auctorem
2939 1336 3041 1390 sibi
3100 1336 3265 1390 fuisse
3315 1336 3610 1390 ostendunt

2021 1424 2190 1479 ntul;o
2235 1426 2407 1496 magis
2445 1425 2737 1490 eruditum,
2779 1440 2941 1494 quam
2983 1426 3190 1495 poetica
3232 1426 3485 1480 facultate
3521 1425 3609 1477 in-

2022 1517 2250 1588 signem.
2300 1516 2511 1571 Habent
2541 1518 2761 1571 omnino
2805 1517 3067 1587 pcrnntlta
3109 1519 3186 1570 sic
3223 1517 3406 1584 putida
3446 1524 3610 1585 atque

2023 1618 2236 1680 arguta,
2274 1617 2333 1662 ut
2375 1607 2683 1677 diligentem
2722 1607 2978 1662 lectorem
3029 1623 3134 1661 non
3185 1605 3458 1661 oll'endere
3500 1623 3607 1660 non

1950 1730 1991 1788 Β
2022 1706 2245 1770 queant.
2280 1698 2554 1763 Attamen,
2584 1713 2723 1767 quae
2755 1698 2966 1753 illorqu
3005 1708 3303 1767 temporum
3330 1705 3416 1751 est
3448 1698 3610 1760 ratio,

2021 1808 2228 1849 summa
2253 1790 2496 1862 profecto
2523 1791 2682 1846 laude
2703 1792 2860 1862 digna
2884 1800 3029 1845 sunt.
3054 1788 3612 1856 Walafridusqnidem

2022 1885 2220 1940 Strabo
2241 1899 2341 1940 nec
2370 1882 2668 1949 facilitatis,
2698 1898 2800 1937 nec
2832 1881 3131 1953 elegantiae
3156 1880 3387 1950 palmam
3410 1878 3613 1933 Nostro

2020 1979 2334 2050 praeripere
2367 1979 2558 2049 potuit.
2601 1977 2865 2032 Libellum
2903 1995 2921 2028 ι
2974 1977 3041 2031 de
3076 1977 3283 2030 visione
3312 1974 3402 2028 Dei
3451 1992 3469 2024 ι
3500 1971 3616 2026 Ma-

2022 2073 2275 2128 billonius
2314 2071 2670 2141 deprehendit
2704 2070 2756 2124 in
2784 2084 2886 2123 ms.
2924 2069 3109 2123 codice
3134 2063 3614 2121 Claromarisccnsi

2023 2178 2191 2233 prope
2214 2160 2705 2230 Audomaropolim.
2737 2158 2864 2214 Post
2889 2172 3034 2221 eum,
3060 2157 3201 2227 quod
3233 2155 3450 2225 quidem
3474 2153 3615 2206 scia-

2025 2271 2164 2319 mus,
2190 2254 2505 2323 qui'lihrum
2528 2250 2744 2315 viderit,
2764 2249 2862 2304 fuit
2883 2263 3063 2311 nemo,
3086 2261 3410 2317 quamquam
3434 2244 3616 2314 plures

2024 2361 2146 2400 eum
2177 2342 2586 2415 diligentissime
2615 2341 2995 2410 quaesiverunt
3026 2341 3121 2410 (g).

2098 2435 2278 2490 Refert
2301 2434 2661 2497 Mabillonius,
2700 2432 2913 2486 initium
2946 2431 3062 2502 ejus
3085 2431 3185 2488 hoc
3215 2429 3407 2483 fuisse:
3430 2446 3448 2478 ι
3478 2426 3615 2480 Tra—

2028 2536 2205 2583 ctatus
2237 2524 2461 2582 Joannis
2487 2524 2637 2580 Scoti
2679 2525 2746 2579 de
2790 2524 2994 2579 visione
3037 2523 3150 2578 Dei.
3182 2521 3384 2578 Omnes
3422 2534 3615 2575 sensus

2027 2619 2277 2688 corporei
2309 2634 2383 2673 ex
2419 2615 2794 2686 conjunctione
2833 2625 3129 2670 nascuntur
3173 2615 3381 2668 animae
3408 2623 3461 2667 et
3492 2628 3619 2665 enr-

2030 2711 2177 2781 puris
2206 2710 2281 2781 (Ιι)
2314 2729 2361 2763 ι.
2387 2710 2773 2778 Argumentum
2798 2706 2983 2772 libelli,
3013 2706 3064 2760 ni
3087 2705 3319 2767 fallatur,
3352 2703 3404 2757 in
3426 2702 3618 2756 eadem

2034 2818 2110 2865 re,
2144 2801 2241 2866 air,
2267 2799 2539 2855 versatum
2570 2814 2712 2863 esse,
2740 2814 2845 2868 qua
2877 2797 3033 2868 Lupi,
3066 2796 3275 2851 abbatis
3306 2795 3621 2850 Ferrarien-

2032 2892 2127 2955 sis,
2167 2891 2391 2960 cpistola
2422 2889 2570 2945 XXX
2597 2890 2662 2943 ad
2701 2887 3131 2950 Gutltescaleum,
3166 2885 3485 2939 monachum
3516 2882 3619 2936 Or-

2032 2979 2340 3034 haccnsem.
2381 2977 2530 3045 Quae
2569 2977 2702 3046 Lupi
2749 2975 2974 3046 epistola
3030 2974 3091 3046 (ἱ)
3143 2975 3317 3029 locum
3346 2973 3617 3042 quendam

341 3056 516 3112 mines
553 3056 774 3121 Scotos,
808 3066 970 3128 atque
1000 3059 1134 3113 adeo
1186 3057 1408 3114 Scotum
1454 3067 1698 3113 nostrum
1727 3058 1924 3113 ibidem
1956 3087 2000 3146 ρ
2036 3071 2288 3139 expuant,
2338 3069 2430 3138 qui
2471 3076 2555 3123 est
2601 3068 2742 3137 apud
2783 3068 2840 3122 δ,
2882 3066 3238 3137 Augustinum
3281 3065 3333 3118 in
3369 3064 3518 3117 libris
3550 3065 3619 3118 ac

344 3145 439 3215 (cf.
468 3147 600 3220 Cap.
630 3148 692 3214 11,
719 3149 823 3204 col.
868 3150 930 3202 l2
963 3158 1074 3204 not.
1107 3149 1161 3220 II)
1196 3161 1380 3203 natum
1416 3150 1603 3204 videri.

964 3270 1193 3359 CAPUT
1236 3302 1317 3357 Vl.

344 3434 423 3490 De
454 3432 560 3487 illis
580 3433 1076 3503 Erigeuaescriplis,
1104 3449 1237 3502 quae
1257 3432 1428 3485 adhuc
1456 3451 1483 3485 α
1508 3433 1651 3487 nobis
1679 3437 1932 3488 recensita

1002 3519 1103 3557 ηοιι
1129 3513 1268 3556 sunt.

419 3612 1038 3685 PostPseudo-Diouysii
1054 3623 1107 3667 et
1129 3611 1187 3667 S.
1207 3613 1420 3668 Maximi
1439 3616 1927 3685 interpretationes,

349 3713 470 3776 post
502 3703 668 3759 libros
692 3704 757 3759 de
786 3704 1278 3774 praedestinatione
1299 3718 1352 3758 et
1385 3706 1451 3759 de
1480 3704 1538 3761 S.
1570 3706 1931 3772 Eucharistia,

346 3808 576 3862 quorum
610 3794 724 3864 jam
763 3795 961 3850 mentio
987 3804 1071 3851 est
1100 3794 1259 3862 facta,
1288 3811 1449 3868 super
1489 3796 1615 3863 illis,
1645 3782 1932 3868 quae'item

350 3899 478 3939 vere
513 3894 638 3939 sunt
671 3885 1009 3957 Erigeniana,
1053 3885 1259 3955 aliquot
1302 3887 1654 3952 carminibus,
1702 3896 1935 3942 tractatu

351 3979 418 4032 de
455 3977 664 4032 visione
699 3977 816 4041 Dei,
863 3976 1015 4032 libris
1055 3978 1097 4032 V
1129 3978 1198 4033 de
1237 3977 1503 4034 divisione
1530 3978 1767 4035 Naturae
1811 3982 1935 4035 data

349 4082 513 4136 opera
545 4068 820 4138 disputare
856 4068 1194 4124 decrevimus
1220 4067 1311 4139 (e).
1342 4067 1472 4122 Nam
1497 4084 1635 4140 quae
1658 4084 1685 4122 a
1710 4071 1936 4125 nonnul-

352 4160 418 4214 lis
441 4167 720 4230 praetcrea
749 4159 911 4216 Scoto
933 4160 1202 4230 adscripta
1225 4167 1372 4226 sunt,
1395 4175 1500 4215 non
1522 4162 1729 4217 reddita
1756 4171 1935 4217 tamen

356 4251 564 4305 ratione
590 4249 875 4321 probabili,
907 4265 995 4314 ea,
1029 4265 1194 4320 quum
1237 4249 1498 4307 librorum
1532 4265 1634 4321 ope
1665 4252 1937 4308 destitutis

354 4338 509 4395 nobis
536 4340 776 4411 ipsorum
807 4355 1026 4396 causam
1056 4339 1353 4411 dijudicare
1389 4354 1493 4395 non
1521 4338 1756 4405 licuerit,
1785 4340 1938 4396 dein-

353 4446 478 4501 ceps
507 4431 824 4501 simpliciter
861 4441 1067 4489 tantum
1089 4431 1454 4488 enumeranda
1483 4432 1825 4488 arbitramur.

426 4523 679 4579 Carmina
719 4524 881 4594 igitur
927 4524 1094 4591 Scoti,
1128 4541 1266 4595 quae
1296 4525 1453 4582 nobis
1486 4525 1786 4593 innotuere,
1810 4533 1938 4583 sunt

428 4635 687 4705 (nuptm
713 4634 865 4705 Cale.
897 4635 933 4689 l.
960 4635 996 4689 l.
1025 4650 1080 4704 p.
1112 4636 1233 4691 6-8.

453 4703 503 4767 ὁ)
533 4703 617 4760 Ci.
649 4720 765 4774 sup.
790 4703 918 4774 Cap.
950 4705 1087 4761 l—lll.

453 4708 503 4767 b)
533 4708 617 4760 Cf.
649 4720 765 4774 sup.
790 4708 918 4774 Cap.
950 4708 1087 4761 l—lll.

428 4708 508 4916 ἓτζ
532 4775 613 4829 Cf.
646 4773 798 4835 Cale,
826 4774 860 4827 Ι.
888 4774 924 4828 1.
956 4784 1081 4830 test.
1112 4789 1167 4845 p.
1796 4847 1807 4859 ι

454 4847 486 4896 d
517 4842 769 4916 Joannes
791 4843 1059 4916 Ealdsaxg
1085 4852 1168 4916 est
1194 4861 1275 4916 is,
1307 4860 1468 4914 quem
1500 4846 1722 4916 annales
1746 4846 1807 4902 HI

454 4842 508 4914 ά)
534 4842 769 4899 Joannes
791 4843 1059 4914 Ealdsaxo
1085 4842 1168 4914 est
1206 4846 1275 4912 is,
1307 4860 1468 4914 quem
1500 4846 1722 4902 annales
1746 4846 1937 4902 Hiden-

360 4912 449 4969 ses
478 4912 662 4968 dicunt
689 4934 706 4965 c
734 4912 991 4981 collegam
1024 4913 1081 4969 S.
1109 4912 1429 4970 Grimba‘ldi.
1460 4935 1480 4967 ι
1513 4915 1621 4970 Hos
1650 4917 1793 4970 enim
1831 4932 1933 4969 una

362 4999 426 5039 ex
462 4983 758 5039 continenti
789 4984 858 5037 ab
884 4984 1104 5039 Alfredo
1134 4987 1427 5039 accersitos
1457 4995 1689 5039 constat.

435 5053 506 5124 (e)
536 5053 694 5124 Sunt,
726 5054 817 5123 qui
851 5054 1013 5107 etiam
1043 5055 1109 5110 de
1130 5056 1370 5123 epistolis
1400 5054 1706 5120 loquantur.
1740 5052 1937 5106 Verum

362 5122 581 5196 praeter
609 5122 759 5187 illas,
779 5138 919 5196 quae
946 5122 1301 5195 Are0pagitae
1325 5133 1379 5179 et
1415 5124 1631 5196 Maximi
1670 5123 1934 5196 interpre-

364 5192 625 5266 tationnm
653 5194 928 5263 prooemia
949 5192 1102 5259 sunt,
1120 5192 1343 5266 prorsus
1364 5194 1540 5249 nullae
1565 5202 1799 5259 exstant,
1826 5192 1941 5247 unl-

364 5264 448 5318 lae
479 5272 866 5318 memorantur.

438 5333 513 5473 (Ῑζ
534 5332 616 5388 Cf.
641 5333 769 5405 Ejus
798 5333 929 5389 edit.
961 5333 1082 5388 libr.
1107 5334 1173 5389 de
1193 5334 1300 5388 div.
1334 5331 1458 5388 Nat.
1483 5349 1534 5404 p.
1561 5333 1597 5390 1.
1624 5351 1675 5402 p.
1697 5335 1801 5390 595
1822 5348 1936 5404 seq.

438 5402 491 5471 (g
540 5403 623 5458 Cf.
656 5411 776 5459 acta
808 5402 1007 5458 Bened.
1034 5419 1143 5458 sec.
1174 5404 1261 5458 ιν.
1294 5420 1346 5473 p.
1374 5404 1431 5462 ll.
1460 5419 1510 5473 p.
1530 5404 1712 5460 LXVI.
1746 5405 1936 5460 Thom.

437 5402 513 5473 (ρ)
540 5403 623 5474 cr.
656 5402 776 5459 a'cta
808 5402 1007 5474 Bened.
1034 5419 1143 5458 see.
1174 5404 1261 5474 tv.
1294 5420 1346 5474 p.
1374 5404 1431 5462 u.
1460 5402 1510 5473 p'.
1530 5404 1712 5460 LXVI.
1746 5402 1939 5460 Timui.

365 5472 517 5528 Cale.
550 5472 585 5526 Ι.
619 5473 653 5527 Ι.
685 5483 808 5531 test.
834 5489 882 5544 p.
918 5473 1002 5527 l2.
1039 5474 1209 5529 lliort.
1244 5472 1349 5527 Ll.
1378 5489 1430 5542 p.
1462 5472 1553 5529 46.

2035 3162 2256 3216 civitate
2278 3158 2558 3223 Dci'XXll,
2585 3158 2655 3214 29
2685 3178 2697 3213 :
2729 3178 2748 3211 ι
2786 3160 2851 3213 de
2872 3157 3131 3227 qualitate
3163 3155 3404 3219 visionis,
3433 3154 3617 3225 quain

1922 3310 1941 3333 χ
2038 3251 2216 3305 futuro
2245 3248 2460 3304 saeculo
2490 3249 2662 3304 sancti
2698 3249 2862 3303 Deum
2886 3249 2993 3303 sint
3018 3247 3183 3302 visuri
3215 3266 3256 3297 ι.

2106 3340 2390 3395 Librorum
2430 3337 2473 3392 V
2505 3359 2523 3390 ι
2564 3338 2629 3393 de
2655 3339 2919 3393 divisione
2956 3336 3191 3391 Naturae
3225 3355 3243 3388 ι
3273 3337 3385 3390 sive
3428 3353 3447 3384 α
3496 3336 3620 3407 περὶ

2035 3433 2235 3504 φύσεως
2280 3434 2529 3506 μερισμοῦ
2566 3446 2615 3493 ι,
2658 3426 2749 3496 qui
2788 3427 2948 3481 iidem
2991 3424 3329 3496 appellantur
3357 3440 3375 3473 ¢
3413 3422 3477 3476 tle
3506 3420 3616 3473 Na-

2038 3521 2172 3575 tnris
2205 3539 2223 3571 1
2242 3520 2356 3573 sive
2386 3540 2402 3569 1
2436 3522 2555 3592 περὶ
2572 3520 2773 3591 φύσεως
2800 3537 2817 3568 ι
2839 3516 3018 3587 plures
3042 3512 3237 3584 reperti
3262 3512 3621 3567 suutcodices

2038 3627 2166 3667 mss.
2200 3610 2293 3681 (j).
2320 3610 2463 3664 Duos
2486 3625 2671 3663 eorum
2706 3607 3044 3661 Malnllonius
3076 3607 3242 3676 ipsius
3265 3603 3412 3659 Scoti
3442 3613 3621 3658 aetate

2037 3704 2288 3758 exaratos
2338 3702 2470 3756 dicit
2515 3719 2527 3754 :
2580 3716 2681 3754 nec
2729 3709 2907 3754 tanten
2948 3699 3085 3769 ullus
3131 3714 3325 3752 nomen
3382 3698 3621 3763 auctoris

2039 3797 2246 3853 habuit.
2317 3794 2615 3875 Guilelmus
2676 3793 3173 3849 Malmesburieusis
3237 3802 3293 3847 et
3332 3791 3520 3861 -llngo
3587 3808 3619 3846 a
3694 3820 3703 3825 ι

2040 3890 2099 3945 S.
2145 3890 2361 3946 Victore
2394 3888 2552 3957 primi
2600 3885 2694 3958 (Ic),
2745 3895 3003 3956 quantum
3050 3900 3149 3956 pro
3194 3893 3343 3938 certo
3384 3901 3412 3936 a
3462 3882 3620 3936 nobis

2038 3983 2204 4038 statui
2234 3991 2429 4051 potest,
2456 3980 2620 4036 Scoto
2651 3988 2838 4034 nostro
2875 3978 3041 4032 libros
3082 3992 3210 4031 suos
3232 3975 3617 4029 attribuerunt.

2040 4073 2398 4127 Nihilominus
2428 4079 2606 4126 tamen
2654 4069 2818 4124 etiam
2848 4068 3069 4123 ineunte
3106 4067 3290 4121 seculo
3316 4065 3431 4121 Xlll
3448 4065 3618 4130 fuere,

2040 4165 2132 4234 qui
2162 4162 2418 4217 Amalrici
2445 4161 2702 4216 Benensis
2726 4174 2822 4215 eos
2849 4174 2968 4215 esse
2995 4159 3347 4230 opinarentur
3374 4156 3443 4227 (ι)
3466 4175 3478 4210 :
3504 4155 3626 4211 Tri-

2044 4255 2277 4311 tltentins
2311 4253 2479 4307 abbas
2517 4260 2573 4307 et
2608 4250 2802 4305 Baleus
2827 4249 2961 4305 adeo
2995 4250 3061 4304 ad
3089 4248 3351 4305 Joannem
3377 4248 3617 4311 Scotum,

2040 4360 2200 4415 quem
2234 4342 2562 4398 Mailtosium
2591 4332 2809 4407 vocant,
2842 4340 3019 4397 Bedae
3057 4339 3394 4397 Venerabilis
3424 4354 3625 4408 aequa-

1965 4426 2013 4486 D
2041 4435 2166 4501 lem,
2206 4435 2305 4491 hos
2343 4432 2506 4488 libros
2533 4431 2833 4487 retulerunt
2871 4432 2986 4503 (ιιι).
3014 4429 3213 4486 Verum
3249 4431 3545 4492 enimvero,
3574 4429 3621 4483 si

2040 4525 2162 4595 quis
2190 4523 2274 4578 vel
2302 4522 2446 4577 aliud
2466 4521 2675 4594 agendo
2696 4522 2864 4578 libros
2882 4521 2948 4578 de
2974 4521 3191 4578 Naturis
3216 4537 3339 4577 cum
3361 4520 3625 4589 Erigenae

2134 4636 2188 4705 Ιι)
2217 4636 2393 4691 Etiam
2423 4635 2478 4690 in
2520 4635 2613 4690 lib.
2655 4634 2718 4690 ll.
2752 4636 2819 4690 de
2850 4635 2960 4705 div.
2994 4634 3115 4689 Nat.
3159 4650 3211 4690 c.
3253 4634 3344 4690 25.
3382 4633 3569 4689 scribit
3605 4652 3618 4686 :

2046 4729 2064 4760 ι
2103 4704 2352 4789 Esterior
2372 4721 2562 4763 sensus
2586 4704 2896 4774 eonjunctio
2924 4705 3186 4775 quaedam
3216 4715 3300 4761 est
3328 4705 3543 4760 animae
3569 4713 3626 4760 et

2040 4792 2284 4837 COTDOI‘IS
2318 4795 2336 4828 ι
2348 4815 2363 4829 .

2110 4793 2720 4921 hiblioth.
2748 4853 2852 4902 vet.
2876 4843 3100 4900 Patrum
3139 4853 3243 4921 cet:
3276 4843 3621 4915 [.ugdunens.

2039 4910 2171 4973 torit'.
2198 4917 2316 4973 XV.
2346 4932 2398 4982 p.
2437 4916 2504 4970 15
2536 4916 2575 4969 Ε
2600 4931 2715 4984 seq.
3148 4982 3193 4984 Α
3218 4910 3241 4931 ⁵

2109 4986 2302 5066 (j)_Cf.
2353 4985 2544 5066 Thom.
2588 4982 2737 5066 Cale:
2791 4984 3088 5066 testinth
3138 4982 3625 5066 1.:2..-Mal_r_ill..act:t

2038 5050 2238 5123 Bened.
2283 5069 2394 5109 see.
2448 5054 2536 5123 ιγ.
2601 5069 2651 5123 p.
2694 5053 2756 5111 ll.
2799 5069 2850 5123 p.
2905 5050 3091 5108 LXVI.
3137 5052 3275 5106 Hist.
3323 5052 3424 5106 litt.
3470 5053 3533 5106 de
3572 5050 3626 5105 lu

2041 5122 2266 5193 France,
2294 5133 2422 5178 tom.
2461 5118 2520 5176 ν.
2555 5118 2616 5193 ρξ
2646 5123 2769 5193 4⁸25.

2114 5192 2187 5263 (Ις)
2220 5191 2315 5263 Cf.
2351 5188 2725 5248 Tlmmeale.
2767 5192 2966 5246 testim.
3005 5210 3056 5262 p.
3090 5191 3189 5252 12,
3218 5207 3269 5260 p.
3302 5191 3425 5245 6-7.
3464 5188 3625 5245 Alite-

2045 5262 2378 5326 rici,Triutn
2407 5263 2653 5317 Funtium
2679 5263 2949 5325 monachi,
2982 5264 3284 5317 Chronico"
3327 5263 3394 5316 ad
3427 5278 3624 5316 annum

2047 5331 2350 5388 MCCXXV.
2383 5333 2466 5387 ed.
2497 5331 2722 5402 Leibnit.
2757 5341 2883 5385 tom.
2918 5332 2956 5386 Ι.
2990 5348 3041 5402 p.
3067 5331 3192 5396 5M,
3222 5330 3347 5385 515.

2123 5403 2182 5475 (ι)
2211 5402 2303 5475 Cf.
2331 5403 2525 5475 T__lt0m.
2567 5400 2715 5475 Cale.
2750 5404 2948 5475 testim.
3065 5402 3151 5457 12.

2121 5470 2214 5545 (ιιι)
2237 5472 2318 5528 Cf.
2348 5473 2540 5526 Thom.
2574 5470 2723 5525 Ga'le.
2755 5472 2788 5525 l.
2819 5472 2852 5525 Ι.
2884 5488 2935 5543 p.
2973 5470 3059 5527 12.

438 5584 834 5642 ‘Schlueterus
864 5586 951 5641 illa
973 5587 1213 5641 carmina
1240 5601 1269 5640 e
1294 5586 1569 5642 codicibus
1594 5585 1950 5640 bibliothecae
2050 5583 2275 5654 Classie.
2304 5581 2463 5654 pact.
2510 5588 2549 5635 t.
2578 5581 2640 5646 V,
2674 5596 2723 5653 p.
2757 5582 2863 5636 4‘26
2891 5597 3044 5654 seqq.
3078 5582 3220 5637 edita
3257 5581 3396 5654 typis
3427 5579 3627 5653 repeti—

370 5657 665 5714 Vaticanae
691 5670 795 5710 non
825 5658 1031 5726 primus
1061 5659 1300 5729 prendit,
1334 5658 1424 5711 sed
1454 5659 1520 5709 ab
1568 5657 1786 5725 Angela.
1813 5656 1951 5709 Maio

2054 5654 2148 5708 vit.
2180 5651 2257 5708 Cf.
2295 5648 2646 5729 Prooemium.
2675 5648 2944 5708 Inuum.
2971 5648 3134 5707 Ἐοιτ.
