4002 6148
323 256 383 311 89
916 262 921 266 ’
1115 253 1203 307 DE
1247 251 1401 307 VlTA
1441 253 1527 307 ET
1568 253 1974 309 PILECICPTIS
2011 262 2059 309 δ.
2100 255 2317 311 SCOTl.
2359 285 2429 298 --
2462 256 2639 313 PARS
2676 258 2746 327 1.,
3510 258 3580 311 51)

323 372 449 427 libro
477 369 540 423 de
581 366 1074 433 praedestinatione
1119 365 1426 429 contulerit,
1477 364 1611 418 nihil
1661 368 1882 435 prorsus
1916 377 1957 426 Λ
1990 367 2112 421 dem
2139 368 2188 420 in
2213 369 2417 423 fontem
2445 369 2817 440 originemque
2835 384 2987 425 suam
3015 370 3089 441 (id
3119 378 3199 425 c:~t
3229 369 3418 439 Deum)
3462 373 3580 425 red-

322 458 658 517 dubitationis
697 457 747 511 ei
787 456 1135 524 relinquetur.
1169 456 1286 522 Quo
1323 454 1523 510 factum
1551 464 1658 518 est,
1691 464 1751 508 ut
1772 454 1886 522 jam

318 551 508 621 pridem
555 546 704 601 inter
748 545 895 600 viros
932 545 1121 599 doctos
1151 559 1257 599 uno
1285 545 1439 613 quasi
1471 558 1568 599 ore
1606 544 1709 599 hac
1747 544 1798 596 in
1831 558 1888 597 re

316 645 379 698 sit
400 653 740 696 consensum.
1227 626 1245 641 ’

376 734 519 802 Quod
565 741 749 786 autem
790 729 1030 784 Thomas
1072 728 1270 784 Caleus
1310 729 1360 781 in
1403 726 1739 798 praefatione
1773 726 1886 782 edi-

318 827 463 881 tionis
482 840 611 878 suae
636 828 710 891 (p.
749 823 806 886 4)
830 822 1039 885 scribit,
1064 829 1233 875 testes
1256 820 1358 873 tl.‘e
1377 820 1569 888 dignos
1592 817 1885 881 afﬁrmare,

315 916 513 971 Florum
552 916 633 982 (α)
680 916 778 968 hos
816 913 1001 975 libros,
1035 927 1143 982 quo
1189 911 1400 966 facilius
1433 911 1760 973 confutaret,
1794 912 1887 965 de-

313 986 573 1075 prarasse,
612 1006 749 1057 bace
792 1001 1007 1071 quidem
1045 1002 1267 1054 omnino
1294 1001 1468 1055 inanis
1492 1010 1576 1055 est
1624 1000 1885 1070 suspicio.

313 1096 483 1150 Testes
514 1094 587 1147 illi
633 1101 785 1156 sunt,
824 1093 1117 1153 credimus,
1163 1091 1417 1145 Matthias
1454 1091 1886 1147 Westmonaste-

313 1187 490 1241 riensfs
518 1184 608 1255 (ad
633 1200 835 1238 annmn
863 1182 1346 1249 DCCCLXXXlll),
1383 1192 1438 1237 et
1465 1184 1508 1237 si
1546 1185 1638 1253 qui
1666 1184 1802 1238 forte
1833 1180 1883 1237 in

312 1276 455 1345 hujus
488 1276 655 1329 verba
691 1274 966 1340 iurarunt.
1004 1274 1135 1337 Sed,
1182 1274 1494 1343 quicunque
1524 1282 1670 1337 sunt,
1718 1290 1884 1343 quum

311 1368 482 1422 Florus
521 1366 610 1420 ille
643 1368 827 1436 (quem
868 1365 1474 1421 Westmonasteriensis
1517 1386 1535 1417 ι
1584 1367 1821 1437 ignorari
1862 1389 1878 1417 ι

311 1457 591 1527 contendit)
620 1472 724 1510 non
748 1457 916 1511 libros
938 1457 1003 1511 de
1026 1455 1267 1521 Naturis,
1288 1458 1381 1512 sed
1407 1459 1604 1514 librum
1632 1462 1700 1515 de
1729 1476 1886 1530 prac-

311 1548 653 1603 destinatione
693 1548 1106 1617 impltgtlat'eril,
1155 1551 1630 1608 vehementissime
1664 1568 1884 1622 errare-

310 1648 437 1693 runt.
469 1638 586 1693 llue
621 1640 855 1702 accedit,
878 1640 1020 1707 quod
1050 1641 1196 1709 ipsos
1230 1640 1398 1696 libros
1421 1653 1674 1698 accurate
1703 1645 1882 1714 perle-

1991 456 2130 511 itura
2160 473 2281 513 es~e
2317 480 2363 514 ι.

2059 549 2208 614 Quae
2232 550 2585 621 philosophia,
2613 567 2774 621 quam
2807 560 3058 606 accurate
3086 551 3405 607 lutuleutmn
3438 550 3579 604 istud

1989 638 2083 706 (sit
2108 640 2261 693 venia
2297 640 2484 711 verbo)
2525 642 2693 696 chaos
2726 641 3149 696 Alexandrinum
3185 642 3576 695 recentiorum-

1987 744 2094 798 que
2123 729 2543 795 Platonicorum,
2577 748 2711 801 quos
2739 742 2956 798 vocant,
3004 732 3226 796 referat,
3275 748 3434 787 nemo
3472 748 3578 785 non

1990 821 2155 885 videt,
2187 832 2349 893 atque
2382 824 2432 876 in
2466 825 2641 894 capite
2666 825 2704 879 11
2743 826 2963 880 uberius
2992 840 3020 879 a
3062 826 3217 880 nobis
3248 825 3582 879 demonstra-

1989 917 2100 963 tum
2128 920 2232 965 est.
2267 913 2448 981 Itaque
2472 911 2584 982 jam
2635 929 2729 982 per
2772 930 2831 969 se
2863 915 3068 982 liquere
3104 915 3454 978 arbitramur,
3487 915 3579 983 qui

1989 999 2189 1056 factum
2222 1004 2311 1066 sit,
2345 1014 2402 1056 ut
2436 1005 2524 1057 alii
2566 1005 2964 1073 philosophiam
3008 1005 3165 1058 istam
3202 1004 3579 1074 Erigenianam

1987 1110 2147 1164 quam
2182 1097 2414 1151 maxime
2460 1100 2565 1152 sint
2595 1099 2912 1162 abominati,
2953 1098 3041 1152 alii
3072 1108 3259 1153 contra
3291 1098 3579 1167 amplexati

1987 1185 2191 1243 fuerint
2229 1190 2597 1259 cupidissime.
2652 1192 2849 1245 llorum
2898 1200 3099 1255 autem,
3142 1191 3232 1259 qui
3275 1190 3578 1253 laudarent,

1988 1294 2266 1341 numerus,
2297 1295 2463 1347 quum
2507 1289 2720 1350 patrum
2753 1288 3062 1336 nostrorum
3103 1280 3359 1333 memoria
3391 1281 3581 1333 admo-

1986 1369 2112 1423 dum
2163 1369 2392 1439 exiguus
2430 1370 2652 1434 fuisset,
2710 1379 2892 1424 nostra
2944 1378 3159 1431 aetate,
3212 1384 3313 1424 nec
3369 1378 3583 1436 praeter

1985 1472 2194 1521 eorum,
2230 1461 2321 1528 qui
2359 1461 2595 1529 sapiunt,
2644 1461 2986 1530 opinionem!
3039 1460 3273 1514 immane
3318 1469 3580 1529 quantum

1985 1558 2070 1603 cst
2120 1558 2334 1604 auctus.
2386 1550 2625 1617 Quormn
2678 1562 2911 1621 partem,
2961 1553 3052 1620 qui
3100 1567 3299 1621 operae
3347 1551 3581 1620 pretium

1987 1641 2206 1697 duxerit
2251 1644 2587 1713 cognovisse,
2638 1645 2797 1699 adeat
2840 1644 3142 1700 Schlueteri
3187 1643 3580 1713 praefationem

309 1731 437 1800 genti
455 1740 765 1804 eagapparet
781 1731 1016 1800 partium
1044 1731 1414 1797 cohaerentia,
1443 1734 1487 1789 is
1507 1733 1734 1790 offertur
1751 1753 1877 1791 sen-
1917 1719 1956 1776 Β
1983 1748 2038 1803 p.
2065 1732 2152 1787 V'll
2183 1749 2300 1804 seq.
2320 1735 2423 1789 Est
2447 1744 2645 1799 tamen,
2671 1744 2725 1790 ut
2763 1736 2814 1789 in
2850 1744 3040 1790 senatu
3067 1736 3158 1791 illo
3179 1765 3250 1775 —
3272 1754 3290 1786 ι
3324 1743 3581 1815 tanqpam

312 1826 582 1877 tentiarnm
607 1839 797 1883 nexus,
828 1833 884 1876 ut
914 1824 1015 1878 hoc
1034 1825 1149 1878 solo
1180 1837 1502 1896 argumento
1533 1828 1769 1884 conlisus
1798 1831 1882 1883 vir

310 1916 669 1982 doctissimus,
719 1916 979 1981 llockius,
1026 1918 1179 1972 illam.
1220 1918 1461 1973 Thoi-ae
1509 1919 1662 1975 Galei
1707 1924 1899 1993 suspir

312 2007 525 2070 cionem,
559 2016 617 2061 ut
645 2022 862 2071 vanam,
884 2006 1009 2075 jure
1035 2009 1397 2078 repudiaverit
1422 2009 1520 2081 (b).

367 2097 448 2151 llis
470 2100 696 2153 omnino
728 2098 848 2153 libri
882 2098 946 2154 de
992 2101 1255 2155 divisione
1295 2099 1531 2155 Naturae
1580 2103 1720 2173 typis
1755 2112 1881 2157 sunt

309 2188 544 2258 descripti
575 2208 588 2242 :
630 2190 865 2259 primum
913 2205 963 2244 a.
998 2190 1357 2246 MDCLXXXI
1394 2192 1643 2262 prodiere
1684 2193 1879 2249 Oxouii

309 2293 391 2346 per
445 2279 710 2333 Thomam
769 2279 1037 2346 Galeum,
1097 2282 1490 2349 Oxonieusem;
1565 2284 1756 2343 deinde
1824 2300 1875 2338 a.

310 2367 786 2424 HDCCCXXXVHI
835 2369 1143 2425 Monasterii
1205 2368 1659 2441 Guestphalorum
1711 2388 1879 2442 opera

309 2458 357 2513 C.
407 2460 460 2513 Β.
508 2460 844 2525 Schlueteri,
888 2460 1345 2521 Monasteriensis.
1389 2462 1668 2519 Posterior
1714 2465 1881 2520 editio

308 2563 507 2620 propter
558 2552 963 2606 multitudinem
1005 2553 1346 2617 meudorum,
1369 2569 1597 2625 quorum
1628 2571 1694 2610 ne
1719 2556 1882 2611 index

310 2643 500 2709 quidem
520 2643 774 2712 adjectus
792 2652 892 2703 est,
920 2644 1084 2712 priori
1114 2643 1271 2715 longe
1291 2654 1371 2699 est
1390 2647 1757 2714 postponenda
1783 2648 1877 2717 (ε).

371 2731 594 2786 Externa
627 2734 928 2789 disserendi
958 2733 1150 2798 forma,
1180 2749 1286 2803 qua
1309 2735 1504 2789 Scotus
1535 2736 1619 2790 his
1647 2737 1698 2789 in
1727 2736 1881 2792 libris

310 2826 473 2891 utitur,
508 2835 594 2881 est
632 2827 829 2897 dialogi
863 2847 877 2881 :
920 2829 1238 2897 magistrum
1284 2829 1427 2882 enim
1455 2844 1577 2882 cum
1619 2830 1882 2899 discipulo

309 2914 683 2985 colloquentem
727 2916 903 2982 (iunxit,
945 2918 1247 2987 horumque
1284 2919 1627 2973 sermonibus
1656 2920 1881 2974 alternis

309 3014 455 3059 totam
500 3007 926 3076 disputationem
973 3008 1077 3062 rite
1119 3007 1353 3063 deducit.
1401 3009 1468 3063 Ut
1497 3008 1776 3078 magister,
1806 3008 1877 3062 ita

1985 1826 2177 1881 altiore
2240 1828 2431 1894 spiritu
2496 1826 2676 1882 amato
2734 1848 2752 1878 ι
2809 1829 3091 1883 videamus
3140 1843 3247 1882 non
3312 1829 3582 1883 neminem

1984 1916 2061 1984 (p.
2096 1915 2386 1986 XII-XIII),
2411 1930 2569 1985 quem
2598 1916 2944 1986 supercilium
2971 1917 3277 1971 censorium
3320 1932 3581 1985 perquam

1987 2005 2143 2062 facile
2195 2007 2355 2061 istinc
2394 2007 2640 2061 moterit.
2683 2006 2802 2061 Jam
2855 2013 2983 2061 vero
3030 2006 3150 2061 illos
3189 2007 3281 2077 qui
3314 2010 3582 2076 vitupera-

1985 2102 2134 2156 ruut.
2157 2094 2202 2148 si
2222 2109 2479 2148 enumera
2491 2111 2544 2148 re
2569 2094 2816 2157 velimus,
2839 2096 2956 2151 dies
2977 2094 3218 2165 profecto
3240 2094 3458 2150 deficiat
3482 2096 3573 2164 (e).

1984 2185 2162 2251 Quare
2190 2186 2291 2239 hoc
2316 2186 2433 2240 loco
2463 2201 2522 2240 ea
2558 2194 2764 2240 tantum
2806 2187 3172 2251 narrabimus,
3195 2200 3336 2256 quae
3368 2187 3436 2240 ab
3470 2186 3580 2251 his,

1983 2277 2074 2346 qui
2105 2276 2172 2330 ad
2214 2274 2273 2332 S.
2315 2277 2591 2332 Ecclesiae
2636 2288 2819 2332 nostra
2853 2278 3216 2348 gurbernaculo
3260 2278 3577 2342 consedere,

1985 2366 2246 2421 adversus
2271 2367 2439 2421 libros
2466 2368 2533 2421 de
2560 2366 2781 2420 Naturis
2811 2376 2957 2436 gesta
2985 2377 3131 2422 sunt.

2053 2456 2178 2511 Fuit
2210 2457 2376 2525 igitur
2399 2457 2617 2511 ineunte
2661 2458 2878 2512 saeculo
2921 2457 3053 2521 Xlll,
3084 2473 3248 2526 quum
3278 2457 3581 2512 Amalricus

1987 2547 2271 2612 Benensis,
2297 2547 2460 2601 David
2490 2548 2556 2602 de
2590 2546 2836 2602 Dinando
2873 2549 2941 2617 (s.
2989 2548 3242 2618 Dinanto)
3276 2548 3579 2616 horumque

1985 2640 2194 2709 reliqua
2249 2641 2403 2693 turba
2448 2642 2611 2694 totius
2643 2640 2845 2696 Galliae
2887 2639 3180 2694 Ecclesium
3220 2640 3582 2694 vehementis-

1985 2730 2123 2785 sime
2157 2729 2445 2784 vexabant.
2501 2730 2815 2797 Doctrinam
2855 2745 3031 2790 suam,
3074 2737 3339 2798 quatenus
3374 2743 3580 2782 memo-

1986 2822 2099 2877 riae
2143 2831 2226 2876 est
2257 2823 2553 2890 proditum,
2589 2823 2703 2877 fere
2733 2821 2959 2876 Joannis
2987 2821 3131 2875 Scoti
3182 2822 3320 2875 libro
3351 2822 3418 2877 de
3446 2821 3582 2874 diri—

1985 2913 2136 2966 sione
2165 2912 2405 2966 Naturae
2432 2914 2721 2967 debebant.
2749 2912 3048 2968 Cersouius
3084 2913 3321 2982 quidem,
3360 2913 3439 2965 rir
3477 2912 3578 2965 do-

1985 3003 2279 3067 ctissimus,
2312 3005 2546 3058 univers.
2579 3003 2749 3058 Paris.
2783 3004 3032 3064 cancell.,
3063 3004 3198 3057 haec
3220 3004 3471 3057 docuisse
3504 3004 3582 3058 ait

307 3095 577 3165 discipulus
600 3112 750 3152 nunc
774 3098 1087 3168 interrogat,
1123 3115 1265 3154 nunc
1288 3099 1679 3168 interrogatur;
1709 3108 1869 3168 atque
1899 3088 1943 3148 C
1975 3095 2306 3150 Amalricum
2334 3096 2432 3166 (f):
2469 3114 2486 3145 ι
2525 3093 2717 3149 Omnia
2744 3102 2867 3149 sunt
2903 3093 3042 3146 Deus
3070 3111 3081 3146 :
3106 3093 3244 3148 Deus
3281 3104 3334 3147 et
3371 3093 3575 3147 omnia.

309 3185 402 3247 ille,
424 3189 541 3240 dum
566 3187 819 3243 altiorem
843 3204 906 3243 ac
929 3188 1339 3259 speculativam,
1368 3206 1528 3259 quam
1555 3191 1874 3254 vocitamus,

306 3277 660 3347 philosophiae
712 3278 1121 3350 theologiaeque
1171 3281 1532 3349 cognitionem
1573 3281 1876 3351 exceperis,

306 3368 382 3422 vix
414 3387 514 3425 una
552 3370 743 3426 schola
775 3369 877 3423 dici
904 3379 1069 3439 queat
1101 3371 1327 3425 doctior.

365 3460 434 3515 De
458 3463 624 3516 totius
655 3460 837 3530 operis
858 3468 1178 3530 argumento
1205 3471 1366 3530 atque
1393 3459 1593 3526 indole,
1622 3460 1877 3530 quoniam

305 3550 352 3604 in
377 3551 534 3607 altera
562 3562 785 3608 nostrae
820 3553 1130 3624 scriptionis
1155 3564 1307 3624 parte
1344 3556 1560 3624 proprie
1593 3556 1876 3625 disputau-

306 3641 414 3696 dum
458 3653 561 3706 est,
611 3644 717 3698 hoc
763 3643 883 3699 loco
921 3645 1054 3699 satis
1098 3646 1400 3699 habendum
1443 3646 1790 3709 arbitramur,
1832 3647 1875 3701 si

304 3730 379 3783 illa
405 3732 659 3788 Bruckeri
704 3734 887 3798 verba,
917 3750 1055 3804 quae
1095 3733 1207 3801 jam
1250 3750 1413 3804 supra
1461 3749 1492 3788 a
1532 3736 1688 3791 nobis
1716 3736 1876 3790 allata

305 3833 431 3888 sunt,
470 3827 668 3879 iterum
713 3835 900 3880 nostra
945 3824 1250 3881 fecerimus.
1297 3826 1389 3881 Ait
1439 3826 1603 3897 igitur
1640 3825 1876 3881 Brucke-

305 3928 384 3967 rus
424 3916 525 3984 (τι),
572 3931 794 3971 onmem
844 3915 990 3970 Scoti
1043 3916 1435 3987 philosophiam
1485 3916 1591 3971 huc
1641 3916 1816 3970 redire
1860 3933 1873 3969 :

310 4019 324 4049 ι
355 4002 554 4070 Omnia,
584 4021 942 4076 quaecunque
977 4017 1123 4073 sunt,
1159 4023 1263 4063 non
1297 4008 1605 4063 radicaliter
1636 4008 1793 4064 modo
1823 4016 1877 4062 et

302 4094 607 4163 virtualiter,
631 4100 726 4154 sed
746 4108 802 4153 et
821 4100 1184 4154 essentialiter
1206 4101 1257 4154 in
1278 4101 1387 4154 Deo
1408 4101 1698 4166 contineri,
1715 4112 1877 4170 atque

303 4187 422 4241 adeo
459 4191 662 4245 omnia.
689 4206 757 4245 ex
788 4190 896 4247 Deo
948 4193 1017 4245 ab
1059 4200 1280 4244 aeterno
1324 4205 1606 4261 progressa
1653 4206 1775 4247 esse
1823 4200 1876 4246 et

302 4279 523 4347 ﬂuxisse,
555 4284 722 4354 inque
751 4285 928 4339 varias
968 4284 1173 4339 classes
1210 4283 1526 4339 inferiorum
1554 4293 1609 4337 et
1634 4286 1876 4355 superio—

294 4387 429 4437 rum,
453 4375 784 4431 deteriorum
816 4376 1205 4446 meliorumque
1241 4377 1445 4432 entium
1478 4376 1727 4432 distincta
1757 4386 1873 4430 tan-

362 4484 430 4558 ((1)
457 4485 539 4558 Cf.
568 4502 694 4555 sup.
722 4485 852 4558 Cap.
973 4487 1075 4543 col.
1099 4486 1338 4558 £6,7n0t.
1369 4482 1408 4541 Ι.

363 4555 430 4627 (ιι)
455 4554 536 4627 Cl.
572 4554 865 4625 Ephemér.
894 4557 1161 4612 Bounens.
1190 4557 1322 4613 fasc.
1355 4556 1496 4615 XVI.
1529 4572 1581 4627 p.
1608 4556 1698 4612 '57.

363 4625 430 4698 (ε)
461 4626 645 4698 έιιιιιθ
682 4628 781 4698 hic
799 4627 933 4698 satis
968 4629 1204 4697 graviter
1232 4627 1489 4698 conqueri
1533 4625 1643 4698 non
1683 4642 1870 4697 possu-

300 4695 433 4764 mus!
460 4693 715 4764 Est'apud
741 4693 1305 4752 Galeum'mendorum
1329 4693 1614 4751 multitudo
1640 4693 1828 4763 iugens
1851 4711 1868 4750 :

301 4760 474 4836 glesum
505 4760 759 4836 plurimis
795 4764 930 4821 locis
970 4767 1177 4836 integra
1208 4769 1390 4831 verba,
1418 4766 1615 4834 integri
1658 4760 1866 4821 versus.

300 4828 891 4905 Horuni'Sehluetet-us
929 4837 1032 4891 nisi
1078 4828 1399 4905 paucissima
1450 4828 1562 4889 ηοιῖ
1600 4836 1819 4890 sustulit
1851 4853 1864 4890 :

297 4914 386 4954 nec
408 4919 542 4975 nova
562 4903 780 4959 desunt.
804 4903 1102 4975 Collegerat
1126 4916 1303 4961 autem
1329 4905 1526 4962 Galeas
1552 4920 1647 4960 sua
1678 4908 1867 4959 menda

296 4984 442 5047 quam
462 4974 906 5047 diligentissime;
925 4974 1221 5030 inseruerat
1242 4991 1428 5030 eorum
1452 4975 1610 5030 indici
1629 4976 1873 5047 egregias

296 5044 439 5114 plane
470 5061 493 5096 ι
535 5044 821 5114 variantes,
856 5064 902 5109 ι,
942 5057 1077 5114 quas
1116 5054 1345 5108 voeant,
1376 5060 1442 5099 ex
1494 5060 1565 5098 ιιι.
1603 5044 1875 5100 ε.ὀοε⁷1ἰοθ

298 5108 573 5185 l’arisiensi
606 5131 621 5166 :
666 5115 755 5168 hic
791 5108 1138 5185 Galei'indegx,
1165 5131 1262 5185 per
1298 5117 1491 5185 det-eiu
1520 5116 1740 5185 paginas
1768 5113 1868 5169 for-

297 5194 409 5260 gtae
430 5184 710 5260 maximae
743 5185 1055 5256 porrigitur.
1098 5183 1249 5239 Hunc
1288 5201 1418 5240 vero
1455 5183 1611 5260 Calei'
1641 5184 1871 5240 iudicem

297 5246 639 5323 Scltlueterus
687 5246 798 5307 fere
845 5246 1104 5323 nusquam
1156 5264 1249 5309 aut
1295 5256 1506 5307 curavit
1551 5263 1644 5323 aut
1681 5269 1872 5309 curare

296 5320 467 5395 voluit.
500 5320 679 5395 Ipsius
707 5324 920 5395 quidem
944 5320 1215 5395 typotheta
1248 5323 1552 5386 atllrmavit,
1584 5322 1868 5379 Schluete-

298 5402 402 5462 rum
427 5390 499 5443 ita
520 5390 750 5462 solitum
778 5392 941 5448 fuisse
962 5390 1140 5448 dicere
1165 5413 1177 5447 :
1204 5414 1220 5444 ι
1247 5395 1373 5448 illud
1397 5408 1531 5462 Opus
1554 5409 1656 5447 non
1680 5410 1799 5447 esse
1820 5414 1864 5448 ι.

293 5456 458 5523 Quare
480 5461 604 5529 ejus
626 5463 913 5518 editionem
942 5465 1027 5517 xix
1055 5462 1203 5519 ﬂocei
1233 5456 1491 5528 ducas,et
1517 5464 1693 5532 potius
1726 5484 1741 5513 ι
1779 5465 1867 5518 dc-

356 5586 492 5665 ‘fo.
543 5605 653 5665 «ζει.Δ
683 5608 819 5665 quae
868 5594 918 5649 in
951 5593 1229 5650 Proocmio
1258 5596 1323 5651 de
1346 5595 1449 5651 hac
1485 5596 1721 5651 editione
1756 5612 1868 5651 mo-

296 5660 516 5715 naiiaus.
554 5660 852 5718 Dolcndum
885 5666 1146 5732 enimvst,
1178 5668 1319 5736 quod
1354 5665 1721 5732 Schlueterus,
1756 5668 1869 5737 ipse

1902 4435 1951 4495 D

1985 3185 2209 3239 Creator
2249 3194 2305 3240 et
2345 3195 2593 3240 creatura
2641 3187 2781 3240 idem
2836 3194 2981 3239 sunt.
3035 3186 3174 3240 Deus
3216 3186 3335 3239 ideo
3380 3186 3579 3238 dicitur

1986 3278 2107 3331 linis
2133 3278 2396 3343 omnium,
2427 3278 2569 3346 quod
2601 3278 2782 3331 omnia
2818 3292 3100 3331 reversuro
3132 3262 3258 3331 sunt
3282 3278 3335 3331 iu
3378 3277 3576 3346 ipsum,

1986 3374 2044 3418 ut
2074 3365 2127 3419 in
2154 3381 2220 3420 eo
2254 3366 2668 3421 immutabiliter
2703 3366 3094 3435 conquiescant
3119 3385 3132 3419 :
3161 3375 3217 3422 et
3247 3384 3409 3421 unum
3443 3368 3578 3421 iudi-

1982 3456 2203 3510 viduum
2260 3465 2422 3525 atque
2469 3457 2910 3512 incommutabile
2963 3456 3374 3526 permanebunt.
3428 3456 3578 3512 Sicut

1981 3548 2257 3602 Abraham
2295 3557 2348 3602 et
2385 3547 2536 3602 Isaac
2581 3549 2742 3602 unius
2780 3548 3018 3616 ejusdem
3066 3558 3272 3603 naturae
3317 3558 3464 3613 sunt,
3499 3549 3579 3603 sic

1981 3638 2161 3692 omnia
2190 3653 2312 3693 esse
2339 3654 2527 3704 unum,
2550 3648 2604 3694 et
2625 3641 2812 3694 omnia
2844 3655 2964 3695 esse
2995 3640 3162 3696 Deum
3190 3659 3203 3695 :
3237 3641 3403 3695 Deum
3428 3643 3571 3695 enim

1979 3744 2099 3784 esse
2124 3730 2363 3784 omnium
2384 3738 2755 3784 creaturarum
2779 3732 3097 3796 essentiam,
3120 3740 3227 3787 cet.
3252 3750 3294 3784 ι.
3317 3732 3481 3785 David
3510 3731 3576 3784 de

1979 3821 2248 3885 Diuando,
2289 3821 2549 3877 Amalrici
2594 3822 2911 3892 discipulus,
2961 3823 3178 3878 easdem
3230 3840 3317 3879 res
3366 3832 3573 3878 tantum

1980 3926 2086 3965 non
2139 3912 2328 3968 iisdem
2377 3914 2558 3968 verbis
2601 3914 2849 3969 docuisse
2903 3917 3138 3970 traditur
3186 3917 3284 3987 (g).
3331 3916 3571 3983 Quonim

1979 4004 2247 4083 sententia
2278 4004 2409 4058 nihil
2452 4014 2536 4059 est
2568 4004 2926 4075 Erigenianae
2954 4007 3202 4062 similius;
3236 4006 3386 4074 Quod
3435 4006 3571 4061 infra

1978 4110 2008 4147 a
2040 4094 2194 4148 nobis
2218 4105 2538 4164 exponetur.
2572 4095 2757 4165 Neque
2785 4096 2919 4151 haec
2949 4112 3037 4151 res
3063 4097 3148 4150 illa
3181 4106 3357 4151 aetate
3376 4097 3568 4153 'latuit.

1979 4186 2189 4241 Diserte
2233 4186 2375 4240 enim
2428 4196 2653 4241 narrant
2707 4187 2974 4251 historici,
3030 4186 3175 4241 Scoti
3226 4187 3395 4240 nostri
3436 4202 3572 4256 opus

1979 4278 2323 4349 compilatum
2351 4294 2469 4335 esse
2507 4280 2576 4335 ab
2607 4278 2877 4334 Amalrico
2906 4278 3001 4349 (Ir).
3033 4277 3104 4331 At
3138 4277 3356 4331 tradunt
3382 4278 3567 4343 etiam,

1982 4371 2123 4438 illos,
2139 4387 2366 4441 quorum
2389 4383 2524 4438 erat,
2550 4387 2656 4426 non
2680 4370 2852 4425 solum
2877 4371 3160 4425 damnasse
3182 4370 3327 4424 Scoti
3350 4370 3569 4435 librum,

1977 4499 2253 4565 provolant
2278 4489 2763 4565 i‘dicas,_q_uam-u_t
2788 4486 2900 4556 ipse
2933 4486 3008 4556 (p.
3035 4483 3077 4554 l)
3100 4484 3482 4565 «emendata-in
3519 4504 3564 4538 ι.

2048 4560 2124 4626 (d)
2158 4559 2238 4614 Cl'.
2283 4557 2415 4613 Crit.
2448 4554 2644 4626 philos.
2694 4554 2883 4610 histor.
2938 4554 3066 4626 tom.
3116 4554 3179 4626 Ill
3227 4554 3377 4626 (edit.
3420 4554 3565 4624 Lips.

1979 4624 2159 4697 1741),
2196 4644 2245 4697 p.
2278 4628 2401 4683 62L
2438 4624 2614 4697 Atque
2637 4627 2702 4681 de
2730 4627 2813 4681 his
2846 4627 2973 4696 ipsis
2997 4624 3249 4679 Bruckeri
3286 4624 3569 4697 locutioni-

1970 4700 2078 4754 bus
2100 4694 2351 4753 consulas
2390 4694 2614 4752 velimus
2635 4737 2650 4763 ,
2683 4711 2824 4768 quae
2850 4694 2993 4751 dicta
3020 4704 3146 4749 sunt
3175 4710 3297 4764 sup.
3325 4694 3458 4765 Cap.
3492 4694 3557 4760 ll,

1975 4768 2079 4825 col.
2116 4768 2174 4822 ll
2216 4778 2328 4823 not.
2358 4767 2413 4822 ά.

2047 4838 2117 4909 (e)
2140 4838 2223 4894 Cf.
2252 4854 2372 4909 sup.
2402 4836 2534 4907 Cap.
2563 4836 2627 4903 ll,
2658 4835 2764 4892 col.
2796 4835 2855 4890 ll
2879 4841 2990 4890 not.
3021 4850 3071 4900 e,
3103 4833 3193 4889 uhi
3223 4847 3409 4888 eorum
3434 4849 3567 4888 non-

1977 4908 2492 4985 nullpsnattulimus;
2666 4976 2698 4985 η
3089 4973 3102 4985 .
3208 4971 3322 4985 mh
3406 4972 3504 4985 nm

2049 4978 2226 5061 (1⁸1131⁸.
2258 4976 2416 5032 Joan.
2452 4976 2700 5033 Gersonii
2746 4989 2910 5044 Opera
2956 4973 3159 5028 omnia.
3204 4971 3351 5055 Edit.
3406 4972 3569 5054 El'lies

1994 5048 2045 5100 lu
2076 5047 2206 5112 Plu;
2235 5047 2508 5112 Antwerp.
2543 5056 2671 5100 tom.
2696 5045 2784 5105 IV,
2816 5044 2922 5098 col.
2948 5043 3045 5100 82l
3092 5058 3207 5112 seq.
3242 5041 3374 5097 Vide
3402 5052 3567 5096 etiam

1977 5067 2045 5101 1111
2078 5067 2206 5113 ιἰιις
2235 5067 2456 5102 Αιιιπει
2496 5085 2508 5098 .
2543 5067 2671 5100 mm.
2696 5067 2753 5100 IV
2772 5086 2784 5105 ι,
2816 5067 2922 5098 CUI.
2948 5067 3045 5100 OZI
3092 5067 3207 5112 56!].
3251 5067 3273 5095 1
3292 5067 3374 5097 lue
3402 5067 3488 5096 υτΙί

1976 5116 2234 5195 Terinam.
2267 5117 2395 5195 hist.
2423 5067 2747 5195 piiilos._vol:
2774 5114 3058 5195 Vllihpars
3081 5113 3122 5177 l,
3145 5112 3322 5195 p._3|ti
3342 5126 3439 5195 szis
3456 5182 3488 5195 μ

2050 5187 2124 5253 (qi
2153 5181 2460 5256 ClliThoni.
2498 5186 2695 5256 Aquin.
2731 5186 2783 5239 in
2814 5185 2879 5239 IV
2914 5181 3079 5238 libros
3096 5181 3352 5256 sententi
3375 5181 3411 5233 ll
3438 5182 3563 5234 dist.

1976 5250 2213 5322 XVll.Q.
2249 5255 2285 5309 1.
2322 5262 2439 5310 Art.
2464 5256 2504 5319 l,
2526 5250 2579 5309 et
2608 5255 2811 5310 Allierti
2843 5269 3052 5307 summa
3071 5252 3231 5308 theol.
3257 5268 3309 5322 p.
3336 5250 3375 5304 Ι.
3407 5259 3564 5306 tract.

1976 5326 2065 5381 IV.
2097 5326 2160 5393 Q.
2197 5325 2315 5393 XX.
2352 5325 2482 5380 Vide
2513 5324 2773 5379 Tetmetu.
2802 5323 2838 5378 l.
2872 5325 2908 5377 l.

1976 5465 1990 5519 Ι
2049 5390 2246 5500 (lp'Ci.
2292 5395 2520 5452 Gersou.
2575 5404 2630 5449 et
2682 5395 2941 5450 Tennem.
2993 5392 3098 5449 loc.
3146 5406 3263 5463 sup.
3315 5390 3447 5458 (not.
3497 5391 3563 5463 ι’.)

1996 5484 2114 5519 ἱΙΙΙι..

1975 5601 2249 5656 oculorum
2280 5600 2478 5655 lumine
2511 5598 2772 5669 privatus,
2799 5612 2903 5651 non
2929 5594 3155 5669 nisi_per
3206 5593 3339 5647 alios
3384 5608 3562 5669 rerum

1977 5674 2154 5727 minus
2170 5672 2368 5743 peritos
2385 5664 2674 5726 editionem
2692 5681 2883 5737 parare
2905 5664 3096 5736 potuit.
3124 5666 3386 5720 ANIMADV.
3409 5665 3563 5719 Eutr.
