4002 6148
389 205 445 263 5|
894 169 901 175 ’
1432 209 1520 263 ns
1556 204 1823 263 JOANNE
1859 203 2083 263 scoro
2118 206 2637 266 conservrum.
3368 268 3371 271 _
3597 209 3666 262 se.

384 332 573 372 Verum
625 317 790 371 etiam
840 317 1053 389 publice
1108 332 1172 373 ac
1220 316 1516 372 solcnuitcr
1564 318 1808 374 comburi
1856 315 1973 386 jus—
2002 318 2200 382 A'fnit,
2229 284 2491 388 prodiisse
2541 321 2608 375 de
2652 319 2864 390 integro
2913 318 2967 373 in
3024 319 3299 389 publicum
3347 318 3515 375 libros
3554 322 3664 403 jam

385 410 524 464 cisse
559 408 657 481 (α).
695 409 1000 475 Albericus,
1036 410 1196 464 trium
1248 411 1473 464 fontium
1522 412 1842 476 monachus,
1885 412 1976 480 qui

387 502 675 556 admodum
736 502 841 557 fide
899 503 1090 573 dignus
1168 503 1399 557 habetur
1451 502 1589 575 (ὁ),
1645 503 1716 557 ad
1778 518 1978 557 annum

388 593 675 648 MCCXXV
719 595 855 649 haec
894 592 1096 647 refert:
1134 610 1154 644 (
1191 591 1428 649 Litterae
1473 594 1669 649 summi
1710 594 1980 664 pontiﬁcis

390 685 638 752 (Honorii
664 684 749 753 Ill)
772 714 871 737 —.
899 722 913 736 .
943 722 957 737 .
982 684 1084 739 hoc
1105 698 1250 738 anno
1271 683 1383 756 (de)
1407 684 1614 739 solenni
1635 684 1980 740 damnatione

388 774 670 843 cujusdam
714 772 875 827 libelli
907 771 1130 829 Joannis
1158 774 1327 829 Seoti.
1372 775 1642 831 Honorius
1667 776 1978 846 episcopus,

389 879 581 919 servus
626 879 906 918 servorum
958 864 1077 929 Dei,
1121 866 1545 937 archiepiscopis
1589 876 1644 923 et
1686 851 1984 937 episcopis;

388 967 494 1012 etc.
521 957 776 1012 inimicus
816 958 980 1011 homo
1009 957 1218 1011 zizania
1255 959 1396 1013 bono
1428 958 1620 1012 semini
1651 957 1979 1028 supersemi-

390 1062 522 1100 narc
546 1063 652 1101 non
695 1056 894 1113 cessat,
938 1056 1044 1104 etc.
1084 1048 1265 1119 Nuper
1303 1049 1594 1119 siquidem,
1639 1050 1784 1106 sicut
1824 1050 1980 1107 nobis

390 1139 712 1209 signiﬁcavit
740 1141 995 1195 venerab.
1030 1141 1202 1196 frater
1235 1152 1423 1197 noster
1452 1142 1741 1197 Parisiens.
1771 1143 1982 1213 episco«

388 1230 493 1297 νίς,
517 1238 601 1283 est
620 1230 840 1299 quidam
863 1230 1017 1293 liber,
1041 1234 1132 1301 qui
1154 1232 1397 1289 Periﬁsis
1414 1234 1682 1300 titulatur,
1709 1235 1976 1301 inventus,

393 1328 471 1373 tot
498 1329 715 1375 scatens
752 1324 1028 1378 vermibus
1076 1324 1383 1380 haereticae
1426 1327 1727 1397 pravitatis,
1777 1327 1919 1382 unde
1949 1343 1978 1382 a

390 1411 684 1465 venerabili
716 1410 880 1467 fratre
920 1423 1108 1470 nostro
1148 1416 1555 1487 archiepiscopo
1593 1417 1890 1473 Senoncnsi
1925 1428 1983 1473 et

390 1499 744 1573 snﬁ‘raganeis
770 1503 909 1572 ejus,
936 1507 987 1559 in
1014 1508 1336 1577 provinciali
1367 1508 1596 1564 concilio
1618 1509 1979 1581 congregatis,

383 1591 534 1660 justo
576 1601 659 1647 est
700 1595 792 1649 Dei
835 1593 1040 1662 judicio
1078 1597 1415 1666 reprobatus.
1448 1598 1584 1664 Quia
1619 1598 1784 1670 igitur
1820 1598 1974 1662 liber,

2083 407 2291 476 pridem
2333 408 2635 472 damnatos,
2667 409 2872 464 Romae
2903 410 2956 462 in
2990 408 3220 464 indicem
3252 409 3511 464 libroruin
3540 424 3665 478 pro-

2084 498 2373 554 hibitorum
2410 499 2562 553 relati
2592 508 2748 566 sunt;
2778 515 2940 570 quem
2969 499 3147 555 locum
3166 515 3325 555 suum
3363 501 3430 554 ad
3456 501 3669 556 hodier-

2084 606 2211 645 num
2240 605 2411 661 usque
2450 591 2593 645 diem
2622 585 2977 646 obtinuerunt
3001 590 3096 661 (ε).
3289 649 3295 653 ,

2154 678 2338 751 Neque
2371 690 2549 737 tamen
2579 682 2685 738 ullo
2713 692 2868 752 pacto
2892 681 3243 737 Schluetevus
3276 682 3672 751 reprehendem-

2083 774 2183 829 dus
2213 782 2316 838 est,
2341 782 2625 843 propterea
2648 774 2818 843 quod,
2845 775 2944 828 etsi
2980 774 3308 829 catholicum
3337 789 3396 828 se
3416 774 3670 844 proﬁtea-

2083 880 2190 930 tur,
2236 869 2543 938 posthabita
2584 883 2918 924 summormn
2961 868 3275 938 pontiiienm
3323 868 3670 932 auctoritate,

2082 962 2258 1015 denuo
2295 959 2418 1016 illos
2456 961 2623 1015 libros
2673 960 2923 1014 ediderit.
2970 959 3101 1013 Nam
3145 975 3311 1029 quum
3356 960 3461 1015 hoc
3497 948 3671 1030 ipsum

2083 1066 2254 1120 nuper
2279 1066 2309 1107 a
2333 1052 2570 1121 quodam
2616 1052 2852 1106 monitus
2897 1050 3108 1114 fuisset,
3144 1065 3244 1120 per
3277 1050 3670 1105 adolescentem

2079 1144 2180 1198 sibi
2237 1143 2625 1197 amicissimum
2676 1144 2964 1198 certiorem
3025 1157 3149 1198 eum
3208 1142 3357 1205 fecit,
3407 1155 3527 1196 sese
3576 1155 3676 1195 nec

2082 1234 2353 1288 audivisse
2382 1248 2639 1303 unquam,
2667 1250 2766 1288 nec
2783 1235 3028 1296 credere,
3056 1233 3224 1288 ullum
3263 1231 3487 1288 Joannis
3522 1232 3673 1286 δα)ιηί

2083 1322 2346 1391 Erigonae
2394 1338 2531 1391 opus
2576 1323 2628 1376 in
2683 1323 2917 1378 indicem
2973 1323 3232 1379 librorum
3277 1323 3675 1393 prohibiturum

2084 1415 2312 1468 relatum
2344 1430 2497 1479 esse;
2533 1428 2657 1469 eum
2709 1414 2959 1478 fortasse,
3005 1415 3280 1469 nominum
3326 1413 3680 1468 similitudine

2083 1504 2391 1573 dereptum,
2422 1518 2567 1574 quae
2603 1505 2669 1559 de
2705 1502 2913 1559 Joanne
2958 1505 3104 1559 Duns
3154 1502 3319 1559 Scolo
3362 1503 3679 1567 invenisset,

2087 1595 2153 1647 ad
2178 1593 2443 1649 Joannem
2473 1596 2695 1650 Scotum
2718 1595 3007 1665 Erigonam
3037 1595 3361 1649 traduxisse.

391 1684 530 1755 sic“
568 1685 886 1755 recepimus,
943 1687 996 1741 in
1038 1688 1310 1744 nonnullis
1358 1690 1703 1745 monasteriis
1749 1698 1805 1744 et
1858 1689 1982 1744 aliis
2011 1671 2057 1730 Β
2162 1684 2418 1740 Venimus
2464 1701 2608 1741 nunc
2654 1688 2721 1740 ad
2758 1700 2827 1739 ea
2870 1684 3192 1754 simpliciter
3223 1682 3515 1745 all'erenda,
3556 1696 3681 1750 qua:

389 1774 526 1830 locis
556 1775 803 1842 habetur,
828 1786 884 1833 et
907 1777 1226 1835 claustrales
1254 1780 1492 1835 nonnulli
1534 1788 1590 1836 et
1635 1780 1735 1835 viri
1768 1779 1979 1835 schola-

389 1866 509 1919 stici
537 1906 552 1920 .
580 1906 593 1919 .
627 1906 642 1920 .
674 1882 732 1921 se
759 1869 1054 1925 studiosius
1078 1880 1342 1940 occupant
1371 1871 1601 1926 lectione
1628 1870 1756 1951 dicti
1786 1870 1974 1925 libri...

388 1970 492 2010 nos
540 1953 696 2024 juxta
745 1956 1033 2026 pastoralis
1090 1958 1466 2014 sollicitudinis
1506 1959 1746 2014 debitum
1793 1974 1979 2013 corru-

392 2046 586 2115 ptelae,
628 2061 790 2116 quam
837 2056 1020 2117 posset
1065 2049 1309 2119 ingerere
1353 2050 1491 2104 liber
1518 2048 1844 2120 hujusmodi,
1886 2063 1979 2103 oce

388 2151 615 2193 currere
668 2146 996 2208 satagentcs,
1042 2140 1197 2194 vobis
1240 2140 1507 2205 universis
1551 2149 1606 2194 et
1653 2140 1878 2211 singulis
1922 2139 1978 2193 in

394 2231 595 2286 virtute
617 2231 675 2287 S.
706 2231 943 2302 Spiritus
970 2234 1213 2289 districte
1235 2235 1618 2305 praecipiendo
1636 2235 1976 2302 mandamus,

394 2333 660 2391 quatenus
688 2323 926 2379 libellum
957 2325 1118 2380 istum
1155 2326 1383 2382 sollicite
1410 2327 1755 2398 perquiratis,
1783 2335 1838 2381 et
1863 2326 1977 2382 ubi-

2084 1794 2223 1833 unus
2251 1787 2312 1832 et
2354 1778 2479 1833 item
2528 1777 2665 1833 alter
2705 1778 2825 1832 sine
2859 1793 3024 1833 ctutsa
3066 1775 3372 1832 necessaria
3418 1775 3681 1844 Erigonae

2084 1869 2288 1923 tribuit.
2322 1869 2459 1923 Sunt
2489 1867 2599 1923 fere
2630 1870 2762 1924 haec
2788 1868 2866 1940 (d)
2892 1887 2909 1923 :

2152 1960 2190 2013 1.
2231 1978 2247 2009 (
2286 1960 2547 2028 Execrth
2573 1976 2639 2013 ex
2663 1960 2943 2016 Macrohio
2969 1960 3038 2014 de
3065 1958 3385 2016 differentiis
3416 1968 3470 2013 et
3508 1958 3682 2013 socie-

2083 2050 2284 2104 tatibus
2324 2049 2517 2104 Graeci
2562 2049 2845 2119 Latinique
2902 2051 3050 2104 verbi
3097 2069 3142 2102 ι.
3184 2048 3246 2104 il.
3278 2068 3303 2101 ι
3347 2048 3579 2104 llomilia
3612 2049 3682 2103 de

2083 2142 2236 2196 initio
2284 2142 2557 2212 Evangelii
2610 2142 2910 2197 secundum
2967 2140 3233 2196 Joannem
3283 2160 3333 2195 ι.
3380 2140 3529 2207 Quae
3575 2140 3683 2193 duo

2083 2233 2267 2301 utique
2337 2233 2659 2303 Erigeniana
2722 2247 2864 2295 esse,
2943 2232 3232 2287 verisimile
3287 2241 3527 2301 putatur.
3590 2229 3677 2283 ill.

2087 2341 2106 2373 α
2145 2322 2604 2379 Οςηιηιωωωιιίιιηι
2637 2326 2689 2379 in
2716 2325 3036 2397 Dionysium
3073 2324 3453 2395 Areopagitam
3488 2344 3535 2375 ι.
3569 2322 3683 2376 llnc

394 2428 608 2485 cunque
635 2415 807 2486 ipsum
830 2416 913 2470 vel
933 2425 1144 2486 partem
1167 2419 1283 2487 ejus
1321 2419 1549 2473 inveniri
1578 2419 1881 2490 contigerit,
1914 2416 1981 2472 ad
2082 2419 2174 2488 qui
2218 2418 2435 2483 viderit,
2467 2420 2609 2488 quod
2656 2420 2876 2489 quidem
2917 2406 3025 2483 illi,
3079 2434 3215 2488 quos
3261 2417 3403 2488 (sup.
3458 2426 3572 2471 not.
3619 2398 3680 2469 (1)

398 2518 516 2567 nos,
543 2504 587 2558 si
621 2518 814 2560 secure
845 2505 963 2559 fieri
992 2507 1182 2575 possit,
1208 2508 1323 2562 sine
1354 2508 1612 2562 dilatione
1642 2508 1867 2562 mittatis
1901 2521 1987 2563 so-

399 2593 483 2647 Ien
514 2594 631 2648 iter
678 2595 1133 2661 comburendnm,
1192 2596 1426 2667 alioquin
1479 2613 1574 2654 vos
1624 2599 1724 2669 ipsi
1768 2598 1986 2670 publice

400 2683 731 2740 cmubnratis
757 2685 1012 2751 eundem,
1044 2687 1273 2745 subditis
1301 2690 1496 2744 vestris
1520 2704 1778 2759 expresse
1815 2688 1987 2760 injun-

380 2788 609 2846 ‘geutes,
655 2786 739 2845 ut,
788 2780 1095 2850 quicunque
1129 2781 1369 2851 ipsorum
1417 2783 1619 2837 habent
1657 2782 1742 2838 vel
1790 2784 1989 2839 habere

402 2876 628 2939 possunt
653 2868 705 2922 in
730 2877 845 2923 toto
874 2869 959 2924 vel
985 2870 1036 2923 in
1058 2879 1214 2940 parte
1234 2870 1565 2941 exemplaria
1593 2872 1723 2927 dicti
1753 2871 1900 2938 libri,
1925 2886 1989 2928 ea

405 2963 558 3017 nobis
589 2962 699 3036 (-nc)
730 2963 980 3020 diﬂ'erant
1014 2966 1311 3038 resignare,
1360 2966 1414 3021 in
1444 2981 1636 3022 omnes
1661 3007 1676 3033 ,
1725 2965 1816 3038 qui
1848 2966 1991 3021 ultra

2085 2520 2338 2564 auctores
2364 2520 2582 2565 nostros
2624 2508 3114 2573 laudavimuhsibi
3154 2518 3562 2580 persuaserunt,
3600 2515 3689 2561 est

2085 2599 2321 2655 fortaSse
2344 2615 2527 2655 nemo.
2551 2599 2670 2654 Jam
2699 2616 2829 2656 vero
2859 2610 3040 2657 nostra
3065 2609 3242 2656 aetate
3273 2601 3363 2654 Dr.
3388 2599 3682 2656 Greitbins.

2088 2693 2361 2762 parocltus
2390 2691 2778 2763 Sangallcnsis,
2812 2693 2864 2747 iu
2888 2692 3215 2749 bibliotheca
3242 2690 3499 2746 Vaticana
3535 2702 3690 2757 repe-

2091 2785 2163 2839 rit
2206 2782 2279 2854 (e)
2315 2800 2334 2834 t
2381 2782 2752 2852 expositiones
2791 2782 2845 2836 in
2893 2781 3117 2838 Joannis
3149 2780 3296 2836 Sauli
3344 2778 3413 2833 ad
3461 2778 3694 2833 Pseudo-

2091 2875 2450 2955 Areopagitae
2468 2874 2832 2930 hierarchiam
2860 2873 3148 2929 caelestem
3178 2893 3226 2925 ι.
3262 2870 3427 2941 Typis
3451 2868 3689 2923 nondum

2093 2975 2178 3020 est
2226 2963 2572 3034 descriptum,
2604 2972 2964 3034 praeterquam
3011 2962 3151 3031 quod
3194 2961 3369 3015 locum
3414 2960 3688 3030 quentkuu

402 3052 499 3110 XV
522 3056 658 3119 dies,
680 3034 969 3126 postquam
1000 3034 1304 3127 huiusmodi
1332 3057 1647 3112 mandatum
1667 3034 1763 3112 seu
1786 3057 1993 3113 denun—
2020 3034 2064 3096 C
2098 3057 2165 3112 de
2191 3055 2250 3110 S.
2275 3055 2612 3109 Eucharistia
2644 3068 2710 3110 ex
2740 3068 2807 3108 eo
2839 3054 3057 3123 protulit
3097 3051 3394 3115 lloellcrus,
3416 3067 3575 3120 quem
3610 3049 3691 3103 lo-

403 3143 567 3197 ciatio
595 3143 665 3197 ad
689 3145 936 3199 notitiam
980 3158 1170 3199 eorum
1205 3146 1533 3214 pervenerit,
1557 3144 1751 3200 librum
1793 3145 1989 3214 ipsum,

405 3242 575 3288 totum
606 3241 700 3287 aut
743 3242 975 3303 partem,
1005 3234 1242 3289 scienter
1282 3235 1518 3289 retinere
1544 3236 1987 3305 praesumserint.

402 3327 981 3383 excommunicationis
1005 3328 1329 3383 sententiam
1358 3328 1672 3394 incurrisse,
1702 3337 1991 3400 notamque

404 3417 686 3486 pravitatis
716 3417 1023 3472 haeretieae
1060 3431 1167 3472 non
1207 3418 1453 3472 evadent.
1507 3419 1701 3473 Datum
1734 3418 1990 3474 Laterani

402 3505 451 3563 Χ
476 3505 588 3561 Cal.
621 3505 781 3561 Febr.
820 3524 839 3557 ο
868 3515 971 3560 cet.

476 3595 620 3654 Haec
669 3595 830 3667 igitur
871 3604 1158 3666 postquam
1210 3596 1280 3652 ab
1337 3595 1574 3652 Honorio
1614 3597 1678 3653 111
1734 3598 1993 3664 adversus

402 3688 571 3743 libros
595 3687 660 3742 de
684 3686 901 3741 Naturis
922 3701 1179 3756 supremo
1194 3688 1464 3758 supplicio
1489 3689 1694 3745 sancita
1718 3698 1864 3755 sunt,
1894 3704 1994 3760 per

402 3779 677 3850 proximos
700 3776 917 3832 CCCCL
965 3791 1157 3844 annos,
1202 3779 1328 3833 dum
1372 3775 1611 3834 Thomas
1635 3778 1805 3843 Caici,
1842 3779 1990 3836 Oxo-

404 3873 626 3935 niensis,
660 3884 826 3941 opera
855 3871 993 3944 typis
1027 3870 1431 3938 describuntur,
1453 3874 1676 3928 omnino
1704 3886 1993 3942 propemo-

403 3965 533 4019 dum
560 3961 819 4018 oblivioni
847 3962 1077 4017 traditos
1117 3976 1212 4017 eos
1243 3961 1408 4017 fuisse
1435 3962 1646 4018 credas.
1680 3961 1866 4034 Neque
1894 3961 1990 4027 illi,

405 4057 497 4127 qui
533 4056 734 4110 interea
760 4054 937 4109 sancti
965 4053 1177 4109 concilii
1223 4051 1524 4107 Tridentini
1560 4053 1716 4122 jussu
1762 4052 1992 4107 indicem

401 4145 667 4201 librorum
702 4146 1102 4216 prohibitorum
1155 4145 1464 4208 coniecere,
1521 4141 1669 4198 Scoti
1714 4142 1881 4197 libros
1929 4141 1995 4197 de

404 4241 615 4296 naturis
651 4246 995 4296 curaverunt.
1043 4239 1114 4294 At
1143 4254 1312 4310 quum
1354 4240 1589 4309 primum
1632 4237 1995 4293 renuntiatum

2024 4281 2076 4340 D

2099 3161 2223 3201 cum
2275 3161 2374 3199 nos
2403 3160 2616 3214 quoque
2657 3158 2820 3212 supra
2868 3145 3008 3213 (cap.
3047 3141 3113 3196 iV
3144 3142 3311 3211 extr.)
3356 3141 3691 3210 exscriptum

2099 3234 2607 3305 habenms’.Cujns
2639 3234 2740 3289 loci
2763 3235 2937 3289 oratio
2967 3244 3045 3289 εει
3069 3233 3201 3288 satis
3226 3232 3569 3298 Erigcniaua.
3599 3229 3691 3284 IV.

2097 3327 2572 3398 interpretationes
2599 3324 2822 3381 Latinae
2847 3333 2902 3380 et
2935 3344 2953 3376 ι
2999 3324 3281 3379 Moralium
3322 3322 3627 3377 Aristotelis
3665 3340 3684 3370 ι

2097 3428 2152 3475 et
2183 3440 2207 3471 (ν
2248 3418 2521 3472 variarum
2563 3416 2888 3471 mirabilium
2934 3402 3280 3471 historiarum
3321 3434 3365 3467 ι.
3406 3413 3495 3467 illa
3538 3410 3691 3466 Scoti

2096 3527 2217 3568 esse
2265 3510 2474 3565 facilius
2516 3518 2783 3577 negatur,
2834 3523 2997 3578 quam
3031 3505 3367 3561 'couceditur
3406 3523 3419 3557 :
3462 3504 3529 3558 dc
3587 3502 3693 3556 hac

2098 3616 2295 3673 negare
2324 3616 2430 3655 non
2458 3598 2724 3654 dubitant.
2770 3596 2831 3652 V.
2869 3615 2887 3647 ‹
2926 3594 3390 3652 Commentarium
3421 3592 3472 3646 in
3512 3591 3692 3645 Evan-

2098 3692 2293 3764 gelium
2323 3690 2616 3745 secundum
2649 3687 2998 3742 Mattbaeum‘
3027 3705 3075 3751 ι,
3120 3703 3144 3738 4
3193 3693 3453 3739 tractatus
3486 3682 3551 3735 de
3575 3682 3691 3734 olli-

2098 3783 2198 3838 ciis
2221 3781 2474 3836 humanis
2502 3799 2521 3831 »
2553 3788 2656 3835 eet.
2688 3789 2797 3835 cet.
2827 3778 2928 3844 Qui
2976 3776 3120 3841 libri,
3147 3774 3364 3846 quando
3409 3788 3437 3825 a
3480 3771 3693 3828 Joanne

2102 3871 2185 3924 vel
2212 3886 2245 3924 a
2280 3869 2444 3925 Scuto
2482 3868 2662 3938 aliquo
2699 3868 2883 3936 scripti
2915 3867 3183 3929 dicantur,
3211 3863 3469 3919 continuo
3497 3878 3525 3914 a
3556 3860 3691 3915 viris

2100 3959 2294 4025 doctis,
2318 3962 2408 4029 qui
2433 3958 2705 4030 opinando
2724 3957 3015 4029 plurimum
3047 3954 3223 4010 valere
3242 3953 3466 4015 soleant,
3491 3948 3687 4005 Joanui

2101 4062 2290 4108 nostro
2340 4050 2595 4120 adscripti
2643 4049 2985 4105 creduntur:
3032 4056 3284 4102 constare
3332 4043 3516 4105 enim,
3566 4039 3690 4093 aliis

2103 4143 2248 4213 ipsos
2276 4141 2390 4196 fere
2416 4141 2727 4195 auctoribus
2758 4139 2967 4205 deberi,
2994 4138 3190 4207 quibus
3212 4151 3375 4205 unum
3418 4131 3496 4186 vel
3524 4128 3693 4185 Joan-

2104 4235 2187 4290 nis
2211 4233 2297 4288 vcl
2326 4233 2474 4289 Secti
2496 4248 2692 4289 nomen
2718 4248 2846 4288 cum
2869 4232 3064 4288 Nostro
3090 4244 3376 4285 commune
3396 4224 3578 4282 fuerit.

1588 4535 1837 4613 PARS
1897 4528 2496 4610 POSTERIOR.

1143 4710 1255 4784 δι.

470 4800 710 4858 Naturae
736 4800 804 4875 (s.
828 4801 1050 4876 φύσεως)
1080 4802 1299 4859 nomine
1323 4800 1823 4874 comprehenditur,
1846 4799 2001 4870 quid-

564 5089 580 5105 .
613 5047 755 5104 Hist.
786 5048 886 5104 litt.
914 5049 981 5103 de
1001 5048 1056 5105 la
1087 5047 1315 5111 France,
1351 5056 1480 5103 tom.
1516 5044 1582 5112 V,
1610 5045 1817 5116 μηδ.

578 5119 730 5187 Quod
757 5120 1005 5190 pluribus
1038 5121 1231 5190 pmbat
1268 5118 1352 5190 vir
1392 5114 1636 5172 summus
1654 5114 1724 5173 ϐ.
1751 5115 1815 5171 G.
1840 5114 1999 5190 Leib-

401 5187 656 5273 gtititis__itt
683 5187 862 5273 praef.
885 5191 953 5272 ad
983 5187 1213 5272 alterum
1240 5187 1441 5241 volnm.
1488 5194 1710 5257 paratae
1739 5202 1770 5239 a
1798 5201 1856 5241 se
1897 5187 2000 5240 hu-

399 5260 1053 5337 i'IS.;A'l29'i.ci9"iii°"i9-
1545 5323 1591 5337 ..

481 5331 550 5401 (ε)
579 5330 1051 5401 Cl:._Al_nt_l:_l_ibror._
1072 5326 1331 5401 prohibit.
1371 5326 1502 5380 edit.
1542 5323 1912 5382 Mcchliniens.
1946 5339 1996 5379 a.

406 5396 927 5475 ttocccxxxvut,
950 5416 1006 5469 ιι.
1033 5398 1155 5452 (εξ.

474 4979 531 5052 (a
576 4977 904 5036 Cf.Gerson.
926 4977 1256 5034 etTcnnem.
1279 4978 1317 5032 l.
1336 4976 1373 5032 l.
1390 4974 1586 5032 Thom.
1610 4973 1760 5031 Gale.
1787 4975 1990 5030 testim.

564 5089 580 5105 .
613 5047 755 5104 Hist.
786 5048 886 5104 litt.
914 5049 981 5103 de
1001 5048 1056 5105 la
1087 5047 1315 5111 France,
1351 5056 1480 5103 tom.
1516 5044 1582 5112 V,
1610 5062 1663 5116 p.
1691 5045 1817 5099 425.

478 4979 565 5193 δὲ
578 5119 730 5193 Quod
757 5120 1231 5193 pluribuspmbat
1268 5118 1352 5193 vi_r
1392 5132 1636 5172 summus
1654 5114 1724 5173 G.
1751 5115 1815 5171 G.
1840 5114 1990 5193 Leib-

401 5066 461 5123 p.

2109 4706 2238 4777 quid
2270 4723 2289 4754 ι
2321 4702 2405 4759 vel
2434 4702 2616 4757 animo
2644 4700 2847 4772 percipi
2871 4706 3083 4771 potest,
3111 4694 3195 4752 vel
3234 4693 3400 4750 animi
3440 4692 3698 4750 intentio-

2110 4814 2231 4853 nem
2256 4803 2477 4868 superat
2511 4812 2530 4846 ι
2539 4829 2556 4847 ο

2173 4975 2249 5048 (d)
2280 4973 2362 5048 Cf.
2394 4972 2534 5048 Hist.
2561 4971 2662 5027 litt.
2687 4970 2829 5048 tle_l_a
2857 4967 3243 5048 FranceLtotn.
3270 4965 3417 5048 κίκι).
3440 4964 3695 5048 427__seq.

2100 5035 2479 5117 Th‘om.Gale,
2502 5050 2623 5098 test.
2656 5056 2709 5111 p.
2742 5042 2803 5117 il
2848 5048 2904 5094 et
2945 5053 3000 5108 ι).
3040 5037 3127 5092 15.
3166 5037 3274 5092 Nos
3296 5035 3439 5090 illam
3471 5035 3700 5117 potissi—

2102 5131 2250 5170 nmm
2293 5113 2574 5168 historiam
2610 5111 2779 5168 secuti
2818 5122 3025 5173 sumus,
3070 5122 3232 5178 quae,
3281 5116 3340 5178 ut
3378 5111 3572 5170 serius,
3619 5111 3700 5160 ita

2103 5182 2410 5240 accuratius
2462 5181 2565 5237 hac
2612 5182 2677 5235 de
2728 5193 2785 5233 re
2840 5176 3143 5249 disputasSc
3209 5176 3473 5240 videatur,
3529 5190 3701 5245 quam

2105 5254 2344 5311 Thomas
2372 5250 2590 5307 Galeus.

2178 5324 2246 5395 (ε)
2270 5322 2352 5379 Cf.
2387 5322 2620 5387 lloellcr,
2666 5319 2749 5375 die
2786 5319 3067 5374 deutschen
3099 5316 3314 5388 Pdpsle,
3341 5314 3504 5371 Abth.
3539 5311 3604 5379 II,
3637 5327 3695 5383 p.

2106 5397 2176 5453 80
2202 5409 2317 5465 seq.

476 5554 507 5588 ‘
534 5550 1058 5611 Commentariorum
1095 5549 1396 5620 fragmenta
1425 5566 1562 5621 quae
1593 5558 1903 5623 supersunt.
1934 5566 1966 5605 c
1998 5548 2278 5605 codicibus
2299 5556 2451 5604 eruta
2483 5562 2625 5602 nunc
2658 5547 2888 5617 primum
2915 5543 3202 5602 edidimus.
3242 5540 3506 5598 Antium.
3542 5536 3701 5598 Eutr.
