4002 6148
325 181 398 237 53
1187 182 1275 237 DE
1318 181 1474 239 \‘lTA
1514 136 1602 237 ΕΤ
1636 182 1925 239 ΡΒίΕΟΕΡ

2039 211 2044 232 .
2082 183 2130 237 Ι.
2176 183 2393 240 SCOTI.
2427 213 2492 225 —
2540 183 2720 240 PARS
2763 185 2803 240 ll
3540 192 3608 247 ΞΗ

1078 291 1195 362 52.

403 383 440 437 Ι.
479 401 498 434 ι
526 380 718 437 Prima
768 396 834 437 ac
858 397 1070 437 summa
1106 383 1400 455 (naturae)
1440 383 1643 440 divisio
1664 393 1753 439 est
1778 382 1832 437 in
1860 398 1925 438 ea

327 490 471 543 quae
490 482 644 540 sunt,
672 482 729 529 et
756 474 810 529 in
834 489 900 530 ea
928 491 1070 546 quae
1096 491 1202 531 non
1227 485 1358 532 sunt
1391 496 1437 529 ι.
1471 476 1554 548 (1,
1589 475 1679 547 1.)

402 564 687 619 Habentur
706 574 888 620 autem
912 581 1152 637 quamne
1184 587 1203 619 ι
1227 568 1372 623 modi
1418 587 1466 633 ι,
1497 568 1695 638 quibus
1720 567 1927 637 aliquid

327 656 439 710 dici
464 664 645 725 potest
672 655 757 711 vel
788 675 807 708 ι
838 672 982 722 esse,
1016 679 1035 710 ι
1069 658 1152 713 vel
1187 678 1205 711 ι
1238 674 1345 714 non
1377 674 1497 714 esse
1526 679 1577 713 ι.

1070 774 1107 858 _§
1139 775 1191 830 δ.

266 954 275 957 _
411 902 429 934 ι
458 883 701 950 Quorum
730 885 938 957 primus
968 885 1198 952 videtur,
1224 900 1322 957 per
1346 902 1508 957 quem
1540 886 1678 943 ratio
1712 885 1923 951 suadet,

328 976 514 1029 omnia
535 1017 551 1040 ,
596 991 737 1046 quae
764 991 1028 1047 corporeo
1057 977 1239 1032 sensui
1268 978 1352 1032 vel
1391 978 1780 1048 intelligentiae
1804 993 1927 1048 per-

330 1064 570 1134 ceptioni
602 1067 986 1130 succumlumt,
1011 1082 1170 1136 posse
1206 1068 1598 1123 rationabiliter
1624 1066 1728 1122 dici
1760 1082 1881 1122 esse
1908 1083 1922 1119 :

328 1170 476 1225 quae
522 1170 652 1208 vero
695 1170 794 1224 per
838 1156 1212 1231 excellentiam
1265 1172 1396 1212 suae
1442 1166 1671 1211 naturae
1709 1170 1925 1212 omnem

328 1261 577 1309 sensum,
598 1245 930 1300 intellectum
963 1248 1334 1315 rationemque
1362 1246 1591 1317 fugiunt,
1610 1244 1734 1313 jure
1753 1244 1925 1299 videri

329 1349 442 1387 non
471 1348 594 1389 esse
628 1355 675 1387 ι.
711 1333 827 1389 Hoc
855 1335 1020 1407 igitur
1048 1334 1207 1391 modo
1231 1336 1485 1391 dicuntur
1514 1351 1634 1391 esse
1661 1335 1924 1405 quaedam

328 1423 766 1494 uniuscujusque
811 1429 1081 1482 essentiae
1121 1428 1451 1492 accidentia,
1494 1444 1600 1482 non
1642 1443 1761 1482 esse
1800 1442 1926 1483 vero

329 1515 481 1585 ipsas
508 1517 816 1583 essentias;
858 1505 1129 1572 essentiae
1172 1517 1378 1590 (enim)
1411 1527 1778 1588 agnoscuntur
1818 1532 1922 1570 non

334 1626 353 1657 ι
387 1607 517 1678 quid
543 1608 656 1662 sint
684 1627 732 1674 ι,
761 1610 855 1665 sed
881 1609 1136 1681 (tantum)
1173 1629 1191 1661 ι
1221 1609 1347 1680 quia
1374 1610 1482 1664 sint
1512 1630 1556 1662 ι.
1591 1608 1654 1682 (Ι,
1684 1609 1852 1680 2-3.)

1068 1719 1185 1794 si.

408 1848 431 1880 ι
460 1826 750 1885 Secundus
774 1830 967 1886 modus
1007 1831 1062 1885 in
1100 1840 1415 1887 naturarum
1446 1841 1754 1889 ereatarum
1780 1832 1930 1887 ordi-

328 1919 495 1974 nibus
542 1919 941 1976 consideratur.
985 1919 1371 1993 Unusquisque
1416 1923 1552 1978 ordo
1600 1930 1777 1994 potest
1820 1923 1925 1979 dici

326 2027 487 2076 esse,
534 2021 594 2067 et
626 2028 736 2068 non
765 2028 902 2069 esse.
935 2013 1213 2069 Inferioris
1255 2015 1399 2070 enim
1433 2015 1737 2078 allii-utalia.
1769 2031 1928 2085 supe-

300 2101 600 2156 ‘riorisest
626 2102 881 2173 negatio;
925 2102 1200 2161 inferioris
1235 2106 1483 2176 negatio,
1516 2115 1600 2162 est
1633 2107 1928 2176 superioris

330 2190 623 2248 affirmatio
650 2212 670 2245 ι
703 2201 810 2249 cet.
851 2192 917 2265 (l,
941 2193 1021 2265 4.)

1063 2305 1177 2377 §5.

409 2433 429 2465 ι
462 2412 649 2469 Tertio
675 2414 838 2469 modo
863 2430 955 2478 ea,
986 2430 1125 2485 quae
1150 2432 1218 2471 ex
1246 2416 1426 2472 causis
1453 2416 1566 2472 suis
1603 2416 1657 2471 in
1697 2417 1925 2471 materia

332 2503 590 2566 formata,
620 2504 674 2558 in
708 2504 1043 2573 temporibus
1071 2515 1127 2559 et
1153 2504 1285 2560 locis
1305 2515 1559 2575 generata
1592 2521 1927 2576 cognoscun-

333 2604 445 2659 tur,
478 2596 714 2665 quadam
744 2596 1137 2671 consuetudine
1166 2596 1397 2652 dicimus
1431 2612 1589 2662 esse;
1632 2612 1770 2668 quae
1801 2612 1928 2653 vero

333 2684 509 2741 adhuc
550 2685 604 2739 in
647 2685 779 2756 ipsis
822 2671 1050 2741 naturae
1080 2687 1290 2742 sinibus
1314 2688 1695 2750 continentur,
1735 2704 1835 2742 nec
1874 2689 1926 2743 in

334 2775 569 2831 formata
600 2779 830 2832 materia
863 2818 877 2831 .
911 2817 925 2831 .
965 2815 979 2831 .
1012 2787 1293 2848 apparent,
1324 2781 1509 2835 eadem
1538 2780 1928 2837 consuetudine

334 2868 566 2922 dicimus
595 2884 703 2922 non
734 2884 856 2925 esse
896 2888 940 2922 ι.
977 2868 1028 2940 (1
1051 2870 1188 2942 ιδ.)

1069 2981 1190 3055 se.

411 3111 430 3144 ι
462 3091 701 3159 Quartus
731 3094 923 3148 modus
967 3096 1259 3149 secundum
1302 3094 1653 3166 philosophos
1681 3111 1788 3150 non
1822 3096 1922 3151 im-

334 3182 688 3252 pmbabiliter
716 3197 783 3237 ea
808 3190 1171 3239 tantum-vere
1193 3199 1313 3240 esse
1342 3185 1496 3251 dicit,
1531 3200 1671 3256 quae
1699 3186 1814 3242 solo
1840 3187 1923 3242 in—

334 3274 550 3329 tellectu
581 3276 1146 3344 comprehenduntur;
1168 3291 1312 3345 quae
1334 3287 1515 3333 autem
1534 3277 1778 3333 locorum
1801 3294 1928 3349 spa-

339 3364 425 3416 tiis
471 3373 883 3433 temporumque
926 3364 1162 3419 motibus
1207 3365 1519 3432 variantur,
1567 3367 1920 3434 colliguntur,

336 3452 642 3521 solvuntur,
671 3468 801 3509 vere
831 3453 1085 3509 dicuntur
1114 3470 1219 3510 non
1248 3470 1368 3511 esse
1398 3475 1442 3510 ι.
1473 3456 1546 3528 (l,
1577 3456 1657 3529 6.)

1069 3589 1183 3664 57.

412 3717 432 3750 ι
468 3697 702 3767 Quintus
732 3697 923 3755 modus
946 3700 999 3755 in
1026 3700 1140 3757 sola
1171 3710 1362 3757 natura
1390 3702 1625 3757 lmmana
1655 3719 1684 3758 a
1716 3703 1924 3761 ratione

342 3791 689 3860 conspicitur.
727 3789 874 3847 Ilaec
920 3793 1097 3859 enim,
1143 3794 1395 3863 quoniam
1432 3795 1645 3850 divinae
1677 3795 1925 3866 imaginis

341 3882 682 3952 dignitatem,
714 3884 767 3937 in
802 3898 905 3953 qua
936 3886 1152 3956 proprie
1178 3887 1439 3952 substitit,
1470 3888 1742 3957 peccando
1767 3889 1923 3943 dese-

342 3975 468 4039 ruit,
493 3976 692 4030 merito
717 3990 842 4031 esse
866 3992 1021 4032 suum
1051 3978 1317 4048 perdidit,
1349 3988 1405 4033 et
1438 3979 1557 4034 ideo
1587 3979 1783 4035 dicitur
1818 3994 1923 4034 non

343 4082 496 4133 esse;
546 4069 675 4122 dum
727 4082 859 4123 vero
901 4068 995 4124 Dei
1042 4069 1218 4140 gratia
1265 4078 1568 4126 restaurata
1613 4071 1680 4126 ad
1734 4071 1926 4140 pristi-

344 4172 468 4209 num
500 4157 835 4212 substantiae
862 4172 992 4214 suae
1017 4168 1219 4215 statum
1265 4159 1559 4225 reducitur,
1601 4161 1819 4217 inchoat
1849 4162 1927 4217 vi~
1956 4170 1957 4173 ‘

344 4260 466 4300 vere
490 4246 564 4318 (α)
596 4265 643 4300 ι.
670 4245 739 4318 (1,
771 4246 850 4315 7.)

1075 4336 1184 4411 gs.

417 4464 436 4497 ι
468 4446 721 4504 Videmus
754 4449 973 4518 itaque.
1005 4451 1306 4531 cavendum
1334 4467 1485 4535 esse.
1517 4468 1585 4509 ne
1611 4454 1753 4520 illis,
1783 4469 1924 4525 quae

346 4536 536 4592 Scottis
559 4537 801 4593 Naturae
836 4539 1053 4596 nomine
1085 4542 1528 4612 comprehendit,
1574 4543 1926 4614 pluribusque

346 4629 517 4684 mdis
541 4637 635 4683 aut
657 4644 779 4685 esse
802 4640 897 4686 aut
926 4646 1031 4686 non
1061 4647 1185 4689 esse
1209 4634 1315 4688 dici
1340 4650 1499 4705 posse
1522 4636 1778 4701 declarat,
1818 4638 1926 4692 ullo

347 4726 502 4784 pacto
523 4720 789 4775 contineri
816 4720 1191 4777 existimemus
1233 4738 1321 4778 res
1338 4763 1354 4789 ,
1385 4739 1527 4794 quae
1559 4741 1775 4782 verene
1797 4742 1924 4797 pro-

414 4872 490 4955 (a)
520 4872 830 4955 Reducetur
856 4877 1448 4955 videlicetaliquando,
1470 4880 1931 4955 q|_{0dcunqu_e_est

349 4943 621 5019 hominum
656 4946 733 5015 (et
760 4952 898 5000 conf
912 4943 1657 5019 hominibus-etiamreliqua
1691 4967 1709 4999 ι
1741 4943 1932 5004 visibi-

350 5012 474 5093 lium
499 5012 682 5093 ret-um
709 5025 902 5093 natura
934 5017 996 5093 »λ
1020 5018 1453 5093 substantialiter
1486 5020 1540 5074 in
1570 5012 1929 5075 substantiam

350 5084 603 5158 divinam.
634 5084 789 5152 Quod
818 5084 1142 5158 infra'latius
1160 5102 1515 5158 exponemus.

415 5152 488 5230 (ὁ)
521 5152 607 5230 ρ’.
638 5170 918 5230 stip:_cap._
941 5157 1156 5230 IV._co_l.
1180 5152 1273 5224 Ξῖ,
1303 5167 1415 5214 not.
1443 5176 1468 5213 c
1493 5176 1646 5230 seqq.

416 5223 486 5355 fc)
514 5222 597 5278 Cf.
629 5222 997 5308 de'infNat.
1030 5227 1071 5292 l,
1103 5228 1157 5281 '5.

436 5291 492 5355 ιζ)
521 5293 727 5355 Quarta
759 5296 848 5350 Illa
884 5305 1109 5352 naturae
1151 5316 1157 5352 ε

521 5293 727 5374 Quarta
759 5296 848 5350 illa
884 5305 1109 5352 naturae
1151 5299 1464 5374 species‘ita
1503 5319 1522 5351 ι
1559 5300 1700 5357 inter
1729 5302 1929 5374 impos-

355 5360 519 5441 sibilia
554 5367 776 5433 ponitur
814 5385 856 5431 ι,
886 5375 944 5420 ut
978 5384 1082 5422 non
1122 5360 1194 5441 sit
1236 5371 1506 5441 quoddam
1539 5387 1635 5441 per
1661 5387 1719 5427 se
1753 5392 1773 5441 ι
1806 5360 1929 5425 sub-

354 5438 540 5509 sistens
576 5454 595 5485 ι
627 5444 993 5509 quartumque
1027 5452 1057 5491 a
1098 5440 1269 5494 tribus
1306 5438 1412 5494 illis
1442 5438 1734 5496 diversum.
1762 5440 1933 5496 Doce-

357 5497 524 5578 bimus
548 5497 728 5559 autém
764 5497 924 5569 intra,
956 5517 1205 5581 quartam
1250 5520 1488 5581 nostram
1535 5522 1761 5565 naturae
1807 5528 1930 5581 spe-

361 5583 485 5626 ctem
511 5588 631 5629 esse
656 5590 819 5630 unam
842 5578 1174 5648 eandemque
1196 5595 1318 5633 cum
1342 5580 1520 5648 specie
1542 5583 1732 5649 prima,
1760 5578 1929 5653 ipsum

1948 294 1997 353 Α
2028 292 2142 362 prie
2169 291 2348 347 nullae
2374 293 2482 349 sint
2512 292 2809 381 dicendae,
2843 309 2984 363 quae
3022 309 3149 352 vere
3178 312 3241 351 ae
3269 300 3486 368 proprie
3526 316 3612 355 re-

2029 383 2310 452 periantur
2335 399 2617 453 nusquam.
2651 384 2831 452 Quare
2856 385 3017 456 longe
3045 386 3147 441 alia
3185 398 3267 443 est
3296 389 3459 455 ratio,
3488 405 3611 445 cum

2029 472 2224 529 Scotus
2246 484 2463 543 peccata
2482 484 2938 547 peccatorumque
2961 493 3161 547 poenas
3182 494 3302 534 esse
3326 490 3489 551 negat
3504 480 3608 551 th):

2025 572 2245 632 peccata
2289 565 2433 618 enim
2482 573 2538 620 et
2582 579 2788 635 poenae
2825 567 2873 621 ei
2905 582 3028 621 vere
3057 569 3197 621 nulla
3228 579 3383 635 sunt,
3417 573 3614 641 quippe

2027 668 2168 723 quae
2214 654 2312 707 nisi
2358 654 2410 708 in
2458 670 2671 719 rerum,
2706 670 2845 724 quae
2882 667 3040 723 sunt,
3080 659 3476 727 privationibus
3507 676 3612 714 non

2029 744 2399 814 intelligantur

2768 837 2878 911 §9.

2097 948 2160 1002 ll.
2190 948 2309 1004 Jam
2340 965 2466 1005 vero
2512 949 2618 1004 alia
2662 958 2747 1005 est
2794 949 3069 1021 multoque
3116 954 3333 1023 gravior
3378 955 3613 1011 Naturae

2028 1038 2242 1094 divisio.

2104 1147 2123 1180 ι
2160 1129 2309 1196 Quae
2338 1128 2532 1183 divisio
2562 1129 2772 1184 videtur
2815 1140 3048 1199 quatuor
3085 1132 3294 1200 species
3329 1134 3568 1204 recipere
3596 1153 3610 1189 :

2027 1234 2257 1289 quarum
2291 1219 2469 1289 prima
2504 1228 2621 1283 est,
2662 1235 2805 1289 quae
2848 1228 2999 1276 creat
3027 1229 3084 1276 et
3113 1238 3217 1277 non
3249 1232 3494 1290 creatur,
3527 1240 3615 1279 se-

2026 1310 2225 1375 cunda,
2250 1326 2395 1379 quise
2432 1318 2652 1366 creatur
2677 1319 2732 1364 et
2773 1320 2958 1376 creat;
3009 1310 3167 1365 tertia
3188 1352 3204 1377 ,
3234 1326 3374 1381 quae
3397 1322 3616 1369 creatur

2027 1410 2215 1456 etnon
2244 1408 2426 1466 creat;
2475 1409 2703 1470 quarta,
2733 1416 2872 1470 quae
2900 1415 3003 1456 nec
3035 1409 3186 1456 eneat
3229 1416 3331 1456 nec
3368 1387 3649 1458 creatura.

2028 1490 2231 1546 Harum
2279 1498 2515 1559 quatuor
2561 1491 2719 1546 binae
2765 1491 2909 1546 inter
2952 1506 3012 1547 se
3054 1501 3431 1562 opponuntur:
3470 1508 3611 1548 .nam

2030 1581 2188 1634 tertia
2212 1580 2503 1650 opponitur
2523 1580 2749 1649 primae,
2766 1589 2958 1650 quarta
2979 1580 3268 1636 secundae.
3283 1580 3391 1638 Sed
3414 1590 3603 1652 quarta

2030 1670 2171 1724 inter
2198 1669 2549 1739 impossibilia
2578 1670 2816 1738 ponitur,
2854 1670 3010 1740 cujus
3040 1668 3339 1726 differentia
3370 1681 3473 1735 est,
3503 1687 3612 1726 non

2029 1776 2187 1833 posse
2234 1776 2372 1819 esse.
2403 1791 2473 1802 —
2500 1760 2725 1815 Multum
2756 1761 3076 1833 (discipulus
3124 1761 3262 1834 iniit)
3306 1777 3395 1818 me
3436 1772 3618 1818 movet

2027 1863 2223 1924 quarta
2254 1853 2465 1924 species
2490 1870 2504 1919 ;
2548 1869 2669 1907 nam
2697 1853 2764 1908 de
2792 1852 2916 1907 aliis
2944 1852 3115 1923 tribus
3142 1853 3286 1907 nullo
3314 1855 3469 1909 modo
3493 1854 3618 1909 bae-

2026 1946 2196 2001 sitare
2223 1946 2429 2011 ausim,
2477 1960 2599 1999 eum
2643 1935 2817 2013 prima
2862 1945 2916 1998 in
2962 1958 3126 1999 causa
3156 1944 3433 2007 omnium,
3477 1959 3615 2013 quae

2026 2046 2172 2096 sunt,
2201 2044 2255 2091 et
2285 2050 2425 2104 quae
2452 2049 2556 2103 non
2582 2042 2728 2098 sunt,
2760 2033 3108 2105 intelligatur;
3137 2032 3371 2087 secunda
3400 2047 3528 2087 vero
3558 2034 3612 2088 in

2028 2125 2465 2198 primordialilms
2503 2125 2712 2189 causis;
2752 2124 2913 2178 tertia
2957 2124 3009 2178 in
3056 2123 3173 2189 his,
3209 2138 3347 2193 quae
3376 2124 3428 2177 in
3454 2138 3619 2194 genu-

2028 2218 2237 2272 ratione
2287 2217 2737 2287 temporibusque
2777 2232 2843 2272 ac
2884 2216 3017 2271 locis
3060 2223 3465 2286 cognoscuntur
3512 2214 3608 2286 (d).

2024 2311 2204 2380 Atque
2247 2311 2314 2365 de
2365 2310 2593 2381 singulis
2642 2309 2906 2381 disputari
2952 2306 3203 2363 subtilius
3248 2307 3612 2363 necessarium

2025 2413 2109 2457 est
2151 2423 2193 2455 ι.
2233 2400 2293 2473 (ι,
2329 2403 2380 2464 ι,
2414 2401 2474 2466 ιι,
2513 2401 2587 2473 ι.)
2733 2385 2740 2392 ’
3008 2394 3011 2395 ⁷

2746 2491 2774 2562 §
2822 2491 2908 2547 to.

2101 2607 2166 2663 A.
2199 2627 2216 2658 ι
2249 2607 2429 2662 Prima
2455 2606 2619 2675 igitur
2639 2603 2873 2660 Naturae
2896 2602 3104 2675 species
3127 2602 3240 2658 visa
3266 2610 3458 2668 estea,
3481 2616 3620 2672 quae

2028 2708 2179 2752 creat
2205 2708 2260 2751 Cl
2290 2713 2394 2750 non
2430 2705 2648 2751 creatur
2684 2714 2730 2747 ι.

2106 2789 2248 2843 Ilaec
2283 2807 2301 2840 ι
2337 2789 2403 2842 de
2430 2787 2544 2841 solo
2577 2786 2685 2839 Deo
2732 2793 2879 2839 recte
2924 2784 3304 2854 praedicatur:
3342 2782 3432 2835 hic
3474 2780 3618 2834 enim

2024 2881 2177 2936 solus
2211 2879 2393 2933 ouinia
2440 2893 2634 2933 creans
2653 2918 2668 2940 ,
2700 2876 2846 2931 solus
2873 2877 2988 2930 sine
3016 2875 3281 2945 principio
3310 2889 3431 2927 esse
3458 2872 3617 2927 intel-

1956 2981 2000 3041 ε
2033 2972 2237 3043 ligitur,
2262 2969 2386 3039 quia
2414 2967 2729 3039 principalis
2754 2980 2917 3021 causa
2947 2965 3211 3033 omnium,
3251 2978 3391 3033 quae
3412 2976 3474 3016 ex
3504 2962 3620 3031 ipso

2023 3072 2079 3118 et
2104 3078 2204 3133 per
2243 3062 2414 3130 ipsum
2459 3059 2597 3113 facta
2646 3066 2805 3122 sunt,
2853 3056 2999 3111 solus
3038 3064 3159 3120 est;
3193 3072 3255 3109 ac
3298 3069 3393 3124 per
3422 3053 3523 3108 hoc
3566 3060 3622 3106 et

2024 3152 2267 3208 omnium
2290 3191 2305 3214 ,
2336 3165 2476 3219 quae
2500 3162 2564 3203 ex
2601 3147 2716 3216 ipso
2744 3154 2902 3207 sunt,
2935 3144 3057 3199 linis
3091 3152 3212 3198 est:
3260 3143 3433 3213 ipsum
3472 3141 3618 3195 enim

2030 3241 2213 3296 omnia
2259 3247 2538 3309 appetunt.
2569 3234 2899 3304 Principium
2930 3242 3044 3298 est,
3090 3233 3214 3301 quia
3253 3248 3320 3287 ex
3351 3232 3467 3302 ipso
3496 3240 3625 3286 sunt

2023 3330 2229 3395 omnia,
2265 3344 2404 3400 quae
2443 3327 2737 3382 essentiam
2795 3325 3160 3395 participant;
3200 3322 3323 3378 linis
3354 3330 3458 3387 est,
3494 3324 3621 3391 quia

2026 3421 2094 3476 ad
2122 3421 2300 3491 ipsum
2334 3427 2619 3473 moventur
2642 3417 2848 3481 otiinia,
2874 3416 3109 3485 quietem
3148 3422 3326 3469 motus
3354 3414 3436 3468 sui
3464 3429 3621 3468 suae-

2025 3526 2130 3582 que
2155 3509 2502 3581 perfectionis
2527 3507 2876 3563 stabilitatem
2908 3505 3228 3576 quaerentia
3266 3523 3311 3559 ι.
3347 3503 3390 3575 (l
3409 3544 3426 3569 ,
3456 3502 3568 3576 1'2.)

2736 3617 2765 3691 ς
2804 3618 2891 3672 H.

2102 3752 2121 3784 ι
2168 3733 2243 3787 Ex
2273 3730 2504 3787 essentia
2533 3745 2740 3793 eorum,
2771 3744 2911 3799 quae
2932 3736 3081 3793 sunt,
3102 3742 3170 3783 ex
3187 3726 3416 3782 mirabili
3443 3741 3621 3781 rerum

2024 3823 2239 3888 ordine,
2262 3837 2332 3877 ex
2361 3830 2508 3876 motu
2550 3819 2791 3875 omnium
2816 3816 2994 3873 stabili
3020 3816 3252 3886 theologi
3278 3826 3426 3889 recte
3462 3815 3623 3871 intel-

2028 3915 2304 3978 texerunt,
2337 3913 2595 3968 Naturam
2626 3912 2943 3967 creatricem
2971 3918 3028 3963 et
3061 3924 3204 3972 esse,
3231 3917 3287 3964 et
3327 3922 3537 3977 sapere,
3567 3916 3620 3962 et

2026 4007 2229 4061 vivere.
2258 4003 2335 4059 Ac
2366 4019 2462 4074 per
2482 4004 2583 4058 hoc
2615 4002 2961 4072 inquisitores
2987 4000 3233 4055 veritatis
3255 3999 3624 4065 tradiderunt,

2026 4113 2124 4169 per
2143 4096 2436 4152 essentiam
2451 4093 2673 4165 intelligi
2691 4093 2930 4157 Patrem,
2943 4108 3041 4162 per
3058 4090 3377 4160 sapientiam
3400 4087 3625 4154 Filium,

2032 4204 2128 4259 per
2152 4188 2321 4241 vitam
2348 4185 2609 4256 Spiritum
2640 4184 2922 4240 Sanctum.
2959 4182 3150 4252 Itaque
3191 4180 3490 4234 trinitatem
3520 4179 3620 4233 ilo-

2026 4286 2262 4334 euerunt
2289 4292 2410 4336 esse
2446 4277 2503 4330 in
2529 4275 2756 4329 unitate.
2794 4303 2867 4314 ——
2900 4272 3072 4327 Unam
3104 4268 3348 4325 omnium
3397 4283 3626 4325 causam

1950 4359 2002 4419 D
2029 4369 2283 4422 dixerunt
2309 4367 2595 4421 unitatem.
2624 4363 2793 4432 llujus
2820 4370 3022 4425 autem,
3063 4359 3298 4416 mirabili
3324 4373 3444 4415 eam
3476 4360 3616 4415 mul-

2029 4458 2313 4528 tiplicitate
2333 4462 2668 4520 contuentes,
2698 4462 2809 4509 tres
2828 4450 3254 4526 substantias.(e)
3271 4450 3583 4507 intellexere
3602 4468 3623 4503 :

2032 4548 2346 4619 ingenitam,
2371 4546 2628 4617 genitam,
2659 4540 3058 4615 procedentem.
3092 4541 3343 4597 llabitum
3370 4541 3440 4613 (s.
3481 4540 3625 4596 tela.

2035 4637 2257 4708 tionein)
2286 4636 2556 4707 ingenitae
2582 4635 2648 4690 ad
2675 4628 2912 4706 genitam
2942 4633 3360 4689 nominaverunt
3381 4631 3623 4697 Patrem,

2034 4726 2275 4781 habitum
2299 4725 2510 4796 genitae
2541 4725 2609 4780 ad
2639 4724 2932 4795 ingenitam
2962 4724 3219 4779 dixerunt
3254 4721 3472 4788 Filium,
3519 4720 3625 4775 ha-

2042 4885 2227 4939 Deum.
2258 4882 2400 4937 Deus
2429 4880 2597 4943 enim,
2625 4878 2881 4949 quoniam
2918 4893 2987 4932 ex
3027 4892 3085 4932 se
3112 4876 3316 4949 eduxit,
3350 4891 3621 4949 quaecun-

2038 4970 2142 5019 que
2185 4968 2364 5006 rerum
2403 4947 2708 5005 creataru‘m
2742 4948 2947 5002 ambitu
2994 4947 3397 5019 continentur,_
3424 4947 3629 5019 dicitur

2037 5016 2237 5079 Natura
2260 5038 2367 5077 non
2393 5030 2575 5075 creata
2602 5034 2813 5082 creans,
2842 5018 3098 5086 quoniam
3120 5027 3303 5073 autem
3327 5016 3627 5085 aliquando

2037 5093 2216 5148 omnia
2250 5092 2337 5145 illa
2384 5093 2437 5145 in
2479 5107 2538 5145 se
2587 5090 2805 5143 reducta
2834 5089 3293 5157 comprehendet,
3338 5087 3469 5140 nihil
3506 5101 3621 5136 am-

2040 5163 2178 5234 plius
2218 5178 2284 5216 ex
2327 5176 2385 5215 se
2425 5162 2688 5234 edocens,
2733 5158 2934 5234 ﬂatura
2963 5159 3263 5230 appellatur
3302 5170 3407 5210 non
3436 5164 3620 5209 creata

2042 5227 2147 5304 non
2175 5229 2592 5304 creans.__CI‘.ll,
2623 5229 2658 5282 2
2682 5228 2821 5304 ;__l_l|,
2848 5227 2959 5304 25._
3000 5227 3049 5230 ’-
3238 5243 3273 5304 ‘_
3348 5294 3361 5304 .
3453 5299 3462 5304 Α
3502 5293 3513 5304 ,

2112 5301 2181 5372 (e)
2220 5300 2340 5374 Lib.
2382 5300 2451 5365 ιι,
2485 5292 2798 5374 ἱσδριξὶιιίι
2841 5316 2883 5374 :_
2916 5296 3030 5374 Una
3057 5295 3309 5374 essentia
3449 5292 3617 5374 tribus

2040 5365 2376 5436 substantiis,
2402 5380 2457 5425 et
2482 5379 2590 5425 tres
2618 5368 2953 5424 substantiae
2986 5369 3037 5422 in
3057 5370 3168 5421 'una
3187 5365 3420 5420 essentia
3443 5394 3511 5404 —-
3531 5365 3620 5420 vel

2040 5444 2334 5498 secundum
2382 5456 2535 5495 usum
2585 5439 2863 5496 Romanae
2905 5437 3287 5508 linguae:_una
3317 5436 3618 5508 substantia

2043 5514 2095 5567 ἰιι
2125 5512 2301 5566 tribus
2326 5512 2591 5582 personis,
2621 5519 2675 5565 et
2698 5518 2808 5564 tres
2851 5505 3112 5579 personae
3154 5506 3206 5561 in
3232 5520 3337 5560 una
3367 5505 3619 5563 substan-

2045 5585 2137 5638 lia.
2155 5584 2235 5638 cr.
2266 5581 2339 5651 u;
2358 5581 2447 5637 as.
2466 5581 2552 5637 si.
