4002 6148
325 242 394 296 53'
1333 237 1432 291 .or.
1468 232 1734 291 JOANNE
1762 229 1983 287 scoro
2012 190 2532 286 comisatum.
2648 179 2657 183 i
3512 220 3590 278 se

309 362 479 419 hitum
502 355 844 429 procedentis
877 353 944 408 ad
971 351 1259 425 ingenitam
1287 348 1631 418 genitamque
1657 344 1892 416 appella-
1920 350 1965 405 Α
1996 345 2207 400 bonitas
2239 340 2620 415 (superbonus)
2652 350 2758 396 etc.
2783 339 2997 405 Omnia,
3029 353 3167 409 quae
3194 340 3422 408 adjectis
3458 357 3584 410 par-

308 456 507 505 verunt
550 447 811 517 Spiritum
845 442 1122 499 Sanctum.
1163 442 1237 494 Ita
1267 438 1540 492 Abraham
1571 447 1657 492 est
1702 452 1898 491 nomen

316 535 743 611 substantiae_(s.
776 532 1062 604 personae)
1101 538 1157 584 et
1199 528 1350 583 Isaae
1393 535 1479 581 est
1525 541 1721 581 nomen
1776 524 1903 580 sub-

316 631 578 685 stantiae:
615 629 757 683 illius
779 626 993 681 habitus
1027 624 1094 677 ad
1127 621 1271 675 httnc
1300 620 1502 674 dicitttr
1529 626 1704 688 pater,
1745 616 1905 687 hujus

320 722 534 778 habitus
556 718 623 773 ad
651 718 799 772 illum
834 722 1060 769 vocatur
1083 710 1223 765 filius
1260 728 1305 763 ι.
1334 708 1395 779 (1,
1424 706 1536 778 14.)
1676 706 1683 709 ’

1032 822 1060 895 §
1102 823 1187 877 i2.

300 998 313 1015 ,
395 948 468 1002 De
491 941 834 1014 processione
855 938 1092 1008 Spiritus
1113 935 1286 990 sancti
1317 934 1514 990 Scotus
1539 934 1706 989 multo
1735 932 1909 1004 magis

322 1039 647 1094 Graecorum
692 1033 995 1087 sententiae
1035 1027 1196 1093 favet,
1227 1042 1388 1096 quam
1434 1026 1767 1079 Latinorum.
1821 1023 1910 1078 Ait

323 1130 505 1197 igitur,
537 1121 990 1196 quemadmodum
1028 1119 1257 1181 dicatur,
1304 1130 1409 1170 una
1449 1114 1683 1169 essentia
1730 1111 1908 1167 divina

324 1221 377 1275 in
420 1221 595 1275 tribus
646 1213 961 1270 substantiis
995 1221 1126 1274 etc.,
1172 1210 1242 1263 ita
1274 1208 1417 1278 (cum
1445 1205 1682 1262 essentia
1731 1204 1911 1257 divina

326 1311 396 1365 sit
418 1308 657 1363 omnium
681 1302 866 1373 causa)
896 1301 1058 1356 etiam
1089 1299 1192 1353 dici
1224 1313 1402 1367 posse,
1426 1311 1585 1350 unam
1611 1306 1829 1349 causam
1859 1293 1912 1346 in

294 1463 307 1471 .
326 1400 499 1454 tribus
526 1397 724 1451 causis.
747 1392 865 1448 Jam
900 1405 1054 1455 vero,
1081 1404 1203 1444 cum
1236 1386 1421 1442 nullihi
1452 1385 1503 1439 in
1522 1398 1702 1438 rerum
1722 1390 1915 1436 natura

329 1509 393 1546 ex
424 1491 630 1546 duabus
668 1487 849 1542 causis
876 1485 968 1539 (lat
996 1499 1125 1547 una,
1155 1496 1213 1536 se
1242 1477 1346 1535 neu
1379 1479 1585 1541 videre,
1616 1491 1723 1545 quo
1757 1483 1917 1544 pacto

329 1597 394 1637 ex
434 1580 591 1635 Patre
625 1586 679 1633 et
720 1576 856 1631 Filio
902 1573 1134 1645 (duabus
1171 1569 1371 1635 causis)
1403 1569 1695 1639 procedere
1745 1565 1917 1636 possit

331 1672 566 1741 Spiritus
592 1677 813 1724 sanctus
841 1664 971 1738 [una
1001 1679 1165 1717 causa
1194 1659 1313 1732 ((1)).
1347 1658 1498 1727 Quod
1522 1657 1565 1712 si
1597 1658 1763 1722 dicas,
1797 1655 1916 1710 ideo

334 1762 597 1829 Spiritum
623 1766 869 1813 sanctum
897 1754 965 1810 de
985 1754 1141 1807 Patre
1163 1750 1409 1818 Filioque
1438 1747 1747 1818 procedere,
1773 1746 1917 1815 quod

332 1867 430 1921 per
474 1850 667 1904 Filium
697 1847 764 1902 de
786 1846 946 1900 Patre
968 1841 1249 1914 procedat,
1282 1840 1335 1894 in
1367 1838 1469 1892 hoc
1508 1837 1595 1889 vix
1627 1834 1919 1906 quidquam

334 1956 474 2003 esse,
511 1954 633 1993 cum
665 1936 832 1991 Filius
862 1943 916 1989 et
945 1934 1059 2002 ipse
1099 1945 1317 1987 causam
1360 1943 1513 1982 suam
1564 1926 1765 1980 habeat
1822 1923 1923 1978 1³³-

338 2043 474 2085 trem
505 2029 587 2101 (ll,
619 2029 720 2094 I9;
750 2026 817 2088 II,
845 2023 1055 2090 '50-'55).
1104 2021 1286 2090 Neque
1313 2028 1489 2072 tamen
1524 2028 1774 2069 recusare
1825 2028 1923 2068 au-

320 2126 448 2195 .dct,
473 2122 762 2191 quominus
784 2117 970 2171 credat
993 2113 1257 2185 Spiritum
1271 2111 1335 2165 de
1359 2109 1521 2165 Patre
1545 2105 1788 2175 Filioque
1803 2117 1927 2175 pro-

249 2208 253 2210 ν
339 2218 564 2273 cedere:
589 2229 712 2269 nam
736 2219 955 2266 sanctos
977 2216 1157 2279 patres
1171 2205 1392 2260 Latinos
1412 2221 1430 2253 ι
1458 2199 1851 2279 rationabiliter
1881 2216 1924 2261 ι,

341 2310 385 2362 si
417 2307 538 2376 quis
565 2320 659 2361 eos
689 2305 791 2358 hac
833 2305 900 2356 de
950 2316 1011 2354 re
1046 2299 1457 2367 interrogasset.
1505 2292 1605 2347 sibi
1649 2309 1666 2342 ι
1709 2274 1934 2358 respon-

343 2413 498 2453 suros
535 2415 552 2447 ι
589 2392 782 2457 videri,
814 2400 870 2445 et
913 2403 1104 2445 sacrae
1132 2386 1450 2456 Scripturae
1488 2380 1711 2435 forsitan
1732 2388 1933 2465 aucto-

344 2491 507 2544 ritate
530 2502 688 2557 posse
714 2484 950 2540 defendi.
984 2482 1071 2554 (Il,
1105 2478 1221 2550 55.)
1646 2497 1654 2506 ·
1788 2474 1791 2477 “

1054 2592 1083 2665 §
1131 2593 1219 2647 is.

425 2733 445 2765 ι
491 2711 628 2766 Num
652 2710 836 2764 decem
869 2705 1171 2777 eategoriae
1194 2717 1321 2759 vere
1361 2716 1425 2755 ac
1467 2700 1683 2770 proprie
1726 2698 1792 2752 de
1840 2714 1939 2751 nu-

353 2804 497 2860 mine
518 2802 700 2857 divino
729 2799 937 2871 possint
955 2794 1277 2867 praedicari,
1309 2790 1522 2847 diﬂicile
1542 2799 1627 2846 est
1650 2789 1820 2844 dictu.
1846 2788 1941 2842 Est

354 2905 532 2948 autem
566 2893 618 2947 in
650 2892 752 2946 hac
774 2887 1090 2959 quaestione
1121 2884 1240 2940 usui
1269 2881 1537 2950 theologia
1571 2881 1856 2952 ἀποφατική
1885 2884 1940 2932 et

355 2975 686 3057 κατάφατική,
738 2995 967 3050 quarum
1006 2977 1093 3031 illa
1139 2985 1318 3046 negat,
1364 2974 1499 3027 haec
1545 2969 1940 3033 allirmat,esse

358 3074 592 3129 divinam
625 3068 984 3125 substantiam
1009 3066 1112 3120 hoc
1137 3063 1217 3119 vel
1247 3063 1372 3116 illud
1395 3076 1606 3125 eorum,
1633 3074 1772 3128 quae
1795 3064 1939 3120 sunt,

359 3165 504 3220 velut
525 3162 837 3237 essentiam,
868 3159 1187 3219 bonitatem,
1222 3154 1412 3218 solem,
1444 3152 1676 3216 stellam,
1724 3163 1941 3219 aquam,

358 3254 589 3317 leonem,
638 3266 822 3306 ursum
854 3257 1033 3315 i,cet.
1065 3245 1326 3300 Videntur
1350 3245 1483 3298 haec
1525 3256 1646 3298 esse
1704 3242 1843 3295 inter
1888 3255 1946 3295 se

363 3343 657 3405 contraria,
681 3342 796 3402 sed,
828 3354 951 3394 cum
977 3338 1122 3392 circa
1145 3335 1381 3391 divinam
1400 3340 1682 3387 versentur
1697 3331 1949 3385 substan-

366 3438 518 3500 tiam,
549 3433 769 3486 omnino
798 3429 1162 3485 consentiunt.
1212 3424 1455 3493 Namque
1484 3425 1799 3493 καταφατικὴ
1840 3436 1946 3475 non

365 3528 459 3590 ait,
489 3524 723 3579 divinam
755 3520 1114 3576 substantiam
1144 3500 1263 3573 esse
1294 3516 1420 3570 illud
1444 3514 1682 3586 proprie,
1714 3513 1807 3567 sed
1831 3513 1952 3584 (per

367 3611 760 3684 metaphoram)
807 3610 882 3665 ita
932 3625 1090 3680 posse
1145 3607 1440 3679 appellari;
1488 3609 1772 3680 ἀποφατική
1821 3618 1950 3658 vero

369 3706 646 3762 contendit
691 3702 1051 3760 substantiam
1084 3701 1318 3757 divinam
1363 3714 1464 3755 nec
1495 3714 1622 3754 vere
1649 3697 1779 3751 illud
1807 3709 1949 3760 esse,

367 3813 467 3852 nec
498 3794 713 3866 proprie
742 3794 816 3848 ita
843 3792 1047 3848 vocari.

441 3886 585 3955 Quas
607 3884 821 3954 quidem
849 3882 1145 3953 theologias
1171 3880 1535 3952 pulcherrime
1564 3896 1593 3933 a
1623 3878 1682 3933 S.
1703 3875 1955 3948 Dionysio

371 3977 692 4048 Areopagita
721 3974 822 4031 sibi
869 3974 1257 4044 suppeditatas,
1303 3972 1530 4042 Erigeua
1577 3969 1957 4025 immortaliter

372 4073 584 4144 gaudet.
618 4070 682 4143 (I,
714 4070 799 4136 14,
833 4071 920 4134 16,
959 4070 1027 4123 78
1058 4079 1191 4134 cet.,
1234 4077 1342 4124 cet.
1389 4067 1572 4122 Praef.
1628 4067 1694 4121 ad
1740 4063 1958 4120 Maximi

376 4167 623 4237 ambigua
655 4163 829 4239 [Gale.
861 4178 985 4235 app.
1011 4179 1063 4233 p.
1098 4161 1213 4233 IV].
1243 4161 1474 4234 ).Louga
1510 4168 1688 4214 autem
1712 4158 1959 4213 oratione

374 4259 736 4337 persequitur,
769 4255 969 4311 nullam
1004 4268 1125 4310 esse
1164 4255 1307 4308 inter
1349 4253 1533 4307 decem
1582 4251 1702 4305 illas
1742 4259 1959 4320 catego-

379 4349 488 4402 rias
513 4347 905 4409 Aristotelicas,
931 4360 1093 4415 quam
1119 4359 1247 4398 vere
1268 4359 1331 4399 ac
1352 4343 1568 4413 proprie
1593 4342 1661 4396 de
1692 4342 1802 4396 Deo
1830 4355 1959 4410 pos-
1989 4376 2037 4436 υ

380 4439 456 4493 sis
482 4437 795 4508 praedicare
823 4453 836 4490 :
866 4435 1025 4490 simul
1057 4436 1249 4488 harum
1277 4433 1511 4503 aliquam
1539 4432 1605 4485 de
1653 4431 1769 4498 ipso
1818 4427 1961 4482 amr-

382 4529 611 4583 maverit
636 4530 972 4601 καταφατική,
992 4526 1255 4591 continuo
1284 4538 1402 4579 eam
1426 4522 1607 4591 negari
1648 4523 1957 4594 amunia.

384 4630 450 4700 (1,
483 4626 689 4697 l7-80.)
780 4615 786 4622 '

1087 4692 1116 4767 ς
1160 4692 1248 4747 tt.

464 4826 484 4860 ι
528 4809 691 4873 Deus,
721 4805 864 4877 quod
914 4804 1014 4874 ipsi
1058 4801 1361 4874 oppositum
1407 4799 1496 4862 sit,
1531 4812 1635 4851 non
1666 4796 1829 4849 habet
1861 4792 1959 4863 (ὑ).

390 4903 565 4971 Quum
592 4914 723 4956 vero
753 4897 1019 4955 essentiae
1048 4903 1348 4971 opponatur
1364 4888 1760 4954 nihil,bonitati
1786 4894 1966 4940 autem

392 4992 592 5048 malitia
623 5001 756 5054 etc.,
782 4987 922 5043 Deus
937 5003 1043 5042 non
1065 4994 1150 5041 est
1175 4968 1433 5044 essentia,
1455 4978 1692 5039 bonitas,
1728 4984 1843 5029 etc.
1874 4974 1970 5028 sed

392 5084 512 5157 plus
557 5098 721 5153 quam
757 5081 992 5138 essentia
1036 5070 1614 5147 (superessentialis),
1663 5067 1781 5138 plus
1809 5081 1970 5137 quam

466 5195 542 5267 (η)
582 5195 752 5267 Quam
777 5193 912 5267 haec
937 5185 1459 5267 concludendifatio
1483 5182 1631 5267 nulla
1662 5180 1752 5262 sit,
1779 5178 1975 5235 Scottis

394 5250 511 5337 ipse
527 5250 986 5337 animadvertisse
1007 5259 1262 5337 videtur:
1302 5257 1368 5309 iis
1408 5262 1611 5337 autem,
1645 5250 1735 5320 qui
1760 5264 1972 5337 ‘repre;

396 5318 654 5398 “endam,
682 5333 754 5386 ita
793 5327 1099 5400 respondet,
1144 5325 1254 5380 sola
1292 5318 1877 5400 rerum_na_tura__duce
1903 5318 1970 5373 ad
2011 5359 2019 5367 .

399 5388 653 5461 numinis,
678 5400 841 5457 divini
882 5388 1215 5464 'sanetaeque
1261 5388 1969 5464 trinitati's__intelligentiam

396 5460 707 5540 perveniri!
776 5468 855 5526 Cf.
910 5468 994 5531 ll,
1050 5460 1144 5540 51⁷
1185 5465 1284 5540 sub
1350 5461 1441 5540 fin.
1511 5460 1971 5540 .Ilalieturprae-

406 5528 553 5599 lorea
607 5541 745 5611 apud
805 5528 1026 5611 Scotum
1089 5536 1141 5589 in
1197 5531 1559 5611 iloctrittamde
1615 5531 1672 5583 S.
1731 5528 1972 5582 trinitate

402 5616 562 5671 etiam
613 5601 755 5671 hoc,
805 5626 872 5663 ne
940 5606 1059 5674 quis
1111 5613 1296 5674 putet,
1359 5622 1375 5654 ι
1430 5601 1597 5655 filium
1659 5615 1722 5652 ex
1790 5614 1971 5651 esseu-

2008 435 2186 489 Iiculis
2213 449 2396 504 super,
2428 432 2734 503 plusquam,
2761 431 2827 485 de
2856 430 2966 485 Deo
3005 429 3410 501 praedicantur,
3453 432 3589 484 duas

2008 527 2125 582 illas
2154 527 2449 598 theologias
2492 524 2993 596 comprehendunt:
3049 522 3100 576 in
3144 521 3589 591 pronunciatione

2005 627 2089 675 est
2118 617 2290 672 forma
2316 625 2677 692 καταφατικῆς,
2696 617 2748 671 in
2771 613 3043 669 intellectu
3074 620 3254 667 autem
3279 614 3591 687 ἀπογαταῆς

2007 710 2198 764 virtus.
2234 708 2295 780 (Ι,
2327 708 2443 778 16.)

2727 774 2755 848 §
2796 774 2884 830 is.

2083 892 2237 948 Patet
2267 892 2431 963 igitur
2456 904 2519 945 ex
2546 889 2632 953 iis,
2664 902 2805 957 quae
2826 903 2987 957 supra
3011 886 3408 957 proposuimus,
3429 884 3595 939 Deum

2011 985 2278 1038 humanae
2303 981 2498 1037 mentis
2530 982 2645 1035 acie
2682 994 2901 1051 prorsus
2949 977 3061 1033 fere
3092 993 3211 1032 esse
3242 978 3597 1031 inaccessum.

2013 1076 2213 1130 Verum
2244 1075 2356 1143 ipse
2397 1074 2744 1142 semetipsum
2774 1071 3070 1142 cognoscit.
3104 1070 3199 1125 Est
3228 1070 3446 1140 quidem
3477 1083 3600 1122 om-

2016 1166 2143 1219 nino
2188 1163 2511 1217 dicendum:
2569 1181 2586 1213 ι
2626 1161 2836 1215 nescire
2869 1161 3055 1221 Deum,
3107 1174 3166 1213 se
3211 1157 3337 1228 quid
3382 1172 3501 1211 esse
3556 1178 3602 1218 ι,

2023 1275 2040 1305 ι
2077 1256 2245 1310 Deum
2278 1269 2381 1307 non
2415 1253 2467 1305 in
2499 1252 2678 1321 aliquo
2706 1265 2765 1307 se
2798 1264 3126 1321 cognoscere
3165 1268 3212 1313 ι,
3239 1256 3292 1300 et
3319 1261 3439 1315 qum
3478 1253 3606 1298 sunt

2016 1348 2233 1419 generis
2262 1346 2526 1415 ejusdem,
2552 1353 2606 1398 at
2637 1346 2770 1400 haec
2796 1351 2879 1398 est
2912 1358 3037 1397 vera
3064 1342 3233 1396 virtus
3261 1340 3425 1399 illius,
3466 1352 3608 1406 quae

2022 1440 2074 1493 in
2125 1439 2233 1493 Deo
2275 1447 2377 1501 est,
2429 1437 2802 1507 cognoscendi
2848 1435 3138 1489 facultatis.
3199 1431 3406 1486 Revera
3461 1429 3607 1483 enim

2022 1529 2163 1582 Deus
2196 1543 2300 1582 non
2324 1536 2406 1582 est
2429 1527 2579 1598 quid,
2599 1542 2701 1581 non
2731 1534 2812 1580 est
2842 1525 2895 1578 in
2923 1524 3124 1593 aliquo,
3151 1524 3252 1577 hoc
3278 1530 3357 1576 est
3389 1536 3493 1574 non
3525 1529 3611 1573 est

2023 1628 2230 1673 certum
2276 1617 2498 1687 aliquid,
2550 1632 2655 1671 non
2701 1617 2929 1670 habetur
2954 1623 3007 1670 ct
3052 1612 3511 1669 circumscribitur
3553 1612 3607 1665 in

1949 1692 1993 1749 Β
2024 1707 2203 1776 aliquo
2226 1720 2591 1773 eorum,quac
2610 1714 2735 1758 sunt
2763 1712 2815 1758 et
2840 1717 3020 1756 rerum
3046 1709 3353 1757 creatarum
3383 1713 3609 1754 numero

2024 1794 2575 1864 comprehenduntur.
2604 1792 2688 1861 (11,
2725 1791 2936 1861 28-29.)

2097 1887 2192 1941 Sin
2223 1900 2352 1940 vero
2380 1885 2697 1954 quaesieris,
2733 1898 2837 1953 qua
2886 1882 3095 1936 ratione
3132 1882 3297 1946 Dens,
3335 1894 3473 1950 quae
3515 1893 3617 1932 eo-

2025 1978 2256 2049 gnoscit,
2301 1987 2629 2045 cognoscere
2670 1972 2974 2028 existimati
3002 1972 3213 2035 debeat,
3265 1966 3614 2039 respondebi-

2029 2079 2150 2125 tur:
2190 2089 2208 2120 ί
2239 2069 2381 2139 quod
2411 2083 2510 2123 nec
2549 2065 2821 2121 sensibilia
2850 2079 2947 2133 per
2969 2078 3210 2126 sensum,
3237 2076 3338 2115 nec
3364 2058 3615 2129 intelligi-

2031 2165 2156 2219 hilia
2183 2161 2655 2232 perintellectum,
2687 2172 2786 2213 nec
2825 2156 3098 2213 sensibilia
3141 2170 3236 2225 per
3262 2153 3614 2213 intellectum,

2033 2272 2130 2310 nec
2155 2252 2505 2324 intelligihilia
2538 2266 2635 2322 per
2664 2265 2902 2313 sensum,
2935 2248 3031 2304 sed
3058 2245 3240 2302 omnia
3286 2245 3341 2299 in
3383 2241 3617 2297 aeternis

2014 2346 2147 2403 suis
2179 2345 2476 2400 rationibus
2506 2342 2903 2410 contemplatur
2939 2359 2983 2393 i.
3036 2340 3307 2409 (Proocm.
3341 2336 3407 2390 ad
3456 2336 3621 2389 intciu

2035 2435 2391 2508 pret.'Amhb.
2428 2432 2486 2488 S.
2513 2431 2653 2486 Max.
2693 2447 2781 2502 ap.
2811 2430 2960 2486 Cale.
3010 2444 3132 2500 app.
3176 2444 3229 2497 p.
3262 2427 3364 2491 IV;
3402 2427 3467 2479 de
3508 2424 3618 2480 div.

2037 2526 2157 2580 Nat.
2190 2524 2255 2590 ll,
2280 2524 2370 2588 20,
2402 2522 2507 2587 28;
2536 2519 2601 2587 V,
2638 2521 2749 2590 I7.)
2786 2539 2803 2572 ι
2839 2520 3108 2574 Aeternae
3150 2517 3275 2572 illac
3323 2514 3563 2568 rationes
3597 2533 3615 2564 ι

2036 2623 2163 2670 sunt
2202 2634 2219 2663 ι
2258 2614 2408 2689 ideae
2440 2632 2487 2672 ι,
2534 2626 2670 2681 quas
2711 2618 2926 2675 vocant,
2958 2609 3198 2664 omnium
3235 2621 3435 2669 rerum,
3484 2619 3623 2672 quae

2039 2705 2180 2759 Deus
2207 2711 2324 2758 erat
2354 2701 2620 2766 facturus,
2650 2720 2666 2751 ι
2707 2698 3031 2769 exemplaria
3072 2694 3389 2768 principalia
3423 2712 3470 2749 ι.
3512 2690 3625 2745 IIae

2041 2804 2167 2853 sunt
2193 2811 2373 2850 rerum
2404 2803 2613 2849 tantum
2644 2789 3103 2853 substantialium,
3146 2796 3203 2842 et
3232 2787 3380 2856 ipsae
3409 2797 3626 2854 quoque

2042 2904 2130 2944 res
2158 2884 2561 2943 substantiales.
2589 2882 2693 2953 (Cf.
2720 2880 2816 2937 inf.
2844 2879 2872 2952 §
2896 2880 2967 2934 2'5
2988 2909 3057 2919 —
3082 2877 3109 2950 ᾗ
3142 2876 3256 2947 50.)
3277 2876 3412 2929 lliuc
3433 2872 3629 2928 Scottis

2048 2995 2148 3036 suo
2176 2978 2301 3047 jure
2323 2978 2486 3032 etiam
2530 2977 2633 3031 hoc
2660 2973 2972 3029 contendit:
3009 2990 3028 3022 ‹
3064 2969 3249 3023 Divina
3280 2964 3503 3021 scientia
3545 2969 3630 3018 est

2053 3085 2233 3125 rerum
2276 3068 2539 3130 omnium,
2571 3080 2709 3134 quae
2753 3072 2897 3128 sunt,
2948 3076 3109 3117 causa
3148 3079 3166 3111 ι
3222 3088 3292 3098 —
3335 3073 3354 3106 ι
3397 3069 3628 3124 quorum

2052 3165 2193 3219 Deus
2231 3177 2393 3218 causa
2424 3176 2531 3215 non
2561 3167 2662 3222 est,
2705 3172 2768 3212 ea
2819 3155 2991 3213 nescit
3025 3174 3041 3205 ι
3083 3181 3156 3194 -
3194 3168 3213 3202 ‹
3251 3163 3456 3210 rerum,
3494 3159 3633 3215 quae

2050 3264 2193 3320 sunt,
2215 3254 2453 3325 cognitio
2481 3271 2499 3303 ι
2537 3250 2803 3323 (videlicet
2837 3248 2890 3301 in
2917 3244 3045 3315 Deo)
3082 3263 3100 3295 ‹
3141 3252 3226 3297 est
3252 3238 3518 3295 veraciter
3547 3250 3635 3289 res

2050 3364 2168 3414 eae,
2205 3361 2346 3418 quae
2375 3354 2499 3401 sunt
2534 3364 2578 3398 ι.
2618 3342 2701 3411 (11,
2728 3341 2821 3396 20.
2848 3339 2918 3396 28
2945 3357 2958 3393 :
2986 3338 3053 3401 V,
3090 3337 3193 3402 27;
3225 3335 3308 3399 IIl,
3342 3333 3394 3387 4.
3430 3331 3636 3385 Deinde

2051 3437 2120 3494 cf.
2155 3437 2329 3507 ejusd.
2364 3436 2429 3490 de
2456 3434 2642 3505 praed.
2672 3446 2795 3502 sup.
2820 3429 2953 3499 Cap.
2979 3426 3095 3497 IV.)

2761 3570 2789 3641 ς
2840 3569 2925 3624 16.

2124 3708 2257 3764 Cum
2292 3705 2434 3761 nulla
2458 3702 2728 3775 categoria
2760 3698 2978 3771 proprie
3012 3697 3079 3752 de
3117 3696 3227 3750 Deo
3269 3692 3640 3764 praedicatur,

2057 3810 2168 3856 tum
2204 3814 2379 3868 neque
2408 3811 2550 3852 nona
2579 3795 2630 3848 in
2653 3808 2774 3855 eum
2797 3790 2961 3851 cadit,
3005 3788 3268 3863 πράττιιν.
3301 3784 3503 3838 Dicitur
3535 3797 3638 3835 au-

2056 3902 2163 3948 tem
2185 3891 2330 3946 Deus
2358 3903 2594 3944 creasse.
2625 3883 2731 3939 Sed
2770 3896 2958 3937 creare
2996 3886 3052 3933 et
3078 3892 3199 3932 esse
3247 3876 3299 3929 in
3331 3875 3441 3928 Deo
3470 3888 3639 3925 unum

2057 3981 2306 4049 idemq‘ue
2326 3986 2450 4033 sunt
2482 3974 2747 4031 habenda.
2798 3989 2816 4022 ‹
2856 3970 2996 4024 Deus
3022 3983 3126 4021 non
3155 3972 3291 4027 erat,
3320 3962 3638 4033 priusquam

2057 4071 2236 4125 omnia
2268 4067 2485 4122 faceret.
2527 4063 2880 4121 Coaeternum
2934 4066 3017 4111 est
3057 4056 3164 4111 Deo
3195 4068 3349 4108 suum
3383 4049 3561 4104 facere
3585 4056 3643 4101 et

2060 4156 2436 4216 coessentiale.
2481 4154 2621 4207 Dens
2641 4160 2694 4206 et
2720 4166 2875 4206 suum
2898 4148 3096 4211 facere,
3122 4146 3226 4199 hoc
3246 4152 3346 4201 est.
3381 4154 3480 4194 sua
3500 4138 3643 4194 actio

2062 4260 2186 4309 sunt
2212 4264 2375 4305 unum
2406 4245 2632 4316 simplex
2682 4251 2738 4297 et
2784 4241 3152 4303 individuum;
3183 4250 3309 4290 nam
3358 4234 3517 4295 Deus,
3549 4228 3646 4299 qui

2065 4353 2149 4401 est
2178 4336 2607 4400 innumerabilis,
2637 4346 2921 4389 numerum
2956 4331 3007 4385 in
3032 4343 3090 4383 se
3117 4342 3220 4381 non
3251 4322 3461 4393 recipit.
3507 4318 3646 4374 Cum

2065 4449 2196 4504 ergo
2222 4430 2487 4486 audimus,
2506 4425 2671 4479 Deum
2694 4422 2874 4476 omnia
2902 4419 3101 4480 facere,
3119 4414 3194 4469 nil
3218 4410 3360 4467 aliud
3388 4409 3649 4464 debemus

2067 4501 2382 4589 intelligere,
2406 4529 2568 4585 quam
2597 4512 2764 4566 Deum
2788 4510 2843 4563 in
2868 4505 3120 4562 omnibus
3144 4517 3285 4564 esse,
3311 4501 3412 4553 hoc
3437 4504 3540 4560 est,
3568 4509 3653 4549 es-

2066 4588 2292 4667 sentiam
2328 4606 2564 4661 omnium
2595 4601 2909 4657 subsistere.
2950 4597 3067 4666 Ipse
3113 4592 3257 4648 enim
3297 4588 3443 4643 solus
3469 4600 3566 4655 per
3592 4598 3653 4638 se

2066 4719 2194 4757 vere
2216 4710 2319 4763 est,
2346 4707 2402 4755 et
2425 4711 2603 4759 omne,
2626 4692 2768 4763 quod
2794 4705 2920 4744 vere
2952 4688 3003 4741 in
3028 4686 3135 4749 his,
3170 4695 3309 4751 quae
3335 4685 3483 4741 sunt,
3520 4675 3655 4728 dici-

2072 4804 2162 4848 tur
2186 4807 2321 4855 esse,
2365 4790 2479 4858 ipse
2525 4785 2671 4840 solus
2717 4790 2818 4837 est.
2867 4778 3010 4833 Nihil
3060 4775 3203 4830 enim
3253 4782 3463 4828 eorum,
3514 4778 3657 4834 quae

2071 4893 2218 4947 sunt,
2252 4899 2346 4953 per
2375 4896 2433 4936 se
2464 4881 2636 4948 ipsum
2668 4889 2792 4929 vere
2820 4879 2938 4935 est;
2973 4867 3330 4938 quodcunque
3374 4868 3551 4912 autem
3600 4856 3659 4910 in

2071 4993 2136 5027 co
2160 4988 2282 5027 vere
2312 4968 2653 5039 intelligitur,
2688 4959 3101 5032 participatione
3146 4952 3313 5022 ipsius
3346 4946 3525 5008 unius,
3562 4944 3660 5012 qui

2072 5066 2218 5121 solus
2247 5078 2342 5134 per
2361 5068 2436 5138 ‘se‘
2459 5060 2631 5129 ipsum
2662 5062 2768 5119 est,
2799 5064 2927 5106 vere
2957 5062 3075 5102 esse
3107 5042 3304 5112 accipit
3336 5059 3380 5093 ι.
3407 5038 3474 5109 (1,
3505 5034 3622 5101 74.)

2079 5175 2151 5227 tia
2181 5171 2349 5242 patris
2373 5180 2580 5242 natum,
2625 5172 2719 5219 aut
2746 5162 2995 5232 spiritum
3027 5165 3272 5212 sanetum
3301 5167 3372 5236 ex
3425 5147 3667 5242 essentia

2077 5222 2596 5313 patris-procedere,
2633 5222 2856 5313 cum-ex
2907 5243 3134 5313 persona
3177 5223 3343 5306 patris
3379 5230 3538 5313 natus
3590 5222 3668 5273 sit

2080 5296 2240 5376 filius,
2271 5296 2337 5364 ex
2372 5296 2602 5379 persona
2640 5305 2812 5375 patris
2849 5296 3105 5379 procedat
3139 5296 3360 5379 spiritus
3392 5297 3664 5379 sanctius:

2368 5358 2465 5441 fdi;
2478 5358 2657 5445 pati-9'
2672 5358 3072 5445 natum-ﬁlium,
3104 5358 3181 5421 ex'
3195 5372 3347 5445 patre
3369 5358 3668 5445 procedere

2080 5430 2557 5522 Is'piiiiiiiii'fn'gqiie
2588 5438 3150 5522 tantensubstauti'am
3192 5430 3285 5490 sed
3329 5430 3495 5486 solam
3544 5442 3669 5496 pcr-

2082 5506 2266 5576 sonam
2296 5506 2585 5586 patriesse
2609 5514 2879 5580 propriam
2911 5530 2954 5561 I.
2992 5506 3128 5578 (54.)

2153 5592 2227 5653 (b)
2260 5584 2339 5644 Cf.
2377 5584 2530 5651 1111.ξ
2563 5586 2622 5640 18
2650 5585 2737 5637 9.0.
