4002 6148
343 359 405 413 57
1142 346 1228 401 DE
1272 341 1425 399 \‘lTA
1467 338 1555 396 ET
1596 332 2000 392 PRECEPTIS
2038 331 2087 387 J.
2131 326 2349 387 SCOTI.
2388 356 2457 366 ο-
2493 323 2672 380 PARS
2711 321 2775 377 ll.
3533 310 3600 359 sa

1059 462 1088 537 ς
1132 465 1210 516 ιτ.

408 615 589 681 Atque
616 608 710 664 hic
749 608 866 673 ipse
903 599 1052 655 Secti
1095 596 1246 651 locus
1291 586 1730 662 percommodum
1774 582 1930 636 nobis

345 676 629 760 transitum
656 704 813 768 parat
836 694 902 747 ad
932 691 1093 746 aliam
1120 688 1392 759 quandam
1413 682 1480 736 de
1509 678 1773 735 creatriee
1814 676 1933 746 ejus

345 797 545 852 Natura
579 786 1022 858 disputationem.

418 884 498 938 Nil
540 882 708 951 igitur
733 879 835 931 hoc
860 875 975 928 loro
1001 870 1212 924 videtur
1241 864 1509 935 apertius!
1561 858 1744 915 Oculis
1786 857 1932 910 cerni

351 972 551 1028 dixeris
584 966 914 1023 horrendum
948 957 1269 1032 pantheismi
1298 951 1624 1009 monstrum!
1658 946 1938 1017 Expressis

278 1130 284 1136 Δ
350 1062 530 1116 γει-ως
582 1058 846 1125 scriptum
896 1061 1012 1115 est,
1069 1046 1387 1103 creatricem
1434 1042 1721 1101 Naturam,
1775 1052 1936 1106 quam

353 1156 519 1209 Deum
543 1148 802 1220 appellari
827 1144 1081 1203 diximus,
1112 1140 1186 1193 ita
1215 1153 1334 1192 esse
1362 1137 1413 1189 in
1451 1132 1705 1188 omnibus
1750 1128 1933 1189 rebus,

351 1259 485 1312 quas
530 1240 679 1301 fecit,
726 1246 785 1291 ut
811 1250 875 1291 ea
905 1235 1020 1303 ipsa
1067 1229 1139 1285 sit
1162 1228 1275 1283 sola
1301 1241 1363 1280 ac
1388 1239 1513 1279 vera
1541 1223 1730 1274 harum
1762 1232 1938 1273 rerum

356 1309 605 1387 essentia.
650 1328 829 1395 Atque
881 1321 1069 1376 eadem
1122 1330 1347 1385 prorsus
1402 1312 1611 1365 ratione
1654 1309 1940 1377 Erigenam

356 1419 672 1488 saepissime
714 1415 949 1469 locutum
983 1408 1304 1463 invenimus.
1337 1403 1493 1458 Velut
1515 1402 1567 1453 in
1602 1400 1738 1454 libro
1769 1397 1943 1467 primo

355 1513 419 1567 de
451 1512 560 1564 div.
604 1507 727 1562 Nat.
767 1518 887 1572 cap.
919 1501 989 1556 73
1019 1519 1032 1553 :
1069 1518 1088 1550 ι
1130 1495 1273 1551 Fieri
1308 1492 1594 1562 i,.inquit,
1632 1509 1649 1540 ι
1688 1489 1943 1542 aestima-

360 1616 442 1660 tur
468 1604 612 1657 Deus
641 1601 693 1654 in
721 1595 988 1653 creaturis
1028 1591 1139 1646 suis
1176 1584 1572 1647 universaliter,
1618 1583 1742 1634 dum
1789 1579 1840 1631 in
1867 1578 1946 1632 eis

360 1711 463 1750 non
494 1693 670 1747 solum
704 1686 1020 1755 intelligitur
1045 1695 1184 1743 esse,
1230 1679 1346 1731 siue
1389 1688 1498 1743 quo
1532 1684 1651 1724 esse
1694 1683 1796 1722 non
1828 1681 1947 1736 pos-

1954 455 2005 512 Λ
2029 455 2085 502 et
2112 445 2231 516 plus
2258 458 2418 514 quam
2458 440 2724 496 intinitum
2753 479 2766 502 ,
2819 434 3056 490 inﬁnitas
3095 431 3238 486 enim
3277 425 3605 482 inﬁnitarum

2030 513 2135 599 est,
2162 543 2216 589 et
2249 513 2567 601 simplicem,
2595 539 2650 583 et
2674 526 2792 596 plus
2830 539 2989 594 quam
3021 520 3342 589 simplicem,
3367 513 3609 570 omnium

2032 625 2175 679 enim
2194 621 2516 692 simplicium
2538 617 2855 686 simplicitas
2868 622 2970 668 est.
2987 612 3052 666 Et
3072 624 3193 664 cum
3212 608 3328 677 ipso
3343 604 3473 659 nihil
3490 617 3614 658 esse

2035 712 2205 768 credit
2220 711 2299 763 vel
2321 707 2592 776 intelligit;
2611 705 2863 774 quoniam
2880 703 2993 772 ipse
3005 710 3088 754 est
3103 697 3338 752 ambitus
3349 693 3610 753 omnium,

2036 817 2175 873 quae
2214 809 2359 863 sunt,
2387 807 2440 852 et
2458 813 2594 866 quae
2618 812 2721 849 non
2751 804 2896 857 sunt,
2928 802 2983 847 et
3002 805 3141 860 quae
3165 802 3286 844 esse
3308 794 3535 855 possunt
3561 790 3619 836 et

2036 906 2173 963 quae
2187 907 2306 946 esse
2323 908 2424 943 non
2440 895 2683 957 possunt,
2698 876 2747 940 et
2763 899 2900 954 quae
2916 883 2963 936 ei
2978 880 3245 936 contraria
3260 894 3352 931 seu
3369 874 3617 946 opposita

2038 983 2291 1037 videntur
2319 995 2461 1043 esse,
2490 988 2548 1032 ut
2574 992 2678 1032 non
2702 976 2876 1029 dicam
2900 972 3092 1027 similia
3116 979 3170 1025 et
3198 967 3496 1023 dissimilia.
3525 964 3622 1018 Est

2040 1075 2182 1128 enim
2213 1075 2324 1143 ipse
2349 1071 2601 1127 similium
2633 1066 2946 1127 similitudo,
2978 1072 3030 1116 et
3061 1058 3439 1115 dissimilitudo
3466 1055 3623 1110 dissi-

2041 1165 2247 1221 milium
2286 1163 2766 1233 oppositorumque
2814 1155 3078 1225 oppositio
3125 1160 3178 1205 et
3226 1148 3620 1203 contrariorum

2042 1257 2420 1314 contrarietas.
2451 1253 2593 1307 llaec
2619 1252 2760 1306 enim
2797 1248 2977 1304 omnia
3008 1244 3229 1315 pulchra
3262 1238 3625 1307 inclIabiliquo

2045 1347 2329 1404 harmonia
2380 1347 2431 1399 in
2481 1359 2584 1397 una
2635 1338 2920 1396 concordia
2970 1334 3170 1404 colligit
3213 1340 3375 1400 atque
3405 1343 3623 1397 compo—

2046 1442 2127 1496 nit
2158 1439 2252 1511 (b).
2307 1439 2369 1510 (l,
2393 1437 2504 1506 74.)
2553 1434 2755 1489 Deinde
2794 1432 2861 1486 ad
2898 1431 3036 1484 hanc
3068 1428 3237 1497 ipsam
3269 1422 3430 1484 illius,
3461 1434 3626 1490 quam

2047 1510 2276 1599 Erigena
2307 1528 2513 1586 statuit.
2546 1526 2761 1580 divinae
2799 1514 3366 1592 superessentialitatis
3393 1510 3627 1580 explica-

2051 1623 2251 1676 tionem
2287 1621 2338 1675 id
2369 1634 2580 1688 quoque
2609 1617 2860 1687 pertinet,
2889 1611 3030 1683 quod
3069 1608 3282 1678 saepius
3322 1605 3384 1675 (l,
3408 1603 3461 1657 3.
3488 1602 3577 1671 73)
3610 1618 3627 1654 :

2056 1732 2074 1764 ι
2119 1712 2249 1766 Esse
2298 1711 2571 1774 omnium,
2620 1727 2639 1759 ι
2687 1707 2810 1772 ‘ait,
2871 1721 2890 1754 ι
2926 1702 3061 1765 est,
3098 1712 3382 1768 superesse
3440 1693 3633 1748 divini-

360 1795 508 1848 sunt,
535 1782 631 1837 sed
658 1791 713 1836 et
738 1792 926 1833 eorum
947 1771 1180 1829 essentia
1210 1769 1280 1822 sit
1303 1783 1316 1815 ι
1343 1804 1356 1818 .
1398 1763 1462 1816 Et
1492 1761 1690 1856 ibidem
1712 1773 1837 1856 ICap.
1872 1758 1904 1810 5
1930 1773 1943 1808 ε
1981 1784 2022 1841 Β

367 1895 385 1927 ι
420 1876 559 1929 Deus
588 1884 821 1940 namque
842 1864 1083 1922 omnium
1111 1856 1347 1915 essentia
1392 1862 1492 1914 est,
1527 1850 1618 1920 qui
1648 1848 1794 1903 solus
1824 1861 1949 1899 vere

362 1977 442 2022 est
473 1987 522 2019 ι.
546 1939 853 2032 Nequeinon
878 1948 1418 2011 animadvertendum
1440 1952 1544 2006 est,
1570 1941 1758 1995 ultimo
1782 1939 1950 1992 hocce

364 2063 483 2115 loco
513 2074 634 2112 eam
658 2056 828 2124 ipsam
860 2066 997 2112 rem,
1025 2060 1189 2117 quant
1217 2039 1506 2096 essentiam
1549 2035 1744 2090 Scelus
1772 2038 1949 2093 vocat,

362 2153 523 2205 etiam
551 2143 887 2203 substantiae
932 2139 1147 2194 nomine
1194 2136 1261 2189 ab
1297 2148 1360 2188 eo
1407 2127 1683 2199 appellari,
1716 2139 1813 2178 nec
1847 2139 1950 2176 non

366 2245 497 2298 satis
525 2247 781 2295 accurate
824 2236 898 2289 ita
925 2230 1178 2293 describi,
1223 2238 1281 2280 ut
1306 2238 1431 2279 rere
1462 2238 1526 2276 ac
1572 2218 1785 2289 prpprie
1822 2216 1950 2269 sub-

367 2334 620 2389 stantiam
649 2340 945 2401 agnoscere
983 2321 1154 2378 coacti
1197 2320 1389 2375 simus.
1443 2315 1497 2368 ln
1544 2312 1683 2366 libro
1718 2306 1954 2364 secundo

368 2428 431 2479 de
457 2425 562 2478 div.
612 2419 734 2473 Nat.
771 2432 893 2485 cap.
923 2417 996 2469 ‘2:
1039 2433 1058 2465 ι
1096 2411 1233 2478 Quid
1268 2428 1318 2473 ι,
1363 2406 1463 2468 ait,
1501 2422 1518 2454 ι
1557 2403 1601 2457 si
1651 2408 1954 2455 creaturam

369 2514 601 2570 creatori
628 2507 958 2578 adiunxeris,
986 2505 1057 2559 ita
1090 2510 1148 2556 ut
1182 2497 1314 2554 nihil
1344 2494 1489 2550 aliud
1519 2493 1571 2546 in
1599 2507 1663 2545 ea
1690 2487 1956 2556 intelligas

369 2617 580 2678 praeter
614 2605 811 2674 ipsum,
843 2598 933 2668 qui
966 2596 1114 2652 salus
1140 2606 1267 2646 vere
1293 2587 1423 2645 est?
1472 2583 1555 2639 Nil
1609 2581 1753 2636 enim
1801 2586 1955 2632 extra

371 2700 543 2768 ipsum
594 2671 727 2751 vere
771 2686 1058 2745 essentiale
1108 2683 1347 2744 dicitur,
1394 2676 1518 2747 quia
1551 2671 1753 2734 omnia,
1815 2680 1957 2737 quae

371 2758 703 2850 abeosunt,
739 2783 812 2838 nil
858 2780 1001 2835 aliud
1044 2784 1194 2838 sunt,
1246 2773 1299 2827 in
1346 2776 1606 2840 quantum
1653 2770 1802 2824 sunt,
1853 2758 1955 2812 nisi

371 2877 717 2952 participatio
747 2874 934 2944 ipsius,
967 2868 1062 2939 qtti
1095 2884 1124 2920 a
1151 2880 1209 2919 se
1235 2863 1351 2933 ipso
1384 2858 1531 2914 solus
1558 2870 1657 2925 per
1679 2868 1737 2908 se
1782 2851 1960 2921 ipsum

376 2948 638 3024 subsistit.
692 2962 832 3017 Num
874 2956 1134 3027 negabis,
1185 2960 1487 3008 creatorem
1544 2953 1599 3000 et
1654 2948 1958 2998 creaturam

378 3074 539 3113 unum
567 3055 726 3113 esse?
768 3051 884 3106 Non
909 3048 1102 3103 facile:
1132 3043 1259 3099 huic
1291 3039 1437 3095 enim
1466 3035 1723 3090 resistere
1764 3029 1963 3084 ridicu-

380 3149 547 3204 losum
572 3147 793 3201 videtur
826 3161 868 3195 ι.

1092 3248 1122 3319 §
1160 3245 1247 3300 l8.

449 3397 565 3451 Huc
589 3395 721 3447 item
742 3397 827 3442 est
852 3380 1215 3442 referendum,
1244 3374 1389 3445 quod
1418 3370 1614 3428 Noster
1645 3368 1788 3440 (sup.
1818 3363 1847 3438 ᾗ
1874 3363 1963 3437 ll)
1996 3338 2001 3341 i

379 3489 611 3543 allirmat
631 3524 647 3548 ,
699 3481 809 3535 Deo
841 3475 970 3531 nihil
1002 3483 1221 3541 prorsus
1251 3463 1471 3535 opponi,
1501 3477 1605 3530 qua
1654 3476 1715 3543 re
1742 3457 1853 3520 fiat,
1886 3462 1968 3519 ut,

380 3597 499 3637 eum
544 3596 563 3629 ι
595 3572 871 3631 essentiae
897 3587 916 3617 ι
958 3570 1262 3632 opponatur
1306 3574 1325 3607 ι
1356 3554 1581 3609 nihilum
1608 3571 1661 3615 ›,
1693 3542 1837 3605 Deus
1864 3563 1968 3619 non

380 3675 455 3729 sit
476 3666 716 3726 essentia
747 3704 762 3728 ,
806 3660 899 3717 sed
943 3658 1062 3727 plus
1088 3668 1248 3723 quam
1288 3647 1544 3710 essentia,
1581 3644 1696 3699 sive
1725 3654 1974 3711 superes-

386 3760 644 3819 semialis.
679 3753 815 3809 Nam
844 3752 887 3805 si
921 3764 1025 3803 non
1054 3755 1157 3808 est,
1185 3739 1329 3812 quod
1369 3738 1477 3792 Deo
1513 3740 1835 3805 opponatur,
1870 3731 1972 3784 hoc

388 3863 533 3909 certe
568 3840 974 3904 concedendum
1022 3835 1375 3893 arbitramur,
1423 3827 1555 3881 nihil
1602 3837 1723 3878 esse
1758 3829 1975 3892 praeter

390 3946 576 4004 Deum,
608 3940 715 3993 hoc
742 3942 846 4000 est,
873 3932 1042 3986 Deum
1070 3941 1212 3989 esse,
1239 3918 1499 3992 quidquid
1524 3926 1627 3971 est.
1654 3914 1765 3969 Hac
1794 3921 1974 3966 autem

394 4050 451 4089 re
472 4035 636 4089 missa
661 4038 959 4097 sequamur
984 4016 1381 4076 consectarium
1419 4010 1567 4075 illud,
1599 4006 1741 4076 quod
1778 4004 1976 4059 Scotus

392 4128 504 4197 ipse
530 4118 833 4194 proposuit,
862 4115 1051 4174 Deum,
1074 4123 1239 4179 quum
1276 4124 1294 4157 ι
1326 4104 1594 4159 essentiae
1626 4119 1642 4151 ι
1675 4106 1978 4167 opponatur

398 4239 417 4269 ι
446 4215 672 4271 nihilum
700 4231 747 4273 ι,
772 4224 877 4262 non
903 4201 1214 4261 essentiam,
1241 4198 1332 4253 sed
1359 4195 1478 4266 plus
1499 4208 1657 4263 quam
1687 4188 1977 4249 essentiam

394 4325 532 4371 esse,
561 4307 677 4362 sive
704 4294 1231 4375 superessentialem.
1264 4288 1409 4343 llaec
1438 4286 1601 4357 igitur
1627 4294 1979 4352 superessen-

397 4403 589 4457 tialitas
619 4403 904 4467 propterea
942 4371 1005 4444 de
1032 4384 1251 4441 numine
1291 4380 1471 4436 divino
1501 4376 1840 4449 praedicatur
1879 4371 1976 4442 (α),

2125 1891 2298 1958 Atque
2327 1896 2546 1959 prepter
2581 1886 2654 1940 rei
2686 1868 3109 1954 magnitudinem
3143 1880 3284 1932 hunc
3315 1891 3531 1946 quoque
3558 1873 3634 1927 lo-

2054 1995 2177 2034 cum
2207 1978 2525 2048 adjiciamus
2562 1994 2574 2028 :
2615 1993 2632 2024 ι
2669 1973 2835 2028 Nemo
2868 1981 3046 2025 tamen
3080 1977 3167 2023 est
3189 1967 3276 2036 pie
3302 1964 3635 2020 credentium

2054 2079 2108 2122 et
2134 2068 2418 2123 veritatem
2450 2063 2882 2134 intelligentiam,
2914 2060 3002 2129 qui
3036 2073 3142 2112 non
3173 2056 3429 2111 continuo
3457 2053 3636 2107 excla-

2056 2167 2188 2223 met,
2210 2171 2429 2212 causam
2452 2155 2617 2209 totius
2643 2148 3009 2206 universitatis
3033 2145 3350 2202 creatricem
3380 2152 3639 2212 superna:

2059 2251 2287 2306 tumlem
2334 2263 2455 2304 esse
2489 2256 2543 2302 et
2582 2240 3090 2315 superessentialem
3135 2248 3190 2293 et
3226 2250 3386 2305 supra
3423 2246 3637 2287 onmem

2056 2345 2246 2404 vitam,
2270 2349 2324 2393 et
2360 2337 2703 2407 sapientiam,
2736 2343 2791 2388 ct
2821 2333 3092 2395 virtutem,
3136 2337 3191 2383 et
3228 2342 3390 2397 supra
3433 2324 3637 2387 omnia,

2059 2450 2199 2504 quae
2221 2434 2475 2487 dicuntur
2504 2440 2560 2485 et
2598 2428 2986 2498 intelliguntur,
3017 2431 3074 2478 et
3108 2423 3252 2477 omni
3281 2434 3438 2476 sensu
3468 2418 3643 2487 porci.

2058 2528 2303 2598 piuntur,
2327 2524 2453 2577 dum
2484 2522 2553 2576 sit
2583 2521 2774 2575 horum
2797 2516 3038 2571 omnium
3079 2513 3400 2584 principium
3430 2508 3643 2564 eausale

2059 2626 2113 2673 et
2142 2616 2375 2670 medium
2410 2613 2637 2683 implens
2680 2607 2983 2672 essentiale,
3018 2613 3073 2660 et
3111 2603 3234 2659 linis
3261 2615 3644 2658 consummatis

2057 2739 2132 2752 —
2163 2718 2218 2765 et
2245 2708 2480 2762 ambitus
2515 2705 2718 2768 omnia,
2759 2716 2899 2773 quae
2935 2706 3059 2755 sunt
3086 2705 3143 2753 et
3170 2709 3310 2767 quae
3340 2709 3448 2749 non
3494 2701 3642 2757 sunt,

2062 2799 2513 2856 circumscribens
2544 2790 2588 2849 »ζ
2619 2795 2728 2866 (Ill,
2760 2792 2836 2863 1.)

2773 2906 2802 2980 §
2839 2905 2923 2961 19.

2137 3026 2281 3080 Deus
2311 3023 2474 3094 igitur
2504 3020 2657 3075 hicce
2691 3014 3160 3087 superessentialis
3191 3013 3267 3068 ita
3299 3011 3451 3079 quasi
3485 3024 3645 3078 supra

1992 3154 2037 3215 ε
2067 3118 2283 3182 omnia,
2326 3130 2466 3186 quae
2509 3120 2665 3179 sunt,
2714 3124 2855 3178 quae
2898 3107 3233 3177 cogitantur,
3273 3118 3412 3173 quae
3454 3102 3650 3155 mentis

2069 3211 2241 3266 aciem
2278 3205 2569 3277 ell‘ugiunt,
2602 3209 2685 3256 est
2711 3198 3068 3259 constitutus,
3112 3203 3168 3248 ut
3197 3208 3259 3248 ea
3290 3200 3503 3254 cuncta,
3538 3199 3652 3244 tan-

2066 3318 2227 3373 quam
2281 3296 2651 3353 universitatis
2697 3292 2966 3363 quoddam
3025 3303 3224 3358 corpus
3269 3302 3364 3340 sua
3416 3284 3652 3340 essentia

2066 3391 2493 3460 complectatur,
2536 3402 2629 3441 sua
2676 3383 2913 3441 essentia
2961 3379 3222 3448 impleat,
3276 3392 3370 3432 sua
3416 3374 3651 3431 essentia

2067 3484 2285 3544 clliciat.
2321 3481 2506 3549 Itaque
2536 3487 2739 3530 tantum
2772 3475 2946 3537 abest,
2981 3480 3039 3524 ut
3070 3469 3287 3530 Seotus,
3326 3481 3490 3536 quum
3531 3464 3655 3518 Ari—

2070 3572 2370 3631 stotelieam
2403 3568 2671 3625 essentiae
2715 3563 3065 3633 categoriam,
3097 3568 3282 3630 utpote
3323 3558 3407 3612 cui
3440 3555 3657 3626 opposi-

2036 3679 2041 3685 '
2074 3675 2185 3720 tum
2222 3663 2290 3719 sit
2332 3659 2595 3724 nihilum,
2637 3671 2760 3711 cum
2807 3655 2946 3709 Deus
2974 3693 2990 3718 ,
3033 3652 3176 3722 quod
3203 3651 3304 3720 ipsi
3332 3656 3653 3717 opponatur,

2072 3771 2179 3810 non
2204 3752 2421 3815 habeat,
2453 3750 2518 3804 de
2546 3748 2763 3801 numine
2816 3759 2914 3800 suo
2957 3743 3140 3797 divino
3177 3741 3394 3811 proprie
3447 3738 3659 3808 praedi-

2073 3846 2183 3901 cari
2213 3852 2373 3914 negat
2399 3842 2493 3913 (c),
2523 3840 2724 3893 idcirco
2759 3851 2937 3892 rerum
2970 3833 3336 3888 universitatis
3365 3831 3655 3886 essentiam

2074 3936 2140 3991 de
2170 3935 2285 4010 ipso
2324 3931 2497 3993 tollat,
2540 3937 2606 3983 ut-
2627 3943 2749 3983 eam
2793 3926 2994 3981 diserte
3039 3923 3137 3994 ipsi
3176 3922 3463 3992 relinquat,
3496 3929 3659 3988 atque

2076 4025 2210 4080 adeo
2236 4023 2394 4095 plane
2422 4036 2487 4076 ac
2511 4021 2713 4075 diserte
2744 4017 2964 4072 tribuat.

2802 4152 2829 4227 δ
2863 4152 2952 4208 eo.

2148 4275 2218 4328 At
2256 4279 2545 4327 occurrent
2582 4268 2767 4333 nobis,
2807 4266 3112 4336 quicunque
3146 4260 3531 4325 attenderunt,
3570 4274 3659 4325 eo,

2078 4368 2219 4438 quod
2244 4366 2475 4436 Erigena
2504 4363 2672 4416 Deum
2709 4375 2755 4414 s.
2784 4357 3041 4413 Naturam
3072 4369 3176 4408 non
3206 4362 3443 4408 creatam
3471 4368 3663 4407 creau-

619 4446 671 4467 τ-
694 4446 773 4464 ντί
1502 4446 1515 4449 ν

395 4491 532 4562 quod
566 4501 731 4555 supra
763 4482 916 4535 illaut
952 4498 968 4530 ι
998 4474 1289 4533 essentiam
1321 4489 1367 4537 ι,
1401 4469 1486 4525 cui
1519 4466 1807 4536 opponitur
1839 4482 1857 4516 ι
1892 4463 1973 4517 ni-
2007 4501 2054 4559 Ι)
2083 4468 2214 4521 tem,
2243 4472 2423 4526 quum'
2443 4456 2511 4508 ab
2548 4453 2698 4508 initio
2733 4458 2966 4521 quatuor
3001 4446 3237 4502 Naturae
3276 4446 3485 4515 species
3530 4461 3657 4501 con.

1536 4560 1545 4562 -
1758 4557 1768 4562 -
2111 4547 2166 4562 Α.
2226 4561 2231 4562 ,
2310 4556 2326 4562 -
2385 4545 2506 4562 μη--
2543 4538 3038 4562 ιι-.--...---.......ξη....
3090 4551 3208 4562 ιιι-η..
3257 4534 3447 4562 .l:......:o
3502 4544 3652 4562 ..οη-η

394 4557 560 4639 hilum
587 4600 608 4632 ι
657 4577 797 4647 (sup.
830 4571 859 4645 §
883 4571 963 4640 8),
986 4571 1057 4625 ita
1088 4562 1482 4637 quodammodo
1505 4560 1576 4614 sit
1599 4557 1975 4620 constitutum,

396 4685 452 4727 ut
479 4675 653 4743 ipsum
693 4667 765 4722 sit
795 4662 951 4734 quasi
980 4660 1195 4715 tertium
1223 4655 1524 4726 quoddam,
1565 4666 1671 4721 quo
1697 4649 1805 4712 illa,
1838 4661 1975 4717 quae

396 4736 536 4819 inter
562 4774 622 4815 se
652 4766 780 4813 sunt
807 4754 1072 4824 opposita,
1103 4747 1263 4804 simul
1288 4740 1832 4814 comprehendantur,
1862 4736 1979 4793 el‘li-

395 4854 607 4907 ciantur
657 4865 677 4899 ι
711 4843 1076 4910 concordique
1112 4858 1158 4904 ι,
1190 4845 1249 4890 ut
1277 4834 1349 4890 ita
1384 4834 1646 4895 dicamus,
1686 4849 1704 4882 ι
1755 4842 1883 4900 pace
1912 4826 1977 4880 li-

395 4952 590 5013 gentur
625 4960 673 4995 ι.
723 4935 866 4993 Sunt
919 4932 1062 4988 enim
1115 4927 1255 4999 apud
1305 4925 1525 4980 Scotum
1577 4923 1712 4978 haec
1758 4938 1772 4975 :
1822 4918 1981 4974 Fides

395 5008 659 5086 catholica
688 5041 754 5080 ac
783 5037 910 5080 tera
937 5020 1075 5076 ratio
1100 5019 1322 5083 fatetur,
1350 5017 1517 5071 Deum
1540 5026 1662 5068 esse
1689 5008 1979 5072 infinitum,

467 5208 547 5279 (α)
580 5203 923 5279 Quamquam
948 5197 1070 5279 aliis
1096 5195 1230 5251 locis
1256 5194 1418 5249 etiam
1441 5191 1562 5279 aliis
1583 5189 1648 5244 de
1673 5185 1853 5279 causis
1879 5200 1982 5279 pu-

397 5256 543 5332 meii'
569 5256 815 5329 diuinum
861 5269 1060 5325 dicitur
1102 5262 1557 5335 superesseutiale
1584 5300 1599 5323 ,
1647 5256 1980 5335 ve_lut_ideo,

394 5327 540 5415 alii}:
566 5327 731 5415 supra
757 5341 939 5415 omnia
967 5327 1314 5415 illustriorem
1336 5333 1487 5415 quasi
1519 5327 1983 5415 essentiaelocum

394 5396 685 5475 ὄιὲῐιὶὶὲάιῗ
714 5411 858 5484 quod
889 5430 911 5484 ι
942 5407 1181 5484 omnium
1214 5396 1572 5484 essentiarnm
1608 5398 1729 5453 fons
1756 5396 1880 5484 sit.»
1913 5404 1987 5484 ,οι

394 5466 693 5555 quae—sunt
717 5466 936 5550 generis
956 5479 1219 5555 ejusdem.
1248 5472 1353 5530 Sed
1373 5486 1526 5555 nunc
1560 5485 1664 5524 non
1692 5476 1774 5522 est
1802 5467 1885 5521 his
1913 5466 1990 5521 lo-

396 5543 515 5610 c'us.
564 5555 690 5609 Illas
713 5543 895 5607 autem
936 5543 1327 5618 explicationes
1373 5543 1495 5618 huic
1526 5550 1986 5618 nostraeuquam

399 5606 1213 5747 hpelzeopmponimuspnihil
1241 5612 1495 5671 reluctari
1527 5611 1663 5667 infra
1696 5607 1748 5682 (ᾗ
1774 5607 1865 5679 32)
1895 5606 1989 5660 de-

399 5711 545 5747 «λιιι-ει
588 5711 748 5747 tmns.

399 5711 748 5749 caarammns.

479 5766 551 5835 (ἐι)
591 5765 809 5834 Optimo
839 5762 1000 5834 igitur
1025 5759 1147 5831 jure
1196 5757 1262 5811 de
1308 5753 1470 5809 Seoto
1498 5751 1697 5806 dictum
1738 5758 1986 5820 putamus

2079 4547 2350 4606 stitucret,
2385 4545 2511 4599 item
2543 4541 2780 4595 Naturae
2806 4538 3039 4610 speciem
3088 4551 3209 4591 esse
3254 4534 3469 4597 dixerit,
3502 4544 3664 4602 atque

2080 4638 2215 4692 adeo
2262 4636 2454 4692 tertiae
2496 4632 2730 4688 Naturae
2773 4630 2994 4702 speciei,
3025 4627 3260 4682 Naturae
3310 4634 3522 4681 creatae
3557 4641 3665 4681 non

2081 4727 2313 4792 creanti,
2343 4742 2411 4780 ex
2441 4725 2727 4788 diametro,
2751 4730 2811 4777 ut
2840 4722 3015 4786 aiunt,
3051 4718 3381 4788 opposuerit.
3431 4716 3665 4771 Satisfa-

2082 4821 2191 4875 ciat
2219 4819 2286 4873 iis
2314 4818 2427 4888 ipse
2456 4816 2707 4886 Erigena.
2747 4814 2796 4869 ls
2824 4813 2989 4884 igitur
3018 4812 3084 4866 de
3114 4808 3313 4864 Natura
3347 4825 3450 4863 non
3482 4819 3663 4862 creata

2083 4919 2331 4975 creante,
2376 4910 2550 4979 prima
2590 4906 2677 4962 illa
2716 4906 2951 4960 Naturae
2997 4902 3177 4973 specie
3223 4916 3270 4955 s.
3320 4899 3535 4955 forma:
3574 4918 3591 4950 ι
3621 4899 3665 4953 si

2090 5011 2191 5066 rite
2226 5028 2273 5079 ι,
2322 5009 2417 5072 ait,
2474 5025 2493 5057 ι
2533 5004 2741 5077 species
2779 5002 2862 5057 vel
2901 5002 3074 5057 forma
3103 4998 3327 5055 dicenda
3373 5007 3456 5053 est
3494 4996 3666 5066 prima

2090 5181 2217 5236 illud
2249 5178 2550 5235 Schlueteri
2597 5174 2840 5248 (p‘ZXlll)
2883 5191 2896 5227 :
2942 5192 2960 5225 ι
2998 5169 3471 5248 Doctusllegelius
3497 5166 3667 5248 diale-

2090 5253 2270 5315 ctico,
2323 5259 2382 5304 ut
2430 5252 2529 5304 hoc
2577 5237 2743 5302 verbo
2782 5237 3020 5306 utamur,
3068 5237 3334 5315 monismo
3378 5253 3476 5293 suo
3524 5237 3672 5311 (per-

2091 5310 2613 5393 ouant)__mttltifarie
2642 5317 2903 5390 Erigonae
2936 5315 3193 5393 memqria
3224 5310 3453 5393 adet-td.

2168 5378 2431 5465 (c)'llane
2469 5392 2631 5447 etiam
2671 5378 2956 5465 propterea
2996 5387 3061 5438 de
3092 5385 3200 5438 Deo
3230 5378 3533 5465 praedicari
3573 5392 3672 5465 nc-

2090 5449 2199 5590 ἕπε’.
2220 5449 2372 5533 ἰιιιοό
2405 5461 2545 5517 Deus
2574 5449 2686 5515 non.
2719 5478 2737 5511 ι
2766 5449 2837 5513 sit
2864 5477 2880 5509 ι
2916 5464 3060 5510 certa
3092 5450 3356 5519 quaedam
3387 5457 3550 5519 atque
3577 5449 3668 5502 de-

2110 5538 2239 5590 tuita
2282 5531 2582 5589 substantia
2610 5570 2624 5590 ,
2667 5543 2804 5590 quae
2832 5529 2917 5580 hic
2947 5524 3029 5578 vel
3061 5522 3167 5576 illic
3217 5540 3235 5570 ι
3272 5520 3324 5573 in
3364 5530 3668 5590 creatartun

2110 5520 2582 5592 inita-substantia
2610 5570 2624 5594 ,
2667 5543 2804 5598 quae
2832 5529 2917 5580 hic
2947 5524 3029 5598 rel
3061 5522 3167 5576 illic
3217 5520 3324 5598 cuin
3364 5530 3668 5598 creatartnn

2090 5588 2511 5732 ᾐιιξὲτιὲὂὶπιηη
2543 5588 2770 5656 ιιιιήιὸΓο
2798 5594 3096 5666 reperiatur
3124 5612 3168 5646 ι.
3217 5590 3300 5647 Cl'.
3357 5606 3477 5662 sup.
3511 5588 3539 5662 ᾗ
3572 5590 3667 5652 15;

2140 5720 2153 5743 ’
2183 5714 2361 5731 .U'BVO
