4002 6148
329 296 397 351 59
960 278 965 284 ’
1344 299 1433 352 DE
1469 297 1734 355 IOANNE
1771 297 1994 356 scoro
2033 299 2548 361 connexum.
3536 316 3605 373 eo

325 407 567 465 omnium
592 420 936 478 causa,-quae
965 417 1183 480 superat
1207 422 1422 463 onmem
1453 408 1681 463 formam
1708 417 1767 464 et
1790 424 1912 481 spe-
1940 416 1986 474 Α
2021 431 2038 463 ι
2078 414 2323 483 exempla
2379 415 2696 487 principalia
2745 437 2792 473 ι.
2848 419 2959 477 llas
3009 423 3205 479 deinde
3251 440 3446 485 causas
3493 433 3607 502 pri-

325 499 489 564 ciem,
520 499 649 554 dum
679 499 751 553 sit
778 498 1071 555 formarum
1114 508 1168 553 et
1194 498 1497 569 specierum
1542 500 1785 555 omnium
1831 501 1917 555 in-

327 587 504 644 forme
532 589 922 658 principium...
964 587 1201 643 Informe
1228 597 1411 644 autem
1439 588 1764 659 principium
1794 604 1892 660 pro

327 688 518 750 pterea
566 679 734 734 Deum
769 679 996 733 dicimus
1023 718 1038 742 ,
1089 693 1159 734 ne
1189 679 1312 744 quis
1341 693 1462 733 cum
1492 678 1789 735 formarum
1818 695 1919 735 nu-

327 784 483 825 mero
513 771 762 825 aestimet
788 769 1024 834 censeri,
1056 768 1181 825 dum
1214 770 1285 824 sit
1329 768 1626 825 formarum
1675 772 1919 826 omnium

328 878 512 918 causa.
565 863 744 932 Ipsum
783 861 981 917 etenim
1023 877 1185 918 omne
1234 844 1522 918 formatum
1562 863 1767 933 appetit
1817 861 1918 934 (ιι),

328 972 452 1012 cum
499 955 567 1011 sit
605 971 700 1025 per
735 970 796 1009 se
841 956 1019 1024 ipsum
1061 954 1335 1019 infinitus,
1372 964 1427 1011 et
1454 955 1574 1026 plus
1601 972 1765 1026 quam
1800 955 1920 1010 infi-

325 1048 507 1113 nitus;
562 1055 647 1103 est
701 1048 846 1102 enim
901 1047 1140 1103 infinitas
1192 1048 1434 1103 omnium
1502 1047 1828 1102 infinitatum
1870 1067 1917 1103 ι.

330 1139 417 1211 (tt,
456 1138 535 1209 ι.)
1542 1138 1549 1145 '

1048 1229 1201 1302 gat.

402 1380 607 1450 Itaque,
638 1388 699 1434 ut
723 1379 1069 1440 arbitramur,
1112 1379 1166 1433 in
1193 1389 1441 1451 promptu
1479 1390 1585 1446 est,
1617 1382 1821 1438 nullam
1850 1398 1919 1438 ex

331 1471 479 1527 Scoti
527 1471 794 1525 sententia
841 1470 895 1524 in
934 1470 1038 1524 hac
1074 1484 1255 1524 rerum
1285 1470 1642 1528 universitate
1668 1473 1921 1528 substan-

332 1562 459 1615 tiam
492 1560 737 1630 repcriri.
762 1568 976 1629 praeter
1000 1560 1355 1616 substantiam
1384 1560 1621 1619 Naturae
1641 1564 1921 1620 creatricis

329 1653 562 1715 divinae,
596 1667 773 1722 neque
801 1652 1116 1723 quidquam,
1146 1662 1204 1709 ut
1231 1652 1343 1723 ipse
1371 1653 1456 1724 (ll,
1484 1653 1541 1722 2)
1574 1656 1668 1721 ait,
1712 1673 1732 1707 ι
1763 1664 1917 1710 extra

329 1742 476 1797 illam
503 1758 631 1798 vere
658 1743 945 1798 essentiale
970 1744 1075 1799 dici
1111 1744 1166 1798 »ε
1213 1744 1367 1812 Quod
1398 1745 1442 1800 si
1479 1745 1603 1814 quis
1637 1745 1737 1801 hac
1767 1746 1833 1801 de
1862 1762 1920 1800 re
1951 1765 1993 1825 Β

329 1834 494 1890 etiam
524 1850 667 1890 nunc
697 1834 941 1899 dubitet,
983 1833 1111 1890 huic
1156 1834 1465 1891 ﬁrmissime
1491 1847 1808 1904 persuasum
1844 1834 1911 1888 iri

327 1939 635 1993 speramus,
664 1938 830 1995 quum
875 1923 944 1980 de
993 1923 1216 1996 reliquis
1246 1923 1483 1979 Naturae
1520 1921 1710 1979 formis
1736 1924 1918 1995 dispu-

332 2015 555 2071 labitur.

1041 2106 1191 2178 gas.

399 2216 760 2281 Nihilominus
794 2225 976 2274 tamen
1010 2233 1114 2274 res
1160 2227 1345 2274 nostra
1379 2218 1655 2289 postulare
1684 2218 1916 2283 videtur,

328 2316 389 2363 ut
428 2306 543 2376 jam
593 2322 771 2373 nunc,
819 2323 961 2378 quae
1004 2322 1111 2363 non
1156 2308 1360 2363 nemini
1392 2307 1469 2380 (ὁ)
1503 2310 1605 2364 hac
1648 2308 1701 2362 in
1755 2323 1918 2363 causa

328 2400 650 2469 Erigeniana
682 2400 861 2456 fucum
892 2399 1088 2458 fecisse
1107 2401 1373 2467 videmus,
1395 2410 1659 2472 quantum
1685 2401 1740 2456 in
1765 2416 1920 2471 prae-

328 2491 503 2545 sentia
535 2490 653 2546 fieri
680 2499 882 2562 potest,
914 2491 1195 2548 declarare
1219 2499 1381 2561 atque
1406 2490 1609 2547 diluere
1633 2506 1915 2547 conemur.

330 2581 475 2637 Sunt
497 2582 723 2638 omnino
741 2581 1048 2652 complures
1066 2582 1171 2638 Ioci
1196 2582 1251 2636 in
1276 2582 1427 2637 libris
1447 2582 1513 2637 de
1533 2581 1798 2638 divisione
1813 2580 1920 2635 Na-

328 2682 526 2738 turae,
576 2672 669 2728 ubi
716 2672 946 2743 Erigena
973 2710 991 2738 ,
1040 2671 1317 2728 communi
1363 2670 1593 2726 fortasse
1639 2669 1916 2726 hominum

329 2777 491 2818 sensu
523 2761 843 2827 inserviens,
871 2762 946 2816 ita
979 2761 1215 2831 scripsit,
1245 2760 1400 2831 quasi
1430 2761 1599 2816 Deum
1626 2760 1822 2816 habeat
1847 2760 1918 2814 ab

330 2853 433 2907 hoc
455 2852 708 2908 universo
736 2862 1046 2923 separatum
1071 2851 1167 2923 (ι’).
1196 2850 1450 2924 Legimus
1474 2852 1618 2907 enim
1640 2866 1761 2907 cum
1788 2850 1912 2915 alia,

331 2956 442 2998 tum
467 2943 602 3000 haec
629 2962 643 2999 ε
682 2964 701 2997 ι
729 2944 846 3016 Ipse
876 2945 1017 2999 Deus
1047 2944 1101 2999 in
1133 2959 1191 2999 se
1215 2944 1331 3014 ipso
1360 2944 1497 2999 ultra
1527 2958 1742 3000 omnem
1765 2959 1917 2999 crea-

330 3042 509 3089 turam
554 3065 621 3075 —
665 3033 811 3093 nullo
851 3034 1127 3091 intellectu
1158 3035 1635 3104 comprehenditur
1660 3054 1707 3090 ι.
1734 3034 1822 3108 (1,
1858 3035 1912 3090 5.

330 3123 385 3187 7,
427 3123 579 3198 cet.)
627 3122 879 3196 Legimus
922 3128 1058 3181 adeo
1103 3124 1188 3194 (ll,
1223 3125 1246 3178 I
1302 3125 1436 3195 etc.)
1480 3142 1494 3179 :
1545 3143 1565 3176 ι
1601 3126 1923 3181 Creatnram
1949 3118 1994 3179 C

330 3216 425 3273 Dei
485 3216 706 3271 nomine
757 3218 898 3287 (per
953 3200 1372 3287 metaphoram)
1424 3229 1583 3286 posse
1635 3215 1918 3285 appellari,

329 3316 615 3379 propterea
654 3307 797 3377 quod
838 3322 867 3360 a
906 3305 1015 3360 Deo
1050 3304 1190 3360 facta
1223 3306 1294 3361 sit
1336 3306 1415 3378 (ά)
1449 3326 1495 3362 ι.
1537 3306 1686 3375 Quae
1724 3307 1921 3377 quibus

330 3398 490 3454 facile
524 3397 695 3453 refelli
732 3405 953 3468 queant,
988 3397 1265 3469 sigillatim
1306 3413 1733 3454 commemorare
1772 3399 1921 3453 nolu-

330 3503 453 3542 mus
485 3504 500 3541 :
533 3487 638 3542 hoc
660 3501 826 3540 unum
864 3484 1112 3548 dicimus,
1148 3500 1214 3541 ex
1243 3486 1358 3557 ipsa
1395 3485 1657 3557 Erigenac
1681 3488 1921 3559 pbiinso—

329 3582 458 3651 phia
492 3588 681 3650 sponte
723 3579 897 3648 sequi,
925 3578 1168 3649 potuisse
1213 3592 1336 3633 eum
1383 3588 1494 3634 tam
1539 3581 1675 3635 haec
1703 3581 1917 3647 docere,

330 3685 492 3741 quam
517 3683 658 3739 quae
676 3683 799 3723 eum
823 3683 983 3738 supra
1008 3666 1061 3741 (ς
1089 3667 1268 3740 16ο21)
1291 3668 1571 3723 docentem
1593 3668 1915 3744 audivimus.

328 3760 427 3817 Est
452 3769 631 3815 autem
662 3758 998 3830 philosophia
1040 3759 1139 3814 ista
1166 3799 1183 3824 ,
1231 3758 1283 3812 id
1314 3759 1458 3827 quod
1503 3757 1646 3813 infra
1674 3759 1920 3830 pluribus

328 3847 806 3914 demonstrabitur,
844 3846 956 3903 fere
986 3848 1121 3902 haec
1154 3865 1167 3901 :
1204 3849 1342 3904 Deus
1372 3847 1552 3916 Pater,
1581 3847 1783 3904 Natura
1813 3865 1918 3905 non

328 3948 513 3993 creata
554 3952 751 3993 crcans
776 3977 792 4003 ,
844 3952 1014 4007 usque
1052 3938 1121 3993 ab
1170 3938 1491 3993 aeternitate
1537 3939 1592 3993 in
1632 3938 1771 3994 Filio
1821 3956 1920 3996 suo

329 4029 608 4101 unigenito
630 4029 856 4093 creavit,
879 4030 1104 4096 hocest,
1120 4045 1189 4085 ex
1214 4046 1311 4086 sua
1331 4030 1642 4088 substantia
1673 4019 1919 4087 substan-

330 4118 530 4174 tialiter
549 4117 1063 4174 emisit—Naturam
1088 4127 1326 4174 creatam
1352 4130 1651 4184 creantcm,
1674 4122 1916 4176 omnium

330 4223 512 4264 rerum
537 4251 553 4277 ,
597 4224 954 4282 quaecunque
1003 4211 1373 4266 univcrsitatis
1413 4226 1642 4282 corpore
1678 4228 1919 4284 compre-

329 4301 641 4356 henduntur
667 4319 686 4353 ‹
714 4296 908 4358 causas
929 4301 1306 4373 primordiales
1334 4322 1379 4368 ι,
1409 4302 1513 4358 hoc
1533 4312 1617 4359 est
1651 4321 1670 4355 ι
1700 4304 1848 4360 ideas
1868 4324 1911 4371 ι,

2022 504 2311 560 mordialcs
2333 505 2473 560 idem
2504 507 2646 563 Deus
2682 507 2845 566 Pater
2869 526 2967 582 per
2988 510 3247 584 Spiritum
3274 526 3523 576 sanctum
3551 523 3602 578 in

2022 596 2260 664 ipsarum
2297 596 2543 664 effectus,
2581 598 2842 656 Naturam
2872 612 3118 659 creatam
3152 622 3277 662 non-
3303 620 3601 678 creantem,

2022 684 2162 739 hanc
2209 694 2375 740 totam
2423 702 2602 742 rerum
2645 690 3049 748 universitatem
3081 734 3097 759 ,
3156 713 3180 747 ς
3214 697 3399 755 divisit
3441 711 3605 772 atque

2021 776 2397 845 multiplicavit
2425 796 2471 843 ι,
2508 778 2580 832 ita
2605 789 2663 833 ut
2692 795 2866 852 neque
2896 786 3111 854 propria
3139 802 3236 842 sua
3265 790 3414 857 sede,
3440 807 3603 863 quam

2019 881 2190 937 usque
2230 869 2300 923 ab
2340 869 2488 926 omni
2529 872 2852 929 aeternitate
2893 876 2946 930 in
2986 877 3103 946 ipso
3147 879 3257 935 Deo
3296 883 3600 952 obtinuere,

2021 958 2407 1027 dejicerentur,
2437 970 2494 1016 et
2523 961 2635 1016 sola
2673 962 2885 1019 illarum
2916 967 3329 1037 participatione
3358 973 3607 1028 substan-

2022 1048 2134 1102 tiali
2166 1050 2237 1103 sit
2281 1048 2330 1103 id
2367 1051 2560 1120 ipsum,
2591 1052 2731 1122 quod
2784 1054 2836 1108 in
2885 1056 2987 1111 hac
3034 1072 3214 1115 rerum
3253 1060 3607 1117 universitate

2020 1152 2148 1193 vere
2174 1153 2237 1191 ac
2257 1140 2477 1210 proprie
2494 1156 2612 1197 esse
2632 1141 2863 1211 dicatur,
2886 1146 3127 1202 omnium
3148 1164 3333 1205 rerum
3349 1155 3604 1220 essentia,

2021 1227 2343 1283 substantia.
2372 1229 2657 1287 Postremo
2694 1233 2893 1287 Natura
2922 1244 3106 1290 creata
3134 1251 3239 1294 non
3268 1255 3485 1308 creans,
3509 1259 3608 1314 per

2020 1329 2258 1375 creatam
2287 1332 2560 1379 creantem
2587 1340 2653 1379 ex
2682 1342 2789 1379 non
2820 1336 3002 1382 creata
3032 1338 3250 1385 creante
3279 1333 3609 1388 substantia-

2020 1410 2146 1466 Iitcr
2167 1412 2401 1477 evoluta,
2442 1416 2670 1470 eandem
2707 1416 2847 1470 viam
2876 1432 3144 1484 remensa,
3174 1421 3612 1480 substantialiter

2022 1502 2076 1556 in
2105 1518 2211 1559 non
2238 1514 2480 1559 creatam
2510 1517 2783 1561 creantem
2816 1509 3126 1566 revolvetur
3152 1511 3247 1582 (ε).

2093 1612 2266 1668 liabet
2292 1614 2457 1683 igitur
2494 1614 2690 1673 Scelus
2720 1633 2895 1688 neque
2945 1618 3106 1674 ullam
3157 1637 3381 1692 prorsus
3410 1625 3462 1678 in
3502 1626 3611 1682 ulla

2022 1717 2081 1756 re
2107 1701 2484 1769 substantiam,
2516 1705 2617 1761 nisi
2657 1708 3013 1762 substantiam
3044 1710 3301 1776 divinam,
3357 1723 3408 1768 et
3441 1714 3607 1771 Deum

2026 1794 2095 1849 ab
2126 1795 2208 1858 iis,
2245 1811 2385 1866 quae
2411 1798 2637 1863 creavit,
2667 1800 2822 1870 quasi
2870 1811 3176 1871 separatum
3221 1811 3385 1874 atque
3425 1807 3608 1878 sejun-

2020 1896 2192 1942 ctum.

2092 1980 2241 2048 Quae
2269 1996 2392 2036 cum
2421 1981 2497 2036 ita
2540 1983 2669 2048 sint,
2700 1998 2799 2040 nos
2827 1985 3043 2056 quidem
3070 1986 3311 2056 profecto
3333 2004 3441 2045 non
3465 1991 3612 2047 ride-

2022 2089 2164 2138 mus,
2199 2088 2306 2144 qua
2336 2073 2546 2129 ratione
2575 2074 2688 2139 fiat,
2735 2082 2816 2141 ut,
2867 2076 2963 2146 qui
3009 2069 3168 2148 paulo
3199 2081 3456 2136 attentius
3494 2097 3609 2137 rem

2022 2165 2375 2231 tractaverit,
2409 2164 2735 2235 simulatque
2771 2165 3024 2238 Erigcna,
3071 2170 3344 2224 communi
3383 2169 3610 2227 forsitan

2021 2257 2275 2328 loquendi
2314 2273 2415 2313 usu
2454 2258 2714 2322 serviens,
2752 2259 2827 2314 ita
2852 2259 2954 2314 fuit
2981 2259 3214 2327 locutus,
3259 2264 3413 2332 quasi
3444 2265 3611 2320 Deum

2019 2348 2336 2418 profiteatur
2375 2364 2407 2403 a
2453 2349 2649 2404 creatis
2692 2351 2856 2407 rebus
2897 2351 3206 2417 diversum,
3252 2355 3504 2410 continuo
3531 2355 3616 2411 of-

2023 2440 2165 2496 fendi
2190 2440 2290 2495 sibi
2321 2439 2592 2508 videatur,
2624 2439 2975 2513 Scotumque,
3010 2445 3079 2499 ab
3104 2446 3341 2516 antiquis
3360 2449 3616 2518 tempori-

2022 2528 2120 2585 bus
2145 2530 2470 2600 pantheismi
2500 2542 2835 2599 accusatum,
2871 2549 2977 2590 non
3016 2534 3179 2591 modo
3205 2537 3613 2604 absolvendum,

2020 2637 2209 2677 verum
2231 2623 2394 2677 etiam
2422 2624 2568 2678 omni
2592 2624 2856 2680 honorum
2882 2603 3100 2695 genere,
3129 2646 3148 2679 ¢
3170 2643 3333 2698 quum
3354 2631 3612 2685 amussim

2020 2713 2269 2767 veritatis
2295 2730 2398 2768 non
2427 2714 2497 2769 sit
2528 2723 2909 2787 transgressus
2948 2738 2991 2782 ι,
3023 2729 3240 2775 censeat
3271 2723 3613 2779 mactandum

2020 2813 2183 2876 atque
2197 2805 2523 2876 augendum.
2542 2806 2747 2879 Neque,
2766 2810 2970 2878 hercle,
2989 2811 3357 2881 Schluetcrus,
3371 2816 3497 2870 dum
3513 2816 3617 2872 hac

2022 2897 2254 2964 ratione,
2291 2907 2350 2952 ut
2394 2914 2538 2954 nunc
2566 2916 2594 2952 a
2619 2899 2774 2955 nobis
2819 2908 2904 2955 cst
2951 2902 3219 2971 exposita,
3252 2904 3424 2975 ipsum
3463 2906 3613 2960 Scoti

2021 2987 2416 3060 philosophiam
2449 2989 2757 3059 perspicere
2795 2990 3108 3056 studuisset,
3163 3003 3271 3048 tam
3305 2993 3502 3051 frustra
3547 3011 3613 3052 co

2025 3081 2334 3136 excusando
2367 3089 2530 3151 atque
2561 3079 2898 3138 defendendo
2918 3092 3064 3139 esset
3112 3093 3363 3142 amatus.
3412 3087 3613 3143 Verum

2026 3172 2167 3227 infra
2195 3173 2439 3244 pluribus
2486 3174 2648 3227 etiam
2697 3175 2799 3244 ipsi
2836 3175 2942 3230 erit
2972 3179 3386 3234 occurrendum.
3438 3178 3616 3251 Atque

2025 3264 2090 3319 de
2111 3262 2314 3318 Natura
2354 3280 2459 3320 non
2485 3274 2666 3320 creata
2694 3275 2916 3322 creante
2944 3268 3080 3324 satis
3102 3277 3188 3324 est
3218 3270 3443 3325 dictum.

2733 3377 2762 3450 §
2804 3380 2896 3434 23.

2094 3471 2154 3525 Β.
2191 3489 2211 3522 ί
2244 3470 2430 3527 Altera
2461 3469 2699 3527 Naturae
2738 3474 2946 3544 species
2970 3483 3055 3531 est
3097 3490 3186 3543 ea,
3231 3493 3373 3548 quae
3397 3490 3616 3536 creatur

2019 3571 2077 3618 et
2102 3570 2270 3616 creat.
2303 3582 2322 3615 ι

2098 3673 2115 3702 ε
2142 3651 2285 3708 Haec
2312 3667 2419 3707 non
2450 3653 2554 3708 nisi
2586 3653 2638 3707 in
2659 3653 3098 3723 primordialibus
3120 3658 3302 3714 causis
3331 3670 3615 3723 rerum,ut

2020 3743 2360 3809 aestimatur,
2410 3742 2754 3814 intelligenda
2781 3752 2886 3799 est.
2916 3744 3068 3816 Ipsae
3112 3749 3497 3818 primordiales
3528 3768 3616 3806 re-

2021 3838 2353 3889 rum‘causae
2366 3850 2398 3887 a
2412 3833 2636 3889 Graecis
2647 3836 2987 3913 πρωτὸτνπα,
3014 3838 3117 3894 hoc
3129 3847 3214 3895 est
3239 3838 3612 3908 primordialia

2019 3926 2287 3996 exempla,
2310 3926 2393 3981 vel
2421 3931 2802 4006 προορίσματα,
2825 3930 2930 3986 hoc
2957 3939 3043 3986 est
3070 3932 3606 4002 praedestinationes,

2021 4017 2148 4071 item
2160 4019 2274 4073 θεῖα
2283 4018 2562 4089 θιλῆματα,
2578 4020 2682 4075 huc
2696 4029 2777 4075 est
2792 4020 3006 4077 divinae
3019 4022 3429 4089 voluntates,vel
3444 4025 3609 4081 etiam

2017 4112 2166 4177 ἰδέαι,
2209 4113 2263 4168 h.
2295 4127 2347 4167 e.
2376 4114 2586 4183 species
2619 4128 2666 4169 s.
2697 4112 2926 4176 formae.
2975 4115 3029 4169 in
3061 4115 3256 4185 quibus
3281 4132 3463 4172 rerum
3491 4132 3582 4173 om

2018 4202 2167 4256 nium
2210 4202 2600 4268 faciendarum,
2637 4207 2953 4274 priusquam
3000 4213 3205 4271 essent,
3244 4205 3610 4263 immutabilcs

2019 4295 2258 4350 rationes
2286 4293 2533 4349 conditae
2553 4304 2700 4360 sunt,
2732 4295 2909 4351 solent
2936 4296 3119 4352 vocari
3146 4296 3245 4368 (1').
3272 4326 3347 4338 —
3374 4295 3484 4352 Nec
3509 4297 3611 4351 im-

399 4431 477 4519 (_a)
645 4443 757 4519 est,
783 4442 844 4488 ut
868 4435 1023 4491 nobis
1049 4435 1268 4519 quidem
1293 4434 1527 4519 videtur,
1563 4455 1583 4489 α
1613 4451 1777 4519 omne
1802 4436 1911 4517 for-
1943 4461 1991 4519 ι)
2019 4448 2114 4515 per
2138 4432 2214 4519 ad
2235 4432 2501 4519 inferiora
2527 4430 2813 4519 defluentia
2831 4432 3192 4519 ,Jiterumque
3224 4448 3333 4519 per
3358 4433 3610 4519 societis-

326 4511 532 4578 malum
583 4502 666 4572 (ut
704 4518 773 4558 ex
806 4519 873 4578 eo
899 4502 1195 4578 processit,
1231 4506 1303 4560 ita
1341 4505 1427 4578 et)
1474 4507 1766 4563 essentiam
1796 4507 1914 4576 ejus

328 4572 616 4646 participat
648 4592 713 4646 ρ,
742 4572 1293 4646 substantialitcrquc
1339 4572 1462 4632 cum
1514 4592 1581 4635 co
1635 4572 1910 4635 cohaeret.

325 4640 407 4696 Cf.
438 4640 479 4703 l,
517 4640 700 4696 {2-15.
741 4644 843 4709 74;
873 4643 957 4707 III,
995 4644 1046 4697 I.
1078 4644 1194 4700 5-4.

398 4711 474 4851 Eb)
512 4711 595 4766 Cf.
628 4711 894 4777 Scbluet.,
922 4728 973 4782 p.
1009 4712 1195 4780 XVIII,
1228 4728 1383 4786 seqq.

421 4783 472 4851 ε)
509 4780 595 4851 Cf.
630 4778 874 4839 Schluet.
906 4783 943 4837 I.
970 4783 1007 4837 1.

398 4778 472 4903 (In?
509 4780 595 4837 Cf.
630 4778 874 4839 Schluet.
970 4783 1007 4837 1.
1181 4778 1189 4780 ’
1303 4778 1358 4786 ”

397 4853 433 4937 (Α
460 4855 477 4920 )
514 4850 788 4934 Hoslocos
809 4868 1077 4937 respicere
1093 4854 1352 4911 debuerat
1374 4854 1614 4937 schluct.
1643 4856 1716 4927 (p.
1735 4856 1910 4937 XIIX):

322 4931 473 4977 certe
493 4925 651 4996 enim
682 4939 760 4996 Aea
798 4925 865 4978 ad
898 4925 1118 4996 scutum
1162 4926 1529 4980 excusandum
1572 4925 1906 4996 protulisset,

323 5006 464 5064 quae
491 4991 651 5064 longe
676 4991 904 5064 fuissent
929 4994 1076 5064 dictu
1104 4996 1455 5064 speciosiora.

393 5060 522 5138 (e)_«
560 5060 910 5138 Siquidem.)
972 5060 1175 5138 Scottis
1211 5065 1449 5138 (libavit!
1472 5106 1487 5131 ,
1523 5080 1645 5136 cap.
1693 5065 1774 5138 ι.)
1811 5068 1907 5133 ait,

278 5184 289 5189 -
327 5131 617 5209 ¢_exfonte
641 5131 812 5188 totum
861 5132 1058 5189 flmnen
1097 5131 1473 5209 principaliter
1500 5131 1701 5209 manat,
1733 5131 1788 5191 et
1813 5131 1911 5209 per

274 5250 284 5256 .
320 5200 439 5268 ejus
464 5202 676 5277 alveum
700 5218 868 5277 aqua,
905 5219 1044 5277 quae
1064 5200 1240 5277 primo
1261 5200 1435 5277 surgit
1461 5207 1514 5262 in
1546 5206 1713 5272 fonte,
1759 5200 1905 5277 se'm-

357 5287 417 5327 cr
444 5290 507 5329 ac
535 5273 655 5330 sine
682 5273 789 5329 ulla
820 5273 1220 5330 intermissione
1241 5273 1552 5333 defunditur
1577 5294 1591 5330 :
1622 5278 1701 5334 sic
1724 5276 1905 5332 divi‘na

273 5388 279 5393 .
321 5343 535 5429 bonitas
581 5353 637 5429 et
679 5345 915 5429 essentia
973 5353 1030 5399 et
1049 5345 1159 5429 vita
1197 5355 1253 5401 et
1296 5347 1560 5429 sapientia
1591 5356 1673 5429 ret-
1700 5349 1905 5429 omnia,

318 5426 458 5492 quae
501 5415 554 5470 in
594 5413 1009 5492 fonteomuium
1047 5415 1223 5492 r_(l_ioc
1243 5425 1330 5471 est
1357 5413 1410 5471 in
1442 5416 1552 5492 Deo
1591 5415 1684 5488 [cf.
1710 5417 1905 5492 IV,.I])

325 5499 343 5531 ι
379 5490 526 5556 sunt,
553 5486 731 5556 primo
754 5487 808 5541 in
834 5484 1209 5556 primordiales
1237 5500 1433 5543 causas
1453 5484 1710 5551 defluunt,
1734 5496 1789 5542 et
1813 5484 1912 5544 ea":

318 5563 440 5606 esse
490 5553 730 5629 faciunt;
788 5553 1127 5629 deindeuper
1173 5555 1549 5629 primordiales
1601 5572 1794 5629 causas
1850 5560 1904 5629 in

320 5635 506 5696 earum
534 5622 756 5696 effectus
787 5622 1047 5696 ineffabili
1090 5622 1249 5682 modo
1273 5641 1370 5696 per
1398 5626 1781 5683 convenientes
1800 5628 1904 5683 sibi

322 5692 688 5749 universitatis
726 5695 944 5751 ordines
974 5692 1289 5763 decurrunt;
1327 5712 1425 5767 per
1454 5698 1730 5768 superiora
1759 5714 1903 5753 sem-
1944 5762 1961 5769 η

2019 4505 2188 4558 simos
2217 4513 2444 4557 naturae
2483 4518 2644 4572 peros
2690 4504 3059 4559 occultissimo
3097 4503 3275 4558 meatu
3306 4504 3371 4557 ad
3403 4503 3604 4557 fontem

2017 4588 2174 4627 suum
2214 4573 2440 4626 redeunt
2473 4592 2521 4628 ι.
2553 4572 2890 4642 Quamquam
2937 4582 3116 4628 autem
3169 4574 3273 4628 hac
3301 4573 3508 4628 ratione
3547 4572 3607 4626 fit

2018 4645 2071 4699 in
2101 4643 2354 4713 omnibus
2393 4643 2574 4713 omnia
2604 4644 2743 4713 Deus
2764 4682 2781 4709 ,
2833 4652 3012 4699 numen
3040 4657 3205 4713 super
3252 4643 3433 4698 omnia
3482 4657 3605 4698 esse

1928 4732 1939 4735 -
2018 4730 2123 4769 non
2157 4711 2359 4768 desinit
2386 4732 2431 4783 μ
2474 4712 2581 4779 (Ill,
2604 4712 2722 4783 20.)

2088 4783 2162 4855 (Ῑ)
2186 4783 2360 4851 Quum
2387 4782 2615 4855 Erigena
2643 4780 3040 4855 Platonicorum
3051 4781 3360 4855 doctrinam
3383 4780 3451 4837 de
3471 4782 3606 4855 ideis

2019 4855 2071 4909 in
2110 4852 2223 4908 ‘liac
2265 4868 2359 4907 sua
2412 4852 2706 4909 de’causis
2753 4852 3192 4922 primordialibus
3238 4852 3606 4921 disputatione

2017 4924 2236 4989 referat,
2261 4922 2344 4979 vel
2375 4923 2608 4978 maxime
2625 4921 2825 4992 operae
2849 4923 3081 4991 pretium
3113 4921 3308 4978 fecisse
3334 4923 3600 4987 videmur,

2014 4995 2062 5049 si
2094 4994 2229 5059 hoc,
2265 5008 2374 5064 quo
2399 5010 2545 5049 nunc
2581 4991 2789 5064 sumus,
2841 4993 2984 5064 loco,
3019 4992 3147 5064 quid
3188 4991 3402 5064 proprie
3426 4991 3603 5064 “fuerit

2013 5065 2131 5119 idea
2147 5059 2442 5128 Platonica,
2474 5063 2659 5133 paucis
2679 5059 3066 5133 monuerimus.
3101 5059 3328 5117 Utamur
3343 5061 3602 5133 litui-Itoni

2014 5135 2212 5189 verbis.
2268 5134 2315 5188 Is
2359 5131 2524 5205 igitur
2567 5134 2690 5205 ἰαί-ς
2725 5134 2852 5205 hist.
2882 5132 3031 5205 perit.
3078 5133 3209 5202 phil.
3255 5142 3385 5205 tom.
3425 5131 3510 5186 III.
3543 5148 3597 5201 p.

2012 5205 2136 5260 905.
2168 5205 2301 5260 haec
2331 5201 2534 5259 habet:
2578 5222 2598 5254 ι
2630 5201 2837 5256 Platoni
2881 5203 2997 5257 idea
3044 5201 3153 5257 nea
3191 5211 3276 5257 est
3305 5202 3418 5266 illa,
3460 5217 3602 5271 quae

2010 5291 2074 5329 ex
2103 5275 2555 5344 contemplatione
2581 5272 2913 5344 obiectorum
2956 5272 3312 5344 singularium
3324 5272 3597 5344 exsurgit,

2005 5346 2164 5400 'notio
2189 5341 2582 5409 univcrsitatis,
2615 5342 2802 5411 reique
2843 5342 3071 5413 alicujus
3099 5341 3366 5413 generalis
3399 5341 3599 5397 conce-

2013 5422 2136 5485 ptus
2156 5444 2314 5454 ——
2335 5414 2429 5485 sed
2459 5415 2612 5469 ideae
2656 5413 2885 5485 suntilli
2908 5412 3215 5468 essentialia
3264 5428 3443 5485 rerum
3481 5427 3596 5485 om-

2014 5482 2162 5558 nium
2190 5484 2541 5555 Singularium
2595 5483 2946 5558 exemplaria,
2979 5485 3255 5558 αντοονςίᾳ
3284 5482 3592 5558 εξιιιόεηείει,

2014 5555 2080 5609 ad
2120 5550 2350 5626 quoru'm
2394 5563 2641 5609 naturam
2656 5550 3012 5631 indoielnquc
3042 5568 3129 5607 res
3156 5550 3458 5631 singulares
3488 5550 3598 5631 for-

2014 5621 2193 5695 matae
2234 5633 2381 5689 sunt,
2407 5634 2622 5695 etquae
2656 5625 2742 5679 his
2781 5621 3169 5695 rebusvcram,
3199 5621 3405 5677 certam
3432 5621 3599 5695 stabi-

2012 5692 2225 5767 leuique
2253 5691 2539 5752 essontiafn
2589 5694 2907 5766 largiuntur.
2948 5693 3057 5747 Hae
3108 5692 3258 5749 ideae
3302 5708 3364 5747 ex
3413 5691 3595 5749 divina
