4002 6148
304 322 360 375 tit
1125 310 1211 365 DE
1251 308 1405 365 VITA
1449 309 1535 364 ΕΤ
1562 308 1975 364 ΡΒΑΞΩΕΡΊἸΒ
2012 308 2059 363 .l.
2105 306 2322 362 SCOTI.
2359 336 2427 348 --
2454 305 2630 363 PARS
2666 307 2730 362 ll.
3495 315 3562 371 σε

305 429 493 483 .ncrito
522 422 606 479 sic
645 422 988 494 appellantur
1009 424 1285 492 quoniam,
1322 421 1487 476 Pater
1507 422 1560 475 h.
1604 437 1653 475 e.
1691 421 1891 489 print-io
1918 430 1965 487 Α
1994 434 2056 474 ex
2079 417 2240 472 Patre
2282 417 2356 489 (id
2378 420 2522 487 quod
2555 433 2727 488 usque
2755 418 2823 474 ab
2848 390 2994 474 omni
3023 410 3343 478 aeternitate
3368 421 3567 491 factum

303 520 442 587 pium
470 515 718 571 omnium
738 515 795 569 in
812 514 989 570 Verbo
1004 529 1124 580 suo,
1146 514 1422 584 unigenito
1448 513 1696 567 videlicet
1723 512 1878 576 Filio,

301 608 538 663 omnium
565 622 750 662 rerum
779 607 1042 673 rationes,
1070 621 1205 677 quas
1248 604 1527 660 faciendas
1548 620 1668 660 esse
1692 604 1881 670 voluit,

301 701 612 768 priusquam
648 711 740 753 res
764 695 979 762 ﬁerent,
1008 694 1398 767 praeformavit
1422 713 1467 746 ι.
1494 694 1584 765 (ιι,
1613 694 1667 747 2.
1696 694 1810 764 36.)

1011 807 1174 880 gat.

370 941 388 973 ι
406 921 618 977 Causae
635 920 796 990 igitur
808 919 1203 989 primordiales,
1218 934 1382 989 quum
1399 934 1501 973 non
1523 917 1880 988 quarundam,

299 1011 389 1067 sed
413 1009 657 1065 omnium
686 1008 976 1062 visibilium
999 1007 1457 1076 invisibilimuque
1482 1023 1659 1060 rerum
1688 1020 1884 1060 causae

298 1113 420 1167 Sllll,
451 1116 685 1156 numero
710 1109 931 1155 careant
953 1114 1173 1154 necesse
1210 1108 1312 1153 est.
1342 1099 1676 1168 Quamquam
1690 1108 1883 1151 ‘atItem

299 1208 470 1264 neque
515 1203 729 1247 certum
770 1192 1015 1246 ordinem
1060 1191 1280 1255 habent,
1330 1191 1404 1245 ita
1452 1200 1510 1245 ut
1551 1190 1774 1260 quaevis
1817 1204 1882 1243 ex

299 1297 536 1352 ipsarum
586 1294 813 1335 numero
847 1282 1023 1350 prima
1051 1295 1171 1334 esse
1200 1280 1411 1348 possit,
1454 1278 1511 1333 S.
1551 1287 1730 1333 tamen
1764 1278 1887 1331 Dio—

298 1376 483 1447 nysius
505 1374 655 1443 jure,
707 1382 765 1426 ut
793 1373 1018 1433 videtur,
1073 1372 1171 1425 has
1200 1372 1387 1429 decem
1430 1372 1634 1441 primas
1680 1371 1884 1425 consti-

302 1473 437 1524 tuit:
480 1464 585 1518 Per
610 1478 671 1518 se
710 1464 882 1532 ipsam
914 1462 1147 1527 bonitas,
1190 1476 1286 1533 per
1308 1475 1367 1516 se
1411 1461 1583 1530 ipsam
1623 1461 1883 1525 essentia,

298 1570 392 1627 per
416 1570 477 1610 se
505 1556 677 1624 ipsam
710 1555 841 1618 vita,
883 1567 981 1623 per
1010 1568 1070 1607 se
1097 1553 1266 1622 ipsam
1309 1551 1597 1625 ratioLper
1624 1566 1683 1605 se
1711 1549 1884 1618 ipsam

300 1645 677 1716 intelligentia,
725 1658 823 1714 per
852 1659 910 1697 se
960 1643 1130 1713 ipsam
1163 1642 1447 1713 sapientia,
1500 1657 1598 1712 per
1627 1656 1686 1696 se
1710 1642 1882 1710 ipsum

300 1738 487 1799 rirtus,
518 1751 622 1807 per
642 1750 700 1790 se
727 1734 941 1804 (ipsam)
968 1732 1264 1797 beatitudo,
1310 1748 1408 1803 per
1434 1748 1494 1787 se
1534 1733 1705 1801 ipsam
1730 1731 1879 1785 veri-

302 1839 400 1894 tas,
420 1843 522 1898 per
540 1842 601 1882 se
631 1827 801 1896 ipsam
832 1824 1127 1880 aeternitas
1146 1824 1243 1896 (α).
1267 1824 1446 1894 Atque
1475 1823 1547 1877 ita
1576 1824 1717 1877 inter
1747 1836 1879 1877 eau-

298 1938 384 1979 sas
421 1920 820 1992 primordiales,
849 1935 983 1989 quas
1010 1935 1189 1974 rerum
1218 1919 1458 1975 omnium
1484 1918 1750 1990 principia
1801 1918 1881 1973 di-

299 2016 405 2069 vini
430 2015 707 2085 sapientes
736 2012 1039 2083 appellant,
1082 2020 1208 2067 sunt
1231 2026 1420 2067 omnes
1448 2011 1675 2064 virtutes
1701 2024 1765 2064 ac
1790 2024 1880 2063 ra-

304 2108 469 2160 tiones
497 2106 599 2176 (b),
627 2119 766 2174 quas
813 2103 980 2159 semel
1014 2110 1067 2158 et
1105 2102 1266 2158 simul
1290 2101 1453 2157 Pater
1478 2100 1609 2156 fecit
1629 2101 1682 2155 in
1722 2100 1877 2163 Filio,

302 2207 352 2251 et
375 2196 670 2251 secundum
717 2210 855 2265 quas
900 2194 1034 2249 ordo
1077 2193 1322 2247 omnium
1369 2206 1551 2247 rerum
1591 2206 1623 2245 a
1670 2186 1883 2244 summo

306 2303 463 2357 usque
486 2287 747 2342 deorsum
765 2285 983 2347 texitur,
1017 2286 1118 2340 hoc
1142 2294 1245 2350 est,
1268 2285 1338 2340 ab
1361 2282 1708 2339 intellectuali
1731 2297 1881 2337 crea-

311 2389 437 2443 tura,
489 2394 632 2448 quae
672 2378 784 2431 Deo
810 2386 929 2447 post
962 2378 1131 2432 Deum
1169 2385 1253 2431 est
1282 2375 1527 2445 proxima
1549 2415 1564 2441 ,
1613 2387 1784 2443 usque
1813 2373 1880 2426 ad

304 2478 601 2523 extremum
648 2482 833 2521 rerum
881 2466 1121 2521 omnium
1166 2465 1454 2531 ordinem,
1506 2478 1614 2533 quo
1653 2476 1898 2532 corpora,

304 2561 642 2617 continentur
677 2578 723 2611 ι.
757 2556 864 2628 (ιιι,
906 2559 994 2623 M,
1029 2557 1048 2610 l
1080 2571 1096 2622 ;
1124 2555 1186 2621 ll.
1216 2554 1330 2626 36.)

998 2671 1027 2743 ς
1068 2669 1165 2724 25.

370 2808 390 2840 ι
419 2787 729 2845 Visibilium
767 2801 951 2841 rerum
975 2785 1156 2840 causis
1193 2782 1633 2854 primordialibus
1661 2792 1745 2838 est
1765 2781 1880 2836 exi-

304 2880 404 2934 aria
449 2878 747 2944 subtilitas,
777 2874 1062 2932 inelabilis
1089 2885 1317 2930 naturae
1345 2874 1664 2946 simplicitas
1705 2887 1880 2943 eaque

302 2971 620 3036 obscuritas,
647 2983 790 3039 quae
812 2966 959 3022 nullo
984 2964 1186 3021 coloris
1227 2963 1452 3031 lumine,
1498 2964 1646 3019 nulla
1681 2963 1882 3018 forma-

306 3077 417 3116 rum
464 3062 792 3116 discretione
845 3059 917 3114 sit
965 3057 1278 3112 declarata:
1329 3055 1705 3111 intellectualis
1754 3069 1880 3108 vero

305 3155 564 3212 essentiae
591 3168 792 3210 causae
818 3151 1194 3223 primordiales
1235 3150 1438 3205 habent
1467 3150 1880 3219 incomprehen-

308 3250 509 3306 sibiletn
535 3248 902 3313 altitudinem,
951 3246 1216 3302 inﬁnitam
1254 3246 1338 3301 sui
1368 3260 1466 3315 per
1515 3244 1696 3299 omnia
1725 3242 1882 3299 dill‘u-

307 3342 526 3405 sionem,
565 3352 708 3407 quae
753 3336 898 3390 nullo
927 3336 1225 3405 percipitur
1252 3350 1437 3400 sensu,
1469 3333 1615 3390 nullo
1635 3348 1883 3403 compre-

307 3431 551 3485 henditur
576 3426 878 3491 intellectu,
900 3442 1136 3497 praeque
1158 3424 1448 3481 lnell‘abilis
1475 3439 1606 3480 suae
1632 3424 1884 3495 puritatis

304 3521 613 3576 excellentia
640 3519 987 3573 tenebrarum
1016 3518 1235 3573 nomine
1266 3526 1580 3573 meruerunt
1602 3517 1879 3588 appellari.

306 3612 378 3667 Es
405 3611 707 3676 ell'ectibus,
760 3612 863 3665 hoc
888 3619 974 3665 est
1020 3624 1086 3665 ex
1115 3610 1554 3679 processionibus
1587 3610 1643 3664 in
1685 3623 1883 3679 genera

305 3702 605 3770 [cunasque
636 3699 919 3756 sensibiles
945 3709 1107 3770 atque
1136 3700 1502 3771 intelligibiles
1545 3714 1883 3771 cognoscun-

308 3802 403 3855 tur,
425 3793 555 3863 quia
577 3800 729 3857 sunt,
753 3806 860 3845 non
887 3800 1066 3846 tamen
1093 3790 1488 3861 intelliguntur,
1512 3791 1641 3863 quid
1668 3798 1793 3846 sunt
1832 3811 1877 3844 ι.

307 3881 388 3952 (ll,
412 3882 499 3936 ιι.
529 3881 648 3951 so.)

377 4099 395 4132 ι
425 4080 481 4137 Si
510 4080 635 4151 quis
664 4094 824 4137 nosse
846 4078 993 4147 velit,
1022 4091 1204 4136 utrum
1224 4082 1541 4153 principalia
1569 4082 1658 4140 illa
1697 4099 1881 4139 exem-

309 4172 389 4246 pla
432 4186 492 4228 se
535 4176 649 4243 ipsa
680 4172 1000 4242 intelligant,
1047 4174 1360 4244 priusquam
1410 4177 1464 4228 in
1498 4190 1605 4242 res,
1654 4191 1881 4246 quarum

308 4276 499 4317 causae
517 4271 665 4326 sunt,
697 4262 987 4331 proﬂuam,
1015 4278 1203 4327 necne,
1240 4264 1367 4319 huic
1391 4265 1633 4320 breviter
1659 4281 1885 4336 respon-

310 4352 557 4416 dcndnm,
590 4353 759 4406 Deum
785 4352 840 4404 in
864 4353 1128 4422 sapientia
1168 4368 1265 4407 sua
1301 4354 1374 4426 (c)
1404 4369 1498 4409 eas
1527 4353 1746 4422 fecisse,
1777 4370 1883 4426 quo

311 4441 418 4505 tiat,
458 4450 516 4495 ut
555 4455 665 4494 non
714 4440 889 4494 solum
927 4454 986 4496 se
1030 4442 1143 4510 ipsa
1172 4451 1525 4513 cognoscant,
1579 4444 1674 4498 sed
1718 4447 1880 4500 etiam
1915 4470 1959 4528 υ

313 4547 504 4596 rerum,
550 4545 781 4600 quarum
826 4531 1088 4601 principia
1132 4543 1280 4599 sunt,
1326 4535 1573 4589 notitiam
1626 4535 1880 4590 habeant.

314 4621 421 4677 Non
442 4624 585 4678 enim
615 4624 942 4678 credendum
967 4629 1072 4687 est,
1111 4623 1166 4677 in
1188 4624 1366 4679 divina
1389 4625 1651 4693 sapientia
1678 4624 1881 4696 aliquid

314 4714 565 4784 insipiens
609 4724 668 4770 et
706 4727 769 4770 se
814 4714 991 4787 ipsum
1038 4715 1296 4785 ignorans
1323 4715 1598 4772 conditum
1629 4715 1814 4772 fuisse.
1854 4735 1874 4770 ι

315 4806 393 4875 (ll,
423 4807 510 4873 l8,
536 4808 630 4862 so.
660 4805 722 4872 v,
748 4806 867 4882 st.)

573 4934 579 4938 -
1008 4898 1182 4974 59.7.

380 5034 399 5066 ι
432 5014 670 5069 Fuerunt
693 5020 874 5066 autem
916 5028 1112 5068 causae
1138 5013 1259 5067 illae
1286 5012 1663 5083 primordiales
1710 5027 1881 5084 usque

310 5114 371 5164 ab
397 5109 543 5163 omni
570 5105 914 5162 aeternitate.
946 5105 1311 5175 Suntquidem
1338 5104 1532 5172 factae,
1567 5120 1751 5162 verum
1780 5107 1879 5172 ita,

307 5210 363 5254 ut
387 5216 563 5270 neque
593 5199 891 5253 aeternitas
914 5212 1099 5251 earum
1137 5198 1419 5263 facturam,
1467 5212 1641 5266 neque
1670 5196 1879 5252 factura

304 5296 480 5351 earum
505 5295 884 5351 aeternitatem
920 5293 1226 5364 praecedat.
1266 5291 1529 5347 Nascente
1556 5292 1699 5346 enim
1742 5290 1879 5348 Filio

304 5441 477 5487 mente
504 5433 777 5497 oriuntur,
800 5432 964 5501 inque
988 5444 1053 5485 ea
1074 5431 1403 5495 radicantur,
1428 5445 1523 5485 sua
1550 5437 1729 5484 autem
1754 5445 1880 5501 pro-

300 5504 413 5570 pria
436 5503 671 5573 gaudent
710 5502 1012 5558 substantia
1050 5520 1095 5554 ι.

370 5571 459 5641 (ιι)⁷
482 5572 626 5627 llaec
654 5574 771 5627 ideo
799 5588 896 5644 per
920 5587 978 5627 se
1002 5585 1124 5644 esse
1151 5571 1405 5644 dicuntur
1423 5611 1439 5636 ,
1487 5572 1629 5641 quod
1665 5591 1687 5623 ε
1717 5572 1878 5644 unius

300 5644 671 5698 universorum
692 5642 889 5698 caumae
924 5642 1371 5713 participationes
1407 5651 1556 5706 sunt,
1585 5657 1760 5711 neque
1788 5642 1874 5696 illa

301 5724 544 5768 creatura
586 5725 726 5769 inter
749 5714 890 5784 ipsas
920 5724 976 5767 et
1005 5728 1166 5766 unam
1192 5713 1430 5767 omnium
1456 5728 1675 5768 causam
1718 5714 1878 5769 inter-

1983 517 2089 583 est)
2135 512 2310 566 lactae
2353 518 2480 566 sunt
2506 512 3030 580 praedestinationes
3076 515 3456 570 substantiales
3484 518 3565 584 (h.

1983 618 2035 658 e.
2066 608 2263 657 causae
2296 601 2694 671 primordiales)
2741 593 2795 656 in
2826 603 2993 659 verbo
3020 604 3136 659 Dei.
3164 604 3369 661 Causas
3398 607 3574 676 siqui-

1983 694 2105 749 dem
2137 690 2513 763 primordiales
2533 692 2679 746 Patri
2707 703 2761 746 et
2792 691 2932 748 Filio
2961 704 3277 750 coaeternas
3301 711 3422 750 esse
3451 712 3573 752 cre-

1984 784 2162 839 dimus
2191 802 2211 835 ›
2238 782 2346 853 (ιιι,
2374 782 2443 836 ιθ
2464 799 2480 848 ;
2505 782 2571 845 ιι,
2597 782 2726 837 se»
2758 781 2875 853 si.)

2057 876 2164 931 Sed
2203 873 2419 938 Scelus,
2475 875 2583 929 etsi
2624 874 2708 928 his
2740 874 2872 929 locis
2914 875 3115 930 diserte
3153 877 3331 942 dixit,
3373 889 3571 933 causas

1984 967 2360 1038 primordiales
2373 966 2520 1021 Patri
2539 965 2782 1036 Filioque
2795 981 2918 1021 esse
2938 985 2956 1016 ι
2981 978 3295 1024 coaeternas
3319 988 3363 1034 ι,
3389 978 3575 1024 tamen

1986 1059 2108 1113 aliis
2161 1059 2296 1113 locis
2352 1056 2631 1112 contendit
2658 1096 2674 1122 ,
2712 1057 2858 1126 ipsas
2903 1071 3011 1112 non
3060 1060 3283 1113 omnino
3315 1059 3400 1114 his
3446 1074 3569 1115 esse

1991 1167 2009 1200 ι
2056 1158 2375 1203 coaeternas
2414 1166 2459 1200 ι.
2515 1166 2534 1198 ι
2579 1146 2704 1201 Ideo
2734 1145 2924 1217 (enim)
2962 1165 3007 1212 ι,
3033 1147 3137 1209 ait,
3182 1166 3200 1198 ι
3235 1163 3429 1203 causas
3455 1149 3563 1218 pri-

1986 1237 2275 1292 mordiales
2306 1239 2415 1293 Deo
2444 1238 2678 1293 dicimus
2716 1248 3056 1304 coaeternas,
3101 1239 3230 1309 quia
3271 1254 3483 1309 semper
3513 1240 3575 1293 inv

1985 1330 2096 1384 Deo
2130 1330 2247 1384 sine
2273 1329 2385 1384 ullo
2427 1331 2710 1400 temporali
2765 1331 3033 1402 principio
3078 1332 3401 1394 subsistunt,
3451 1334 3567 1390 ideo

1985 1419 2086 1489 ipsi
2118 1434 2222 1473 non
2254 1428 2593 1484 coaeternas,
2625 1420 2752 1490 quia
2791 1435 2897 1475 non
2926 1435 2958 1474 a
2986 1434 3045 1475 se
3074 1420 3222 1491 ipsis,
3272 1422 3365 1476 sed
3410 1438 3438 1475 a
3469 1437 3574 1476 suo

1987 1520 2234 1566 creatore
2256 1512 2521 1581 incipiunt
2540 1526 2684 1575 esse,
2709 1513 2828 1581 ipse
2844 1526 2974 1565 vero
2995 1521 3212 1567 creator
3240 1513 3387 1567 nubo
3412 1515 3571 1568 modo

1987 1601 2315 1670 incipitesse
2351 1619 2399 1655 ι.
2437 1601 2534 1655 Est
2576 1611 2755 1656 autem
2796 1603 2899 1657 hac
2923 1602 3067 1657 illius
3094 1601 3170 1659 rei
3212 1603 3573 1672 explicatione

1989 1693 2163 1764 magis
2201 1694 2363 1747 etiam
2391 1693 2635 1747 miranda
2660 1693 2801 1747 ratio
2824 1694 3111 1763 quaedam,
3140 1708 3278 1762 quae
3304 1694 3433 1750 huic
3470 1693 3573 1764 ipsi

1911 1772 1955 1830 Β
1986 1782 2329 1852 explicationi
2354 1792 2439 1838 est
2457 1783 2695 1851 adjecta:
2735 1802 2755 1834 ι
2786 1783 2844 1838 Si
2874 1785 2927 1839 in
2949 1785 3062 1854 ipsa
3091 1800 3252 1840 causa
3280 1791 3571 1840 causarum

1984 1873 2246 1938 omnium,
2286 1873 2339 1926 in
2368 1873 2426 1926 S.
2459 1871 2742 1939 'l‘rinitate,
2775 1874 3040 1943 quaedam
3083 1874 3402 1945 intelligitur
3438 1889 3573 1943 pro-

1983 1966 2157 2021 cessio
2178 1994 2252 2005 —
2283 1964 2467 2019 Deitas
2493 1965 2636 2020 enim
2682 1966 2909 2035 gignens
2932 1974 2987 2019 et
3034 1967 3253 2021 mittens
3294 1964 3575 2034 praecedit

1984 2055 2220 2124 genitam
2257 2063 2314 2108 et
2350 2056 2753 2123 procedentem,
2790 2057 2917 2110 dum
2954 2054 3025 2109 sit
3053 2069 3157 2110 una
3203 2063 3260 2109 et
3288 2056 3567 2124 insepara-

1984 2144 2108 2200 bilis
2142 2144 2324 2199 Deitas
2346 2172 2419 2184 —
2448 2159 2554 2198 non
2585 2147 2783 2198 mirum
2813 2153 2916 2209 est,
2947 2156 3041 2200 aut
3075 2144 3406 2208 incredibile,
3439 2151 3569 2199 can:

1983 2250 2166 2291 sarum
2226 2236 2469 2291 omnium
2514 2250 2731 2292 causam
2792 2237 3118 2308 praecedere
3179 2253 3242 2292 ea
3268 2278 3286 2304 ,
3335 2254 3567 2307 quorum

1983 2340 2144 2381 causa
2192 2335 2279 2382 est
2310 2347 2355 2380 ι.
2413 2327 2660 2404 ωομεν.
2714 2327 2837 2382 Nat.
2888 2329 2951 2395 ιι,
3000 2329 3102 2395 2t;
3157 2330 3243 2394 ιιι,
3308 2330 3341 2384 5
3389 2336 3567 2399 seqq.)

1988 2432 2007 2465 ι
2038 2414 2376 2485 Quamquam
2417 2425 2599 2471 autem
2651 2418 2770 2487 capi
2794 2419 3001 2487 nequit,
3048 2420 3318 2489 quomodo
3370 2435 3571 2475 causae

1981 2505 2358 2576 primordiales
2383 2515 2436 2561 et
2480 2508 2657 2562 tactae
2685 2519 2739 2561 et
2767 2517 3022 2563 aeternae
3065 2509 3273 2579 possint
3302 2524 3443 2573 esse,
3480 2524 3568 2564 res

1985 2604 2163 2648 tamen
2218 2593 2516 2648 illustratur
2562 2596 2810 2665 exemplo
2858 2611 3232 2662 numerorum,
3265 2598 3358 2666 qui
3405 2598 3567 2651 simul

1980 2687 2189 2741 aeterni
2237 2696 2440 2741 suntet
2475 2686 2644 2742 facti:
2692 2688 2900 2742 aeterni
2943 2689 3002 2742 in
3050 2690 3298 2756 monade,
3351 2686 3482 2744 facti
3512 2689 3566 2742 in

1981 2779 2230 2835 monadis
2257 2778 2702 2848 multiplicatione
2729 2798 2774 2832 ι.
2806 2778 2914 2851 (ω,
2950 2780 3008 2834 ll
3037 2780 3213 2850 seqq.)

2691 2912 2719 2985 ς
2768 2911 2858 2966 ss.

2054 3024 2188 3081 Viva
2210 3025 2374 3095 igitur
2395 3023 2483 3077 illa
2511 3022 2652 3096 (sup.
2678 3024 2815 3096 §26)
2838 3024 3078 3078 omnium
3107 3024 3363 3078 virtutum
3396 3025 3566 3080 ratio-

1906 3121 1952 3183 C
1982 3131 2245 3186 numque,
2272 3115 2467 3186 quibus
2492 3130 2671 3189 rerum
2701 3124 2926 3169 naturae
2966 3115 3291 3170 universitas
3315 3115 3567 3178 etlicitur,

1985 3208 2231 3279 exempla
2269 3206 2607 3279 principalia,
2655 3222 2794 3275 quas
2835 3198 3211 3276 primordiales
3251 3224 3446 3263 causas
3472 3224 3569 3279 ap-

1982 3300 2305 3370 pellavimus
2331 3298 2383 3373 (§
2406 3299 2613 3371 25-24),
2642 3314 2747 3352 non
2776 3299 2949 3354 solum
2978 3299 3088 3353 Deo
3133 3306 3257 3354 sunt
3282 3308 3567 3356 maetcrna

1985 3392 2037 3464 (δ
2065 3392 2178 3460 2'7),
2208 3407 2396 3446 verum
2419 3392 2585 3446 etiam
2615 3405 2786 3462 usque
2817 3392 2883 3445 ab
2902 3391 3050 3446 omni
3091 3391 3411 3446 aeternitate
3442 3407 3565 3446 cum

1985 3482 2097 3536 Deo
2111 3481 2398 3550 conjuncta
2420 3472 2604 3551 atque,
2631 3484 2766 3537 adeo
2784 3482 2836 3535 iit
2866 3481 2983 3552 ipso
3007 3480 3295 3536 Deol'uere.
3324 3480 3567 3550 Namque

1984 3588 2016 3626 a
2051 3571 2163 3628 Deo
2213 3572 2397 3638 Patre,
2453 3588 2666 3628 summo
2694 3574 2936 3628 omnium
2987 3588 3165 3628 rerum
3193 3574 3477 3644 principio,
3511 3576 3565 3627 in

1981 3659 2120 3717 Filio
2149 3662 2448 3733 unigenito,
2471 3672 2652 3717 creata
2674 3677 2771 3718 seu
2793 3663 3008 3717 condita
3038 3678 3133 3717 seu
3160 3661 3300 3717 facta
3328 3672 3475 3728 sunt,
3509 3674 3568 3718 ut

1983 3765 2195 3822 semper
2227 3772 2245 3803 ι
2275 3752 2328 3805 ἰιι
2373 3752 2488 3823 ipso
2514 3752 2855 3807 substiterint
2888 3773 2935 3806 ι.
2966 3752 3017 3826 (§
3053 3752 3258 3820 25-24;
3294 3752 3324 3825 ς
3353 3753 3567 3822 26-27.)

1984 3843 2262 3912 Quomodo
2290 3853 2471 3899 autem
2520 3860 2719 3901 causae
2756 3838 3134 3917 primordiales
3184 3848 3238 3900 in
3271 3847 3446 3903 Verbo
3472 3847 3569 3902 Dei

1982 3938 2261 4009 unigenito
2285 3939 2534 3995 conditae
2560 3942 2691 4007 sint,
2726 3958 2744 3991 ι
2774 3955 2962 3996 onmes
2983 3950 3201 4013 superat
3238 3943 3563 4011 intellectus,

1983 4030 2191 4101 solique
2215 4032 2406 4097 Vfcrbo,
2436 4033 2488 4086 in
2519 4048 2627 4103 quo
2656 4042 2780 4089 sunt
2802 4036 3073 4100 conditae,
3098 4036 3369 4108 c0gnitum
3397 4047 3480 4091 est
3516 4055 3563 4091 ι.

1985 4123 2093 4194 (lll,
2124 4124 2338 4196 lii—l7.)
2366 4123 2728 4181 Nihilominus
2778 4126 3007 4199 Erigena
3055 4128 3159 4182 alio
3185 4129 3418 4198 quodam
3448 4128 3572 4183 loco

1985 4217 2219 4274 scribit:
2255 4236 2274 4269 ι
2315 4217 2592 4289 Siquidem
2638 4233 2706 4273 ex
2755 4219 2907 4273 fonte
2952 4220 3151 4274 ﬂumen
3194 4220 3567 4291 principaliter

1984 4321 2191 4377 manat,
2212 4321 2265 4367 et
2285 4327 2382 4382 per
2404 4311 2523 4382 ejus
2546 4312 2757 4365 alveum
2780 4326 2939 4382 aqua,
2959 4327 3096 4380 quae
3117 4313 3289 4381 surgit
3317 4312 3370 4366 in
3396 4311 3564 4378 fonte,

1985 4401 2314 4466 defunditur,
2340 4401 2421 4455 sic
2443 4401 2624 4454 divina
2651 4401 2882 4465 bonitas,
2904 4408 2959 4454 et
2985 4403 3242 4468 essentia,
3270 4413 3325 4457 et
3353 4404 3485 4471 vita,
3511 4415 3569 4459 et

1984 4493 2269 4561 sapientia,
2298 4501 2355 4546 et
2388 4492 2590 4556 omnia,
2619 4505 2756 4560 quae
2782 4490 2836 4544 in
2868 4489 3017 4545 fonte
3060 4493 3299 4547 omnium
3328 4493 3406 4566 (h.
3436 4512 3485 4549 e.
3512 4496 3567 4550 iu

1984 4582 2097 4637 Deo
2147 4580 2244 4653 (cf.
2309 4580 2415 4648 IV,
2470 4579 2562 4654 1])
2622 4590 2769 4643 sunt.
2824 4582 2880 4636 in
2944 4583 3323 4651 primordiales
3376 4602 3568 4644 causas

1983 4676 2246 4745 deﬂuunt,
2265 4686 2321 4733 et
2340 4691 2433 4733 eas
2454 4691 2577 4733 esse
2602 4675 2811 4734 faciunt
2836 4697 2882 4731 ι.
2910 4678 3019 4750 (lll,
3043 4677 3125 4751 ι.)

2687 4812 2858 4885 529.

2054 4929 2234 4999 Atque
2275 4929 2413 4985 haec
2461 4927 2575 4997 ipsa
2622 4929 2787 4982 verba
2839 4936 3025 4997 aperte
3072 4928 3349 4983 declarant
3401 4930 3566 4986 etiam

1986 5020 2138 5088 illud,
2170 5035 2362 5076 causas
2404 5016 2778 5089 primordiales
2818 5031 2938 5073 esse
2969 5033 3149 5074 rerum
3171 5019 3413 5090 exempla
3440 5022 3565 5074 sub-

1985 5109 2281 5175 stantialia,
2328 5124 2470 5179 quae
2521 5108 2950 5165 substantialiter
3003 5125 3069 5164 ex
3130 5111 3311 5165 divina
3360 5109 3567 5164 fluxere

1985 5201 2307 5265 substantia,
2329 5200 2676 5270 ejusdemque
2704 5216 2826 5255 cum
2860 5202 2974 5270 ipso
2991 5201 3098 5255 Deo
3119 5210 3243 5255 sunt
3272 5202 3562 5256 essentiae.

1985 5296 2138 5366 Quod
2179 5296 2378 5351 Scottis
2422 5295 2554 5350 satis
2599 5305 2911 5350 constanter
2956 5294 3134 5350 tradit.
3163 5294 3419 5366 Legimus
3440 5310 3565 5349 cum

1981 5429 2259 5500 positacst
2288 5447 2332 5479 ι.
2367 5426 2454 5499 (ιι,
2475 5426 2574 5500 56;
2606 5425 2691 5500 ιιι,
2725 5426 2804 5500 ι.)

2053 5499 2129 5568 (b)
2152 5498 2303 5570 Quae
2331 5494 2493 5570 verba
2524 5494 2834 5570 abilliortjo
2878 5506 3160 5553 vertuntur
3192 5496 3271 5570 (p.
3302 5494 3417 5568 70.)
3462 5498 3565 5552 ait:

1979 5569 2230 5639 tlttitigen,
2260 5568 2559 5639 lebendigen
2586 5568 2833 5639 Begri/I'e.
2867 5637 2873 5639 _
2990 5637 2997 5639 ξ
3124 5636 3147 5639 μ
3164 5637 3177 5639 _
3204 5568 3212 5570 ‘
3240 5601 3261 5613 κ

2051 5636 2129 5720 (c)
2160 5637 2269 5693 Hoc
2293 5650 2396 5702 est,
2425 5636 2481 5693 in
2509 5639 2646 5694 Filio
2666 5636 2764 5695 suo
2788 5637 3080 5710 ttnigenito.
3109 5636 3192 5695 Cf.
3223 5654 3339 5710 sup.
3375 5637 3405 5712 ᾗ
3436 5640 3519 5695 l2.
3545 5655 3564 5704 ;

1978 5709 2047 5764 de
2073 5714 2179 5764 div.
2216 5709 2284 5764 ιι.
2312 5708 2401 5764 22.

2015 5724 2047 5764 e
2073 5724 2179 5764 uiv.
2216 5724 2284 5776 ιι,
2312 5724 2401 5764 zz.
