4002 6148
369 332 439 391 6'5
734 379 742 386 .
1398 320 1486 374 DE
1521 314 1787 373 ΙΟΛΝΝΕ
1818 312 2040 368 SCOTO
2077 313 2597 374 COMMENTATIO.
3530 307 3601 361 ﬁt

368 440 532 504 ιητίὶιιι
564 441 716 508 alia.
769 450 881 494 tum
938 437 1113 492 haec:
1163 452 1180 485 ε
1218 430 1354 486 Dicit
1406 444 1560 482 sacra
1621 424 1901 494 Scriptura
1937 439 1950 475 :
1986 431 2204 501 Aquam
2240 431 2422 499 fugere
2454 424 2879 497 possit,Scotum
2902 422 2987 479 bis
3016 422 3150 478 locis
3179 419 3291 489 (Ill.
3321 420 3373 480 9.
3396 418 3605 487 praeci-

374 559 426 590 (ι
456 537 511 592 In
544 532 811 605 principio
843 528 969 584 fecit
996 527 1137 581 Deus
1164 522 1371 578 coelum
1397 527 1452 573 et
1474 527 1673 572 terram
1706 535 1786 578 ιι,
1820 515 1875 568 li.
1900 528 1952 568 e.

370 630 515 683 Deus
544 626 708 680 Pater
753 624 805 677 in
837 621 948 675 Deo
971 616 1107 672 Filio
1134 612 1540 668 universitatem
1594 608 1759 662 totius
1805 619 1959 660 erea-

371 731 525 774 turae
551 715 779 770 visibilis
805 722 859 766 et
888 707 1170 764 invisibilis
1193 704 1467 768 condidit;
1495 710 1551 755 et
1579 700 1707 769 quid
1736 699 1787 752 in
1810 697 1958 768 prin-

369 809 511 877 cipio
551 820 671 868 suo,
696 804 747 857 in
781 801 942 854 verlzo
986 812 1106 860 suo,
1135 797 1187 850 in
1216 794 1352 849 Filio
1378 807 1477 848 suo
1502 789 1778 862 unigenito
1803 796 1959 856 pater

371 898 648 957 conderet,
680 891 820 961 quod
853 890 968 959 ipse
1020 886 1189 941 Filius
1233 884 1308 955 (α)
1363 898 1468 937 non
1496 881 1674 936 esset?
1705 877 1955 945 Alioquin

375 1002 480 1041 non
515 986 566 1038 in
601 986 715 1054 ipso
740 980 1060 1037 condiderit.
1092 978 1198 1030 Aut
1223 974 1490 1045 quomodo
1515 980 1812 1042 pateretur,
1840 966 1956 1022 ﬁeri

373 1079 425 1130 in
451 1092 508 1130 se
541 1074 766 1128 verbum
808 1071 902 1141 (bg,
935 1068 1075 1139 quod
1109 1067 1210 1121 sibi
1255 1059 1709 1119 consubstantiale
1740 1073 1846 1112 non
1871 1072 1954 1109 es-

370 1168 489 1220 set?
519 1165 633 1219 Non
657 1164 800 1218 enim
845 1161 933 1214 lux
980 1159 1110 1233 sinit
1141 1158 1193 1212 in
1225 1171 1283 1210 se
1310 1155 1579 1215 tenebras,
1630 1166 1729 1204 nec
1756 1147 1958 1203 veritas

368 1259 421 1312 iu
466 1274 524 1312 se
546 1257 736 1325 recipit
765 1254 1078 1324 ﬁgmentum
1121 1270 1166 1305 ι.
1199 1248 1309 1320 (Ill,
1340 1246 1450 1317 i7.)
1481 1246 1716 1300 [labetur
1761 1241 1957 1297 deinde

370 1348 478 1423 (ill,
534 1347 583 1416 l)
635 1348 737 1401 boc
771 1361 786 1398 :
824 1364 841 1396 ι
890 1343 944 1397 ln
1006 1342 1259 1409 omnibus
1305 1338 1483 1393 causis
1520 1333 1959 1405 primordialibus

372 1436 716 1488 onil‘ormiter
758 1435 893 1489 haec
949 1431 1128 1502 regula
1175 1431 1520 1491 observatur,
1569 1425 1711 1494 quod
1759 1439 1855 1495 per
1896 1435 1957 1477 se

373 1529 518 1595 ipsas
541 1526 985 1596 participationes
1010 1520 1335 1593 principales
1361 1528 1486 1574 sunt
1528 1518 1689 1570 unius
1714 1515 1955 1569 omnium

374 1632 591 1680 causae,
616 1630 754 1686 quae
786 1615 926 1669 Deus
953 1622 1037 1667 est
1068 1630 1086 1663 ι
1119 1610 1211 1681 (cf.
1244 1609 1307 1672 ll,
1334 1608 1447 1677 '56).
1476 1607 1613 1675 Quid
1645 1616 1823 1659 autem
1854 1605 1952 1658 ista

379 1727 396 1758 ι
432 1676 773 1774 participatio
810 1722 826 1754 ι
867 1701 1082 1772 proprie
1124 1676 1226 1754 sibi
1276 1698 1427 1763 velit,
1478 1695 1722 1767 pluribus
1755 1692 1862 1765 (Ill,
1893 1693 1950 1762 3;
1990 1676 2032 1735 Β

371 1802 440 1852 ab
465 1796 690 1866 Erigena
721 1785 1040 1864 explicatur,
1070 1804 1302 1860 quorum
1323 1802 1591 1844 summam
1615 1787 1688 1839 ita
1712 1785 1928 1855 proposi

372 1900 480 1944 tam
503 1889 806 1944 invenimus
831 1901 846 1940 :
871 1906 887 1937 ι
919 1885 1055 1939 Hinc
1085 1883 1339 1938 facillime
1361 1882 1522 1936 datur
1548 1878 1794 1948 intelligi,
1822 1875 1953 1931 nihil

371 1981 515 2035 aliud
544 1993 667 2034 esse
694 1975 1187 2048 participationem.
1241 1972 1343 2026 nisi
1374 1986 1439 2026 ex
1475 1969 1737 2039 superiori
1767 1982 1954 2023 essen-

370 2073 445 2123 tia
479 2071 748 2123 secundae
778 2075 899 2136 post
927 2079 1046 2117 eam
1077 2061 1346 2116 essentiae
1375 2058 1764 2136 derivationem
1800 2076 1847 2109 ι.

440 2159 517 2212 ita
586 2157 750 2227 igitur
805 2169 1003 2210 causae
1058 2150 1439 2222 primordiales
1494 2131 1654 2203 uilius
1713 2145 1955 2202 omnium

290 2318 293 2321 Α
369 2265 586 2313 causae,
643 2263 782 2318 quae
842 2246 983 2301 Deus
1033 2254 1136 2305 est,
1195 2250 1323 2297 sunt
1373 2238 1842 2312 partieipationes,
1899 2244 1958 2291 ut

376 2361 393 2388 ε
433 2354 616 2391 earum
648 2335 881 2392 essentia
929 2349 1000 2389 ex
1046 2332 1205 2403 hujus
1250 2329 1486 2387 essentia
1533 2328 1605 2382 sit
1656 2327 1894 2381 derivata
1931 2346 1949 2378 ι

371 2432 477 2489 boc
511 2439 595 2483 est
632 2448 650 2478 ι
693 2438 948 2498 umquam
979 2440 1119 2494 aqua
1155 2439 1221 2477 ex
1248 2421 1395 2477 fonte
1424 2418 1742 2491 proﬂuxerit
1788 2436 1833 2471 ι.
1860 2415 1954 2489 (cf.

371 2522 456 2581 Ill,
499 2520 532 2574 ξ’,
565 2519 646 2590 5.)

1084 2603 1113 2675 §
1158 2601 1246 2655 50.

445 2723 627 2794 Neque
656 2720 837 2777 tamen
875 2723 979 2776 hoc
1020 2720 1138 2775 loco
1177 2716 1571 2789 praetereunda
1601 2714 1818 2770 videtur
1869 2711 1958 2768 illa

374 2814 678 2869 Seblueteri
699 2813 881 2882 opinio
901 2810 994 2882 (c),
1016 2811 1175 2880 plane
1196 2823 1407 2875 errasse
1429 2808 1464 2861 I.
1494 2805 1837 2863 Goerresium
1858 2803 1960 2876 (d),

375 2922 540 2975 quum
592 2906 666 2980 ita
721 2903 1004 2967 scriberet,
1064 2900 1321 2955 Naturam
1374 2908 1608 2955 creatam
1664 2905 1961 2961 ereantem,

2053 543 2155 591 pne
2175 523 2265 588 Ill,
2292 520 2651 583 20-2l)aliam
2680 516 2950 587 quandam
2986 528 3098 568 rem
3130 509 3393 581 probandi
3421 507 3603 563 studio

2049 617 2216 671 fuisse
2245 616 2554 683 abreptum,
2579 625 2677 664 nos
2699 608 2915 676 quidem
2950 605 3060 669 illa,
3093 621 3110 653 ι
3143 599 3336 656 Filium
3361 598 3454 653 Dei
3481 613 3604 652 cum

2049 709 2251 762 Natura
2289 715 2471 760 creata
2525 711 2745 757 creante
2797 713 2962 752 unum
3000 709 3122 749 esse
3154 702 3210 747 et
3242 692 3295 745 id
3346 693 3520 759 ipsum
3557 708 3604 754 ι,

2056 819 2074 851 ι
2110 799 2303 853 Filium
2338 797 2427 850 Dei
2455 808 2575 849 esse
2600 794 2840 846 cre'atum
2874 807 2922 854 ι,
2948 802 3053 841 non
3081 784 3305 839 omnino
3326 781 3390 834 ad
3427 780 3609 833 vivum

2050 893 2425 947 existimamus
2460 886 2778 944 reseranda.

2750 975 2907 1047 55L

2123 1080 2186 1137 C.
2223 1078 2480 1133 Venimus
2521 1088 2665 1128 nunc
2692 1072 2756 1125 ad
2798 1088 2814 1120 ι
2855 1067 3070 1121 tertiam
3099 1063 3316 1119 Naturae
3348 1070 3613 1128 spectem,

2055 1188 2195 1243 quae
2219 1179 2458 1234 creatur,
2485 1175 2539 1219 et
2565 1180 2671 1218 non
2706 1170 2854 1216 creat
2894 1178 2940 1211 ι.

2134 1263 2336 1317 «illaec
2367 1258 2577 1328 species
2612 1256 2663 1307 in
2716 1253 2782 1306 iis
2831 1254 2993 1303 rebus
3040 1244 3358 1313 intelligitur
3391 1254 3531 1316 quae
3560 1247 3614 1298 in

2064 1355 2417 1427 generatione
2454 1348 2896 1417 temporibusque
2931 1354 2994 1394 ac
3030 1339 3163 1391 locis
3193 1350 3615 1401 cognoscuntur,

2060 1452 2162 1504 hoc
2194 1455 2296 1511 est,
2338 1445 2392 1497 in
2427 1438 2860 1512 primordialium
2891 1443 3178 1488 causarum
3209 1422 3491 1488 eﬁeciibus
3521 1445 3620 1483 ει-

2064 1538 2255 1595 tremis
2290 1555 2335 1590 ο.
2364 1533 2433 1604 (1,
2468 1532 2529 1597 1;
2560 1529 2647 1596 ιν,
2678 1528 2756 1609 is)

2777 1614 2805 1687 ς
2844 1615 2932 1668 32.

2125 1721 2335 1777 Causae
2365 1715 2529 1786 igitur
2559 1706 2939 1782 primo'rdiales
2971 1718 3152 1765 rerum
3187 1706 3456 1761 omnium,
3487 1713 3625 1770 quae

2066 1815 2265 1870 Natura
2287 1821 2469 1865 creata
2495 1823 2601 1861 non
2623 1812 2840 1858 creante
2863 1799 3420 1874 Comprehendunlur,
3436 1807 3625 1847 eum-

2066 1909 2150 1976 P‘a
2171 1902 2509 1973 Ιδτίιδοῖρθίίίιι
2535 1910 2669 1966 ηιιιιθ
2694 1894 2833 1946 θευει
2853 1911 3023 1966 usque
3044 1895 3113 1948 ab
3133 1890 3278 1946 omni
3303 1885 3624 1941 aeternitate

2069 1998 2122 2047 in
2151 1994 2287 2047 Filio
2312 2006 2411 2044 suo
2431 1986 2768 2059 condiderat,
2798 2002 3011 2054 semper
3040 1983 3091 2036 in
3124 1979 3313 2034 eodem
3350 1971 3628 2041 unigenito

2072 2085 2165 2145 Dat
2194 2082 2332 2144 Filia
2365 2081 2751 2144 abstiterunt.
2786 2078 2840 2151 (ᾗ
2872 2075 3045 2135 25-50
3073 2092 3087 2139 ;
3119 2071 3208 2135 Ill,
3241 2066 3385 2135 8-9,)
3434 2083 3451 2115 ι
3492 2062 3627 2114 Dum

2071 2193 2249 2236 autem
2283 2181 2338 2235 in
2371 2177 2638 2249 principio
2659 2172 2923 2232 omnium,
2947 2163 3185 2221 iuVerbo
3209 2158 3298 2212 Dei
3328 2154 3625 2222 unigenito,

2072 2244 2396 2340 substitutae
2432 2267 2822 2335 intelliguntur,
2857 2274 3025 2314 unum
3058 2262 3184 2310 sunt
3231 2259 3287 2304 et
3335 2244 3627 2314 simplices,

2077 2367 2330 2433 nulloque
2382 2360 2595 2430 cognito
2651 2356 2840 2411 ozdine
2871 2349 3122 2406 delinitae
3170 2351 3263 2397 aut
3297 2346 3628 2409 segregatas.

2079 2456 2191 2510 lloc
2219 2426 2271 2508 in
2303 2426 2587 2508 eﬂ‘ectibus
2617 2449 2731 2502 suis
2755 2445 3052 2513 patiuntur.
3087 2438 3217 2490 Dum
3247 2431 3389 2487 enim
3418 2429 3474 2482 iu
3498 2426 3632 2478 etre-

2077 2563 2196 2603 ctus
2219 2561 2367 2605 suos,
2394 2544 2447 2597 in
2474 2540 2742 2595 intinitum
2758 2531 3167 2601 multiplicatos,
3194 2520 3497 2593 procedunt
3518 2514 3631 2568 sive

2078 2643 2722 2715 proliuunt.numcrosam
2746 2632 3152 2694 ordinatumque
3175 2620 3258 2675 sui
3275 2615 3634 2687 pluralitatem

2080 2734 2369 2802 recipiunt.
2393 2730 2499 2784 Res
2519 2727 2714 2780 clarius
2734 2719 2991 2777 elueescit
3018 2709 3355 2770 intuentibus
3371 2702 3635 2757 circulum

2081 2836 2242 2893 atque
2282 2823 2453 2875 lineas
2477 2834 2544 2873 ex
2567 2826 2754 2871 centro
2786 2811 2850 2863 ad
2880 2823 3003 2862 eum
3035 2806 3245 2859 ductas.
3268 2796 3459 2852 0.nues
3482 2795 3627 2847 enim

2083 2918 2255 2971 lineae
2277 2913 2329 2967 in
2349 2896 2536 2965 centro
2560 2921 2721 2960 unum
2741 2910 2888 2964 sunt,
2903 2914 3003 2953 nec
3023 2896 3133 2951 ullo
3155 2893 3309 2946 modo
3330 2894 3605 2956 separatae
3623 2898 3641 2934 :

373 3013 535 3066 quam
559 2996 791 3067 Erigena
820 3001 1042 3058 statuat,
1072 3007 1191 3047 esse
1218 2990 1412 3045 Filium
1456 2989 1553 3043 Dei
1605 2987 1958 3058 unigenitum.
2005 3032 2047 3089 Ο
2086 3010 2213 3062 dum
2249 3019 2373 3058 vero
2401 3019 2467 3057 εἰ
2499 3010 2688 3054 centro
2722 2992 3143 3065 protenduntur.
3195 2982 3391 3052 spari“,
3428 2975 3644 3044 quibus

373 3091 616 3162 Lterque
657 3104 846 3144 errore
894 3089 1086 3142 ductus
1136 3093 1218 3140 est
1265 3102 1277 3138 :
1336 3082 1685 3137 Scbluelerus
1734 3078 1957 3147 majore,

373 3202 537 3260 quam
569 3183 910 3241 Goerrcsius.
964 3180 1098 3234 Nam
1152 3177 1300 3232 Scoti
1350 3185 1519 3230 sonte:
1545 3174 1618 3228 tia
1672 3173 1805 3226 haec
1855 3179 1958 3223 est.

378 3278 520 3334 Deus
559 3276 724 3332 Pater
755 3287 923 3344 usque
955 3273 1023 3325 ab
1062 3268 1391 3325 aeternitate
1413 3265 1598 3335 genuit
1628 3264 1728 3318 sibi
1755 3263 1959 3316 Filium

372 3385 533 3425 suum
566 3365 902 3437 unigenitum
935 3360 1027 3434 (cf.
1062 3376 1180 3429 sup.
1211 3358 1238 3430 ᾗ
1268 3357 1377 3427 Η).
1406 3356 1607 3409 Deinde
1628 3353 1810 3416 Pater,
1836 3353 1947 3406 iteu

375 3475 547 3537 usque
576 3457 644 3512 ab
673 3456 1016 3517 aeternitate,
1047 3453 1101 3507 in
1131 3453 1234 3505 hoc
1277 3449 1414 3504 Filio
1440 3463 1537 3503 suo
1568 3445 1774 3500 creavit
1800 3444 1879 3516 (li.
1910 3460 1962 3499 c.

382 3536 449 3608 ex
475 3550 776 3628 substantia
801 3563 897 3603 sua
916 3543 1348 3601 substantialiter
1371 3537 1571 3609 emisit)
1602 3536 1766 3591 totius
1788 3550 1966 3590 rermn

383 3644 753 3701 universitatis
802 3655 997 3696 causas
1044 3633 1446 3708 primordiales,
1477 3628 1722 3700 exempla
1769 3629 1970 3699 princi-

381 3738 543 3810 palia,
568 3749 709 3806 quae
731 3734 971 3805 ejusdem
990 3732 1148 3802 plane
1169 3745 1289 3784 cum
1314 3727 1451 3782 Filio
1468 3724 1803 3781 substantiae
1818 3730 1969 3793 sunt,

383 3839 719 3897 quorumque
741 3821 1043 3891 complexio
1064 3819 1323 3873 Naturam
1348 3814 1506 3872 eliicit
1528 3822 1763 3869 creatam
1788 3827 1975 3867 crean-

383 3929 490 3974 tem
521 3909 575 3991 (ξ
603 3917 812 3989 23-29).
841 3916 1026 3984 Itaque
1053 3912 1250 3967 Natura
1281 3918 1459 3964 creata
1504 3921 1720 3971 creans,
1749 3905 1970 3959 univer-

384 4008 497 4066 sale
524 4009 677 4079 quasi
713 4008 878 4063 totius
905 4004 1222 4060 condendae
1266 3998 1638 4056 universitatis
1664 3995 1970 4066 exemplum

381 4099 697 4172 principale,
724 4113 828 4153 non
857 4095 1029 4151 solum
1057 4095 1110 4149 in
1141 4092 1277 4148 Filio
1305 4091 1398 4145 Dei
1429 4090 1705 4160 unigenito
1733 4088 1977 4142 contine-

387 4201 495 4257 tur,
519 4206 704 4245 verum
734 4188 897 4244 etiam
927 4185 1166 4255 ejusdem
1197 4198 1319 4238 cum
1368 4182 1485 4252 ipso
1508 4189 1591 4235 est
1617 4179 1972 4235 substantiae.

386 4280 570 4335 Potuit
598 4280 764 4351 igitur
812 4276 1010 4333 Scot‘us
1031 4275 1156 4346 jure
1181 4270 1598 4342 quodammodo,
1629 4283 1771 4338 quae
1808 4266 1978 4321 Goer-

386 4369 562 4423 resius
587 4369 739 4434 dicit,
787 4382 886 4439 pro
916 4362 1290 4436 phil050pbiae
1333 4375 1465 4416 suae
1511 4357 1746 4414 decretis
1787 4370 1973 4412 revera

386 4460 598 4513 docere.
1607 4450 1612 4454 '

461 4547 646 4616 Itaque
698 4544 900 4599 factum
924 4552 1030 4609 est,
1079 4552 1139 4598 ut
1180 4540 1529 4598 contenderet
1583 4538 1688 4609 (Ill,
1739 4538 1817 4609 9),
1868 4556 1885 4588 ι
1925 4546 1978 4589 et

388 4640 563 4709 ipsum
613 4635 845 4691 Verbum
891 4636 971 4706 (li.
1021 4650 1072 4689 e.
1117 4632 1313 4688 Filium
1362 4632 1481 4701 Dei)
1525 4640 1581 4685 et
1629 4628 1975 4698 inultiplicem

391 4732 557 4786 totius
585 4730 833 4800 conditae
859 4725 1232 4781 universitatis
1271 4724 1538 4778 rationem
1592 4720 1980 4792 principalissi-

392 4839 534 4878 mam
564 4823 641 4892 (li.
670 4836 721 4876 e.
767 4819 1027 4874 Naturam
1076 4824 1312 4871 creatam
1366 4813 1665 4883 creantem)
1720 4814 1771 4866 id
1805 4813 1977 4882 ipsum

391 4928 514 4970 esse
542 4931 586 4966 ι.
613 4911 790 4980 Atque
819 4918 922 4972 est,
951 4907 1039 4962 ubi
1067 4905 1269 4975 majore
1311 4904 1477 4960 etiam
1508 4904 1626 4957 nisu
1642 4918 1766 4956 rem
1795 4898 1978 4973 gesse-

395 5003 486 5057 rit.
513 4998 756 5054 Aliirmat
794 4997 939 5052 enim
965 4995 1070 5067 (Ill,
1104 4993 1287 5065 203i)
1318 4991 1775 5048 conﬁdentissime
1821 4992 1985 5045 etiam

396 5096 498 5150 hoc
523 5111 536 5147 :
565 5111 585 5145 ι
622 5091 819 5146 Filium
875 5089 970 5143 Dei
1009 5106 1028 5140 ι
1056 5087 1185 5157 (non
1217 5086 1478 5158 genitum,
1511 5081 1628 5143 sed)
1665 5101 1683 5135 ‹
1715 5091 1983 5148 creatum,

397 5187 451 5242 in
477 5191 846 5240 creaturarum
881 5194 1105 5234 numero
1138 5176 1338 5232 factum
1372 5194 1416 5227 ›.

470 5279 669 5334 Verum
696 5273 839 5328 enim
865 5287 1016 5335 vero,
1046 5285 1168 5325 eum
1211 5269 1346 5323 alias
1374 5266 1508 5321 satis
1554 5274 1865 5320 constanter
1895 5265 1987 5319 do-

397 5377 625 5423 ccantur
651 5379 737 5430 ea,
768 5376 909 5434 quae
937 5374 1100 5430 supra
1147 5357 1554 5429 explicavimus,
1595 5370 1769 5424 neque
1800 5366 1986 5424 quem-

474 5524 551 5594 (a)
579 5525 733 5592 Quod
760 5528 1035 5594 nonesset
1067 5538 1083 5570 ι
1120 5515 1417 5594 ἰρεξηῐτίψὶ
1445 5510 1902 5594 consubstantiaie
1927 5530 1981 5594 3-.

401 5581 721 5659 cl.‘ll'l,‘l7;
756 5593 818 5657 ll,
854 5592 924 5647 20
962 5581 1153 5661 seqq.{
1198 5587 1282 5649 Ill,
1332 5584 1452 5647 8.9;
1500 5584 1787 5653 praecipue
1827 5582 1886 5643 ν,
1915 5581 1985 5634 24

403 5680 534 5733 seqq
544 5704 556 5715 .

474 5721 549 5806 (ὁ)
573 5732 684 5790 lloc
706 5743 789 5789 est
805 5748 1090 5789 causarum
1110 5725 1539 5800 primordialium
1558 5721 1993 5794 complexionem

2084 3079 2459 3167 segregantur,
2482 3105 2728 3147 crescere
2746 3086 3036 3152 incipiunt,
3058 3076 3235 3131 donec
3253 3075 3318 3127 ad
3340 3079 3643 3123 extremum

2084 3190 2344 3242 circulum
2379 3182 2724 3253 perveniunt,
2756 3177 2847 3231 ubi
2895 3171 3156 3229 latissima
3188 3182 3285 3221 sua
3324 3164 3647 3218 diastemata

2089 3286 2472 3332 mensurantur
2521 3292 2565 3322 ι.
2602 3268 2713 3339 (Ill,
2758 3267 2777 3321 l
2817 3272 2994 3334 seqq.)

2771 3428 2799 3502 ς
2846 3430 2933 3485 53.

2146 3569 2164 3601 ι
2201 3548 2401 3604 Deinde
2428 3560 2535 3601 una
2570 3544 2812 3601 omnium
2842 3556 3029 3603 causa,
3090 3540 3249 3604 Deus,
3306 3551 3498 3591 causas
3543 3535 3659 3606 pri-

2073 3640 2385 3706 mordiales,
2412 3628 2866 3708 quemadmodum
2898 3633 2951 3687 in
2975 3631 3113 3686 Filio
3141 3645 3238 3685 suo
3285 3626 3545 3690 condidit,
3581 3627 3657 3680 ita

2074 3748 2172 3804 per
2201 3731 2464 3803 Spiritum
2502 3738 2749 3784 sanctum
2778 3727 2829 3780 in
2854 3722 3079 3779 eﬂectus
3128 3736 3255 3776 suos
3279 3718 3469 3773 dividit
3495 3727 3660 3785 atque

2075 3825 2414 3895 multiplicat.
2464 3820 2552 3875 Ait
2583 3834 2737 3875 sacra
2779 3816 3061 3886 Scriptura
3091 3831 3104 3866 :
3142 3832 3161 3865 ι
3198 3812 3266 3866 Ει
3294 3809 3529 3880 Spiritus
3562 3806 3660 3861 Dei

2076 3916 2352 3970 ferebatur
2374 3928 2535 3983 super
2561 3925 2730 3981 aquas
2758 3927 2809 3963 ο.
2842 3905 3010 3974 llujus
3039 3905 3115 3958 rei
3146 3901 3661 3957 facillimus-occur-

2079 4006 2151 4061 rit
2194 4003 2519 4067 intellectus,
2567 3999 2633 4065 si,
2682 4010 2737 4052 ut
2789 3996 2985 4068 Syrum
3028 3992 3295 4063 quendam
3323 3986 3663 4043 transtulisse

2079 4098 2279 4163 ferunt,
2309 4096 2519 4166 legatur
2550 4110 2563 4147 :
2601 4110 2621 4143 ι
2651 4092 2721 4145 Et
2749 4089 2984 4159 Spiritus
3030 4084 3122 4139 Dei
3156 4081 3370 4137 fovebat
3411 4093 3580 4149 aquas
3611 4096 3661 4131 ι.

2079 4188 2317 4259 Spiritus
2328 4186 2472 4240 enim
2489 4192 2711 4239 sanctus
2723 4193 3008 4235 causarum
3022 4171 3450 4247 primordialium
3469 4184 3662 4237 aquas,

2080 4292 2139 4336 ut
2187 4282 2237 4335 in
2268 4294 2356 4343 ea,
2383 4292 2612 4346 quorum
2658 4287 2820 4328 causa
2862 4278 3007 4333 sunt,
3049 4265 3392 4338 proﬂuerent‘,
3428 4262 3664 4327 fovebat,

2081 4374 2135 4428 id
2161 4381 2264 4435 est,
2293 4368 2458 4424 divini
2485 4365 2687 4421 amoris
2717 4363 2830 4419 fotu
2860 4363 3150 4417 nutriebat.
3184 4359 3264 4414 Ad
3295 4361 3397 4414 hoc
3430 4370 3666 4426 namque

2010 4472 2055 4530 ι)
2081 4479 2182 4519 ova
2208 4463 2278 4516 ab
2302 4460 2524 4514 alitibus
2556 4459 2824 4518 leventur,
2864 4464 2923 4508 ut
2949 4454 3137 4508 intima
3169 4450 3560 4519 invisibiliSque
3584 4448 3669 4501 vis

2084 4557 2376 4619 Seminum,
2404 4567 2545 4631 quae
2575 4552 2627 4606 in
2676 4550 2743 4604 iis
2787 4548 2939 4609 latet.
2987 4563 3086 4617 per
3124 4558 3379 4599 numeros
3424 4542 3667 4596 locorum

2087 4628 2497 4717 temporumque
2527 4644 2578 4697 in
2604 4641 2805 4697 formas
2849 4639 3088 4693 visibiles
3113 4633 3530 4705 corporalesque
3553 4628 3672 4700 pul-

2087 4740 2422 4797 chritudines
2450 4742 2700 4804 erumpat
2737 4753 2782 4786 ι.
2815 4733 2902 4804 (ll,
2928 4730 3019 4795 56,
3052 4727 3255 4797 19-22.)

2797 4866 2963 4941 gat.

2165 5008 2183 5040 ι
2222 4988 2367 5043 Haec
2413 4993 2595 5040 autem
2642 4982 2804 5037 unius
2830 4978 3071 5035 omnium
3116 4989 3334 5039 causae,
3361 4985 3501 5044 quae
3528 4967 3672 5025 Deus

2087 5091 2192 5146 est,
2219 5081 2271 5135 in
2299 5078 2506 5138 omnia,
2537 5088 2677 5146 quae
2731 5081 2877 5137 sunt,
2926 5085 3025 5141 per
3073 5082 3266 5124 causas
3296 5061 3672 5137 primordiales

2090 5177 2283 5233 divisio
2308 5185 2470 5243 atque
2499 5167 2876 5238 multiplicatio
2921 5165 2994 5219 ita
3044 5163 3123 5228 lit,
3168 5170 3222 5217 ut
3249 5176 3345 5232 per
3364 5156 3670 5231 generalem

2090 5267 2332 5325 omnium
2353 5262 2648 5320 essentiam
2673 5258 2871 5329 primo,
2891 5254 3147 5324 deinceps
3171 5266 3267 5323 per
3289 5262 3486 5320 genera
3513 5259 3680 5318 gene-

2091 5357 2382 5423 ralissima,
2411 5353 2604 5409 deinde
2648 5364 2746 5421 per
2777 5361 2973 5421 genera
3003 5341 3361 5417 generaliora,
3410 5338 3535 5394 inde
3577 5349 3675 5405 per

2089 5516 2205 5570 sive
2230 5512 2489 5567 Naturam
2515 5516 2752 5564 creatam
2787 5510 3079 5560 creantem.
3115 5494 3198 5551 Cl‘.
3224 5493 3251 5566 ᾗ
3282 5492 3371 5547 50.

2163 5588 2233 5654 (τ)
2263 5584 2345 5640 CI'.
2374 5598 2437 5654 p_.r
2461 5596 2590 5654 xviii
2618 5594 2733 5654 seq.

2164 5628 2243 5726 ὶὶί»
2268 5628 2350 5709 Ei.
2375 5628 2592 5706 ξιιῖίέὶὶζ
2620 5628 2830 5717 ὶὶέῑειέιί,
2862 5641 2965 5698 γοΙ.
2990 5639 3027 5704 l,
3059 5633 3249 5725 p.313
3271 5628 3395 5688 ait.
