4002 6148
285 251 356 310 63

277 367 493 434 species
522 365 868 436 specialiores
897 386 1069 443 usque
1099 377 1167 432 ad
1209 379 1420 448 species
1447 384 1868 452 specialissimas

273 469 379 525 per
427 454 764 513 differentias
811 462 1281 537 proprietatesque
1331 471 1622 527 descendat
1669 495 1713 528 ι.
1760 477 1870 543 (ill,

273 543 405 606 5—4;
441 544 502 610 ll,
556 545 626 608 2;
674 547 846 616 praef.
897 552 965 606 ad
1015 552 1156 609 Max.
1211 558 1390 611 ambh.
1441 575 1527 630 0p.
1574 560 1690 616 Gal.
1746 580 1867 635 app.

266 652 324 707 p.
368 634 479 704 ιιι.)
993 714 1016 730 ⁸
1069 717 1135 730 η

991 714 1018 786 §
1067 717 1156 771 55.

349 830 371 867 ι
404 813 545 871 Hinc
569 832 927 891 quaecunque
967 826 1035 878 ab
1065 842 1172 882 uno
1197 833 1441 885 omnium
1489 833 1750 904 principio
1775 853 1872 905 per

271 908 560 963 naturales
580 909 968 969 descensiones
998 932 1168 986 usque
1191 921 1256 974 ad
1279 923 1679 978 extremitatem
1705 927 1871 980 totius

269 1011 524 1065 naturae,
551 1017 660 1070 qua
687 1019 917 1073 corpora
965 1009 1335 1076 continentur,
1367 1023 1495 1068 sunt
1550 1018 1864 1080 constituta,

268 1106 436 1146 unum
461 1093 592 1148 illud
639 1098 884 1151 omnium
906 1100 1252 1170 principium,
1280 1120 1444 1158 unum
1473 1108 1713 1160 omnium
1745 1109 1866 1162 fon-

271 1193 380 1239 tem
404 1188 755 1257 participant.
782 1190 877 1244 Est
903 1193 1042 1245 enim
1074 1196 1416 1266 participatio
1438 1199 1574 1253 nihil
1598 1201 1740 1256 aliud
1765 1205 1863 1257 nisi

265 1291 337 1330 ex
359 1280 626 1345 superiori
652 1283 892 1336 essentia
925 1284 1213 1351 derivatio,
1245 1298 1297 1341 et
1343 1291 1412 1343 ab
1457 1306 1545 1355 ea,
1583 1308 1724 1361 quae
1755 1295 1868 1363 pri-

264 1378 418 1417 mum
469 1367 634 1422 habet
679 1385 821 1433 esse,
872 1375 1160 1439 secundae,
1228 1387 1288 1432 ut
1345 1380 1437 1443 sit,
1483 1381 1794 1438 distributio
1842 1405 1858 1436 ι

265 1453 380 1519 (Ill.
412 1455 490 1526 5).
529 1477 547 1507 t
583 1457 792 1513 Causae
822 1465 1218 1531 primordiales,
1255 1469 1396 1524 inter
1416 1487 1552 1540 quas
1581 1482 1637 1527 et
1680 1491 1862 1530 rerum

263 1546 508 1597 omnium
533 1563 753 1602 causam
781 1552 922 1606 nulla
942 1566 1193 1610 creatura
1218 1559 1531 1631 interposita
1551 1574 1654 1629 est,
1675 1565 1865 1620 imme-

265 1637 416 1691 diate
445 1656 606 1693 unam
639 1642 782 1696 illam
803 1649 1042 1702 omnium
1072 1666 1292 1706 causam
1322 1656 1682 1724 participant;
1716 1658 1861 1727 ipsae

262 1741 296 1779 a
345 1728 568 1797 reliquis
617 1748 804 1788 rerum
860 1739 1162 1807 ordinibus,
1209 1754 1368 1812 prout
1423 1747 1611 1801 harum
1664 1765 1860 1804 causae
1892 1758 1934 1816 Β

263 1824 414 1880 sunt,
468 1821 884 1891 participantur.
938 1826 1070 1883 Nam
1124 1847 1479 1904 quaecunque
1523 1839 1660 1892 bona
1711 1851 1858 1908 sunt,

261 1915 392 1958 sunt
409 1909 858 1978 participationes
881 1931 976 1984 per
1000 1934 1058 1974 se
1081 1920 1254 1990 ipsam
1273 1924 1560 1994 bonitatis;
1586 1945 1861 1999 quaecun-

257 2010 369 2065 que
412 2002 706 2057 essentiam
762 2007 985 2073 habent,
1039 2024 1166 2066 sunt
1207 2017 1650 2088 partieipationes
1675 2039 1774 2092 per
1801 2039 1858 2078 se

260 2085 437 2155 ipsam
463 2093 773 2159 essentiae;
807 2112 1164 2171 quaecunque
1188 2085 1545 2171 vivunt,ﬁsnnt
1565 2113 1859 2184 participa-

260 2179 441 2234 tiones
493 2195 593 2250 per
646 2199 708 2241 se
762 2187 934 2256 ipsam
978 2192 1124 2247 vitae
1160 2213 1210 2259 ι,
1239 2205 1402 2267 atque
1450 2201 1524 2254 ita
1566 2179 1740 2272 “porro
1790 2206 1855 2261 de

256 2271 792 2348 ceteris’principiis
839 2280 936 2351 (cf.
989 2284 1016 2354 §
1066 2285 1158 2356 24)
1205 2290 1396 2345 eodem
1451 2271 1612 2350 modo
1657 2296 1855 2352 intelli-

259 2377 410 2432 gere,
445 2381 551 2420 non
601 2369 838 2426 alienum
888 2381 970 2429 est
999 2389 1031 2429 a
1085 2379 1332 2436 veritate.
1375 2383 1477 2453 (Ill,
1505 2386 1628 2450 δικ
1654 2386 1715 2452 Il,
1747 2387 1850 2454 36;

258 2450 348 2516 ιιι,
398 2453 477 2525 ι.)

329 2633 352 2667 ι
387 2613 850 2683 Quemadmodum
880 2635 1059 2683 autem
1089 2644 1288 2688 causae
1320 2634 1699 2702 primordiales
1734 2640 1849 2698 sola

259 2707 415 2762 unius
440 2711 683 2766 omnium
716 2729 897 2771 rerum
927 2734 1144 2787 causae,
1176 2740 1239 2779 ex
1268 2740 1371 2794 qua
1403 2726 1696 2798 fluxerunt,
1723 2748 1850 2804 par-

258 2797 571 2867 ticipatione
592 2812 718 2858 sunt
749 2816 913 2876 atque
940 2810 1260 2881 subsistunt,
1291 2816 1364 2871 ita
1394 2833 1589 2874 omnes.
1605 2830 1727 2891 post
1755 2838 1848 2880 eas

257 2900 434 2941 rerum
461 2891 706 2959 ordines,
733 2897 824 2966 qui
850 2914 915 2954 ex
947 2901 1050 2957 illis
1080 2918 1456 2974 ntanaverunt,
1485 2911 1600 2966 sola
1631 2912 1845 2971 illarum

256 2980 666 3051 participatione
697 2999 823 3045 sunt
864 3002 1028 3065 atque
1067 2998 1368 3056 subsistunt
1401 3021 1445 3054 ι.
1479 3003 1578 3073 (ll,
1614 3006 1716 3072 36;
1748 3007 1840 3074 lll,

255 3068 308 3123 l.
329 3069 449 3135 ω,
475 3074 590 3129 5-4.
619 3076 737 3152 eo.)

323 3159 481 3218 Hisce
510 3164 645 3224 locis
669 3185 924 3241 expresse
948 3177 1149 3236 dixeris
1181 3183 1362 3238 doceri
1379 3225 1394 3250 ,
1427 3187 1569 3257 ipsas
1594 3192 1834 3248 omnium

251 3264 466 3318 rerum,
502 3259 702 3326 quibus
735 3262 838 3319 hoc
875 3267 1183 3326 universum
1218 3273 1470 3342 edicitur,
1505 3279 1837 3338 substantias

250 3342 319 3394 de
354 3345 778 3413 primordialium
807 3370 1092 3414 causarum
1140 3363 1289 3428 sede,
1319 3379 1461 3436 quae
1491 3377 1574 3422 est
1617 3371 1671 3426 in
1700 3371 1835 3428 Filio

248 3432 378 3500 Dei,
417 3440 469 3494 in
505 3443 611 3497 hoc
649 3449 997 3519 universum,
1029 3465 1235 3512 retenta
1275 3462 1647 3517 tantummodo
1673 3464 1830 3519 simul

248 3521 340 3576 illa
377 3529 523 3593 sede,
567 3534 912 3595 descendisse
953 3558 967 3594 :
1011 3547 1153 3612 quod
1193 3547 1330 3618 aliis.
1354 3547 1487 3603 locis
1524 3554 1835 3620 expressius

247 3612 406 3667 etiam
443 3618 671 3676 docetur
712 3625 805 3693 (cf.
839 3627 938 3694 ιιι,
980 3630 1034 3683 4.
1077 3633 1178 3700 25;
1224 3612 1330 3689 inf;
1363 3638 1391 3709 ς
1429 3639 1541 3709 ss).
1581 3612 1654 3696 Ᾱι
1693 3642 1832 3699 libro

244 3703 430 3772 quinto
485 3710 640 3780 (cap.
701 3717 766 3771 l4
821 3722 964 3794 seq.)
1006 3724 1141 3782 haec
1176 3703 1406 3800 legimus
1443 3747 1459 3787 :
1570 3733 1640 3790 Ut
1680 3738 1831 3808 ipsae

243 3808 432 3852 causae
462 3803 842 3871 primordiales
867 3829 975 3869 non
1003 3817 1259 3876 deserunt
1287 3826 1606 3894 sapientiam
1640 3831 1714 3900 (id
1745 3842 1832 3887 est

247 3883 473 3948 Verbum
520 3897 661 3971 Dei),
717 3905 794 3960 sic
841 3906 989 3977 ipsae
1031 3915 1368 3976 substantiae
1411 3937 1517 3977 non
1567 3925 1827 3984 deserunt

241 3987 448 4046 Causas,
473 3987 570 4040 sed
596 3989 651 4041 in
680 3991 759 4046 eis
793 4009 1006 4066 semper
1029 4002 1329 4061 subsistunt
1357 4027 1371 4061 :
1401 4020 1456 4065 et
1478 4015 1830 4081 quemadmoo'

241 4069 365 4124 dum
408 4090 602 4134 causae
647 4096 804 4139 extra
852 4092 1208 4152 substantiam
1256 4103 1503 4158 nesciunt
1549 4120 1694 4173 esse,
1746 4111 1824 4165 sic

239 4161 568 4225 substantiae
597 4183 754 4230 extra
787 4193 978 4236 causas
1014 4201 1118 4241 non
1151 4203 1377 4257 possunt
1402 4193 1590 4252 ﬂuere.
1620 4231 1692 4240 —-—
1717 4199 1821 4257 Re-

238 4260 344 4307 nat
359 4256 562 4329 itaque,
585 4265 653 4320 de
679 4271 1030 4337 qualitatibus
1057 4281 1503 4354 substantiarum,
1529 4291 1819 4360 qualitates

234 4352 408 4399 autem
436 4349 580 4418 dico,
612 4355 752 4411 sicut
783 4361 954 4418 solent
981 4368 1250 4437 sapientes
1273 4378 1484 4442 omnia,
1517 4395 1656 4451 quae
1689 4387 1816 4440 sub-

235 4438 440 4494 stantiis
467 4445 742 4514 accidunt,
773 4455 1070 4524 appellare,
1099 4463 1223 4530 quia
1262 4438 1549 4527 mutabiles
1579 4484 1730 4540 sunt,
1759 4487 1813 4532 et
1840 4470 1891 4529 D

237 4523 372 4579 circa
396 4530 732 4592 substantias
763 4523 890 4597 suas
925 4523 1235 4615 volvuntur,
1271 4555 1416 4612 hunc
1445 4569 1702 4618 mundum
1733 4565 1810 4619 fa—

243 4615 488 4676 )ricatum
535 4638 987 4705 eompactumque
1033 4639 1220 4699 fuisse.
1255 4676 1320 4686 -—
1351 4647 1464 4706 Nee
1509 4654 1590 4708 sic
1630 4663 1808 4712 tamen

239 4709 522 4769 amedietas
544 4718 900 4790 substantias,
925 4730 1346 4812 substantiarum
1371 4742 1662 4811 qualitates
1681 4764 1807 4806 suas

240 4808 587 4873 substantias,
611 4825 757 4866 eirea
777 4829 912 4884 quas
931 4808 1242 4890 volvuntur,
1265 4808 1495 4887 omnino
1513 4832 1794 4906 deserere,

240 4900 292 4942 et
316 4893 368 4947 in
401 4902 684 4956 materiem
711 4907 984 4964 sensibilis
1020 4917 1204 4969 mundi
1238 4924 1532 4979 convenire
1563 4929 1799 4986 arbitra-

239 4997 388 5052 mur;
409 4992 504 5044 sed
538 4994 775 5053 mirabili
795 5011 847 5053 et
874 5003 1132 5060 ineffabili
1153 5010 1334 5076 modo,
1350 5016 1452 5068 soli
1477 5017 1793 5080 fabricatori

240 5075 374 5130 tltius
394 5087 635 5148 cognito.
658 5097 714 5141 et
738 5091 883 5146 circa
917 5109 1046 5150 suas
1078 5100 1440 5173 substantias;
1463 5109 1667 5178 quibus
1695 5113 1787 5171 in-

235 5171 609 5232 separabiliter
631 5177 951 5245 adhaerent,
967 5199 1182 5257 semper
1205 5171 1548 5264 permanet-tt,
1568 5203 1794 5267 ethunc

237 5261 486 5312 mundum
510 5267 678 5321 modo
693 5271 926 5338 quodam
952 5277 1280 5349 intelligtbili
1297 5261 1793 5358 compositionibus

233 5349 340 5402 suis
370 5357 664 5420 perﬁciunt
691 5373 853 5430 atque
885 5382 1225 5439 componunt
1265 5395 1309 5430 ι.

301 5439 358 5494 Ει
386 5446 511 5500 item
546 5451 690 5506 libro
720 5459 914 5524 quinto
947 5463 1092 5532 (cap.
1142 5467 1232 5536 25)
1277 5487 1291 5524 :
1334 5487 1353 5522 ι
1383 5471 1591 5542 Omnia,
1651 5497 1790 5548 quae

740 5523 747 5524 ,
954 5523 965 5531 ,
1037 5523 1053 5532 ,
1215 5523 1228 5536 ,
1394 5523 1591 5542 -..,---_,
1653 5523 1788 5548 πω...

229 5523 360 5584 locis
377 5544 877 5617 temporalibusque
892 5555 1198 5626 variantur,
1215 5566 1603 5636 corporeisque
1618 5577 1788 5628 sensi-

304 5641 374 5712 (ο)
399 5645 484 5702 Cf.
517 5647 825 5712 Schlueteri
852 5665 1025 5730 praef.
1053 5682 1108 5736 ρ.
1139 5685 1190 5724 VI
1222 5686 1375 5743 δείιίι-

613 5748 884 5814 Ριτιιοι.
949 5759 1190 5823 CXXII.

1124 265 1204 322 DE
1249 267 1406 322 vim
1458 270 1545 324 ετ
1584 272 1991 332 remanens
2025 277 2072 334 ι.
2119 281 2335 338 SCOTI.
2381 319 2448 326 —
2486 268 2663 348 rans
2703 271 2763 348 ii.

3492 308 3566 372 66

1895 396 1943 453 Α
1975 391 2498 464 hussuccumbunt,
2541 418 2643 456 non
2690 406 2837 476 ipsae
2877 425 2960 463 res
2992 398 3375 476 substantiales
3411 439 3565 480 vero-

1977 496 2082 550 que
2105 484 2424 553 existentes,
2456 493 2547 546 sed
2577 493 2812 562 ipsarum
2842 515 3020 556 rerum
3059 519 3184 562 vere
3217 511 3566 573 existentium

1975 576 2240 640 quaedam
2281 582 2624 638 lransitoriae
2673 587 2930 658 imagines
2967 601 3022 648 et
3063 598 3446 662 resultatiOnes
3479 607 3561 664 ins

1977 663 2258 732 telligenda
2308 681 2450 724 sunt.
2499 671 2663 742 Cujus
2707 680 2933 738 ratibnis
2971 692 3275 760 exemptum
3315 705 3400 752 est
3433 713 3561 771 vox,

3129 751 3144 760 .
3388 751 3393 752 κ
3476 751 3561 771 --νι

1972 751 2198 823 ejusque
2228 759 2428 830 imago,
2453 778 2593 831 quae
2621 773 2740 840 ἠχὼ
2768 784 3010 841 vocatur,
3037 795 3130 834 seu
3161 797 3390 854 corpora
3418 790 3564 858 ipso-

1974 858 2201 913 rumque
2244 852 2465 907 umbrae
2500 872 2512 906 :
2545 871 2684 925 quae
2715 873 2906 918 cuncta
2946 883 3053 923 non
3098 887 3214 938 res,
3259 878 3354 932 sed
3394 879 3562 938 falsae

1974 939 2151 988 rerum
2186 938 2448 1010 imagines
2483 949 2781 1013 probantur
2805 969 2926 1010 esse
2966 977 3006 1010 ι.

2044 1023 2148 1078 Nos
2180 1043 2330 1091 vero,
2360 1048 2526 1100 quum
2557 1036 2785 1107 Erigena
2814 1046 3160 1112 paucioribus
3193 1063 3398 1114 tantum
3430 1062 3566 1120 locis

1971 1113 2111 1168 hunc
2150 1118 2200 1170 iu
2243 1123 2458 1176 modum
2496 1125 2707 1183 locutus
2750 1134 2852 1199 sit,
2886 1136 3031 1192 illam
3066 1145 3403 1212 potissimum
3432 1168 3558 1208 sen-

1971 1209 2212 1272 tentiam,
2240 1229 2400 1280 quam
2428 1219 2562 1272 alias
2584 1223 2781 1293 ubique
2806 1230 3112 1298 exprimere
3139 1237 3372 1306 videtur,
3400 1245 3557 1301 nobis

1967 1302 2295 1366 sequendam
2331 1322 2450 1362 esse
2478 1314 2803 1378 putavimus.
2841 1317 2987 1376 Satis
3022 1337 3202 1382 autem
3240 1332 3376 1396 erit,
3415 1335 3557 1391 hanc

1967 1388 2189 1444 alteram
2221 1409 2249 1446 a
2281 1395 2435 1452 nobis
2469 1415 2574 1455 non
2609 1415 2732 1460 esse
2757 1410 3076 1479 neglectam.
3115 1417 3222 1488 (Cf.
3255 1388 3552 1500 inf.

2683 1513 2710 1585 ς
2753 1516 2841 1573 57.

2035 1612 2237 1679 Quibus
2261 1623 2542 1690 expositis,
2574 1625 2711 1693 luce,
2743 1639 2799 1684 ut
2835 1633 3183 1708 arbitramur,
3221 1643 3421 1705 clarius
3447 1661 3550 1720 est,

1965 1717 2103 1772 quae
2137 1705 2329 1763 SCOlttS
2369 1724 2554 1770 noster
2595 1728 2651 1773 et
2695 1720 2762 1776 de
2802 1725 3010 1797 origine
3049 1744 3104 1786 et
3146 1737 3212 1790 de
3251 1740 3554 1800 substantia

1964 1793 2204 1852 Naturae
2237 1803 2454 1858 creatae
2488 1822 2591 1861 non
2619 1816 2876 1881 creantis,
2910 1833 3017 1887 quo
3048 1827 3266 1883 nomine
3295 1831 3434 1889 hanc
3464 1850 3551 1892 re-

1963 1900 2081 1939 rum
2131 1888 2542 1950 universitatem
2591 1904 2854 1971 appellat,
2901 1909 2953 1963 in
3000 1912 3154 1971 libris
3195 1918 3261 1973 de
3300 1921 3407 1976 div.
3451 1924 3555 1982 Na-

1963 1983 2117 2031 turae
2162 1980 2425 2038 docuerit.
2479 1987 2634 2056 Nam,
2689 1995 2732 2049 si
2783 1999 2904 2066 quis
2952 2002 3110 2071 alius,
3161 2017 3546 2082 emanativum,

1959 2069 2103 2136 quod
2131 2084 2356 2140 vocant,
2396 2090 2629 2150 systema
2666 2093 2951 2157 expressit.
2998 2095 3170 2163 Quum
3201 2117 3328 2158 vero
3365 2119 3548 2166 nostra

1958 2171 2138 2215 aetate
2183 2163 2415 2232 fuerint,
2462 2173 2576 2240 qui,
2628 2177 2914 2246 opinantes
2958 2183 3210 2258 fortasse,
3252 2195 3397 2252 illam
3441 2217 3547 2256 non

1957 2247 2127 2305 fuisse
2158 2268 2340 2310 veram
2383 2256 2530 2316 Scoti
2561 2269 2906 2338 sententiam,
2944 2275 3034 2329 vix
3074 2289 3167 2334 ant
3203 2299 3267 2338 ne
3305 2287 3389 2343 vix
3427 2293 3546 2360 qui-

1963 2340 2073 2360 ,ΙΑμ-
2122 2343 2196 2360 1η·
2223 2345 2255 2360 ⁸-
2407 2358 2413 2360 -
2555 2354 2566 2360 ’
2640 2355 2667 2360 Α

1956 2340 2079 2396 dem
2111 2343 2436 2413 dubitarent,
2475 2354 2604 2422 quin
2636 2355 2782 2414 Scoti
2816 2364 2955 2418 ratio
2979 2371 3200 2427 omnino
3227 2390 3356 2430 sana
3386 2340 3545 2451 atqttc

1957 2431 2163 2503 integra
2207 2447 2374 2505 esset,
2425 2457 2600 2514 neque
2646 2449 2755 2504 ullo
2794 2463 2951 2522 pacto
2993 2462 3337 2534 pantbeismi,
3382 2431 3544 2542 quem

1955 2523 2254 2592 appellant,
2299 2536 2599 2590 accusanda
2630 2539 2727 2610 (α),
2771 2543 2898 2601 huic
2936 2523 3286 2619 disputationi
3328 2523 3538 2622 nostrae

1954 2627 2119 2669 unum
2152 2630 2432 2687 praeterea
2466 2634 2520 2678 et
2550 2627 2779 2686 alterum
2804 2649 2870 2689 ex
2897 2635 3049 2694 libris
3077 2642 3141 2697 de
3167 2645 3276 2702 div.
3305 2650 3543 2712 Naturae

1953 2702 2127 2760 locum
2155 2708 2490 2780 adjiciemus,
2524 2720 2665 2774 unde
2694 2725 2933 2794 apertius
2965 2731 3160 2800 etiam,
3194 2738 3238 2792 si
3270 2738 3387 2797 fieri
3418 2758 3538 2816 pos:

1954 2792 2021 2816 ,ει
2097 2796 2241 2816 l,__!,,,
2305 2802 2316 2816 ι
2393 2812 2402 2816 -
2445 2805 2456 2816 ο
2603 2808 2640 2816 .-
2678 2810 2690 2816 -
2809 2814 2816 2816 ι

1953 2792 2055 2858 sit,
2097 2796 2255 2866 hujus
2284 2802 2564 2861 doctrinae
2601 2792 3206 2895 Erigenianaeindoles
3247 2792 3539 2898 pernoscaé

1955 2893 2062 2940 tur.
2108 2887 2312 2947 Deinde
2345 2895 2665 2968 videbimus,
2710 2903 2848 2962 hanc
2894 2909 3065 2981 ipsam
3106 2925 3161 2972 et
3199 2935 3380 2978 veram
3420 2943 3539 2986 esse

1953 2976 2210 3044 librorum
2237 2983 2305 3038 de
2332 2986 2440 3039 div.
2473 2987 2712 3050 Naturae
2733 3002 3076 3058 sententiam,

2666 3105 2695 3179 ς
2735 3108 2822 3164 58.

2013 3203 2053 3258 I.
2091 3223 2111 3256 ι
2145 3207 2223 3262 De
2252 3208 2359 3276 bis,
2380 3214 2472 3283 qui
2505 3216 2573 3272 de
2597 3233 2664 3273 eo
2690 3221 2878 3290 nihilo,
2903 3231 3046 3297 quad
3077 3229 3240 3292 totius
3264 3248 3534 3306 essentiae

1943 3299 2280 3367 negationem
2322 3304 2592 3376 signiﬁcat
2625 3313 2706 3366 vel
2750 3315 3084 3380 habitudinis
3117 3328 3235 3398 ejus
3275 3299 3534 3404 privatio:

1939 3401 2062 3441 nem
2107 3391 2187 3446 vel
2236 3394 2563 3465 absentiam,
2615 3409 2872 3464 mundum
2919 3412 3118 3472 factum
3147 3413 3338 3480 fuisse
3383 3431 3527 3486 arbie

1940 3486 2171 3547 trantur,
2204 3487 2331 3554 quid
2358 3488 2558 3557 dicam,
2591 3491 2799 3564 ignoro.
2832 3500 2946 3558 Non
2975 3507 3118 3564 enim
3146 3511 3322 3582 video,
3353 3535 3523 3590 quare

1937 3585 2040 3626 non
2077 3577 2428 3634 considerant
2464 3602 2510 3649 ι,
2556 3601 2696 3655 quae
2735 3591 2818 3646 vel
2846 3597 3090 3655 maxime
3123 3616 3247 3664 sunt
3277 3616 3525 3674 conside-

2003 3757 2080 3813 Ac
2096 3765 2298 3820 nostris
2314 3767 2385 3821 ita
2400 3772 2582 3829 verbis
2599 3772 2747 3834 Scoti
2761 3783 2923 3839 verba
2941 3785 3258 3860 clausimus,
3274 3802 3519 3872 promer-

1931 3859 1991 3903 ea
2015 3853 2178 3921 quod,
2199 3870 2340 3926 quae
2363 3860 2477 3929 ipse
2503 3863 2608 3920 illis
2629 3868 2854 3938 addidit,
2873 3879 3188 3939 exscribere
3213 3853 3316 3943 non

1929 3954 2068 3997 mus.
2108 3941 2349 4016 Namque
2372 3965 2471 4019 per
2499 3954 2879 4022 densissimam
2915 3985 3179 4044 nugarum
3214 3979 3404 4038 silvam
3435 3996 3520 4043 se-

1927 4039 2038 4086 met
2065 4032 2239 4103 ipsum
2273 4037 2778 4109 circumvolutando
2819 4032 3076 4129 tanquam
3109 4066 3330 4127 insanos
3362 4077 3518 4132 vexat

1925 4129 2090 4193 atque
2130 4128 2372 4200 exagitat
2414 4133 2554 4203 illos,
2592 4143 2790 4210 quibus
2829 4147 2898 4206 iis
2935 4128 3138 4223 verbis,
3179 4170 3320 4230 quae
3359 4169 3518 4224 modo

1924 4213 2136 4286 integra
2179 4224 2588 4296 exscripsimus,
2626 4232 2824 4294 bellum
2856 4241 3069 4302 indixit.
3101 4213 3273 4316 dudm
3305 4253 3424 4324 ipse
3450 4262 3516 4317 de

3111 4303 3166 4316 σιν
3190 4303 3272 4307 ""‘
3305 4303 3419 4324 'l’""
3451 4303 3511 4317 "V

1922 4303 2014 4359 illo
2044 4309 2234 4377 nihilo,
2273 4329 2414 4385 quae
2439 4319 2512 4375 sit
2545 4333 2694 4380 certa
2729 4333 2997 4399 quaedam
3039 4343 3282 4411 materia,
3311 4362 3374 4404 ex
3407 4367 3511 4421 qua

1923 4396 2062 4421 τι--.-
2094 4417 2178 4421 μ-κκ
2242 4405 2256 4421 ³
2726 4419 2734 4421 ⁴

1922 4396 2064 4455 Deus
2090 4405 2351 4462 mundum
2394 4419 2793 4484 composuerit,
2828 4439 2990 4480 unam
3019 4443 3085 4485 ac
3119 4432 3288 4490 solam
3319 4456 3515 4513 sequo-

1921 4495 2381 4563 tursententiam,
2435 4501 2684 4570 plurimis
2722 4513 2970 4587 versibus
2997 4522 3233 4592 explicat
3282 4495 3515 4600 (ιιιίιῖι.

1922 4579 2031 4652 23).
2063 4598 2294 4654 quorum
2332 4604 2540 4693 summa
2583 4596 2719 4655 haec
2746 4611 2830 4693 est
2869 4583 2884 4659 ξ
2917 4625 2936 4657 ‹
2972 4579 3507 4693 ΕοίισιιιίηεξῙ-ᾆιιῶ

1915 4679 1999 4726 est
2040 4672 2657 4744 nibilum,ineffabilem
2696 4697 2752 4745 et
2790 4672 3503 4770 ιηοοτηυνειιεηείωιὲηῖἶιῖ

1915 4761 2073 4821 vinae
2094 4765 2352 4827 bonitatis
2384 4773 2454 4842 (ε.
2487 4782 2736 4855 naturae)
2775 4761 3315 4868 inaccessibilemque
3339 4803 3501 4862 clari-

1915 4865 2107 4924 tatem,
2133 4863 2388 4920 omnibus
2429 4868 2792 4933 intellectibus
2831 4878 2946 4937 sive
2970 4863 3364 4950 humanis'sive
3399 4910 3499 4954 an.-

1909 4945 2101 5016 gelicis
2135 4950 2466 5026 incognitam
2505 4961 3000 5034 (superessentialis
3025 4985 3110 5032 est
3147 4945 3291 5036 enim
3313 4945 3380 5040 et
3400 4945 3500 5043 si}-

1906 5042 2292 5113 pernaturalis)
2325 5047 2717 5123 signiﬁcamus,
2750 5073 2892 5130 quae
2924 5065 3051 5133 dum
3087 5076 3184 5140 per
3223 5087 3284 5130 se
3325 5077 3497 5147 ipsam

1904 5131 2196 5202 cogitatur,
2230 5152 2407 5210 neque
2441 5151 2556 5211 est,
2596 5156 2775 5220 neque
2807 5161 2960 5222 erat,
2994 5131 3172 5232 natiue
3199 5165 3304 5220 erit
3339 5131 3368 5220 ξ

1902 5235 2021 5294 sup.
2069 5221 2294 5300 5L8);
2354 5249 2373 5284 ο
2408 5233 2462 5289 in
2507 5237 2656 5295 nullo
2705 5243 2853 5299 enim
2902 5221 3223 5323 intelligitur
3257 5221 3490 5315 existed;

1902 5311 2065 5377 tium,
2103 5316 2229 5386 quia
2272 5332 2496 5391 superat
2537 5330 2751 5396 omnia;
2805 5347 2931 5393 etim
2975 5311 3108 5397 vero

1897 5406 2237 5462 scensionem
2277 5416 2545 5480 quandam
2577 5419 2901 5482 in‘eﬂ’abilem
2943 5430 2996 5484 in
3036 5406 3297 5504 ea,-quae
3333 5450 3481 5506 sunt,

1895 5495 2092 5550 mentis
2133 5499 2409 5559 obtutibus
2452 5507 2755 5582 inspicitur,
2799 5517 2915 5588 ipsa
2957 5521 3070 5577 sola
3114 5524 3391 5583 invenitur
3429 5533 3482 5585 in
3581 5561 3584 5565 ~

1894 5586 2148 5644 omnibus
2185 5605 2326 5661 esse,
2350 5603 2530 5666 etest,
2565 5612 2621 5657 et
2643 5615 2780 5675 erat,
2806 5586 2857 5664 et
2884 5612 2987 5666 erit.
3018 5633 3062 5668 ι.
3093 5613 3221 5672 item
3257 5617 3360 5689 (lit,
3393 5622 3478 5697 Π)

3050 5800 3086 5860 3
