4002 6148
477 217 543 274 67
1601 219 1686 272 DE
1723 217 1772 272 J.
1811 216 2031 273 SCOTO
2069 213 2580 272 C(IIIBIENTATIO.
3656 218 3726 275 σε

476 350 495 384 ο
524 330 642 402 Ipsa
665 330 917 387 materies
946 348 991 394 ι,
1016 330 1117 394 ait,
1147 349 1164 380 ‹
1194 329 1261 382 de
1281 345 1384 398 qua
1409 331 1602 399 legitur
1625 330 1763 382 Deus
1788 331 2045 383 luuudum
2078 347 2120 401 Α
2151 345 2291 383 enim
2343 332 2535 398 partim
2565 330 2849 402 contingit,
2881 349 2934 387 m
2964 341 3076 388 toto
3110 333 3226 388 ﬁeri
3263 331 3404 390 Deus
3446 350 3552 390 non
3579 337 3725 399 sinit,

473 423 688 487 fecisse,
703 423 772 477 ab
789 424 906 492 ipso
924 432 979 477 et
995 423 1046 477 in
1063 422 1179 490 ipso
1190 428 1295 482 est,
1316 428 1371 472 et
1386 420 1501 489 ipse
1515 420 1566 473 in
1590 434 1648 473 ea
1666 429 1770 483 est,
1789 428 2050 490 quantum

469 515 788 586 intelligitur
815 531 877 569 ea
909 529 1028 568 esse
1057 532 1068 566 :
1103 527 1208 565 non
1240 512 1383 566 enim
1428 511 1630 581 indiget
1657 511 1799 566 Deus
1829 511 2050 566 alterius

470 607 755 667 materiae,
787 619 923 674 quae
949 603 1062 671 ipse
1099 616 1202 654 non
1233 601 1338 665 sit,
1380 601 1432 655 in
1463 615 1568 669 qua
1599 616 1656 654 se
1683 601 1854 669 ipsum
1889 600 2047 660 facit;

469 695 707 764 alioquin
759 695 1021 762 impotens
1069 691 1341 746 videretur
1385 699 1450 745 ει
1487 692 1540 744 in
1586 691 1804 760 seipse
1855 691 2052 758 imper-

468 785 640 842 fectus
670 806 712 838 ι.

541 875 599 929 11.
642 892 658 925 ι
695 875 860 945 (Deus
885 872 1179 943 est).causa
1209 872 1444 928 creatrix
1471 871 1818 927 existentium
1847 879 1903 925 et
1943 885 2048 924 non

463 967 809 1021 existentium
841 966 1113 1029 omnium,
1156 979 1186 1017 a
1222 963 1368 1018 nullo
1402 971 1613 1027 creata,
1644 977 1808 1015 unum
1844 961 2048 1030 princi-

463 1059 632 1127 pium,
676 1073 784 1112 una
827 1057 996 1127 origo,
1043 1071 1182 1110 unus
1216 1065 1270 1110 et
1312 1054 1632 1109 universalis
1676 1053 2049 1108 universorum

465 1149 603 1214 fons,
638 1165 666 1204 a
704 1147 848 1202 nullo
888 1163 1138 1210 manans,
1167 1147 1293 1200 dum
1337 1147 1403 1199 ab
1429 1159 1498 1199 eo
1539 1152 1761 1198 manant
1785 1143 1964 1198 omnia
2001 1161 2045 1194 ι.

464 1241 577 1309 (IV,
610 1241 686 1311 1.)

536 1333 619 1408 lll_.
663 1351 680 1384 ι
714 1331 834 1401 Ipse
865 1331 1006 1386 Deus
1031 1330 1272 1385 omnium
1303 1337 1386 1385 est
1415 1329 1588 1385 factor
1623 1337 1678 1384 et
1716 1329 1768 1383 in
1797 1327 2050 1382 omnibus

462 1426 660 1489 factus,
691 1435 747 1481 et
791 1426 916 1480 dum
952 1440 1115 1495 super
1139 1423 1320 1480 omnia
1347 1423 1646 1492 quaeritur,
1683 1422 1737 1475 iu
1782 1419 1924 1474 nulla
1967 1420 2050 1474 in-

460 1517 678 1571 venitur
716 1515 984 1579 essentia;
1021 1514 1258 1569 nondum
1285 1513 1428 1568 enim
1457 1519 1541 1566 est
1569 1525 1688 1566 esse
1719 1527 1732 1563 :
1767 1509 1893 1563 dum
1921 1524 2049 1564 vero

462 1607 516 1660 in
547 1606 798 1662 omnibus
845 1604 1178 1675 intelligitur,
1227 1601 1303 1656 nil
1351 1601 1405 1655 in
1453 1600 1541 1664 iis,
1584 1599 1699 1682 ,ιιἰεί
1741 1597 1887 1652 solus
1935 1597 2048 1668 ipse

2154 419 2307 486 cujus
2334 436 2436 475 nec
2461 420 2830 478 universitatis
2859 424 3133 494 turpitudo
3155 424 3326 494 turpis
3346 435 3427 479 est
3444 465 3460 489 ,
3490 441 3590 482 nec
3613 441 3722 481 ma-

2150 507 2265 564 litia
2297 521 2474 574 nocet,
2506 527 2604 566 nec
2627 527 2782 565 error
2809 523 2956 568 errat
2993 533 3037 568 ι.

2220 600 2394 669 Atque
2414 603 2599 656 eodem
2625 603 2783 656 modo
2804 605 2963 658 etiam
2990 605 3115 658 alibi
3136 604 3226 676 (cf.
3253 605 3340 671 III,
3367 607 3455 681 I7)
3481 618 3534 662 et
3557 619 3734 664 rectae

2152 693 2377 747 rationis
2421 704 2474 747 et
2521 695 2799 749 doctrinae
2843 695 3183 752 Christianae
3223 700 3494 753 sententia
3541 697 3736 772 (hujus

2151 799 2333 837 rerum
2367 785 2732 842 universitatis
2770 787 3126 844 substantiam
3165 805 3195 844 a
3228 791 3524 846 substantia
3553 793 3733 846 divina

2151 887 2270 926 esse
2295 874 2510 943 penitus
2532 875 2822 945 diversam)
2853 877 3072 932 disertis
3099 878 3276 933 verbis
3301 887 3460 949 atque
3488 881 3555 934 de
3583 881 3734 938 indu-

2151 965 2285 1018 stria
2312 964 2591 1031 refellitur,
2625 981 2726 1020 nec
2755 983 2859 1022 non
2889 968 3123 1024 ludibrio
3152 968 3266 1024 fere
3289 970 3538 1024 habetur.

2225 1051 2288 1105 V.
2327 1052 2488 1109 Hisce
2533 1070 2698 1108 unum
2741 1057 2972 1127 denique
3015 1058 3192 1115 locum
3245 1058 3594 1128 adjiciemus,
3641 1061 3730 1130 qui

2150 1145 2314 1199 etiam
2345 1147 2447 1201 hoc
2469 1145 2684 1213 doceat,
2709 1164 2870 1219 quam
2895 1150 3088 1204 acerbe
3112 1165 3177 1205 ac
3211 1151 3513 1221 petulanter
3542 1151 3736 1208 Scotus

2152 1251 2340 1291 sacrae
2371 1236 2684 1308 Scripturae
2719 1255 2956 1303 sensum,
2987 1251 3047 1295 ut
3087 1242 3154 1296 ad
3181 1256 3332 1296 suam
3366 1258 3488 1297 eum
3513 1254 3732 1298 senten-

2153 1328 2282 1382 tiam
2305 1329 2641 1399 detorqueat,
2667 1333 2962 1397 vexaverit,
2991 1332 3385 1402 depravaverit,
3413 1334 3733 1404 corruperit.

2153 1417 2352 1472 Verum
2382 1418 2518 1474 haec
2543 1435 2631 1475 res
2656 1431 2738 1475 est
2757 1421 3000 1491 profecto
3021 1436 3110 1486 ea,
3135 1437 3274 1492 quae
3297 1422 3444 1477 sanis
3465 1423 3737 1478 mentibus

2151 1523 2419 1564 summam
2450 1519 2562 1564 tum
2589 1512 2994 1568 miserationem
3025 1521 3140 1567 tum
3168 1512 3590 1584 indignationem
3627 1528 3734 1570 non

2151 1616 2369 1658 movere
2397 1617 2504 1658 non
2535 1613 2718 1674 queat.

460 1697 727 1761 subsistit,
758 1705 811 1750 et
839 1710 1014 1764 neque
1043 1702 1125 1748 est
1155 1695 1279 1758 hoc,
1309 1691 1413 1747 hoc
1440 1698 1620 1745 autem
1651 1704 1781 1754 non,
1813 1689 1905 1744 sed
1932 1703 2048 1743 om-
2079 1687 2123 1747 Β
2220 1690 2402 1748 Multis
2427 1692 2607 1762 igitur,
2633 1695 2829 1765 quibus
2853 1694 2989 1750 nihil
3017 1694 3250 1752 fortasse
3269 1710 3507 1766 unquam
3535 1696 3736 1752 dictum

460 1788 546 1842 nia
577 1795 661 1841 est
683 1801 697 1838 :
723 1785 949 1854 proinde
971 1799 1033 1838 ex
1066 1780 1620 1853 superessentialitate
1641 1793 1772 1834 suae
1798 1788 2046 1844 naturae,

460 1879 513 1952 in
543 1892 649 1949 qua
680 1877 876 1932 dicitur
915 1891 1020 1930 non
1051 1888 1193 1938 esse,
1223 1873 1459 1944 primum
1487 1871 1818 1927 descendens
1854 1871 1906 1924 in
1939 1871 2050 1941 pri-

461 1968 811 2024 mordialibus
838 1966 1061 2038 (causis)
1092 1981 1122 2020 a
1158 1980 1217 2020 se
1255 1965 1370 2036 ipso
1398 1970 1635 2028 creatur,
1672 1971 1726 2016 et
1761 1961 1823 2016 fit
1848 1960 2048 2032 princi-

459 2059 605 2127 pium
647 2057 823 2112 omnis
863 2055 1147 2120 essentiae,
1192 2055 1369 2110 omnis
1410 2054 1578 2117 vitae,
1623 2053 1801 2108 omnis
1846 2051 2044 2106 intelli-

409 2162 414 2168 '
457 2149 703 2219 gentiae,
735 2156 788 2202 et
819 2147 1082 2211 omnium,
1117 2161 1258 2216 quae
1299 2145 1352 2199 in
1391 2143 1826 2216 primordialibus
1867 2143 2047 2198 causis

457 2242 786 2304 considerat,
828 2240 1068 2309 gnostica
1115 2239 1318 2293 theoria
1356 2257 1367 2291 :
1404 2238 1595 2294 deinde
1636 2253 1699 2293 ex
1725 2238 2047 2308 primordia-

456 2335 596 2387 libus
640 2333 838 2397 causis,
870 2347 1009 2401 quae
1037 2331 1379 2386 medietatem
1410 2329 1677 2399 quandam
1710 2329 1851 2382 inter
1876 2328 2044 2382 Deum

453 2433 504 2476 et
550 2433 856 2478 creaturam
890 2423 1158 2485 obtinent,
1192 2422 1292 2475 hoc
1319 2428 1419 2484 εει,
1454 2419 1595 2475 inter
1620 2419 1762 2473 illam
1795 2418 2043 2473 ineffabi-

453 2513 558 2567 lem
596 2512 1206 2582 superessentialitatem
1249 2526 1410 2581 super
1439 2523 1654 2563 omnem
1689 2508 2043 2572 intellectum,

453 2613 508 2656 ct
545 2602 889 2657 manifestam
919 2601 1347 2656 substantialiter
1377 2608 1643 2660 naturam,
1677 2599 1827 2668 puris
1850 2598 2046 2652 animis

455 2693 800 2762 conspicuus,
830 2691 1166 2746 descendens
1211 2690 1264 2745 in
1294 2688 1574 2744 effectibus
1604 2689 1842 2758 ipsarum
1876 2687 1954 2748 fit,
1991 2697 2047 2741 et

456 2782 740 2838 manifeste
777 2784 828 2837 in
863 2782 1203 2852 theophauiis
1246 2781 1358 2836 suis
1387 2781 1673 2851 aperitur:
1705 2779 1896 2833 deinde
1945 2793 2042 2848 per

453 2875 778 2946 multiplices
823 2873 1112 2929 elfectuum
1160 2872 1362 2927 formas
1410 2888 1577 2942 usque
1625 2871 1690 2925 ad
1736 2881 2040 2926 extremum

455 2967 619 3020 totius
654 2964 890 3019 Naturae
938 2965 1207 3028 ordinem,
1251 2978 1358 3032 quo
1400 2979 1624 3033 corpora
1673 2961 2038 3019 continentur,

2150 1783 2222 1837 sit
2241 1783 2484 1850 delirius,
2507 1800 2845 1856 quorumque
2861 1794 3069 1856 partem
3091 1786 3204 1857 jam
3229 1801 3391 1856 supra
3413 1785 3464 1858 (§
3481 1785 3573 1841 29.
3593 1785 3621 1859 ᾗ
3641 1785 3736 1856 33)

2149 1873 2452 1940 retulimus,
2480 1876 2576 1931 sed
2603 1875 2787 1931 multis
2814 1877 2880 1932 de
2906 1877 3024 1947 ipso
3063 1876 3290 1932 Genesis
3310 1877 3533 1931 exordio
3560 1874 3739 1932 eﬂ‘utI-

2147 1965 2238 2029 tis,
2267 1966 2400 2022 haec
2424 1966 2687 2022 docentur
2715 1985 2729 2022 :
2759 1985 2778 2018 ‹
2809 1967 2931 2023 Fiat
2955 1968 3046 2022 lux
3073 1987 3092 2020 ι
3117 1969 3130 2022 ι
3155 1969 3254 2024 hoc
3283 1976 3367 2023 est
3399 1985 3418 2018 ε
3445 1969 3739 2038 procedant

2145 2055 2526 2127 primordiales
2546 2072 2744 2112 causae
2764 2073 2832 2112 ex
2860 2056 3492 2128 incomprehensibilibus
3513 2065 3738 2112 naturae

2148 2163 2279 2203 suae
2294 2149 2522 2204 secretis
2545 2149 2595 2203 in
2618 2151 2824 2205 formas
2845 2159 2900 2206 et
2921 2151 3128 2221 species
3149 2148 3666 2221 comprehensibiles
3680 2167 3734 2204 ι.

2153 2256 2172 2288 ι
2203 2239 2269 2293 Ει
2297 2238 2436 2293 facta
2460 2247 2544 2294 est
2565 2240 2654 2293 lux
2689 2258 2737 2306 ι,
2761 2241 2866 2296 hoc
2889 2249 2972 2295 est
3006 2258 3025 2292 ι
3057 2240 3168 2302 Deo
3191 2239 3405 2296 volente
3438 2253 3501 2294 ac
3525 2239 3737 2295 dicente

2147 2331 2451 2386 obscuritas
2493 2331 2924 2402 primordialium
2973 2347 3260 2388 causarum
3320 2331 3374 2386 in
3427 2331 3630 2386 formas
3679 2339 3736 2386 et

2147 2425 2356 2495 species
2393 2424 2658 2494 processit
2682 2433 2896 2494 apertas
2921 2443 2969 2478 ι.
2998 2443 3020 2476 ι
3065 2423 3133 2479 Ει
3155 2423 3338 2478 divisit
3365 2422 3507 2479 Deus
3531 2439 3561 2478 a
3590 2432 3738 2479 tene-

2146 2516 2259 2572 bris
2281 2537 2298 2568 ι
2314 2558 2328 2580 ,
2344 2516 2448 2571 hoc
2474 2527 2557 2570 est
2583 2535 2602 2566 ι
2639 2517 2944 2588 segregavit
2972 2517 3218 2572 notitiam
3240 2516 3524 2572 effectuum
3549 2516 3617 2569 ab
3639 2514 3736 2569 ob-

2147 2605 2407 2658 scuritate
2458 2619 2676 2658 suarum
2733 2603 3112 2674 principalium
3171 2619 3479 2660 causarum.
3533 2602 3735 2656 Divisio

2146 2694 2342 2764 quippe
2371 2693 2506 2748 lucis
2543 2708 2572 2747 a
2607 2695 2846 2749 tenebris
2875 2703 2960 2749 est
2986 2694 3243 2749 discretio
3269 2710 3472 2759 rerum,
3498 2709 3595 2764 per
3621 2692 3738 2747 for.

2148 2800 2263 2839 mas
2307 2793 2362 2837 et
2405 2785 2613 2854 species
2657 2785 3056 2854 apparentium,
3089 2799 3118 2838 a
3160 2785 3441 2856 principiis
3487 2785 3630 2848 suis,
3681 2785 3734 2838 in

2145 2876 2339 2946 quibus
2367 2890 2582 2930 omnem
2611 2885 2871 2946 superant
2894 2876 3224 2931 intellectum
3257 2895 3301 2930 ι.
3324 2875 3553 2946 Ideoque
3581 2891 3738 2946 prae-

2146 2965 2278 3020 dixit
2306 2980 2320 3018 :
2343 2984 2358 3014 ι
2383 2965 2448 3018 Et
2469 2964 2759 3018 viditDeus
2782 2965 2980 3028 lucem,
2997 2965 3123 3034 quia
3142 2973 3287 3020 esset
3305 2965 3444 3020 bona
3465 2984 3483 3017 ι
3500 3005 3516 3030 ,
3533 2965 3632 3019 hoc
3653 2975 3738 3019 est

452 3057 717 3128 procedit.
749 3070 812 3110 ac
851 3055 930 3108 sic
968 3055 1219 3109 ordinate
1249 3054 1301 3106 in
1342 3054 1520 3107 omnia
1557 3051 1878 3122 proveniens
1916 3051 2043 3103 facit
2070 3035 2114 3097 C
2153 3071 2172 3106 ι
2212 3054 2414 3124 placuit
2454 3054 2586 3116 Deo,
2626 3053 2918 3124 originales
2946 3069 3158 3121 causas,
3193 3062 3322 3110 ante
3341 3069 3554 3110 omnem
3583 3067 3742 3108 crea-

449 3147 653 3209 onmia,
669 3153 725 3199 et
744 3145 805 3198 tit
827 3144 879 3197 in
901 3142 1151 3198 omnibus
1165 3142 1368 3206 omnia,
1385 3151 1458 3206 et,
1473 3142 1597 3196 dum
1622 3142 1674 3194 in
1692 3141 1942 3195 omnibus
1956 3140 2038 3205 fit,

451 3249 615 3305 super
642 3235 824 3289 omnia
855 3248 976 3287 esse
1004 3248 1108 3287 non
1136 3232 1365 3296 desinit,
1393 3247 1456 3288 ac
1484 3233 1549 3286 de
1580 3231 1748 3286 nihilo
1777 3231 1904 3285 facit
1926 3248 2041 3286 om-

453 3326 564 3389 nia,
590 3325 656 3376 de
677 3338 773 3377 sua
794 3323 1003 3378 scilicet
1023 3322 1575 3392 superessentialitate
1597 3321 1845 3391 producit
1864 3337 2042 3377 esseu-

455 3417 579 3479 tias,
603 3415 671 3468 de
692 3413 1119 3484 supervitalitate
1138 3413 1298 3477 vitas,
1323 3412 1388 3466 de
1417 3413 1980 3482 superintellectualita
1991 3421 2041 3466 te

453 3505 775 3570 intellectus,
807 3504 872 3559 de
899 3503 1183 3574 negatione
1209 3502 1472 3567 omnium,
1503 3515 1643 3572 quae
1674 3511 1798 3556 sunt
1823 3510 1878 3556 et
1899 3516 2040 3569 quae

453 3613 561 3654 non
591 3607 735 3660 sunt,
767 3596 1152 3651 affirmationes
1175 3594 1438 3660 omnium,
1468 3610 1610 3664 quae
1640 3602 1785 3658 sunt,
1817 3603 1869 3648 et
1901 3609 2040 3664 quae

452 3707 560 3747 non
582 3699 708 3746 sunt
735 3710 780 3744 ι.
814 3688 921 3762 (111,
944 3688 1059 3758 20.)
1087 3687 1170 3743 Cf.
1201 3695 1484 3758 praeterea
1510 3686 1591 3747 III,
1612 3687 1667 3740 4.
1693 3687 1778 3741 I7.
1798 3685 1888 3750 23,
1915 3686 2037 3756 qui-

453 3785 555 3839 bus
579 3782 714 3838 locis
735 3782 921 3836 eadem
951 3795 1038 3836 res
1067 3779 1254 3836 iisdem
1283 3775 1398 3835 fere
1430 3778 1612 3834 verbis
1635 3778 1903 3834 declarata
1932 3787 2036 3834 est.

520 3898 610 3954 IV.
644 3896 857 3959 Scotus,
884 3902 1170 3965 postquam
1194 3909 1279 3959 ea,
1316 3908 1455 3964 quae
1479 3893 1636 3948 modo
1663 3892 1712 3964 (ᾗ
1742 3893 1830 3954 58.
1860 3891 1947 3956 111,
1973 3892 2039 3947 de

450 3991 560 4045 div.
591 3989 714 4044 Nat.
746 3989 844 4053 III,
870 3989 961 4060 20)
991 3987 1216 4058 integris
1243 3987 1360 4055 ejus
1389 3985 1566 4041 verbis
1596 3985 1862 4054 explicata
1891 3995 2036 4047 sunt,

449 4080 766 4144 edisseruit,
799 4079 903 4134 bac
945 4078 1153 4132 ratione
1189 4076 1366 4146 pergit
1396 4093 1410 4130 :
1449 4093 1468 4126 ι
1505 4074 1652 4129 Haec
1687 4074 1853 4128 ardua
1884 4073 2041 4128 valde

452 4181 603 4236 sunt,
625 4179 680 4227 et
702 4186 732 4226 a
755 4170 1004 4226 sensibus
1023 4168 1324 4238 corporalia
1348 4177 1402 4222 et
1427 4166 1656 4223 visibilia
1683 4165 2038 4236 cogitantium

453 4273 690 4328 remota;
741 4264 828 4319 bis
871 4276 1017 4327 vero,
1057 4262 1148 4332 qui
1191 4260 1546 4331 spiritualiter
1585 4259 1638 4313 in
1678 4257 2038 4328 cognitionem

453 4358 697 4413 veritatis
721 4357 1042 4420 ascendunt,
1073 4355 1355 4409 verissime
1383 4353 1708 4408 clarescunt.
1739 4350 1870 4417 Quis
1892 4349 2035 4405 enim
2069 4383 2116 4445 υ

451 4447 656 4502 claram
685 4445 980 4515 sapientiae
1009 4444 1180 4499 lucem
1211 4456 1435 4497 cernere
1464 4439 1760 4496 nolentium
1786 4437 1912 4495 talia
1941 4453 2037 4492 au-

452 4537 606 4592 diens
639 4550 747 4591 non
780 4535 1035 4590 continuo
1065 4542 1314 4604 erumpat
1343 4551 1356 4587 :
1393 4550 1411 4582 ε
1447 4532 1757 4595 lnsaniunt,
1783 4531 1874 4601 qui
1904 4530 2038 4585 haec

452 4623 674 4681 dicunt?
700 4621 979 4691 Quomodo
999 4623 1142 4677 enim
1168 4623 1305 4677 Deus
1332 4621 1636 4686 invisibilis,
1661 4619 2035 4691 incorporalis,

388 4737 392 4739 >
453 4712 880 4783 incorruptibilis
913 4719 1090 4782 potest
1133 4725 1164 4765 a
1211 4726 1271 4766 se
1318 4711 1435 4781 ipso
1482 4709 1830 4773 descendere,
1879 4716 1934 4765 et
1981 4723 2040 4763 se

451 4805 629 4877 ipsum
661 4805 715 4859 in
745 4803 997 4859 omnibus
1029 4815 1240 4868 creare,
1269 4809 1332 4856 ut
1370 4801 1443 4856 sit
1475 4801 1655 4855 omnia
1680 4799 1734 4853 in
1764 4799 2036 4869 omnibus,

450 4907 510 4953 et
537 4910 708 4966 usque
737 4895 804 4948 ad
835 4901 1108 4950 extremas
1139 4892 1300 4962 hujus
1333 4889 1517 4944 mundi
1548 4888 1774 4968 visibilis
1803 4887 2036 4956 turpitu-

452 4991 609 5045 dines
645 4999 701 5042 et
737 4984 1115 5054 corruptiones
1149 4983 1464 5044 vilissimas,
1499 4980 1699 5035 formas
1738 4985 1793 5034 et
1832 4978 2040 5048 species

451 5077 768 5150 procedere,
799 5083 860 5129 ut
890 5074 1006 5143 ipse
1033 5071 1198 5127 etiam
1228 5071 1283 5124 in
1323 5070 1391 5124 iis
1421 5068 1514 5134 sit,
1545 5069 1590 5123 si
1620 5068 1803 5124 omnia
1839 5067 1896 5122 in
1923 5083 2040 5124 om-

452 5170 613 5225 nibus
638 5175 724 5222 est
755 5167 816 5219 a?

532 5279 553 5312 ι
587 5259 846 5331 Ignorans
881 5255 1041 5328 (est),
1086 5254 1180 5325 qui
1229 5252 1362 5309 dicit
1401 5251 1603 5306 nullam
1652 5249 2037 5320 turpitudinem

457 5353 511 5411 in
548 5347 904 5407 universitate
950 5345 1117 5401 totius
1164 5352 1446 5400 creaturae
1484 5355 1645 5413 posse
1687 5341 1840 5397 esse?
1886 5339 2041 5408 Quod

529 5485 605 5556 (a)
651 5483 761 5539 Nec
808 5477 1055 5537 dissimili
1106 5476 1521 5556 rationenatque
1565 5471 2039 5556 interdum_peju_s

457 5545 622 5610 etiam
668 5556 723 5607 in
766 5563 880 5606 toto
906 5570 924 5602 ι
955 5564 1118 5620 opere
1158 5563 1250 5603 sex
1295 5546 1501 5620 dierum
1531 5545 1902 5620 »_exponendo
1930 5545 2034 5615 (Ill,

458 5625 656 5689 2‘40;
701 5622 787 5687 IV,
818 5623 850 5675 5
878 5614 1057 5693 seqq.)
1100 5633 1238 5692 quae
1266 5631 1420 5673 sacra
1451 5614 1730 5688 Scriptura
1770 5614 1854 5670 vel
1883 5629 2038 5685 aper-

2147 3155 2349 3210 turam,
2377 3144 2516 3199 ultra
2546 3160 2763 3200 omnem
2791 3145 3125 3201 intellectum
3155 3146 3422 3208 conditas,
3452 3144 3740 3200 intellecti-

2143 3234 2243 3289 bus
2265 3235 2378 3290 sive
2399 3234 2650 3289 humanis
2682 3235 2796 3289 sive
2835 3235 3116 3305 angelicis,
3139 3234 3259 3290 luce
3283 3234 3516 3304 quadam
3541 3231 3742 3287 intelli-

2143 3326 2357 3397 gentiae
2401 3325 2716 3395 superfusas
2766 3325 3103 3381 manifestari
3151 3343 3201 3379 ›.
3255 3343 3275 3373 σ
3329 3323 3740 3394 Appellavitque

2143 3415 2316 3471 lucem
2341 3417 2507 3482 diem,
2535 3423 2588 3469 et
2617 3415 2866 3470 tenebras
2887 3424 3100 3471 noctem
3134 3433 3152 3468 ι
3169 3453 3186 3480 ,
3210 3415 3314 3469 hoc
3333 3422 3417 3468 est
3446 3432 3465 3465 ε
3496 3421 3741 3467 contem-

2141 3505 2417 3574 plantibus
2445 3505 2640 3564 animis
2679 3505 2976 3576 praestitit,
3018 3503 3514 3560 manifestationem
3553 3503 3741 3558 visibi-

2143 3594 2274 3649 lium
2298 3603 2354 3650 et
2380 3594 2733 3650 invisibilium
2773 3610 2872 3666 per
2915 3595 3120 3650 formas
3154 3603 3212 3650 et
3235 3582 3443 3665 species
3467 3593 3610 3650 diem
3641 3607 3738 3662 ap-

2143 3686 2381 3757 pellare,
2426 3702 2615 3742 eorum
2649 3695 2832 3741 autem
2865 3686 2918 3740 in
2963 3686 3246 3756 principiis
3278 3685 3390 3740 suis
3435 3686 3740 3754 incompre-

2144 3775 2462 3832 hensibilem
2479 3775 2818 3830 altitudinem
2840 3790 3036 3831 vocare
3053 3785 3265 3831 noctem
3289 3794 3334 3830 ι.
3355 3793 3375 3826 α
3400 3773 3739 3844 Factumque

2145 3876 2228 3922 est
2260 3883 2490 3937 vespere
2530 3875 2586 3922 et
2637 3881 2793 3921 mane
2823 3867 2937 3921 dies
2980 3882 3119 3921 unus
3146 3885 3165 3918 δ
3187 3907 3202 3929 ,
3255 3884 3274 3917 ι
3316 3866 3564 3936 quamvis
3591 3867 3737 3920 enim

2145 3956 2289 4011 inter
2318 3956 2700 4011 obscuritatem
2732 3970 3016 4010 causarum
3041 3964 3096 4010 et
3117 3954 3418 4010 claritatem
3446 3952 3737 4009 elfectuum

2145 4046 2341 4102 divisio
2365 4035 2709 4119 intelligatur.
2733 4056 2788 4102 et
2813 4045 3140 4112 differentia,
3187 4062 3326 4101 unus
3355 4054 3536 4100 tamen
3566 4045 3740 4100 idem-

2145 4158 2250 4213 que
2279 4144 2393 4199 dies
2422 4153 2525 4208 est,
2560 4145 2662 4199 hoc
2688 4151 2795 4208 est,
2826 4159 2967 4198 unus
3011 4158 3199 4198 eorum
3245 4141 3575 4206 intellectus;
3627 4155 3736 4195 uon

2145 4233 2292 4286 enim
2316 4233 2419 4286 alia
2443 4242 2688 4287 creatura
2721 4232 3040 4304 intelligitur
3070 4249 3121 4287 m
3148 4233 3327 4287 causis
3353 4230 3520 4294 facta,
3548 4229 3652 4284 alia
3683 4230 3736 4284 in

2145 4317 2428 4375 effectibus
2474 4335 2756 4375 causarum
2797 4322 3032 4386 condita,
3065 4321 3158 4375 sed
3205 4335 3312 4374 una
3350 4321 3650 4389 eademque
3681 4318 3735 4372 in

2143 4410 2444 4464 rationibus
2494 4412 2759 4474 aeternis,
2810 4412 2974 4466 veluti
3025 4414 3077 4466 in
3126 4410 3443 4480 quibusdam
3500 4409 3738 4464 tenebris

2145 4502 2543 4557 secretissimae
2577 4503 2898 4572 sapientiae,
2921 4498 3066 4557 omni
3091 4501 3363 4557 intellectu
3386 4510 3649 4565 remotae,
3679 4509 3736 4554 et

2145 4593 2199 4648 in
2240 4595 2678 4663 processionibus
2724 4595 2950 4649 rationis
2999 4596 3052 4655 in
3102 4594 3325 4648 effectus
3370 4590 3737 4646 intellectibus

2144 4686 2524 4749 succumbens,
2555 4685 2719 4740 veluti
2755 4686 2808 4739 in
2840 4686 3072 4754 quadam
3098 4685 3186 4741 die
3209 4683 3484 4754 perfectae
3507 4682 3739 4737 notitiae

2131 4775 2488 4869 manifestata
2521 4776 2598 4848 (α)
2632 4795 2677 4829 ι.
2707 4775 2816 4846 (111,
2846 4773 2965 4846 25.)

2865 4887 2892 4959 §
2921 4888 3010 4942 δε.

2216 4977 2400 5047 Neque
2429 4977 2662 5032 alienum
2691 4978 2920 5038 videtur,
2953 4979 2996 5031 si
3022 4977 3132 5048 jam
3163 4993 3305 5032 nunc
3323 5018 3338 5042 ,
3367 4991 3475 5046 quo
3497 4974 3740 5042 facilius,

2146 5068 2237 5137 qui
2264 5069 2398 5123 baec
2428 5069 2617 5124 lecturi
2653 5069 2783 5132 sint,
2828 5083 3050 5123 causam
3096 5075 3450 5138 cognoscant,
3493 5067 3562 5121 de
3601 5082 3746 5137 pan-

2145 5157 2380 5212 theismo
2425 5159 2750 5229 Erigeniano
2791 5173 2913 5213 cum
2973 5158 3078 5214 illis
3121 5159 3486 5229 argumentis,
3536 5173 3680 5229 quae
3707 5174 3741 5212 a

2147 5249 2466 5306 Schluetero
2491 5252 2566 5323 (b)
2605 5250 2761 5307 nobis
2797 5251 3042 5322 opposita
3071 5259 3230 5317 sunt,
3260 5264 3374 5306 rem
3406 5258 3578 5306 totam
3606 5264 3746 5307 cono

2141 5342 2448 5398 fecerimus.

2142 5477 2353 5550 tissime
2387 5486 2637 5550 enarrat,
2673 5476 3034 5549 Erigenianae
3079 5475 3458 5550 philosophiae
3497 5477 3752 5539 decretis

2143 5548 2347 5619 illigata
2370 5548 2804 5619 fdistorquentur’.
3085 5548 3093 5549 “
3165 5551 3167 5553 ’

2215 5617 2288 5690 (li)
2315 5617 2396 5674 Cf.
2425 5617 2595 5690 praef.
2624 5617 2862 5673 Schluet.
2893 5631 2947 5687 p.
2972 5631 3224 5677 “tt-xm.
