4002 6148
317 220 385 291 ω
1156 206 1245 286 iii:
1282 226 1440 285 VITA
1481 224 1570 283 ur
1608 224 2013 283 PBECEPTIS
2048 202 2097 281 ι.
2143 226 2357 285 SCOTI.
2398 258 2466 267 —
2504 204 2684 283 ms
2718 206 2780 281 it.
3404 224 3408 228 ·
3504 225 3573 284 7ο

1030 342 1058 415 §
1093 341 1181 397 to.

383 457 561 527 itaque
588 462 779 511 nostro
802 453 1017 510 tandem
1041 453 1164 524 iure
1190 454 1292 509 hoc
1319 451 1475 508 nobis
1499 466 1715 507 sumere
1742 451 1890 506 vitle-

240 581 247 587 ε
307 566 450 614 mur,
480 548 733 604 nocuisse
761 546 1048 619 Erigenam
1081 562 1139 601 re
1167 554 1221 600 et
1252 533 1397 600 facto
1430 544 1548 610 illa,
1580 544 1776 614 quibus
1805 558 1891 597 su-

306 653 404 707 pra
438 638 492 711 (ς
522 638 613 709 22)
644 647 811 692 totam
838 636 958 704 'ejus
1000 634 1394 707 philosophiam
1440 630 1708 690 contineri
1753 632 1889 688 dixi-

305 746 446 793 mus,
487 728 913 784 substantialiter
955 742 1023 781 ex
1065 727 1366 781 substantia
1415 725 1595 779 divina
1645 722 1885 787 ﬂuxisse,

305 834 556 873 manasse
580 834 775 873 causas
808 816 1183 887 primordialcs
1217 816 1456 869 omnium
1488 830 1690 878 rerum,
1725 827 1889 884 quae-

303 925 516 979 cnnque
542 898 648 964 hoc
677 910 1045 964 universitatis
1080 924 1309 978 corpore
1337 905 1886 977 Comprehendantur,

300 1001 548 1071 exempla
590 1002 906 1072 principalia
954 1002 1157 1069 hasque
1200 1001 1393 1055 deinde
1432 1014 1627 1053 causas
1660 999 1889 1068 primor-

299 1094 473 1149 diales
500 1095 553 1148 in
578 1110 766 1148 earum
794 1094 1034 1154 eﬂ'cctus,
1072 1096 1210 1147 hanc
1249 1093 1419 1162 ipsam
1465 1108 1642 1146 rerum
1675 1090 1890 1146 univer-

297 1187 550 1250 sitatem,
582 1185 939 1256 proﬂuxisse,“
981 1200 1365 1253 promanasse,
1396 1185 1468 1237 ita
1502 1193 1563 1238 ut
1611 1180 1785 1252 neque
1821 1184 1889 1239 de

295 1278 518 1346 propria
545 1292 643 1330 sua
672 1276 816 1335 sede,
841 1278 1003 1345 quam
1031 1290 1198 1341 usque
1227 1274 1294 1326 ab
1320 1274 1464 1328 onmi
1492 1274 1810 1327 aeternitate
1834 1272 1886 1326 in

296 1370 421 1439 ipso
450 1371 561 1425 Deo
587 1367 813 1437 ejusque
838 1368 1122 1437 splendore
1145 1367 1364 1423 coelesti
1396 1368 1751 1432 obtinuerint,
1781 1368 1891 1422 sint

296 1461 562 1522 deiectae,
589 1469 647 1515 et
672 1460 785 1515 sola
814 1460 1053 1528 ipsarum
1085 1458 1500 1529 participatione
1545 1456 1886 1513 subslantiali

294 1551 366 1605 sit
386 1553 445 1604 id
470 1552 673 1620 ipsum,
701 1551 844 1619 quod
872 1552 924 1602 in
953 1550 1054 1604 hac
1077 1563 1258 1602 rerum
1290 1538 1643 1603 universitate
1673 1538 1889 1617 proprie

295 1654 417 1695 esse
444 1639 682 1702 dicatur,
711 1639 950 1692 omnium
977 1652 1156 1692 rerum
1181 1637 1506 1691 substantia.
1563 1635 1569 1641 ’

1009 1745 1172 1818 941.

362 1861 555 1917 Potuit
606 1861 791 1930 igitur,
843 1861 950 1916 imo
993 1875 1124 1916 vero
1165 1861 1331 1916 etiam
1362 1852 1545 1918 debuit
1585 1859 1802 1927 Scottis,
1840 1863 1884 1918 si

292 1951 460 2017 haec,
488 1968 654 2021 quam
680 1954 868 2021 paucis
892 1952 1302 2021 explicavimus,
1333 1962 1460 2007 vera
1489 1952 1607 2022 ejus
1634 1952 1736 2007 fuit
1763 1968 1884 2008 sen-

294 2044 500 2106 tentia,
551 2052 608 2097 et
662 2058 786 2097 cum
840 2042 927 2107 iis,
978 2043 1071 2113 qui
1116 2042 1517 2111 pantheismum
1564 2052 1882 2113 sequuntur,

293 2149 458 2186 unam
482 2142 693 2186 tantum
716 2132 768 2186 in
788 2131 1038 2187 omnibus
1062 2134 1224 2187 rebus
1244 2132 1600 2187 substantiam
1622 2132 1880 2196 statuere,

290 2239 523 2294 eamque
570 2226 834 2290 divinam,
881 2233 935 2279 et
981 2241 1090 2280 uno
1133 2225 1432 2295 eodemque
1475 2234 1883 2296 temporecum

290 2316 565 2369 communi
618 2316 926 2380 hominum,
984 2317 1097 2384 qui.
1127 2324 1272 2370 recte
1323 2316 1598 2381 sentiunt,
1629 2316 1882 2386 loquendi

294 2421 393 2459 usu
423 2407 592 2459 Deum
630 2420 947 2475 agnoscere,
976 2405 1130 2473 cujus
1155 2406 1311 2461 sedes
1350 2407 1506 2475 quasi
1550 2408 1616 2462 ac
1656 2407 1883 2462 domici-

292 2496 421 2552 lium
471 2499 546 2552 sit
592 2512 757 2567 supra
810 2512 1027 2552 omnem
1076 2510 1259 2551 rerum
1306 2505 1587 2559 naturam,
1620 2498 1712 2566 qui
1743 2498 1884 2554 hanc

292 2593 459 2640 totam
489 2601 677 2641 rerum
707 2595 956 2640 naturam
984 2586 1271 2651 creaverit,
1293 2600 1499 2655 suaque
1524 2588 1758 2642 essentia
1776 2627 1793 2653 ,
1823 2597 1885 2643 ut

292 2674 367 2729 ita
398 2677 671 2739 dicaiius,
706 2677 1124 2743 superemineat.
1152 2674 1310 2730 Modo
1358 2691 1425 2731 ne
1469 2676 1573 2732 hoc
1610 2680 1884 2747 expressis

292 2768 478 2822 verbis
516 2768 843 2833 contendat,
888 2767 1249 2824 substantiam
1295 2767 1532 2822 divinam
1580 2770 1649 2823 ab
1691 2783 1880 2825 earum

289 2877 496 2927 rerum,
528 2879 672 2932 quae
696 2878 727 2916 a
761 2864 870 2918 Deo
897 2872 1112 2918 creatae
1138 2862 1413 2927 dicantur,
1452 2863 1752 2919 substantia
1783 2879 1878 2934 pe-

289 2952 436 3008 nitus
460 2968 585 3009 esse
609 2954 904 3009 diversam.

1007 3048 1035 3122 5
1081 3050 1172 3104 te.

363 3158 566 3216 Verum
610 3161 887 3216 enimvero
920 3166 1125 3216 tantum
1172 3162 1359 3228 abest,
1395 3171 1479 3224 ut,
1521 3164 1663 3233 quod
1694 3162 1881 3219 ultimo

290 3249 412 3307 loco
436 3252 746 3322 posuimus,
777 3251 927 3307 ullibi
971 3252 1024 3306 in
1071 3252 1223 3307 libris
1249 3251 1314 3307 de
1355 3253 1621 3308 divisione
1647 3253 1881 3309 Naturae

288 3341 660 3406 contenderit,
686 3350 746 3394 ut
772 3341 970 3411 ubique
998 3339 1111 3396 fere
1140 3356 1237 3411 per
1263 3341 1382 3397 illos
1408 3341 1598 3407 libros,
1621 3343 1705 3398 vel
1734 3342 1879 3397 aliud

287 3430 498 3501 agendo
536 3428 640 3501 (a),
684 3429 765 3485 vel
802 3430 923 3484 data
971 3445 1134 3500 opera
1181 3445 1262 3492 ea,
1313 3446 1454 3500 quae
1495 3431 1655 3488 modo
1692 3433 1879 3502 paucis

286 3524 683 3593 comprehensa
734 3525 1131 3593 proposuimus,
1177 3524 1455 3587 docuerit,
1504 3540 1568 3581 ac
1598 3535 1878 3595 praeterea

286 3614 449 3668 etiam
478 3613 731 3682 pluribus
762 3613 897 3669 locis
929 3615 1071 3685 (sup.
1108 3614 1136 3687 §
1175 3615 1272 3680 58,
1306 3615 1348 3670 l.
1394 3616 1483 3687 Ν)
1518 3625 1708 3672 contra
1739 3616 1878 3682 illos,-

287 3704 378 3774 qui
407 3704 622 3759 diversa
655 3704 907 3769 sentiant,
939 3706 1203 3759 acerrime
1230 3705 1552 3768 defenderit.

357 3793 450 3848 Illa
475 3809 631 3857 vero,
665 3809 807 3865 quae
837 3788 1061 3850 item‘ab
1085 3795 1318 3866 Erigena
1348 3796 1530 3851 doceri
1559 3803 1612 3850 et
1638 3810 1797 3867 posse
1823 3806 1880 3854 et

289 3881 486 3939 debere
521 3882 1036 3948 animadvertimus,
1071 3902 1091 3934 ι
1123 3900 1244 3940 esse
1281 3885 1373 3940 Dei
1404 3887 1586 3941 sedem
1628 3887 1783 3957 quasi
1814 3894 1879 3943 ac

290 3968 622 4029 domicilium
652 3988 814 4041 supra
843 3989 1058 4029 omnem
1090 3990 1268 4029 rerum
1295 3987 1542 4031 naturam
1579 3996 1596 4027 ι
1619 3996 1726 4030 --‹
1758 3993 1878 4034 esse

284 4056 458 4117 Deum
499 4061 670 4116 totius
718 4076 901 4116 rerum
945 4072 1171 4117 naturae
1207 4078 1425 4118 causam
1471 4084 1489 4115 ι
1533 4097 1605 4106 —-
1638 4084 1657 4118 ι
1690 4082 1876 4136 super-

283 4151 513 4208 emineri
544 4154 684 4209 hanc
716 4169 896 4209 rerum
935 4155 1337 4211 universitatem
1366 4158 1635 4212 essentiae
1664 4159 1877 4217 divinae

285 4244 617 4311 praestantia
652 4263 669 4294 ι
708 4258 722 4296 :
753 4244 888 4299 haec
914 4243 1098 4314 igitur,
1127 4254 1182 4300 et
1209 4246 1294 4300 his
1319 4245 1515 4301 similia
1551 4248 1605 4302 in
1634 4249 1788 4304 libris
1812 4252 1878 4305 de

284 4331 552 4389 divisione
581 4334 819 4391 Naturae
864 4337 1109 4405 pluribus
1138 4336 1269 4392 locis
1301 4339 1620 4408 reperimus.
1654 4340 1877 4413 Legitur

1917 344 1967 404 Α
1995 340 2245 397 accidens
2275 348 2360 397 est
2401 356 2413 394 :
2468 360 2487 393 ι
2530 350 2587 395 et
2615 354 2803 396 rursus
2842 338 2927 409 (il,
2966 339 3014 411 l)
3051 356 3063 393 :
3102 359 3119 390 ι
3156 339 3269 394 Νοη
3310 342 3392 396 est
3430 334 3574 399 Deus

1993 444 2163 501 genus
2209 436 2513 498 creaturae,
2562 444 2663 487 nec
2708 439 2957 486 creatura
2999 430 3205 499 species
3254 429 3380 495 Dei,
3434 431 3577 486 sicut

1992 532 2243 577 creatura
2289 540 2393 579 non
2450 531 2536 579 est
2573 538 2743 595 genus
2789 524 2916 589 Dei;
2958 537 3133 592 neque
3180 522 3324 579 Dens
3368 523 3575 592 species

1991 621 2273 668 creaturae
2301 622 2402 667 est.
2420 613 2645 669 —Deus
2674 629 2779 668 non
2799 625 2882 668 est
2904 625 3071 669 totum
3093 623 3373 669 ercaturae
3402 630 3528 685 neq:

1990 708 2239 759 ereatura
2267 709 2394 774 pa'rs
2434 696 2564 771 Dei;
2603 703 2702 761 nec
2727 711 2976 760 creatura
3014 714 3097 761 εει
3127 715 3295 761 totum
3334 707 3562 772 Dei,'ne‘

1990 804 2095 865 que
2124 795 2265 851 Deus
2292 810 2417 866 pars
2433 806 2730 871 creaturae.
2751 799 3197 869 —-Metaph0rice
3219 802 3361 855 Deus
3382 801 3578 855 dicitur

1989 897 2045 943 et
2070 903 2261 958 genus,
2304 898 2359 944 et
2400 897 2591 953 totum,
2616 897 2672 944 et
2696 891 2902 956 species
2935 900 2989 945 et
3025 900 3189 960 pars;
3220 902 3380 947 omne
3407 893 3573 953 enim,

1990 982 2132 1050 Quod
2180 982 2234 1035 in
2280 983 2395 1051 ipso
2436 991 2492 1037 et
2533 995 2599 1036 ex
2653 980 2770 1051 ipso
2820 990 2933 1047 est,
2966 984 3360 1039 rationabiliter
3403 985 3467 1039 de
3509 996 3578 1039 eo

1986 1072 2287 1140 praedicari
2310 1081 2505 1142 potest,
2521 1073 2614 1127 sed
2629 1072 2945 1141 intelligibili
2961 1075 3191 1142 quadam
3209 1076 3578 1132 universitatis

1988 1158 2443 1232 contemplatione
2476 1180 2489 1216 :
2518 1160 2926 1218 universitatem
2956 1164 3076 1218 dico
3122 1166 3290 1220 Deum
3330 1175 3386 1221 et
3413 1166 3578 1222 Crea-

1992 1258 2163 1305 turam
2203 1260 2221 1303 i‘
2262 1268 2273 1303 :
2315 1256 2587 1322 postremo
2627 1255 2789 1307 etiam
2837 1256 2937 1308 hoc
2966 1254 3076 1321 (ill,
3107 1255 3198 1323 l):
3233 1256 3455 1311 (Causa
3494 1268 3576 1312 to-

1991 1342 2095 1396 tius
2118 1343 2486 1397 uuiversitatis
2513 1345 2765 1398 eontlitac
2791 1347 3024 1398 creatrix
3049 1354 3131 1400 est
3151 1348 3578 1415 supernaturalis

1988 1439 2044 1485 et
2072 1433 2540 1501 superessentia‘lis
2569 1436 2626 1487 et
2649 1449 2809 1503 supra
2836 1450 3051 1487 omnem
3096 1437 3258 1490 vitam
3286 1444 3341 1490 et
3366 1438 3577 1506 sapien-

1991 1523 2120 1577 tiam
2144 1533 2199 1577 et
2223 1524 2498 1589 virtutem,
2519 1534 2575 1579 et
2597 1540 2759 1597 supra
2783 1529 2963 1580 omnia
2985 1541 3123 1595 quae
3143 1527 3395 1581 dicuntur
3418 1537 3472 1582 et
3495 1530 3577 1583 in-

1989 1608 2303 1685 telliguntur
2330 1624 2384 1671 et
2415 1617 2562 1671 omni
2593 1632 2752 1673 sensu
2789 1619 3179 1687 percipiuntur,
3213 1620 3339 1673 dum
3370 1629 3454 1674 est
3481 1619 3577 1674 lio-

1915 1694 1965 1752 Β
1991 1714 2109 1760 rum
2134 1708 2374 1762 omnium
2404 1709 2727 1780 principium
2759 1725 2954 1765 causae
2992 1721 3045 1765 ct
3088 1713 3320 1767 medium
3352 1712 3579 1783 impletis

1989 1798 2296 1864 essentiale,
2326 1809 2381 1853 et
2404 1799 2527 1856 ﬁnis
2558 1815 3020 1856 consummans—
3038 1809 3093 1856 et
3116 1803 3348 1857 ambitus
3373 1803 3573 1867 omnia,

1990 1903 2130 1958 quae
2157 1898 2306 1949 sunt.-
2330 1896 2386 1943 et
2411 1904 2548 1959 quae
2571 1904 2678 1945 non
2704 1898 2847 1955 sunt,
2878 1890 3331 1947 circumscribe‘ns
3364 1906 3407 1944 9.-

2707 2023 2733 2096 ᾗ
2777 2024 2866 2079 45;

2062 2110 2204 2190 llaec
2229 2135 2393 2206 igitur
2419 2144 2476 2191 et
2504 2136 2589 2191 his
2613 2136 2832 2200 Similia,
2868 2145 2931 2191 ut
2958 2149 3182 2193 necesse
3202 2145 3307 2202 est,
3340 2137 3395 2192 in
3421 2137 3575 2195 libris

1986 2224 2056 2279 de
2101 2225 2365 2283 divisione
2409 2225 2644 2282 Naturae
2686 2227 2955 2299 leguntur.
2999 2229 3070 2283 At
3113 2243 3245 2284 sane
3270 2229 3575 2285 mirandum

1985 2318 2089 2381 est,
2118 2318 2210 2387 qui
2235 2318 2432 2373 factum
2458 2319 2553 2386 sit,
2579 2327 2640 2373 ut
2667 2318 2893 2386 Scotus,
2918 2335 3084 2389 quum
3114 2321 3249 2376 haec
3284 2320 3397 2376 sola
3424 2336 3576 2378 com-

1962 2422 2206 2464 .munem
2236 2409 2511 2464 hominum
2541 2410 2790 2480 loquendi
2818 2426 2975 2466 usum
3023 2409 3228 2466 referre
3260 2412 3569 2479 videantur,

1987 2500 2122 2554 haec
2150 2508 2326 2556 tamen
2360 2502 2471 2571 ipsa
2499 2501 2657 2572 longo
2694 2501 3042 2572 paucioribus
3059 2502 3223 2567 locis,
3256 2516 3418 2572 quam
3445 2516 3569 2561 cre-

1987 2589 2165 2657 deres,
2194 2591 2478 2662 scripsisse
2505 2593 2955 2663 deprehendatur.

2055 2684 2188 2751 Quis
2212 2693 2395 2740 autem
2437 2695 2541 2747 cst,
2570 2687 2698 2756 quin
2730 2686 2937 2751 videat,
2991 2703 3098 2744 non
3144 2696 3266 2745 es'se
3296 2688 3439 2747 inter
3471 2690 3573 2747 hos

1985 2771 2153 2837 locos,
2183 2773 2379 2842 quibus
2426 2775 2801 2843 pantlieismus
2846 2775 3220 2847 Erigenianus,
3254 2793 3416 2849 quem
3452 2781 3574 2850 qui-

1985 2865 2105 2919 dem
2132 2879 2295 2934 supra
2322 2866 2716 2934 explicavimus
2733 2907 2746 2930 ,
2775 2867 2886 2923 ullo
2908 2877 3069 2937 pacto
3098 2868 3475 2936 labefactetur,
3506 2887 3574 2927 ae

1984 2957 2231 3014 dicamus
2259 2957 2590 3026 disiicialur?
2618 2958 2755 3013 Sunt
2798 2969 2985 3013 contra
3016 2961 3071 3015 in
3099 2975 3286 3016 eorum
3323 2978 3569 3029 numero,

1844 3044 1849 3049 ’
1908 3069 1953 3130 c
1983 3051 2078 3120 qui
2107 3051 2267 3121 piane
2290 3065 2357 3106 ac
2380 3051 2581 3105 diserte
2611 3052 3010 3120 pautheismum
3034 3052 3298 3107 doceam!

2053 3139 2203 3210 Quae
2225 3156 2390 3213 quum
2414 3143 2484 3196 ita
2510 3143 2639 3205 sint,
2663 3144 2763 3196 hoc
2786 3142 3030 3212 profecto
3051 3151 3199 3200 stare
3219 3146 3565 3212 arbitramur,

1982 3232 2113 3286 nihil
2152 3233 2362 3286 omnino
2390 3246 2456 3285 ex
2479 3232 2624 3286 libris
2652 3234 2717 3285 de
2743 3232 2996 3287 dirisioue
3026 3232 3268 3289 Naturae
3299 3248 3572 3305 postea):-

1967 3303 2155 3391 lquiri,
2189 3321 2329 3390 quod
2361 3320 2426 3373 ab
2458 3319 2552 3373 illo
2598 3322 2951 3390 paulhcismo,
3005 3338 3155 3390 quem
3198 3303 3570 3393 emanativam,

1978 3410 2118 3479 quod
2166 3419 2373 3474 vocant,
2417 3419 2641 3480 systema
2684 3411 2950 3480 exprimit,
2990 3428 3137 3480 ipsos
3171 3413 3381 3469 liberari
3421 3433 3570 3484 posse

1980 3498 2227 3555 declaret.
2829 3574 2832 3581 ἢ

2715 3596 2741 3668 §
2769 3585 2859 3650 6"};

2048 3703 2410 3760 Nihilominus
2440 3699 2792 3761 Schluetcrus
2819 3707 2893 3777 (p.
2928 3694 3044 3762 XIV
3089 3711 3273 3782 seqqg)
3301 3698 3574 3772 invenisse

1979 3794 2081 3849 Sibi
2113 3795 2349 3860 videtur,
2400 3810 2539 3866 quae
2570 3795 2779 3851 illorum
2817 3797 3077 3854 librorum
3111 3800 3411 3859 doctrinam
3437 3819 3570 3876 pan—

1979 3885 2206 3942 theismo
2228 3887 2387 3958 plane
2414 3887 2714 3943 absolVant.
2743 3887 2955 3963 Pugnat
2982 3899 3159 3948 autem
3199 3893 3290 3949 illo
3329 3897 3446 3953 loco
3467 3900 3566 3954 ad-

1978 3992 2169 4033 versus
2215 3977 2585 4044 Goerresium,
2637 3980 2723 4035 cui
2775 3980 2913 4036 hanc
2961 3982 3151 4039 tribuit
3197 3988 3565 4044 sententiam:

1982 4072 2001 4116 ἀ
2030 4064 2250 4123 Scotum
2288 4068 2647 4142 Areopagitae
2691 4070 2841 4128 ideas
2869 4087 2934 4129 ac
2959 4074 3207 4132 nationes
3236 4078 3565 4138 evolventetn

1977 4159 2297 4217 necessitate
2326 4163 2558 4231 quadam
2599 4171 2755 4219 vetus
2786 4166 3109 4235 pantheismi
3162 4169 3458 4239 periculum
3485 4173 3567 4227 in-

1976 4250 2228 4316 currisse,
2262 4252 2353 4321 qui
2384 4252 2437 4306 in
2465 4253 2685 4324 scriptis
2730 4256 3088 4327 Areopagitae
3113 4296 3126 4309 .
3157 4298 3170 4310 .
3197 4298 3211 4312 .
3255 4258 3560 4318 latucrit....
3617 4268 3620 4271 ‘

1975 4339 2233 4397 Naturam
2259 4351 2499 4399 creatam
2527 4348 2803 4400 creantem
2834 4350 2954 4402 essie
2991 4347 3151 4421 λόγον,
3182 4349 3417 4406 medium
3462 4356 3567 4409 sci-

284 4427 430 4480 enim
474 4426 689 4495 saepius
715 4426 779 4496 (l,
813 4427 864 4481 5.
898 4428 931 4481 7
971 4427 1104 4500 cet.)
1134 4445 1151 4483 :
1184 4445 1203 4478 ί
1248 4427 1368 4498 ipse
1404 4427 1546 4485 Deus
1574 4430 1626 4484 in
1658 4446 1717 4486 se
1757 4431 1874 4502 ipso
1905 4418 1954 4478 D
1978 4429 2106 4487 licet
2130 4433 2269 4487 inter
2305 4438 2414 4488 non
2437 4442 2681 4490 creatam
2701 4442 2976 4490 creantem
2999 4418 3213 4509 (Deum)
3243 4449 3296 4495 et
3324 4453 3561 4501 creatam

285 4516 424 4569 ultra
452 4532 668 4571 omnem
700 4526 1003 4571 creaturam
1029 4517 1175 4572 nullo
1209 4517 1482 4573 intellectu
1513 4524 1871 4591 comprehen-

286 4605 433 4659 ditnr
480 4627 499 4657 ι
535 4623 548 4659 :
594 4602 724 4659 item
757 4605 890 4672 (iV,
923 4607 982 4675 i)
1015 4624 1028 4660 :
1057 4624 1076 4659 ι
1114 4607 1258 4662 Deus
1302 4615 1389 4663 est
1430 4624 1591 4664 causa
1638 4609 1875 4667 creatrix

282 4695 631 4749 existentium
681 4698 737 4749 et
779 4712 883 4749 non
930 4697 1275 4751 existentium
1315 4698 1557 4753 omnium
1586 4719 1605 4751 ι
1642 4717 1655 4755 :
1692 4711 1748 4757 et
1776 4703 1877 4759 hoc

284 4786 347 4851 (ἱ,
386 4786 467 4853 i7)
499 4801 511 4837 :
539 4804 556 4833 σ
592 4785 996 4854 Catr-goriarum
1030 4781 1475 4857 significationes,
1497 4805 1635 4858 quae
1660 4786 1878 4862 proprie

281 4893 333 4928 ,ιι
384 4876 550 4928 rebus
593 4875 829 4929 conditis
863 4875 1274 4945 dignoscuutur,
1314 4877 1379 4932 de
1422 4892 1586 4933 causa
1621 4881 1873 4936 omnium

282 4984 387 5021 non
416 4967 657 5022 absurde
698 4971 925 5037 possunt
971 4962 1233 5037 proferri;
1284 4984 1383 5024 nec
1429 4978 1606 5024 tamen
1635 4971 1873 5042 praprie,

278 5060 372 5114 sed
422 5059 786 5114 translative:
830 5074 953 5113 nam
998 5059 1043 5112 si
1095 5058 1277 5128 aliqua
1325 5061 1597 5131 categoria
1645 5064 1712 5117 de
1761 5061 1872 5118 Deo

277 5152 496 5219 proprie
538 5150 961 5219 praedicaretur,
1001 5151 1310 5207 necessario
1339 5142 1508 5207 Deum
1539 5169 1708 5223 genus
1752 5135 1871 5211 esse

276 5228 634 5309 saluaretur;
670 5240 812 5296 Deus
858 5249 1037 5296 autem
1081 5252 1181 5298 nec
1205 5244 1379 5315 gentis
1398 5252 1507 5298 nec
1534 5244 1742 5315 species
1770 5261 1870 5302 nec

363 5358 444 5419 (al
480 5356 840 5428 Saepissime.
873 5365 932 5427 nt
963 5358 1065 5411 alia
1086 5368 1389 5422 taceamus,
1420 5359 1622 5428 legitur
1656 5377 1676 5411 α
1710 5354 1870 5414 mun—

293 5426 402 5482 ειυς
429 5438 509 5497 ea!
532 5440 607 5497 ea:
644 5425 753 5497 Deo
786 5448 811 5497 ί»
850 5432 1205 5497 et_r_m:e‘snut
1231 5428 1451 5497 generis
1477 5425 1753 5495 ejusdem.
1786 5429 1869 5483 Cf.

294 5510 422 5559 top.
456 5494 487 5563 ς
524 5495 637 5563 ως
672 5495 741 5547 de
766 5496 878 5550 div.
906 5494 1029 5550 Nat.
1054 5494 1119 5551 il.
1156 5496 1318 5563 19-20
1342 5507 1396 5550 et
1425 5494 1538 5563 toto
1570 5497 1684 5553 fere
1706 5500 1869 5560 libro.

368 5558 537 5630 “)2:
557 5558 836 5630 Goerresii
855 5566 1120 5618 seintentia
1140 5558 1491 5621 Schlueterus
1513 5558 1615 5621 huc
1630 5558 1872 5622 scribere

294 5629 531 5688 mou:
569 5651 593 5685 ι
632 5629 893 5688 Naturam
938 5643 1171 5687 creatam
1228 5645 1504 5690 creantem
1557 5636 1715 5705 λόγον
1750 5650 1872 5691 esse

1976 4539 2082 4579 non
2132 4531 2405 4579 creantem
2458 4524 2818 4596 (Creaturam)
2866 4527 3122 4597 positum.
3172 4529 3355 4602 itaque
3393 4529 3562 4591 Deum

1979 4614 2176 4667 trinum
2209 4620 2329 4670 Sese
2358 4611 2529 4669 Scoto
2548 4629 2669 4669 cum
2693 4624 2944 4671 creatura
2969 4617 3340 4675 miscuisse....
3366 4623 3554 4680 Creativ‘
3610 4626 3613 4627 ⁷

1981 4713 2087 4759 tem
2126 4712 2306 4759 autem
2344 4704 2522 4761 creari
2555 4717 2802 4761 naturam
2851 4704 2972 4765 i'deo
2997 4711 3065 4767 ab
3091 4711 3324 4782 Erigena
3354 4715 3560 4784 doceri,

1980 4797 2107 4867 quia
2129 4795 2273 4852 Deus
2300 4797 2774 4868 superessentialis
2801 4809 2857 4854 et
2895 4802 3409 4874 superqualitativus
3429 4802 3561 4865 (litin

1978 4902 2046 4941 ex
2093 4887 2409 4943 aonomasia
2452 4886 2508 4943 in
2546 4892 3016 4960 pantonomasiam
3057 4907 3156 4963 per
3204 4895 3562 4968 theophAnias‘

1975 4980 2126 5049 quasi
2173 4982 2452 5050 procedat,
2478 4996 2589 5052 per
2631 4982 2770 5038 hanc
2815 4984 3219 5053 processionem
3268 4989 3559 5060 (quatenus

1928 5151 1936 5155 ‘
1973 5083 2071 5140 per
2100 5068 2279 5126 ideas.
2302 5110 2315 5124 .
2338 5109 2352 5124 .
2382 5085 2501 5127 sese
2542 5071 2795 5143 eXplicet)
2837 5075 3238 5143 quodammodo
3278 5080 3456 5134 omnia
3498 5081 3555 5136 in

1972 5161 2223 5218 omnibus
2257 5162 2353 5251 iiat
2377 5162 2459 5236 (ὁ)
2481 5170 2524 5218 i'.
2626 5228 2629 5235 ι

2041 5253 2381 5324 Adjiciuntu‘r
2406 5257 2491 5313 his
2525 5257 2657 5330 ipsis
2682 5258 2939 5316 nonnulla
2967 5260 3035 5318 ei
3059 5258 3348 5321 Goerresio
3374 5264 3441 5319 de
3464 5279 3550 5322 re-

1969 5363 2235 5456 i't‘ie‘oﬂab
2267 5364 2508 5456 i‘grigena
2527 5367 2767 5456 Ad-oceri,
2789 5372 2969 5456 quod
3006 5362 3235 5456 Erigena
3282 5375 3546 5456 docuerit,

1971 5433 2139 5511 Deum
2170 5449 2237 5490 ex
2290 5433 2601 5511 aononiasia
2638 5439 2693 5494 in
2744 5433 3211 5511 paritommasiam
3260 5456 3361 5511 per
3393 5433 3550 5501 theol

1968 5505 2197 5628 Bhanias
2238 5509 2556 5589 procedere,
2605 5524 2708 5565 nec
2737 5505 2877 5591 :non-
2915 5511 3227 5594 diciposse,
3258 5505 3427 5572 Deum
3454 5531 3552 5587 per

2008 5590 2108 5628 anc
2133 5590 2531 5628 ΒΓΟΟΘΒΒΙΟΠΘΠΙ
2563 5588 2908 5628 semelmsum
2937 5591 3122 5628 CI'GII'E
3146 5600 3190 5628 I-
3460 5604 3465 5611 ί

2008 5590 2108 5631 anc
2133 5579 2531 5646 processionem
2563 5579 2908 5648 semetipsum
2937 5579 3122 5638 creare
3145 5600 3190 5637 ι.
3458 5579 3465 5611 τ
