4002 6148
440 265 498 319 71
1576 263 1661 317 DE
1698 255 1747 318 Ι.
1792 255 2012 318 860το

2122 256 2570 317 ΝΜΕΝΤΑΤῘΟ.
3628 258 3696 323 τί

436 382 551 436 ditu
582 381 822 436 omnium
847 395 1029 435 renum
1074 381 1125 434 in
1161 380 1328 434 Deum
1356 397 1368 443 ;
1401 395 1544 449 quae
1573 379 1814 449 quidem.
1850 391 2016 446 quum
2051 387 2092 442 Α
2125 392 2236 431 rem
2264 387 2321 430 ut
2343 378 2551 448 probet,
2579 375 2763 430 laudat
2803 374 3150 433 Scblueterus
3171 379 3237 434 de
3264 379 3372 435 div.
3400 379 3520 435 Nat.
3552 382 3636 444 IV.
3663 383 3700 437 5

441 470 539 528 hoc
565 469 683 525 loco
706 469 904 524 nullius
925 469 1034 524 sint
1061 468 1344 532 momenti,
1383 467 1868 538 praetermittenda
1895 482 2018 522 esse

430 558 884 615 existimavimus.

506 649 710 706 Deinde
739 648 1090 705 Schlueterus
1124 657 1293 704 totam
1327 649 1470 705 hanc
1495 649 1768 706 Goerresii
1797 664 2018 705 accusa-

436 743 635 796 tionem
694 741 780 795 bis
820 739 1000 794 verbis
1035 742 1447 810 comprehendit
1477 743 1554 813 (p.
1590 741 1731 812 XVI)
1761 761 1772 795 :
1827 761 1846 793 ι
1879 742 2020 812 (Eri-

433 833 593 904 gena)
623 831 1024 901 pantheismum
1057 833 1368 902 proﬁtetur,
1417 849 1583 904 quum
1616 835 1795 907 Λόγον,
1848 833 2019 887 Deum

432 921 650 984 Filium,
679 928 1023 975 emanantem
1061 936 1093 975 a
1129 921 1314 986 Patre,
1347 932 1656 978 creaturam
1685 923 1866 977 Patris
1900 936 2021 978 esse

427 1009 660 1065 sﬂirmet
682 1030 701 1063 ι
714 1050 728 1064 .

1160 1080 1187 1152 §
1216 1080 1305 1136 45.

501 1191 615 1247 Hoc
671 1199 854 1246 autem
908 1201 1068 1263 pacto
1123 1195 1452 1264 depravatus
1507 1204 1672 1266 atque
1742 1196 2019 1252 mutilatas

429 1279 749 1336 Goerresius
764 1280 908 1335 facili
925 1281 1038 1350 jam
1060 1282 1245 1337 labore
1267 1284 1594 1338 devincitur.
1617 1285 1813 1339 Verum
1834 1286 1876 1340 si
1899 1287 2020 1354 quis

429 1370 571 1426 scire
601 1371 801 1439 cupiat,
833 1371 1028 1438 quibus
1063 1373 1403 1440 potissimum
1434 1374 1769 1444 argumentis
1817 1375 2019 1445 petitus

429 1462 517 1524 sit,
547 1459 663 1516 fere
692 1462 824 1516 haec
845 1470 971 1515 sunt
997 1476 1010 1515 :

497 1552 584 1608 I.t
613 1553 950 1624 Quamquam
983 1574 1028 1619 ι,
1078 1565 1137 1609 ut
1183 1554 1538 1612 Schlueterus
1587 1555 1663 1628 (p.
1708 1555 1894 1630 XVIII)
1920 1558 2017 1624 ait,

434 1643 762 1723 «nonnullis
809 1644 942 1700 locis
991 1644 1191 1700 Natura
1235 1656 1418 1702 creata
1470 1663 1668 1704 creans
1717 1664 1840 1704 cum
1868 1647 2016 1721 Lego

2122 469 2221 522 sub
2253 467 2366 532 tin.,
2395 465 2484 521 ubi
2515 466 2650 522 haec
2692 465 2944 536 leguntur
2971 489 2984 520 ι
3011 485 3030 520 ι
3069 467 3209 524 Deus
3235 478 3290 523 et
3318 484 3480 539 supra
3517 473 3702 526 omnia

2120 566 2173 613 et
2204 559 2256 613 in
2283 559 2535 614 omnibus
2563 567 2666 623 est,
2723 559 2838 628 ipse
2893 560 3160 630 siquidem
3189 563 3425 617 essentia
3454 567 3700 619 omnium

2120 655 2224 710 est,
2260 647 2354 714 qui
2391 661 2518 700 vere
2547 645 2696 700 solus
2731 665 2750 698 ›
2787 645 2955 716 (solus
2985 650 3133 718 vere)
3164 657 3266 703 est.

2191 737 2275 791 lli.
2309 737 2512 792 Monito
2557 746 2736 792 autem
2768 739 2844 809 (p.
2873 737 3016 810 XX),
3048 755 3113 794 ne
3154 741 3278 810 quis
3315 741 3699 813 Erigenianum

2121 826 2265 881 illum
2292 827 2524 882 Naturae
2560 829 2968 897 quaternariutn
3018 846 3143 884 cum
3196 830 3254 886 S.
3309 833 3577 890 Ternario
3605 839 3696 891 do-

2119 919 2316 988 gmatis
2338 919 2446 972 ullo
2491 921 2652 974 modo
2683 937 2845 974 unum
2873 936 2993 976 esse
3021 931 3192 991 putet,
3218 923 3413 979 Scotus
3436 925 3508 997 (p.
3537 926 3698 1002 XXII}

2117 1011 2265 1065 omni
2319 1011 2478 1080 culpa
2534 1011 2856 1077 absolvitur,
2915 1024 3200 1082 propterea
3244 1017 3429 1084 quodq
3470 1017 3513 1071 si
3571 1033 3701 1086 pan-

2119 1100 2409 1154 theismum
2459 1100 2624 1155 fuerit
2681 1110 2921 1156 sectatus
2950 1143 2965 1168 ,
3019 1104 3214 1158 docere
3266 1121 3370 1158 non
3417 1107 3698 1176 potuisset,

2118 1205 2256 1259 quae
2279 1191 2522 1244 docuerit
2550 1209 2563 1244 :
2588 1190 2642 1257 a)
2686 1190 2852 1246 Deum
2889 1207 3010 1247 esse
3035 1195 3501 1263 supernaturalcm
3532 1205 3587 1250 et
3609 1213 3700 1249 sn-

2118 1279 2561 1348 peressentialem
2601 1288 2656 1334 et
2707 1295 2870 1350 supra
2911 1281 3116 1346 Omnia,
3167 1297 3306 1351 quae
3338 1284 3486 1338 omni
3541 1298 3700 1339 sensu

2117 1371 2513 1441 percipiantur,
2560 1370 2686 1425 dum
2739 1372 2812 1425 sit
2860 1373 3050 1426 horum
3096 1375 3335 1427 omnium
3379 1376 3700 1445 principium

2117 1462 2353 1525 causale,
2387 1469 2442 1516 et
2464 1461 2698 1517 medium
2731 1462 2960 1531 implens
3008 1463 3318 1528 essentiale,
3346 1474 3401 1520 et
3427 1467 3548 1520 ﬁnis
3576 1482 3704 1523 con-

2117 1567 2494 1623 sumtnans,-—
2513 1561 2568 1608 et
2597 1552 2833 1608 ambitus
2876 1553 3355 1621 circumscribcns,
3376 1585 3446 1595 —
3475 1573 3648 1627 neque
3678 1579 3696 1610 ι

2121 1641 2564 1714 (AristOtelicam)
2594 1660 2612 1694 ι
2644 1643 2973 1712 categoriam
3004 1645 3274 1700 essentiae
3299 1684 3314 1712 ,
3343 1661 3517 1716 neque
3561 1660 3704 1703 cete-

428 1734 678 1802 confusa,
710 1735 793 1792 vel
814 1752 919 1792 non
949 1738 1083 1792 satis
1108 1738 1176 1792 ab
1194 1753 1260 1794 eo
1286 1739 1541 1795 distincta
1569 1739 1804 1806 videtur,
1833 1740 2018 1795 multis
2049 1731 2091 1789 Β
2121 1747 2211 1786 ras
2259 1746 2452 1787 novem
2502 1733 2810 1802 categorias
2839 1752 2856 1784 ι
2893 1734 3059 1803 (quae
3111 1748 3302 1790 omnes
3358 1738 3594 1806 proprie.
3646 1747 3705 1791 ιιι

428 1835 609 1883 tamen
643 1828 776 1884 locis
797 1828 1157 1884 determinate
1174 1846 1202 1884 a
1234 1829 1380 1901 Logo
1407 1840 1628 1886 aeterne
1656 1831 1838 1903 genito
1859 1847 2018 1886 mun-

428 1920 531 1973 dus
559 1918 615 1973 in
647 1917 796 1988 Logo
827 1919 1080 1974 conditus
1101 1928 1156 1974 et
1183 1935 1278 1989 per
1306 1918 1490 1991 Logon
1521 1918 1694 1976 factus
1721 1929 1781 1975 ut
1811 1919 2016 1974 Natura

427 2017 650 2065 aeterne
675 2019 856 2064 creata
887 2010 1233 2073 discernitur,
1274 2009 1399 2064 licet
1426 2026 1549 2065 cum
1607 2011 1752 2082 Logo
1792 2010 2016 2080 conjun-

426 2112 566 2165 ctae,
598 2101 818 2171 quando
842 2101 1079 2157 Naturae
1103 2113 1319 2158 creatae
1344 2117 1450 2157 non
1475 2103 1681 2159 creanti
1703 2102 2012 2172 opponitur,

423 2191 571 2248 idem
599 2199 654 2246 et
682 2199 867 2246 creata
886 2200 943 2245 et
966 2205 1160 2246 creans
1184 2191 1483 2261 appelletur
1505 2190 1731 2246 Natura.
1760 2190 2014 2246 Praeter-

425 2293 490 2336 ea
533 2278 732 2336 Scotus
777 2280 832 2335 in
886 2281 1331 2351 expositionibus,
1377 2295 1516 2352 quas
1540 2281 1608 2336 de
1652 2279 1710 2336 S.
1753 2280 2016 2336 Ternario

421 2371 656 2442 profert,
687 2372 931 2444 singulas
960 2388 1221 2442 personas
1251 2373 1547 2429 secundum
1579 2374 1775 2446 dogma
1825 2373 2016 2430 distin-

430 2465 568 2536 guit,
591 2476 754 2535 atque
774 2465 846 2518 ita
869 2463 1053 2536 Logon
1079 2466 1212 2520 dicit
1233 2473 1454 2521 aeterne
1477 2465 1745 2537 genitum,
1767 2480 1868 2521 nec
1890 2479 2016 2536 pro-

435 2555 746 2621 cedentem,
775 2571 874 2611 nec
900 2564 1142 2610 creatum
1166 2576 1211 2609 ι.

500 2643 653 2710 Loci,
684 2644 882 2714 quibus
921 2645 1010 2698 illa
1035 2644 1178 2700 inter
1198 2644 1382 2716 Logon
1408 2654 1464 2700 et
1488 2643 1750 2700 Naturam
1776 2653 2013 2701 creatam

425 2743 707 2788 ereantem
736 2741 790 2788 et
817 2732 1078 2788 Naturam
1108 2743 1348 2789 creatam
1373 2749 1481 2789 non
1511 2743 1787 2789 creantem
1817 2734 2012 2789 distin-

437 2825 552 2879 ctio
605 2822 908 2878 clarissime
955 2822 1204 2877 videatur
1247 2821 1561 2876 iilucescere
1609 2822 1846 2893 (praeter
1871 2821 2010 2887 illos,

429 2913 626 2984 quibus
655 2911 798 2968 Deus
819 2913 1035 2983 genitus
1063 2927 1094 2966 a
1119 2912 1230 2968 Deo
1267 2925 1562 2982 generante
1589 2920 1646 2968 et
1691 2912 2014 2983 procedente

427 3019 535 3060 non
563 3004 763 3070 minus,
814 3018 978 3074 quam
1009 3018 1040 3059 ι
1069 3011 1321 3060 creatura
1345 3001 1735 3075 distinguatur)
1759 3017 1828 3058 ex
1872 2999 2009 3056 mul-

427 3095 500 3150 tis
522 3092 824 3148 alet-untur
850 3094 942 3149 bi:

499 3181 621 3239 Lib.
645 3181 712 3247 ιι,
740 3182 804 3236 Si
837 3200 850 3236 :
882 3199 902 3234 ς
938 3179 1131 3238 Omnis
1169 3187 1417 3237 creatura
1462 3179 1656 3248 incipit
1700 3193 1841 3244 esse,
1887 3179 2013 3250 quia

429 3280 570 3337 erat,
601 3287 770 3343 quum
804 3285 913 3325 non
942 3280 1102 3334 erat;
1142 3279 1264 3326 erat
1314 3270 1371 3324 in
1410 3270 1592 3326 causis
1619 3271 1859 3340 quidem,
1906 3284 2014 3325 non

429 3372 550 3420 erat
574 3362 632 3418 in
657 3359 976 3417 eﬂ‘ectibus:
1025 3375 1133 3416 non
1157 3359 1381 3415 omnino
1434 3361 1600 3430 igitur
1626 3373 1755 3415 vere
1782 3359 2016 3414 aeterni-

432 3451 529 3509 tltl
559 3459 851 3509 coaeterna
879 3459 961 3508 at
979 3468 1025 3504 ι.
1054 3477 1127 3490 -—
1155 3446 1358 3504 Deinde
1386 3449 1654 3505 habentur
1685 3448 1776 3504 lib.
1805 3445 1892 3514 Ill,
1924 3447 2010 3503 16.

431 3543 519 3612 η.
568 3541 659 3600 i8.
705 3540 770 3606 li,
801 3537 894 3607 92,
927 3539 1126 3611 quibus
1151 3538 1308 3606 locis,
1347 3547 1408 3594 ut
1445 3554 1546 3596 nos
1587 3551 1803 3610 quoque
1852 3552 2018 3607 supra

429 3633 660 3711 θεαί
701 3631 795 3707 30)
832 3632 1158 3698 audivimus,
1202 3620 1224 3686 ι’
1267 3629 1434 3687 totius
1478 3638 1763 3687 creaturae
1789 3629 2011 3684 univer-

429 3726 565 3782 sitas
587 3726 645 3780 ἐκ
671 3721 818 3780 Filio
847 3723 942 3780 Dei
967 3723 1242 3794 unigenito
1275 3720 1451 3787 facta,
1487 3721 1704 3778 condita
1739 3738 1760 3773 ι
1792 3719 2010 3776 dicitur.

502 3815 565 3873 ll.
614 3813 755 3872 Tum
805 3813 1156 3872 Schlueterus
1210 3813 1285 3886 (p.
1337 3811 1482 3885 XIX)
1519 3812 1594 3867 ita
1647 3811 1761 3868 fere
1791 3811 2011 3884 pergit:

432 3929 453 3966 ι
492 3910 550 3966 Si
581 3923 710 3964 vero
737 3907 972 3980 Erigena
997 3905 1118 3961 aliis
1153 3905 1288 3961 locis
1319 3904 1425 3978 (lli,
1450 3903 1522 3960 20
1569 3903 1748 3974 seqq.)
1791 3913 2015 3959 conten-

430 4004 544 4059 dit:
576 4019 596 4056 ι
633 3997 805 4055 Deum
827 3997 1002 4054 creari
1029 3999 1082 4052 in
1101 3996 1374 4061 omnibus,
1403 4012 1422 4046 ι
1461 3995 1614 4049 sive:
1646 4013 1664 4046 ι
1705 3991 1872 4047 Deum
1895 4007 2016 4049 esse

428 4095 484 4151 in
511 4108 591 4159 se,
625 4091 752 4151 fieri
777 4091 832 4146 in
851 4088 1143 4154 creaturis,
1184 4104 1204 4138 ι
1237 4085 1404 4152 idem,
1451 4092 1512 4140 ut
1538 4084 1694 4140 multi
1739 4082 1830 4138 alii
1876 4081 2016 4138 fece-

429 4195 579 4255 runt,
637 4183 927 4241 lectionem
985 4189 1196 4236 tantum
1251 4178 1395 4234 illam
1445 4178 1589 4248 apud
1641 4176 1701 4233 S.
1750 4175 2014 4232 Joannem

425 4274 682 4349 i'lvangei.
721 4272 768 4342 ι,
814 4272 931 4328 3-4
969 4291 982 4325 :
1030 4291 1049 4322 ι
1087 4269 1459 4340 Quodcunque
1486 4268 1692 4325 factum
1719 4268 1867 4324 enim
1911 4275 2015 4333 est,

336 4400 339 4401 ν
430 4367 487 4423 in
510 4367 631 4439 ipso
669 4367 780 4422 vita
808 4370 948 4421 erat.
983 4363 1076 4422 Et
1119 4363 1231 4420 vita
1258 4371 1514 4418 erat......
1558 4382 1578 4415 ι
1633 4361 1894 4431 sequitur.
1946 4360 2019 4417 At

2124 1821 2320 1878 Scelus
2347 1821 2414 1893 [‘l,
2449 1820 2540 1889 ιη
2565 1823 2661 1886 ait,
2707 1822 2762 1876 in
2812 1822 2976 1878 rebus
3023 1824 3255 1878 conditis
3295 1825 3704 1896 dignoscantur)

2125 1929 2145 1962 ς
2177 1912 2229 1966 in
2259 1911 2426 1967 Deum
2448 1926 2608 1982 posse
2627 1911 2824 1966 cadere
2850 1930 2870 1964 ι
2892 1911 2990 1982 (α).
3021 1911 3104 1984 b)t
3131 1911 3432 1968 Humanam
3461 1913 3705 1969 volunta-

2119 2012 2228 2057 tem
2256 2018 2376 2058 esse
2399 2003 2626 2058 liberam
2654 2003 2719 2057 ad
2765 2002 3070 2074 eligendum
3101 2003 3188 2057 vel
3229 2004 3428 2060 bonum
3478 2006 3560 2060 vel
3588 2021 3707 2059 ma—

2119 2092 2251 2159 lum,
2293 2105 2348 2149 et
2376 2109 2550 2164 genus
2588 2095 2882 2148 humanum
2914 2094 2968 2148 in
3017 2093 3225 2148 Adamo
3270 2097 3703 2163 praevaricatum

2117 2187 2391 2256 mortique
2411 2186 2707 2242 obnoxium
2756 2184 2982 2248 factum,
3011 2186 3065 2240 in
3093 2185 3313 2241 Christo
3342 2195 3396 2242 et
3427 2201 3524 2256 per
3549 2185 3702 2241 Chri-
3722 2205 3742 2216 ’

2117 2289 2258 2336 stum
2289 2279 2553 2335 salvatum
2585 2294 2706 2334 esse
2737 2287 2794 2332 et
2817 2279 2963 2333 vitae
2990 2287 3245 2334 aeternae
3274 2278 3539 2334 redditum
3574 2299 3620 2334 ι.
3646 2279 3703 2349 c)

2123 2389 2142 2424 ε
2179 2366 2500 2441 Superbiam
2521 2368 2782 2436 Luciferi,
2812 2370 2904 2438 qui
2947 2385 3045 2424 sua
3073 2369 3270 2425 virtute
3296 2371 3436 2427 Deus
3464 2386 3584 2427 esse
3606 2388 3704 2427 cu-

2116 2466 2323 2535 piisset,
2344 2462 2662 2520 detestabile
2681 2464 2888 2519 crimen
2914 2462 3078 2519 fuisse
3098 2483 3143 2517 ι.
3159 2462 3215 2534 d)
3243 2481 3262 2515 ‹
3286 2463 3452 2519 Deum
3469 2463 3701 2529 ellicere.

2115 2564 2179 2610 ut
2198 2554 2363 2608 multa
2384 2562 2538 2609 extra
2559 2567 2901 2608 communem
2920 2561 3146 2608 naturae
3164 2554 3410 2610 ordinem
3430 2555 3703 2622 eveniant,

2115 2659 2225 2717 quo
2278 2645 2549 2712 ostendat,
2609 2657 2669 2699 se
2722 2643 2898 2699 solum
2951 2658 3072 2699 esse
3127 2643 3412 2698 Dominum
3445 2663 3491 2698 ι.
3541 2643 3706 2700 Hisce

2115 2736 2363 2807 quintum
2386 2735 2604 2790 additur
2626 2736 2731 2790 hoc
2757 2752 2812 2788 τι
2834 2733 3083 2800 Scotum,
3110 2734 3154 2790 si
3170 2734 3567 2804 pantheisuinm
3585 2734 3702 2792 foe.

2116 2824 2188 2880 rit
2213 2834 2472 2890 sectatus,
2503 2825 2776 2881 notionem
2821 2822 3050 2879 classice
3079 2822 3440 2894 dogmaticam
3471 2821 3531 2878 S.
3563 2823 3701 2878 Ter-

2116 2918 2252 2973 narii
2288 2932 2396 2972 non
2437 2918 2678 2988 potuisse
2719 2915 2972 2972 omnibus
2999 2914 3137 2971 locis
3166 2915 3403 2971 retinere
3450 2925 3704 2984 recteque

2113 3007 2386 3078 explicare
2412 3027 2458 3061 ι.

2036 3074 2082 3137 c
2182 3074 2462 3152 Habemus
2510 3095 2674 3166 igitur
2700 3105 2896 3151 cuncta
2930 3094 3016 3151 illa
3071 3104 3412 3166 argumenta,
3467 3109 3698 3166 quorum

2116 3188 2356 3258 pondere
2411 3184 2765 3243 Schlueterus
2808 3201 2914 3241 non
2963 3185 3135 3241 solum
3180 3186 3546 3251 Goerresium,
3605 3189 3702 3242 sed

2118 3291 2224 3332 una
2267 3291 2390 3332 cum
2431 3275 2724 3334 Goerresio
2778 3277 2872 3348 (cf.
2898 3292 2952 3348 p.
2977 3277 3118 3348 XIV)
3163 3279 3350 3345 etiam,
3394 3278 3701 3350 quicunque

2119 3381 2358 3436 unquam
2411 3365 2636 3423 Scotum
2683 3367 3014 3438 pantheismi
3061 3378 3404 3436 accusarunt,
3451 3368 3583 3426 satis
3609 3383 3703 3425 su-

2116 3473 2322 3531 perque
2345 3458 2452 3516 sibi
2478 3457 2801 3529 repressisse
2817 3458 2966 3514 visus
2985 3467 3090 3514 est.

2851 3589 3005 3663 ste.

2189 3729 2300 3786 Nos
2326 3739 2507 3785 autem
2529 3730 2664 3785 haec
2693 3737 3010 3805 argumenta
3052 3735 3160 3781 tam
3190 3724 3473 3797 diligenter
3491 3684 3722 3780 deseri)

2119 3821 2328 3893 psimus
2363 3860 2380 3888 ,
2433 3834 2542 3875 non
2592 3832 2698 3889 quo
2754 3815 2984 3872 multum
3020 3817 3087 3872 iis
3144 3815 3370 3871 velimus
3416 3815 3699 3880 tribuere,

2120 3912 2175 3968 id
2222 3909 2367 3981 quod
2421 3905 2683 3979 profecto,
2730 3921 2896 3977 quum
2947 3915 3057 3961 tota
3104 3903 3370 3975 Erigenae
3415 3901 3700 3971 disciplina

2111 4002 2228 4073 jam
2284 3982 2596 4070 accuratius
2643 4015 2674 4054 a
2727 3997 2886 4054 nobis
2932 3996 3196 4067 explicata
3244 3995 3428 4061 fuerit,
3478 4007 3703 4049 necesse

2120 4109 2228 4150 non
2281 4102 2363 4147 est
2397 4131 2413 4157 ,
2466 4091 2560 4146 sed
2625 4104 2693 4144 ne
2757 4090 2880 4159 quis
2923 4085 3266 4160 arrogantiae
3313 4101 3412 4142 nos
3459 4095 3700 4149 accuset,

2119 4200 2207 4250 ea,
2233 4185 2432 4255 quibus
2465 4180 2669 4252 aliquid
2697 4179 2986 4245 tribuatur,
3021 4179 3112 4233 vix
3136 4179 3455 4250 dignaesse
3477 4184 3701 4232 conten-

2120 4274 2625 4436 dereziuantopere
2657 4361 2824 4434 igitur
2866 4359 2923 4432 (ᾗ
2971 4359 3068 4430 id)
3103 4357 3373 4415 Goerresii
3423 4355 3701 4410 accusatio

429 4413 566 4515 m3
610 4455 874 4529 iniustum
917 4453 1078 4520 foret.
1111 4463 1333 4524 propter
1365 4454 1500 4509 haec
1533 4413 2018 4525 verbajErigenam
2043 4413 2096 4474 Β
2121 4413 2413 4528 depravata
2437 4413 2529 4512 es:
2541 4413 2710 4525 atqu;
2735 4413 2984 4508 mutilata
3011 4413 3120 4506 t'ls
3143 4449 3287 4505 enim
3315 4447 3452 4503 satis
3487 4452 3696 4515 aperte,

428 4546 758 4618 pantheismi
787 4559 1048 4600 accusare
1071 4547 1090 4599 ξ
1113 4543 1306 4602 Nonne
1333 4546 1497 4601 etiam
1525 4545 1725 4616 pictor,
1747 4544 1841 4616 qui
1872 4544 2016 4616 regis
2121 4547 2213 4618 qui
2239 4545 2310 4600 sit
2336 4545 2426 4600 ille
2455 4543 2854 4614 pantheismus,
2878 4543 2932 4596 in
2959 4555 3121 4612 quem
3142 4535 3698 4615 incidissetErigena,

432 4636 728 4707 imaginem
762 4633 957 4705 pingit.
1011 4633 1293 4703 quaerenti
1323 4634 1453 4704 quid
1481 4633 1668 4700 faciat,
1701 4633 2013 4706 respondet,
2119 4632 2520 4700 declaraverat,
2549 4646 2715 4703 quum
2758 4631 2834 4686 ita
2876 4629 3104 4694 diceret,
3132 4647 3152 4679 ο
3185 4625 3697 4697 Ανεοραςὶιαοὶιιεαε

428 4724 494 4785 ﬁl
521 4724 703 4783 ι’θιιῗ
2118 4726 2460 4784 evolventem
2511 4739 2636 4780 eum
2695 4723 2750 4778 in
2799 4720 3128 4794 pantheismi
3174 4718 3474 4790 periculum
3515 4715 3696 4770 incur-

499 4813 632 4874 Post
658 4814 913 4874 nonnulla
932 4829 1001 4873 ex
1023 4813 1083 4872 S.
1113 4815 1419 4888 Augustino
1436 4823 1494 4872 et
1511 4829 1580 4872 ex
1599 4815 1666 4870 Δ.
1701 4813 2017 4872 Guentbero
2121 4817 2260 4875 ﬁsse
2279 4837 2325 4873 ι.
2357 4815 2535 4888 Atque
2559 4815 2666 4871 hoc
2689 4816 2886 4884 ipsum,
2914 4811 3042 4866 licet
3069 4811 3124 4866 in
3163 4811 3266 4866 hac
3293 4822 3457 4865 causa
3502 4805 3698 4876 dijudi—

429 4905 491 4964 in
515 4905 910 4964 alienissimum
955 4906 1061 4963 sibi
1108 4905 1288 4963 locum
1327 4904 1628 4976 compulsa,
1665 4904 2019 4963 Scblueterus
2122 4909 2320 4975 cauda,
2348 4917 2411 4963 ut
2431 4905 2486 4980 (ε
2529 4904 2623 4962 29...
2663 4902 2692 4976 §
2722 4902 2873 4960 ιο-
2897 4901 2927 4976 ς
2949 4901 3042 4970 45)
3086 4900 3218 4956 satis
3242 4899 3464 4968 copiose
3480 4896 3697 4950 demon-

432 4998 508 5069 (p.
537 4995 657 5071 XX)
695 4997 832 5055 haee
883 4997 1088 5054 habet:
1119 5015 1138 5049 ι
1173 4997 1288 5068 Age
1332 5012 1483 5068 ergo,
1547 4995 1713 5052 etiam
1754 4993 2015 5066 Erigenae

2122 5000 2436 5062 stravimus,
2460 4997 2617 5067 longe
2649 4992 2870 5050 maximi
2913 4991 2984 5048 sit
3031 4988 3313 5054 momenti,
3345 4985 3698 5043 Schlueterus

433 5086 806 5157 indulgeamus
835 5087 1074 5144 dicenti:
1105 5107 1123 5140 ι
1156 5087 1300 5141 Deus
1329 5088 1490 5141 estin
1540 5099 1620 5149 se,
1661 5083 1723 5138 iit
1766 5083 1820 5137 in
1863 5097 2015 5138 crea-

2122 5091 2378 5164 neglexit.
2403 5087 2587 5157 Neque
2613 5085 2761 5140 illam
2789 5081 3064 5154 iniuriam,
3092 5081 3204 5136 sive
3230 5093 3335 5148 quo
3357 5075 3461 5131 alio
3476 5079 3701 5164 nomine

434 5178 570 5235 turis
594 5196 641 5246 ι,
668 5193 837 5249 quum
857 5187 1082 5251 propter
1111 5176 1394 5232 Paulinum
1422 5175 1592 5230 illud:
1627 5193 1647 5227 ι
1684 5174 1775 5243 qui
1810 5181 1895 5228 est
1921 5188 2018 5244 per
2121 5163 2234 5238 rem
2277 5177 2534 5250 appelles,
2587 5175 2807 5244 impune
2841 5170 3042 5233 tulerit,
3087 5177 3372 5238 propterea
3420 5163 3565 5234 quod
3593 5163 3700 5251 hac

433 5269 616 5324 omnia
647 5277 702 5324 θῑ
732 5269 788 5326 in
829 5250 1082 5326 omnibus
1110 5287 1160 5334 ³,
1198 5265 1426 5321 alterum
1466 5265 1707 5335 θὲυεάθῐη
1737 5263 2012 5334 Αροθιοίίε
2121 5288 2200 5338 re,
2226 5272 2530 5341 opinamur,
2575 5265 2778 5329 factum
2828 5271 2928 5325 est,
2982 5269 3040 5314 ut
3071 5257 3372 5314 doctrinam
3418 5250 3700 5341 Erigeniaf

441 5375 463 5412 ε
498 5359 590 5430 qui
619 5369 705 5418 est
729 5362 895 5432 supra
921 5358 1124 5424 omnia,
1154 5371 1420 5426 nusquam
1449 5356 1752 5428 neglexerit
1773 5374 1817 5408 ι.
1846 5356 2015 5422 Quam

2122 5337 2245 5418 nam
2262 5337 2285 5420 ξ
2343 5353 2686 5428 pantheismo
2737 5349 2952 5421 penitus
3007 5347 3264 5403 infectam
3294 5385 3310 5410 ,
3370 5337 3700 5413 pantheismi

507 5495 586 5568 (α)
609 5491 876 5568 ﬂoorich
901 5507 1008 5551 non
1055 5496 1196 5568 ipsa
1215 5491 1549 5568 Schlueteri
1572 5493 1732 5549 verba
1755 5490 2016 5568 allegavi-
2119 5493 2228 5568 div.
2254 5489 2375 5544 Nat.
2394 5487 2463 5568 μ,
2489 5486 2513 5540 i
2541 5483 3004 5556 praetermisimus
3028 5498 3040 5536 :
3064 5494 3188 5536 eum
3223 5478 3370 5535 enim
3389 5485 3554 5546 supra
3570 5469 3600 5542 5
3635 5471 3712 5528 ιι

438 5557 585 5634 mus,
611 5567 706 5621 sed
733 5557 822 5621 ilia
852 5559 966 5621 fere
1005 5557 1342 5632 scripsimus,
1365 5565 1651 5634 quaeiipse
1686 5562 1810 5634 suis
1839 5557 2020 5634 Verbis
2113 5563 2227 5634 jam
2255 5560 2546 5632 posuimus.

436 5648 504 5696 ex
543 5628 808 5705 Erigenae
848 5628 1165 5705 argumento
1209 5628 1449 5703 protulit.
1513 5628 1712 5688 Locum
1759 5631 1908 5695 illum
1956 5628 2022 5684 de
