4002 6148
299 300 372 353 75
1113 297 1201 353 DE
1240 297 1400 353 Vl'l'A
1437 296 1526 353 ET
1560 293 1890 352 ΡΒᾸΞΟΕΡΊ

2004 293 2054 350 ι.
2095 291 2310 350 SCOTI.
2348 321 2420 333 —-
2454 292 2637 352 PARS
2671 293 2732 352 ll.
3498 293 3556 352 τι

299 409 457 479 culpa
498 408 770 477 puta—verit
817 408 1220 464 absolvendam.
1273 407 1518 478 Namque
1562 407 1684 462 illae
1733 405 1883 476 ipsae
1911 411 1959 470 Α
1987 406 2075 476 qui
2125 415 2310 461 nostra
2358 414 2536 463 aetate
2575 407 2975 479 pantheismum
3009 406 3232 472 docent,
3262 409 3556 464 eorundem

295 513 406 562 res,
438 511 573 566 quas
609 511 640 551 a
686 498 1031 568 pantbeismo
1060 498 1384 568 Erigeniano
1417 513 1522 552 una
1575 511 1697 552 cum
1730 511 1879 552 com-

301 587 449 642 umni
498 589 802 654 hominum,
849 593 940 662 qui
987 603 1134 647 recte
1169 593 1434 664 judicant,
1485 591 1731 662 loquendi
1783 606 1882 646 usu

301 679 484 732 doceri
525 689 690 748 atque
713 681 851 734 smni
903 697 1008 736 non
1060 683 1233 738 solum
1275 699 1454 752 posse,
1487 698 1670 738 verum
1721 681 1882 735 etiam

299 767 504 824 debere
545 769 601 842 (§
635 770 849 843 40—§
904 772 996 841 45)
1037 774 1392 838 ostendimus,
1434 789 1574 844 quae
1615 773 1886 828 neminem

301 865 547 930 profecto
569 863 623 916 in
653 863 915 935 Erigenae
948 865 1192 921 doctrina
1242 865 1511 922 offendere
1564 867 1885 929 debuerant,

305 951 648 1017 Schluetero,
684 963 741 1006 ut
770 955 822 1007 in
857 954 1169 1010 defensione
1198 972 1292 1010 sua
1346 957 1683 1026 apertiSsime
1712 955 1889 1009 decla-

301 1045 466 1107 ravit,
497 1047 661 1099 verba
695 1046 976 1100 dederunt.
1009 1045 1160 1113 Quod
1186 1047 1330 1101 haud
1362 1048 1564 1102 scimus
1587 1062 1652 1100 an
1688 1046 1887 1100 factum

299 1147 411 1186 non
437 1143 604 1197 esset,
637 1135 762 1188 dum
804 1135 930 1189 illud
963 1135 1234 1191 Goerresii
1265 1139 1548 1202 monitum,
1577 1145 1636 1190 ut
1657 1150 1886 1204 aequum

298 1221 426 1285 fuit,
453 1223 769 1294 diligentius
789 1235 1056 1295 curasset.

369 1312 435 1367 ll.
468 1314 609 1382 Quid
662 1325 839 1369 autem
892 1317 981 1370 illa
1028 1315 1174 1388 (θῇς
1228 1317 1320 1389 44)
1347 1335 1358 1371 :
1388 1336 1405 1368 ι
1459 1316 1733 1388 (Erig‘ena)
1760 1332 1890 1385 pan-

295 1406 592 1460 tbeismum
624 1405 926 1473 proﬁtetur,
954 1421 1119 1477 quum
1144 1405 1326 1480 Λόγον,
1375 1406 1478 1490 Dei
1500 1406 1715 1470 Filium,
1745 1414 1893 1459 ema-

299 1505 523 1548 nantem
553 1511 582 1549 a
613 1496 792 1561 Patre,
819 1509 1126 1553 creaturam
1153 1498 1332 1554 Patris
1356 1513 1475 1553 esse
1502 1497 1731 1552 allirmet
1760 1516 1893 1562 ι,-

298 1585 432 1654 quid
467 1585 631 1656 igitur
673 1586 758 1640 illa
806 1588 908 1643 sibi
953 1587 1142 1654 velint,
1199 1589 1289 1644 vix
1336 1588 1708 1660 intelligimus.
1757 1588 1892 1644 Pan-

301 1674 596 1728 theismum
621 1692 720 1731 nos
760 1677 1029 1744 docuisse,
1075 1696 1242 1750 quum
1288 1681 1654 1745 docuerimus,
1694 1679 1888 1734 Filium

1985 494 2324 552 Christianae
2372 498 2646 569 religionis
2699 499 2938 568 capitum
2983 499 3200 554 nomina
3249 498 3440 554 saltem
3468 514 3556 556 re-

1985 589 2210 643 tineant.

2055 677 2119 733 γ.
2153 678 2502 734 Scblueterus
2523 679 2598 750 (p.
2628 680 2716 752 V'l)
2745 700 2757 734 :
2795 697 2813 732 ι
2839 678 3182 748 Erigenamr,
3206 681 3316 744 ait,
3357 698 3373 730 ι
3407 678 3553 733 multi

1986 767 2170 823 multis
2184 770 2358 824 modis
2379 783 2661 838 perperam
2679 769 3009 826 intellexere.
3030 769 3182 824 Hatid
3198 769 3352 826 facile
3369 784 3560 824 unum-

1986 857 2237 926 quodque
2266 857 2382 925 ejus
2417 859 2640 922 dictum,
2691 859 2734 912 si
2767 875 2835 913 ex
2872 860 3137 917 orationis
3176 870 3429 914 contextu
3463 860 3558 913 ah-

1990 955 2287 1016 rumpatur,
2339 947 2626 1004 defendere
2651 964 2834 1018 queas.
2868 951 2938 1004 At
2975 950 3242 1006 afﬁrmare
3275 952 3562 1008 audemus.

1989 1051 2132 1099 eum,
2156 1037 2199 1090 si
2225 1046 2394 1092 totum
2426 1039 2704 1108 respicias,
2738 1041 2998 1096 amussim
3017 1043 3260 1096 veritatis
3292 1056 3552 1109 nusquam

1990 1135 2382 1198 transgressum
2421 1145 2540 1185 esse
2575 1150 2616 1184 ι.

2062 1217 2206 1273 llaec
2231 1221 2392 1273 verba
2421 1221 2726 1291 significare
2749 1223 3020 1287 videntur,
3055 1222 3424 1278 Schlueternm
3457 1236 3560 1274 non

1989 1309 2196 1376 singula
2217 1310 2480 1380 Erigenae
2503 1313 2665 1377 dicta,
2684 1329 2824 1383 quae
2853 1315 2942 1368 hic
2973 1314 3084 1369 illic
3103 1323 3408 1372 occurrant,
3436 1312 3553 1380 qui.

1991 1401 2092 1455 bus
2117 1401 2342 1472 Erigena
2387 1404 2750 1475 impugnetur.
2791 1405 2846 1460 in
2879 1407 3111 1461 medium
3151 1404 3331 1467 allata,
3370 1403 3462 1457 sed
3490 1399 3555 1451 ad

1992 1494 2212 1548 intimos
2239 1495 2612 1567 philosOphiae
2659 1499 3020 1570 Erigenianae
3071 1513 3338 1560 recessus,
3379 1504 3437 1548 nt
3482 1495 3568 1548 his

1991 1583 2145 1648 locis,
2177 1585 2303 1654 quid
2344 1587 2458 1656 ipsa
2508 1602 2686 1644 rerum
2717 1599 2865 1660 agat,
2903 1590 3283 1660 perspiciatur,
3308 1594 3563 1658 penetra-

1994 1681 2106 1727 tum
2143 1674 2297 1729 velle.
2325 1675 2474 1742 Quae
2506 1678 2665 1742 ratio,
2709 1679 2754 1734 si
2792 1695 2978 1734 verum
3013 1679 3299 1742 fateamur,
3331 1687 3567 1730 summo-

299 1766 398 1822 Dei
429 1783 537 1822 non
571 1769 835 1838 genitum,
876 1771 968 1825 sed
994 1747 1277 1826 creatum?
1315 1774 1384 1828 Αι
1421 1773 1792 1837 δειιιυθιειιυε,
1837 1772 1892 1827 id
1920 1747 1968 1807 Β
1998 1779 2127 1834 pere
2151 1765 2305 1820 nobis
2333 1767 2592 1835 placeret.
2626 1768 2723 1824 Hic
2751 1778 2931 1824 autem
2962 1785 3154 1826 sensus
3179 1771 3230 1823 in
3259 1768 3364 1824 illis
3390 1762 3570 1821 verbis

296 1858 448 1927 quod
476 1874 544 1913 ex
578 1860 665 1922 iis,
689 1875 827 1928 quae
849 1859 998 1934 (εἰς
1045 1861 1136 1934 45)
1174 1863 1242 1917 ad
1289 1863 1424 1918 haec
1469 1864 1777 1934 respondet.
1809 1877 1896 1932 pa-

302 1959 422 2004 tere
467 1950 823 2016 arbitramur,
875 1952 948 2006 ita
993 1953 1233 2009 scribere
1268 1954 1500 2010 debuit:
1555 1973 1575 2012 ι
1619 1953 1894 2027 (Erigena)

299 2039 707 2109 pantlteismttm
731 2041 1032 2112 proﬁtetur.
1059 2059 1222 2113 quum
1253 2060 1428 2116 neque
1469 2045 1725 2102 Naturam
1747 2060 1899 2101 crea-

302 2137 416 2181 tam
454 2140 753 2192 creantem,
787 2144 961 2198 neque
991 2129 1248 2186 Naturam
1292 2143 1530 2188 creatam
1575 2148 1682 2189 non
1705 2148 1898 2189 crean-

299 2230 414 2276 tem
436 2223 508 2276 ab
555 2223 833 2293 unigenito
869 2223 964 2278 Dei
1012 2223 1173 2290 Filio,
1219 2225 1318 2295 ipsi
1350 2224 1460 2280 Deo
1489 2223 1640 2280 Patri
1666 2225 1893 2281 consub-

300 2309 559 2370 stantiali,
587 2310 787 2365 habeat
810 2312 1116 2367 distinctam
1146 2312 1220 2384 (a)
1244 2333 1290 2367 ι.

374 2400 732 2457 Scblneterus
758 2403 857 2458 has
894 2419 980 2458 res
1012 2419 1042 2456 a
1073 2404 1238 2460 Scoto
1258 2419 1364 2460 non
1395 2404 1683 2460 distinctas
1709 2413 1888 2476 negat.

303 2491 409 2548 Sed
429 2493 768 2563 jampridem
802 2511 831 2549 a
873 2497 1029 2553 nobis
1054 2497 1482 2554 demonstratum
1521 2507 1625 2566 est,
1657 2501 1799 2570 quod
1827 2500 1896 2556 ad

302 2585 667 2647 substantiam
689 2588 948 2651 attineat,
982 2604 1086 2658 qua
1117 2605 1222 2644 una
1245 2589 1302 2666 in
1332 2605 1388 2644 re
1417 2591 1520 2644 hoc
1553 2588 1675 2646 loco
1699 2599 1895 2646 cuncta

303 2679 475 2748 posita
506 2692 632 2734 esse
648 2687 887 2743 constat,
931 2689 988 2735 et
1024 2678 1281 2735 Naturam
1320 2693 1564 2737 creatam
1593 2691 1890 2750 creantem,

302 2776 356 2821 et
387 2765 654 2822 Naturam
673 2777 918 2824 creatam
964 2784 1070 2823 non
1101 2778 1377 2825 ereantem
1408 2771 1461 2826 in
1490 2771 1643 2827 libris
1663 2772 1728 2828 de
1751 2772 1892 2827 divi-

304 2859 456 2914 sione
476 2857 719 2915 Naturae
740 2875 865 2914 cum
892 2861 1168 2931 unigenito
1193 2861 1286 2917 Dei
1311 2861 1451 2917 Filio
1470 2862 1617 2918 Patri
1641 2879 1741 2920 suo
1767 2877 1898 2919 con-

306 2947 651 3002 substantiali
667 2964 788 3005 esse
809 2949 1069 3006 confusas
1095 2951 1145 3023 (ς
1169 2950 1238 3007 29
1263 2983 1335 2992 -
1363 2951 1525 3024 958).
1563 2952 1677 3009 Hoc
1711 2962 1894 3010 autem

303 3039 523 3107 proprie
563 3040 666 3094 sibi
705 3040 1182 3096 demonstrandum
1227 3040 1427 3109 fuisse,
1468 3043 1890 3099 substantiarum

311 3148 427 3188 esse
455 3149 619 3203 posse
640 3134 1030 3204 diversitatem,
1058 3135 1431 3207 Schlueterus,
1453 3141 1758 3212 opinamur,
1783 3158 1890 3213 non

308 3224 711 3279 animadvertit.

378 3313 461 3368 lli.
505 3313 661 3382 Quod
689 3315 736 3371 si
780 3313 874 3387 (cf.
905 3315 1045 3388 ἓιὸ,
1088 3317 1152 3388 ll)
1186 3319 1328 3389 apud
1350 3333 1476 3375 eum
1507 3320 1607 3376 hoc
1639 3321 1893 3393 legimus,

311 3404 593 3475 Erigenae,
619 3407 790 3462 sicubi
822 3408 1020 3464 dixerit
1045 3427 1058 3464 :
1093 3429 1111 3460 ι
1139 3409 1282 3465 Deus
1297 3421 1382 3466 est
1407 3412 1458 3466 in
1484 3427 1562 3476 se,
1590 3411 1648 3467 fit
1667 3413 1721 3468 in
1742 3428 1895 3468 erea-

309 3496 446 3550 turis
477 3515 524 3560 »,
552 3498 667 3552 sive
699 3515 713 3551 :
752 3517 770 3548 ι
809 3497 953 3554 Deus
986 3510 1202 3555 creatur
1245 3502 1303 3556 in
1344 3503 1597 3558 omnibus
1637 3523 1682 3569 ι,
1713 3504 1893 3560 hacin

309 3605 367 3644 re
407 3605 529 3644 esse
574 3590 1000 3662 indulgendum,
1047 3595 1201 3662 quasi
1251 3595 1352 3649 hae
1400 3595 1546 3650 solae
1597 3596 1895 3652 locutiones

308 3680 439 3744 sint,
494 3690 718 3751 propter
755 3696 893 3751 quas
939 3684 1268 3752 pamheismi
1307 3686 1585 3741 accusatio
1628 3687 1894 3756 Erigenae

311 3772 482 3838 possit
524 3771 750 3838 intendi,
797 3788 894 3828 nos
917 3774 1134 3842 quidem
1178 3791 1309 3831 sane
1337 3792 1444 3832 non
1477 3777 1740 3842 videmus,
1765 3778 1895 3848 quid

309 3860 435 3930 ipsi,
474 3863 569 3933 qui
617 3873 796 3917 tamen
836 3863 1148 3938 Erigenam,
1180 3879 1346 3934 quum
1387 3866 1590 3931 ederet,
1614 3867 1895 3938 perlegere

310 3955 520 4020 debuit,
554 3957 659 4012 hae
687 3956 741 4010 in
772 3971 833 4012 re
865 3956 1153 4012 acciderit!

381 4045 470 4100 IV.
499 4046 610 4102 Nec
639 4048 903 4116 ampliore
937 4047 1152 4104 fortuna
1179 4063 1310 4104 usus
1332 4057 1414 4103 est
1445 4049 1498 4103 in
1526 4049 1616 4116 iis,
1643 4048 1889 4118 quae(ef.

313 4137 582 4210 §45,lll)
629 4139 785 4209 quasi
828 4153 896 4194 ex
940 4139 1257 4203 abundanti,
1306 4148 1363 4193 ut
1394 4140 1566 4204 aiunt,
1601 4140 1890 4210 congessit.

311 4227 408 4284 llis
431 4229 578 4283 enim
606 4228 672 4283 de
703 4229 884 4294 rebus,
927 4229 970 4282 si
1009 4245 1114 4283 una
1157 4238 1215 4284 et
1257 4230 1385 4285 item
1417 4231 1608 4294 altera,
1635 4231 1778 4300 quod
1806 4239 1892 4286 ta-

309 4334 434 4373 men
461 4319 548 4372 vix
570 4319 979 4382 crediderimus,
1015 4334 1135 4388 qua:
1177 4335 1300 4374 eum
1337 4320 1682 4390 pantbeismo
1706 4320 1894 4392 Erige-

309 4410 475 4464 niano
513 4416 738 4479 pugnet,
775 4410 1110 4480 reperiatur,
1147 4410 1238 4478 qui
1286 4411 1502 4466 tandem
1547 4410 1750 4465 factum
1781 4420 1888 4478 est,

309 4515 366 4558 ut
399 4505 756 4559 Schlueterns
776 4520 842 4559 ne
867 4506 970 4559 hoc
1003 4505 1218 4574 quidem
1249 4504 1568 4574 respexerit,
1596 4521 1722 4558 num
1753 4504 1890 4560 forte

308 4595 562 4667 Erigena,
585 4610 753 4665 quum
776 4595 920 4649 illam
939 4595 1177 4658 doceret,
1209 4610 1398 4665 parum
1421 4594 1522 4648 sibi
1547 4594 1888 4650 constiterit?

308 4682 553 4754 Namque
603 4693 704 4744 est,
738 4685 826 4739 ubi
875 4685 1093 4739 sibimet
1121 4685 1219 4754 ipsi
1264 4683 1599 4739 contradicat
1646 4684 1761 4755 (b);
1795 4699 1887 4739 ne-

305 4789 413 4847 que
441 4774 728 4830 levissimis
752 4783 962 4828 tantum
993 4775 1045 4828 in
1076 4775 1258 4830 rebus.

377 4862 533 4934 Quod
558 4873 740 4918 autem
763 4863 1020 4918 nonnulla
1041 4865 1320 4920 doctrinae
1342 4863 1682 4921 Christianae
1707 4866 1883 4934 capita

302 4953 445 5012 libro
470 4968 572 5010 suo
607 4954 854 5020 inseruit,
877 4963 1088 5010 tantum
1115 4955 1289 5020 abest,
1315 4965 1374 5008 ut
1401 4955 1534 5010 haec
1564 4955 1721 5010 istam
1751 4955 1889 5010 libro

301 5046 630 5115 pravitatem
657 5045 930 5111 exuerint,
965 5055 1024 5100 ut
1053 5045 1166 5116 ipsa
1194 5061 1410 5117 quoque
1429 5055 1596 5101 totam
1619 5047 1743 5102 libri
1766 5062 1889 5118 pra-

302 5137 528 5191 vitatem
557 5149 682 5190 cum
724 5151 934 5191 summa
975 5152 1072 5192 sua
1100 5137 1341 5207 pernicie
1387 5138 1679 5193 induerint.
1710 5137 1885 5208 Atque

302 5225 409 5282 hoc
453 5227 524 5283 de
565 5225 751 5282 multis
797 5227 1036 5296 ipsorum
1066 5225 1183 5296 jam
1228 5228 1504 5284 vidimus:
1548 5231 1615 5284 de
1637 5229 1888 5300 pluribus

301 5317 468 5373 etiam
491 5331 621 5372 esse
655 5316 978 5373 videbimus.

373 5411 634 5468 Ceterum
677 5409 1029 5466 Schlueterus
1075 5410 1177 5469 hac
1215 5412 1269 5466 in
1319 5426 1377 5467 re
1433 5426 1500 5466 ne
1531 5413 1741 5469 somnio
1769 5415 1888 5485 qui-

304 5504 430 5557 dem
475 5503 749 5574 cogitasse
793 5501 1030 5566 videtur,
1070 5517 1234 5573 quam
1265 5503 1552 5576 diligenter
1589 5505 1754 5561 etiam
1786 5506 1884 5572 illi,

301 5618 456 5738 (te)
513 5615 626 5673 lloe
683 5623 863 5672 autem
915 5614 1267 5681 Goerresius,
1313 5617 1398 5671 cui
1453 5615 1723 5682 tribuitur,
1777 5633 1882 5675 non

343 5701 439 5738 ιιιι

343 5701 454 5744 mt.

1996 1856 2174 1913 inesse
2224 1873 2332 1912 non
2395 1867 2622 1929 potest,
2678 1870 2961 1932 propterea
3020 1861 3163 1930 quod
3209 1867 3570 1930 sequeretur,

1997 1945 2372 2004 Schlueterum
2413 1949 2500 2004 illa
2545 1950 2659 2020 ipsa
2716 1954 2930 2008 ratione
2979 1952 3286 2023 impugnari
3311 1949 3569 2014 vetuisse.

1992 2052 2101 2109 qua
2141 2038 2257 2109 ipse
2293 2040 2347 2095 in
2378 2038 2715 2097 defendendo
2740 2052 2825 2098 est
2847 2057 2996 2098 usus.

2068 2127 2183 2185 Hoc
2204 2130 2348 2185 enim
2373 2144 2439 2186 ex
2465 2131 2554 2197 iis,
2584 2147 2727 2202 quae
2757 2133 2933 2189 adhuc
2973 2132 3045 2188 ab
3064 2132 3390 2205 ejttslibello.
3413 2129 3574 2188 nobis

1996 2220 2337 2290 suppeditata
2362 2229 2506 2288 sunt,
2524 2221 2646 2280 luce
2675 2234 2758 2281 est
2780 2223 3003 2291 elatius,
3039 2225 3216 2294 ipsum
3249 2223 3301 2279 in
3327 2221 3573 2280 occultos

1995 2312 2155 2368 istius
2193 2313 2564 2384 philosophiae
2614 2317 2768 2372 sinus
2811 2334 2916 2374 non
2969 2326 3303 2389 penetrasse,
3355 2331 3477 2382 nec,
3513 2321 3576 2369 ut

1995 2401 2239 2464 videtur,
2288 2413 2572 2474 penetrare
2616 2406 2874 2462 voluisse.
2926 2408 3284 2479 Quapropter,
3327 2408 3470 2478 quod
3501 2407 3569 2462 ds

1998 2500 2110 2548 tota
2147 2490 2264 2562 ejus
2294 2492 2605 2551 defensione
2652 2495 2910 2562 diximus,
2958 2513 3064 2554 non
3097 2496 3293 2566 injuria
3341 2514 3373 2554 ιι
3411 2497 3567 2554 nobis

1997 2583 2198 2638 dictum
2229 2585 2579 2640 arbitramur.
2608 2585 2746 2654 Quid
2769 2587 2914 2644 enim
2944 2588 2998 2644 in
3028 2587 3194 2644 Scoto
3225 2587 3566 2644 defendendo

1997 2677 2272 2748 antiquius
2309 2677 2508 2733 habere
2528 2679 2731 2739 debuit,
2760 2694 2922 2750 quam
2951 2690 3008 2736 ut
3049 2681 3100 2736 id
3136 2681 3312 2752 ipsum
3347 2681 3571 2753 diligeno

1999 2766 2207 2824 tissime
2233 2776 2537 2840 perageret,
2566 2770 2708 2839 quod
2737 2770 2898 2840 plane
2922 2770 3200 2842 neglexit?

2069 2857 2309 2927 Denique
2331 2859 2498 2914 etiam
2517 2859 2618 2914 hoc
2633 2859 2918 2915 dicendum
2932 2869 3036 2925 est,
3059 2876 3156 2916 nos
3169 2858 3411 2931 profecto
3426 2861 3578 2930 igno-

1998 2964 2144 3015 rare,
2200 2949 2414 3020 qualem
2471 2950 2695 3006 omnino
2742 2951 2845 3007 sibi
2900 2952 3116 3007 finxerit
3171 2952 3573 3022 pautlteismuin

1997 3042 2286 3112 animoque
2312 3041 2641 3112 conceperit.
2666 3040 3033 3103 Scribitenim
3065 3043 3140 3112 (p.
3173 3041 3311 3112 XIV)
3338 3059 3351 3096 :
3374 3041 3567 3107 «(Non-

1997 3133 2152 3204 nulli)
2193 3134 2335 3189 inter
2373 3149 2510 3204 quos
2539 3133 2860 3194 numerandi
2901 3133 3151 3188 videntur
3183 3131 3376 3187 Thom.
3424 3132 3564 3188 Moo-

1997 3239 2144 3288 reus,
2171 3225 2263 3280 Dr.
2303 3223 2363 3279 Ο.
2398 3223 2460 3278 F.
2494 3224 2746 3288 llocltius,
2788 3223 3150 3278 recentiorum
3193 3229 3572 3292 systematum,

2004 3331 2168 3372 verae
2212 3316 2450 3372 libertati
2471 3317 2812 3372 Christianae
2843 3315 3234 3386 speculationis
3273 3314 3452 3369 minus
3493 3311 3574 3368 fa-

1997 3414 2260 3479 ventium,
2308 3413 2654 3484 praeiudiciis
2692 3411 2979 3482 impliciti,
3019 3410 3306 3465 admodum
3352 3407 3569 3477 quidem

1998 3513 2210 3568 cavent,
2231 3520 2298 3559 ne
2334 3505 2475 3558 Deus
2512 3519 2635 3558 cum
2667 3514 2916 3558 creatura
2948 3515 3099 3556 more
3128 3499 3410 3571 gentilium
3437 3512 3573 3568 pan-

1999 3594 2248 3650 theistice
2271 3592 2648 3658 confundatur,
2679 3605 3016 3662 nequaquam
3051 3605 3189 3645 vero.
3210 3591 3462 3662 abyssum
3495 3586 3564 3640 ti-

1999 3695 2170 3752 ment,
2204 3685 2344 3740 inter
2369 3694 2659 3754 utrumque
2712 3683 2909 3738 iterum
2951 3682 3212 3744 hiantem,
3244 3693 3412 3750 quem.
3436 3687 3576 3734 teste

2001 3775 2058 3833 S.
2083 3776 2250 3831 Paulo
2268 3774 2481 3846 (Ephes.
2507 3775 2574 3840 ll,
2603 3775 2670 3830 15
2691 3789 2807 3844 seq.
2835 3781 2890 3828 et
2911 3772 3112 3828 Colon.
3137 3771 3179 3837 Ι,
3208 3771 3294 3842 l9)
3313 3768 3562 3825 Salvator

1997 3875 2182 3923 noster
2210 3867 2283 3921 ita
2307 3865 2499 3921 clausit
2528 3907 2544 3930 ,
2575 3873 2633 3918 nt
2667 3883 2684 3916 ι
2723 3873 2953 3934 utraque
2978 3862 3181 3919 faceret
3217 3875 3383 3917 unum
3413 3877 3458 3914 ι.

2711 3997 2738 4070 5
2776 3996 2866 4052 t7.

2071 4129 2220 4197 Quae
2241 4138 2527 4199 postquam
2558 4127 2626 4183 de
2651 4127 2854 4183 Natura
2875 4135 3059 4185 creata
3077 4141 3182 4180 non
3205 4132 3447 4188 creante,
3472 4123 3575 4181 has

2000 4228 2110 4275 tota
2147 4235 2326 4273 rerum
2361 4219 2709 4274 universitate
2739 4219 2805 4273 ad
2837 4217 3002 4272 libros
3031 4220 3150 4292 περὶ
3179 4217 3374 4288 φύσεων
3400 4213 3573 4284 expli-

1997 4317 2118 4364 cata
2149 4317 2306 4373 sunt,
2349 4317 2558 4362 ceteras
2587 4323 2698 4373 res,
2737 4323 2881 4378 quae
2920 4321 3081 4375 super
3123 4306 3311 4360 eadem
3367 4303 3570 4358 Natura

1998 4401 2277 4465 docentur,
2311 4399 2410 4465 sui,
2433 4399 2580 4462 luna,
2611 4414 2772 4468 quem
2797 4398 3031 4453 habeant
3055 4411 3298 4461 cursura,
3327 4409 3468 4466 quae
3492 4394 3574 4450 in-

2000 4490 2242 4556 tervalla,
2283 4506 2388 4560 qua
2443 4491 2654 4544 ratione
2694 4505 2766 4544 ex
2806 4498 3040 4558 quatuor
3069 4487 3352 4542 elementis
3389 4486 3570 4544 omnia

1996 4597 2223 4652 corpora
2278 4582 2386 4636 sint
2425 4580 2742 4650 composita,
2774 4595 2916 4650 quae
2959 4579 3031 4634 sit
3074 4578 3308 4634 hominis
3351 4577 3573 4646 ejusque

1994 4686 2250 4728 sensuum
2302 4679 2518 4735 natura,
2567 4678 2622 4724 et
2672 4684 2814 4740 quae
2865 4678 2993 4724 sunt
3042 4669 3258 4740 generis
3302 4665 3568 4735 ejusdem,

1995 4763 2228 4816 maxime
2259 4770 2540 4831 propterea
2572 4762 2713 4830 quod
2740 4760 2809 4814 ad
2836 4760 2947 4824 illa,
2977 4775 3118 4829 quae
3149 4759 3303 4814 nobis
3332 4767 3440 4814 tota
3463 4758 3566 4812 hac

1986 4853 2286 4922 scriptione
2321 4851 2535 4921 proprie
2582 4851 2730 4905 cordi
2783 4865 2904 4905 esse
2961 4850 3180 4914 debent,
3226 4863 3418 4918 parum
3449 4849 3572 4902 ιιιιὶ-

1998 4952 2181 5005 neant,
2212 4943 2416 5014 optimo
2457 4942 2577 5013 jure
2607 4941 3114 5011 praetermittendas
3139 4954 3258 4995 esse
3293 4940 3570 4994 existima-

1999 5035 2196 5090 vimus.
2223 5033 2362 5090 Sunt
2391 5048 2520 5088 vero
2543 5032 2647 5087 alia
2672 5033 2934 5104 longeque
2962 5031 3187 5088 consilio
3213 5041 3400 5087 nostro
3440 5045 3570 5100 gra-

1998 5128 2217 5183 vissima
2257 5125 2310 5179 in
2353 5123 2435 5178 his
2481 5123 2656 5186 libris,
2702 5137 2862 5192 quae,
2885 5137 3048 5192 quum
3095 5130 3315 5194 promer
3349 5130 3569 5177 senten-

2000 5221 2196 5275 tiarum
2248 5230 2445 5271 nexum
2475 5212 2729 5269 facillime
2758 5213 2825 5268 ad
2862 5214 3032 5284 ipsam
3061 5215 3127 5268 de
3157 5214 3357 5268 Natura
3386 5218 3568 5267 creata

1997 5328 2104 5368 non
2150 5316 2369 5366 creante
2407 5306 2821 5378 disputationem
2869 5305 3218 5377 adjiciantur,
3249 5306 3355 5360 huc
3390 5312 3569 5357 trans.

1999 5403 2141 5458 ferre
2163 5400 2518 5456 decrevimus.
2552 5399 2789 5454 Dicimus
2816 5408 2993 5453 autem
3030 5397 3312 5468 praecipue
3334 5409 3432 5464 per
3454 5408 3568 5448 ma-

1997 5509 2130 5567 gnas
2175 5494 2432 5563 quasdam
2456 5490 2798 5547 Christianae
2853 5489 3131 5545 doctrinae
3177 5495 3388 5562 partes,
3433 5500 3571 5556 quas

1995 5606 2138 5733 ω(ιν)
2169 5604 2252 5676 α.
2294 5603 2462 5661 ﬂock.
2508 5603 2562 5659 in
2593 5603 2865 5674 cphemm.
2905 5600 3201 5658 Bonnense.
3231 5598 3370 5665 XVI,
3399 5614 3446 5671 p.
3474 5595 3565 5654 Β.
