3952 6152
343 257 413 319 75
1482 266 1573 321 ωε
1610 266 1661 322 .l.
1704 265 1926 324 sco'ro
1963 266 2477 331 COMMENTATIO.
3546 263 3610 319 ἰϐ

343 375 716 448 philosophiae
771 378 1129 450 Erigenianae
1175 379 1425 436 sordibus
1481 381 1680 436 misere
1726 382 1920 453 depre—
1947 384 1995 445 Α
2025 382 2223 452 fuerat,
2251 396 2310 440 ut
2347 386 2513 443 nullis
2551 388 2739 445 usibus
2777 388 3134 459 corporalium
3178 348 3433 450 sensuum
3460 391 3597 449 indi-

341 467 641 529 bendemus
666 471 999 540 inquinatas.

1041 562 1070 634 ς
1105 563 1195 619 ts.

410 670 584 743 ipsius
613 671 775 743 igitur
788 671 881 727 Dei
910 686 1071 741 opera
1097 671 1298 729 factum
1323 690 1442 730 esse
1475 675 1527 748 (§
1554 676 1646 745 55)
1666 678 1921 741 diximus,

335 767 397 815 ut
424 774 622 816 causae
648 759 1027 833 primordiaies
1072 763 1125 821 in
1155 762 1381 827 eli‘ectus
1408 780 1538 821 suos
1571 766 1920 836 proliuercnt,

332 851 670 922 proindeque
696 852 894 917 omnia,
938 867 1078 924 quae
1120 854 1226 918 hoc
1251 856 1507 913 universo
1550 858 1919 927 continentur,

337 942 407 999 de
425 957 637 1000 summa
674 942 935 1016 dignitate
961 960 1058 1001 sua
1088 946 1139 1001 in
1169 945 1533 1003 conditionem
1559 947 1924 1017 dejicerentur

333 1030 507 1089 multo
542 1032 865 1090 deteriorem
903 1033 990 1106 (ll,
1026 1036 1134 1105 ll).
1185 1035 1331 1093 Haec
1373 1045 1554 1093 autem
1588 1053 1678 1093 res
1707 1038 1922 1094 divinae

331 1123 564 1181 bonitati
587 1140 694 1183 non
724 1135 1006 1197 repugnat,
1038 1127 1157 1183 ideo
1177 1128 1340 1197 quod.
1371 1148 1389 1180 ‹
1423 1136 1482 1183 ut
1510 1144 1637 1184 vera
1663 1130 1801 1184 ratio
1824 1131 1922 1185 do-

333 1220 444 1281 cet,
468 1214 702 1270 mundus
731 1215 834 1271 ist‘e
850 1217 902 1270 in
926 1217 1105 1272 varias
1125 1216 1515 1288 sensibilesque
1533 1219 1744 1287 species
1760 1248 1827 1259 ——
1852 1250 1923 1259 —

332 1320 444 1363 non
468 1305 638 1364 fuisse
661 1316 954 1379 erupturus
972 1308 1080 1364 dici
1101 1318 1299 1379 potest,
1330 1310 1374 1365 si
1394 1310 1538 1365 Deus
1556 1326 1740 1366 casum
1762 1323 1815 1365 et
1839 1311 1921 1365 in-

330 1397 553 1454 teritum
576 1398 738 1469 primi
770 1399 1027 1466 hominis,
1059 1401 1323 1475 unitatem
1353 1416 1487 1459 suae
1512 1412 1740 1457 naturae
1769 1403 1921 1457 dese—

331 1489 525 1555 rentis,
555 1505 661 1549 non
708 1491 1105 1561 praevidissot;
1147 1492 1310 1549 homo
1341 1501 1521 1551 autem
1550 1503 1675 1565 post
1709 1494 1919 1548 ruinam

331 1594 487 1634 suam
514 1579 582 1635 de
611 1581 840 1649 summis
868 1582 936 1636 ad
959 1582 1087 1649 ima,
1117 1583 1184 1651 de
1212 1584 1451 1645 aeternis
1472 1584 1540 1638 ad
1574 1584 1918 1654 temporalia,

332 1670 404 1727 de
424 1673 799 1743 spirituaiibus
824 1675 894 1729 ad
920 1674 1225 1744 corporalia
1247 1705 1318 1717 --
1341 1706 1411 1717 --
1437 1691 1594 1731 suum
1628 1677 1917 1737 miserabi-

334 1764 439 1820 lem
468 1765 743 1823 interitum
767 1809 782 1834 ,
819 1767 914 1824 tali
948 1783 1122 1838 poena
1146 1768 1480 1836 admonitus,
1510 1768 1689 1842 potuit
1714 1784 1915 1839 cogno-

331 1870 509 1923 scere,
541 1867 602 1913 ut
636 1859 707 1916 ad
732 1873 865 1919 suae
890 1859 1169 1932 dignitatis
1186 1860 1476 1932 pristinum
1506 1868 1705 1916 statum
1732 1860 1921 1932 poeni-

333 1950 500 2006 tendo
527 1951 847 2023 divinasque
872 1953 1042 2026 leges,
1068 1969 1209 2025 quas
1246 1963 1623 2026 transgressus
1647 1962 1789 2025 erat,
1818 1953 1919 2009 im-

330 2038 531 2110 plendo
556 2041 735 2100 redire
762 2043 1066 2117 postularet
1088 2062 1135 2100 ι.
1167 2042 1253 2116 (ll,
1278 2044 1389 2116 ηε)

1044 2155 1204 2228 949.
1268 2194 1277 2207 .

404 2265 579 2341 Mque
594 2268 730 2347 haec
759 2269 874 2343 ipsa
899 2268 1049 2327 Scoti
1073 2270 1234 2328 verba
1263 2270 1426 2326 etiam
1449 2269 1580 2325 illud
1600 2270 1916 2336 ostendunt,

285 2357 306 2413 ἴ
332 2357 460 2425 quid
491 2358 561 2414 sit
585 2360 634 2415 ei
669 2360 830 2431 primi
871 2361 1131 2426 nominis,
1170 2369 1229 2416 ut
1271 2376 1395 2417 cum
1432 2360 1700 2435 theologis
1726 2359 1916 2431 loqua-

332 2464 475 2513 mur,
502 2442 916 2520 praevaricatio.
952 2451 1003 2508 ls
1050 2454 1196 2523 enim
1235 2471 1254 2503 ι
1286 2451 1446 2525 primi
1492 2452 1732 2508 hominis
1759 2467 1919 2509 casus

331 2550 386 2595 et
421 2540 672 2620 interitus
709 2563 726 2595 ι
768 2543 983 2605 dicitur,
1027 2544 1170 2614 quod
1219 2563 1238 2595 ε
1267 2544 1529 2599 unitatem
1565 2543 1776 2599 divinae
1815 2559 1918 2598 na-

333 2638 488 2685 turae
523 2648 542 2682 ι
578 2631 653 2702 (in
687 2646 792 2702 qua
818 2647 942 2687 cum
982 2632 1317 2703 reliquarum
1367 2646 1551 2687 rerum
1592 2633 1776 2688 causis
1806 2633 1920 2704 pri-

332 2722 687 2779 mordiaiibus
714 2724 988 2795 propriam
1018 2737 1148 2779 suae
1171 2722 1448 2794 dignitatis
1467 2731 1632 2794 atque
1650 2724 1919 2780 essentiae

332 2811 514 2866 sedem
543 2813 822 2868 ontinehat
843 2811 907 2888 [l,
940 2813 1007 2880 7;
1045 2812 1138 2877 IV,
1166 2812 1272 2880 l0;
1302 2812 1365 2877 ll,
1388 2811 1422 2869 6
1443 2813 1683 2887 seqq.]),
1715 2833 1736 2866 ι
1766 2813 1920 2869 dese—

333 2904 522 2969 ruerit,
547 2914 711 2978 atque
754 2908 828 2967 ita
867 2907 935 2962 de
967 2907 1195 2963 summis
1237 2908 1303 2963 ad
1328 2908 1435 2962 ima
1460 2948 1475 2972 ,
1510 2908 1577 2964 de
1605 2908 1826 2964 aeternis
1851 2908 1920 2963 ad

334 2990 654 3072 temporalia
689 3018 706 3050 ι
739 3029 810 3040 —
830 3029 901 3040 --
926 2999 999 3071 sit
1022 2998 1345 3073 deturbatus
1364 3000 1413 3054 ii
1439 2997 1555 3055 Hoc
1577 3007 1756 3054 autem
1785 2998 1919 3054 Sco-

335 3096 445 3155 tus,
472 3099 534 3143 ut
553 3089 929 3173 philosophiae
954 3090 1124 3160 ipsius
1161 3091 1296 3158 satis
1340 3089 1616 3164 convenit,
1647 3088 1723 3146 ita
1752 3088 1915 3161 etiam
1945 3082 1991 3143 C

340 3180 659 3255 constanter
684 3179 861 3246 docet.
897 3177 1002 3249 (Cf.
1112 3178 1183 3234 50
1211 3178 1390 3250 seqq.)

1050 3289 1079 3362 ς
1120 3289 1209 3345 50.

412 3417 432 3450 ς
465 3399 681 3462 Primus
713 3400 877 3455 homo
919 3399 1348 3470 praevaricando
1400 3398 1547 3455 illam
1571 3399 1917 3471 dignitatem,

339 3505 444 3560 qua
466 3491 519 3546 in
551 3490 995 3562 primordialibus
1020 3491 1204 3547 causis
1228 3499 1455 3547 ornatus
1474 3499 1617 3557 erat,
1653 3490 1917 3547 deseruit.

336 3581 480 3638 Hinc
506 3583 577 3639 ab
598 3582 842 3655 angelica
871 3584 940 3639 ad
960 3582 1271 3654 pecorinam
1293 3597 1402 3639 non
1436 3581 1613 3638 solum
1629 3581 1919 3651 essentiae,

337 3673 437 3730 sed
490 3673 661 3730 etiam
710 3673 1178 3746 multiplicationis
1223 3673 1489 3729 rationem
1538 3672 1766 3730 corruit.
1807 3670 1924 3727 liae

336 3765 485 3822 enim
505 3767 574 3823 de
599 3780 763 3830 causa
796 3767 962 3842 etiam
993 3766 1049 3829 in
1089 3764 1389 3822 masculum
1418 3772 1476 3837 et
1497 3762 1753 3838 feminam
1781 3762 1923 3820 divi-

339 3872 434 3915 sus
472 3866 580 3925 est,
629 3873 798 3929 quum
836 3865 1027 3924 antea,
1076 3856 1133 3930 in
1176 3856 1416 3914 aeternis
1451 3856 1566 3914 suis
1597 3855 1920 3922 rationibus,

339 3962 448 4004 non
492 3947 721 4015 haberet
766 3947 1086 4017 divisionem
1134 3963 1362 4005 sexuum
1387 3989 1403 4014 ,
1443 3947 1538 4004 sed
1597 3946 1925 4017 simpliciter

338 4039 505 4095 homo
549 4047 713 4094 esset.
757 4037 1068 4110 lterumque
1094 4049 1219 4111 post
1279 4038 1641 4111 universalem
1681 4038 1925 4107 omnium

344 4144 636 4201 corporum
659 4130 1137 4199 resurrectionem,
1157 4145 1299 4201 quae
1325 4129 1380 4191 in
1405 4128 1511 4189 line
1537 4128 1722 4193 mundi
1745 4127 1926 4189 futura

341 4221 560 4289 dicitur,
601 4222 741 4280 haec
768 4237 997 4280 sexuum
1024 4223 1218 4281 divisio
1243 4237 1352 4287 non
1381 4220 1613 4294 amplius
1657 4221 1784 4277 erit.
1814 4219 1925 4276 Ta-

341 4312 411 4368 lis
436 4314 661 4369 mascuii
681 4325 739 4372 et
760 4313 997 4373 feminae
1032 4315 1293 4373 adunatio
1332 4313 1390 4370 in
1423 4312 1709 4370 Salvatore
1738 4321 1926 4370 nostro

2026 485 2196 546 geret,
2227 476 2450 550 soloque
2489 478 2876 552 intelligentiae
2903 479 3078 537 oﬂicio
3106 480 3380 540 frueretur
3410 496 3458 535 ι.
3492 483 3595 554 (ιν,

2027 566 2115 622 16.
2148 568 2261 622 19.)

2027 567 2115 633 16,
2148 568 2261 639 l9.)

2741 662 2891 735 s55.

2097 771 2204 833 Sed
2247 788 2389 844 quae
2430 775 2648 831 tandem
2698 783 2826 832 sunt
2873 775 2975 830 ista
3025 792 3287 848 nugarum
3338 780 3603 837 monstra!

2021 860 2148 921 ideo
2174 863 2316 920 hanc
2344 881 2527 920 rerum
2551 867 2961 923 universitatem
2991 883 3020 921 a
3042 867 3153 923 Deo
3180 869 3473 935 conditam,
3500 874 3606 927 sive

2023 950 2077 1004 in
2126 960 2330 1007 statum
2376 953 2705 1011 deteriorem
2753 957 3047 1019 detrusam,
3085 966 3143 1011 ut
3188 959 3414 1025 homini,
3452 976 3608 1031 quem

2022 1041 2165 1101 Deus
2201 1058 2297 1098 sua
2334 1054 2526 1115 sponte
2553 1046 2864 1118 propediem
2898 1048 3038 1102 istuc
3065 1047 3430 1116 profecturum
3458 1066 3613 1122 prae-

2021 1132 2261 1188 scivisset
2275 1175 2290 1198 ,
2305 1142 2360 1189 et
2379 1136 2690 1215 paenitendi
2709 1148 2764 1193 et
2788 1153 2846 1192 se
2860 1137 3163 1209 corrigendi
3190 1140 3410 1205 daretur
3432 1139 3608 1200 iocusl

2021 1218 2172 1277 lianc
2213 1223 2384 1294 ipsam
2435 1240 2556 1280 esse
2587 1226 2745 1296 primi
2789 1226 3024 1285 hominis
3065 1229 3610 1299 praevaricationem,

2021 1325 2182 1380 quam
2205 1320 2425 1377 vocant,
2443 1314 2586 1382 quod
2614 1314 2679 1369 de
2701 1330 2986 1371 causarum
3011 1316 3437 1386 primordialium
3463 1321 3611 1389 sede,

2019 1398 2123 1453 hoc
2136 1408 2239 1465 est,
2255 1415 2323 1456 ex
2340 1401 2455 1471 ipso
2470 1402 2582 1457 Deo
2599 1402 2822 1474 ejusque
2836 1403 2977 1460 Filio
2990 1406 3270 1475 unigenito
3284 1408 3336 1461 in
3354 1408 3493 1464 hanc
3511 1418 3615 1465 ter»

2020 1505 2159 1556 ram,
2189 1493 2366 1547 brutis
2395 1494 2720 1550 animalibus
2751 1495 3113 1561 incolendam,
3142 1512 3264 1555 sese
3300 1499 3607 1558 demiserit!

2019 1579 2134 1636 Non
2161 1583 2322 1639 modo
2344 1591 2467 1655 post
2499 1594 2779 1654 peccatum
2813 1587 3050 1654 demum,
3080 1590 3175 1645 sed
3201 1590 3364 1644 etiam
3392 1598 3614 1661 propter

2019 1672 2191 1741 solum
2204 1683 2485 1758 peccatum
2515 1675 2616 1730 ista
2636 1676 2796 1731 unius
2824 1676 3060 1733 hominis
3084 1678 3350 1734 divisione
3364 1679 3495 1733 duos
3510 1679 3611 1734 ho-

2023 1763 2197 1829 mines
2223 1780 2343 1819 esse
2386 1764 2589 1822 factos!
2619 1765 2889 1822 diabolum
2917 1767 3164 1824 homines
3214 1769 3355 1823 intra
3404 1768 3493 1823 teli
3525 1767 3613 1826 sui

2014 1850 2219 1921 iactum
2243 1855 2545 1929 accepisse:
2568 1870 2820 1935 corpora,
2841 1872 2980 1929 quae
3008 1867 3304 1931 gestamus,
3330 1859 3609 1917 hominum

2018 1946 2205 2016 generi
2240 1945 2394 2019 data!

2089 2036 2239 2122 Quae
2291 2048 2377 2095 est
2434 2041 2535 2096 ista
2585 2039 2869 2110 doctrinae
2913 2040 3258 2099 Christianae
3309 2050 3365 2098 et
3415 2057 3610 2101 sacrae

2020 2131 2372 2205 scripturae,
2419 2142 2480 2188 ut
2521 2134 2596 2190 ita
2643 2134 2923 2202 dicamus,
2961 2135 3143 2190 irrisio
3180 2143 3238 2192 et
3274 2133 3606 2192 ludiﬁcatio!
3700 2196 3717 2209 ,

2020 2223 2194 2292 Quam
2227 2231 2407 2279 autem
2440 2223 2575 2283 haec
2605 2223 2720 2293 ipsa
2760 2239 2871 2289 res,
2915 2224 2970 2279 id
3003 2223 3145 2295 quod
3180 2222 3337 2278 nobis
3364 2223 3612 2294 profecto

2020 2313 2404 2385 gravissimum
2448 2322 2552 2379 est,
2585 2313 2698 2369 sola
2743 2312 2858 2370 fere
2902 2298 3063 2383 huqu
3100 2312 3220 2369 libri
3267 2313 3608 2384 philosophia

2021 2415 2186 2477 atque
2212 2398 2391 2461 indole
2422 2414 2478 2460 et
2514 2406 2739 2476 prodiit,
2775 2415 2831 2462 et
2858 2406 3079 2475 prodire
3108 2405 3327 2469 debuit!
3360 2404 3610 2477 Namque

2022 2495 2218 2553 Scotus
2254 2497 2567 2567 ceteroquin
2605 2511 2707 2551 nec
2749 2497 3053 2552 doctrinam
3084 2494 3469 2565 ChrlStianam,
3504 2511 3611 2552 nec

2021 2603 2233 2644 sacram
2250 2587 2591 2658 Scripturam
2618 2586 2723 2643 utlo
2744 2597 2904 2661 pacto
2928 2589 3132 2661 sprevit
3152 2597 3245 2643 aut
3268 2588 3605 2660 repudiavit;

2021 2680 2124 2736 hoc
2162 2681 2337 2736 solum
2383 2680 2531 2748 fecit,
2561 2689 2621 2735 ut
2655 2696 2786 2736 suae
2815 2680 3189 2753 philosophiae
3222 2680 3435 2755 placitis
3461 2681 3611 2753 ipsas

2023 2771 2478 2827 accommodaret.
2517 2771 2670 2839 Quod
2700 2787 2803 2842 qua
2841 2779 2960 2827 arte
3001 2770 3262 2837 eﬂ‘ecerit,
3298 2771 3412 2842 jam
3441 2786 3609 2842 supra

2024 2861 2078 2934 (ᾗ
2109 2861 2196 2925 58,
2229 2861 2271 2916 l.
2304 2859 2371 2933 ν)
2418 2862 2919 2927 animadvertimus,
2952 2875 3054 2917 nec
3094 2877 3205 2918 non
3253 2862 3399 2919 illico
3444 2861 3613 2935 claris

2026 2952 2233 3025 aliquot
2265 2953 2604 3010 documentis
2630 2953 2997 3011 ostendemus.

2734 3086 2766 3160 ς
2801 3087 2894 3147 5t.

2101 3237 2120 3271 ι
2155 3219 2548 3276 Plantationem
2574 3220 2691 3286 Dei,
2718 3218 3030 3296 paradisum
3054 3219 3107 3274 iu
3133 3218 3302 3283 Eden,
3328 3233 3434 3275 non
3461 3216 3610 3273 aliud

2025 3308 2195 3367 fuisse
2221 3311 2472 3378 dicimus,
2505 3311 2607 3366 nisi
2644 3311 2816 3382 ipsam
2852 3310 3146 3366 humanam
3176 3318 3451 3374 naturam,
3474 3322 3616 3377 qua-

2025 3413 2182 3461 tenus
2208 3404 2277 3460 ab
2300 3405 2454 3460 initio
2471 3403 2537 3458 ad
2558 3382 2847 3474 imaginem
2863 3402 2961 3458 Dei
2984 3400 3111 3474 (hoc
3139 3410 3222 3457 est
3244 3401 3298 3457 in
3319 3398 3615 3471 principali

2026 3508 2123 3549 sua
2157 3492 2436 3564 dignitate)
2471 3491 2609 3547 facta
2648 3499 2796 3548 esset
2824 3510 2836 3545 :
2867 3491 2921 3546 in
2949 3506 3013 3546 ea
3042 3491 3248 3562 lignum
3276 3491 3423 3545 vitae
3451 3487 3619 3559 (Ver-

2022 3586 2153 3642 bum
2204 3583 2458 3640 videiicet
2501 3581 2700 3651 Patris)
2733 3596 2949 3637 omnem
3000 3579 3365 3636 fructiﬁcabat
3404 3579 3617 3642 vitam;

2025 3679 2081 3733 in
2109 3675 2227 3745 ejus
2251 3675 2429 3732 medio
2466 3674 2588 3730 fons
2624 3673 2867 3729 omnium
2895 3672 3162 3728 bonorum
3204 3670 3416 3744 (eadem
3453 3669 3621 3725 vide-

2024 3765 2153 3840 licet
2175 3765 2357 3821 divina
2383 3763 2670 3836 sapientia)
2692 3754 2977 3830 manabat;
3009 3769 3266 3832 quattuor
3289 3759 3407 3831 ejus
3433 3758 3622 3816 ﬂumi-

2026 3873 2121 3926 na,
2143 3872 2210 3913 ex
2231 3871 2340 3913 uno
2360 3855 2511 3912 l‘onte
2533 3854 2832 3921 manantia,
2856 3863 2985 3910 sunt
3005 3860 3264 3924 quattuor
3287 3850 3625 3924 principales

2026 3949 2243 4005 animae
2282 3947 2531 4013 virtutes,
2574 3960 2642 4015 ex
2688 3959 2795 4009 una
2846 3944 3110 4015 sapientia
3150 3940 3507 4015 proﬂuentes,
3542 3956 3619 3998 ex

2029 4039 2224 4111 quibus
2247 4037 2425 4093 omnis
2451 4036 2627 4091 virtus
2659 4043 2717 4091 et
2743 4035 2886 4100 bona
2911 4022 3155 4106 operatio
3182 4040 3355 4090 scatet
3384 4051 3430 4085 ι.

2098 4147 2127 4191 ,ι
2163 4126 2313 4185 Unus
2331 4126 2493 4181 homo
2513 4125 2569 4180 in
2586 4124 2836 4196 paradiso
2857 4112 2984 4198 (hoc
3011 4132 3118 4191 est,
3141 4124 3198 4179 in
3229 4123 3319 4178 illa
3340 4121 3627 4179 felicitatis

2029 4221 2359 4294 conditione)
2390 4220 2592 4275 dicitur
2620 4226 2855 4283 creatus,
2880 4232 2990 4289 quo
3024 4219 3080 4272 in
3112 4217 3332 4273 homine
3354 4223 3409 4272 et
3436 4215 3520 4269 vir
3563 4224 3629 4269 et

2031 4314 2227 4371 mulier
2270 4312 2588 4388 [secundum
2629 4312 2820 4370 Patres
2845 4313 2960 4388 (ιη
3008 4312 3344 4384 intelligitur.
3386 4309 3486 4365 Vir
3532 4320 3631 4365 est

341 4420 511 4474 quum
538 4417 870 4475 resurgeret,
900 4409 1137 4480 primum
1162 4417 1247 4465 est
1275 4406 1417 4464 facta
1456 4420 1472 4461 :
1513 4406 1569 4461 in
1589 4418 1658 4459 eo
1678 4405 1846 4470 enim,
1868 4414 1928 4460 ut
1956 4426 2006 4487 ι)
2032 4407 2278 4471 animus,
2317 4412 2463 4472 νοῦς,
2503 4406 2791 4462 universae
2830 4414 3059 4461 naturae
3100 4405 3373 4460 humanae
3411 4403 3631 4473 praesi-

344 4500 423 4555 ait
461 4499 789 4571 Apostolus,
819 4517 927 4556 non
964 4512 1048 4558 est
1088 4503 1364 4560 masculus
1408 4516 1585 4574 neque
1625 4500 1822 4569 femina
1876 4520 1925 4554 ι.

343 4589 433 4665 (ll,
463 4591 498 4648 s
528 4605 682 4663 seqq.
705 4607 721 4657 ;
745 4589 836 4647 ιγ.
868 4592 925 4647 9.
955 4593 1043 4648 te.
1076 4594 1190 4658 is.)

1058 4706 1215 4780 551.

422 4838 441 4870 ι
474 4817 645 4873 Homo
679 4818 828 4890 prius
876 4819 927 4879 in
973 4819 1154 4889 seipse
1194 4818 1378 4889 lapsus
1406 4828 1511 4881 est,
1549 4833 1716 4889 quum
1761 4834 1793 4873 a
1818 4817 1932 4873 dia.

346 4909 471 4966 bolo
520 4916 838 4964 tentaretur.
883 4908 940 4975 Si
978 4911 1031 4964 in
1063 4908 1155 4964 illo
1195 4917 1363 4973 statu,
1415 4925 1522 4979 quo
1570 4909 1715 4987 Deus
1754 4909 1931 4978 ipsum

345 4999 600 5071 primitus
626 4999 959 5061 condiderat,
994 4999 1307 5065 mansisset,
1336 4999 1390 5054 in
1418 4999 1695 5056 diabolum
1717 5014 1829 5075 non.
1852 4998 1935 5053 in-

2032 4501 2165 4556 dens
2203 4516 2217 4554 :
2259 4499 2456 4555 mulier
2494 4506 2580 4553 est
2621 4513 2813 4554 sensus
2865 4512 3178 4568 corporeus,
3223 4496 3485 4559 αἴσθησις,
3527 4495 3629 4549 cui

2034 4592 2249 4657 incaute
2290 4591 2636 4647 consentiens
2683 4591 2899 4645 animus
2948 4590 3214 4660 perditur.
3247 4588 3350 4657 Qui
3416 4586 3518 4641 fuit
3566 4587 3629 4640 in

2036 4681 2129 4738 illo
2152 4681 2407 4754 paradiso
2446 4680 2706 4756 Serpens,
2736 4690 2819 4738 est
2850 4681 3032 4748 illicita
3063 4681 3368 4739 delectatio,
3399 4694 3504 4749 qua
3529 4693 3632 4743 ea,

2034 4788 2174 4844 quae
2199 4772 2477 4839 carnalem
2507 4785 2726 4828 sensum
2760 4771 3049 4833 delectant.
3077 4769 3457 4853 damnabiliter
3483 4784 3633 4837 con-

2035 4865 2408 4936 cupiscuntur.
2437 4865 2734 4934 Postquam
2766 4855 2930 4920 humo
2965 4863 3018 4917 in
3061 4876 3309 4932 soporem
3353 4859 3541 4915 incidit
3574 4868 3633 4912 et

2034 4955 2380 5023 obdormivit,
2419 4955 2562 5011 Deus
2605 4970 2674 5011 ex
2720 4955 2888 5026 ipsius
2934 4966 3087 5010 costa
3132 4952 3264 5009 fecit
3305 4951 3637 5016 mulierem,

2032 5046 2142 5103 hoc
2180 5051 2286 5111 est,
2315 5061 2481 5115 quum
2512 5045 2674 5100 homo
2714 5043 2859 5099 illam
2896 5042 3065 5098 animi
3107 5040 3484 5101 intentionem,
3516 5054 3641 5108 qua

481 5090 493 5102 -
734 5090 746 5103 ε
1225 5090 1235 5100 .
1889 5089 1901 5102 .
2032 5088 2142 5103 ..νυ
2181 5088 2286 5111 νυ,
3521 5088 3641 5108 τη

836 5088 1934 5207 ηῗνῗῗθζῗῗῖᾞῗῗε
2040 5151 2258 5207 semper
2284 5088 2734 5192 erinllexibiliter
2759 5145 3065 5191 creatorem
3088 5147 3243 5187 suum
3267 5128 3644 5199 contemplari

349 5190 499 5239 motu
540 5181 825 5253 impulsus,
872 5192 928 5236 et
954 5181 1007 5236 in
1049 5197 1135 5237 res
1165 5181 1494 5257 temporales
1519 5197 1578 5237 se
1606 5181 1936 5252 praecipita-

387 5220 499 5293 2""
540 5220 928 5293 θ’ζΨέξῗἽῖΫ
954 5220 1935 5293 7‘","':_':’:','f'"ff"r‘frff"_‘:":'f::'_
2041 5227 2335 5293 debuerat,
2381 5227 2449 5281 ad
2494 5225 2886 5282 delectationes
2918 5238 3098 5280 rerum
3143 5220 3504 5277 matcrialimn
3541 5232 3646 5272 re-

351 5280 428 5331 vit
459 5276 742 5333 :cadendo
787 5285 967 5333 autem
1008 5292 1039 5332 a
1088 5274 1302 5333 diabolo
1345 5274 1623 5329 sauciatus
1653 5283 1705 5329 et
1732 5272 1934 5344 Spolia-

860 5310 1302 5385 ἴδ”ΪρῖηΪᾛζυζυ
1345 5310 1623 5329 “mum”
1653 5310 1705 5329 Π
1733 5310 1934 5367 Ἵ“’““ῗ’
2040 5315 2280 5372 ﬂexisset
2320 5325 2377 5371 et
2421 5316 2657 5371 carnalis
2695 5314 2920 5385 copulae
2969 5311 3208 5384 appetitu
3258 5310 3525 5369 dedisset.
3578 5323 3649 5362 se

355 5376 443 5447 ωε
466 5377 548 5424 εει
581 5389 629 5425 »ο
662 5367 776 5440 (ινο
808 5367 874 5424 ³⁵
895 5385 909 5435 ς
934 5367 1006 5425 οῖ·
1033 5366 1127 5431 ενι
1159 5365 1278 5438 2³ο)
1888 5365 1891 5367 ’
2040 5365 3647 5476 i343}.thsum};Eadm};contempsimus

1066 5481 1092 5553 ς
1138 5480 1223 5533 Ἥ..
2043 5497 2230 5568 vigore
2285 5497 2617 5568 segregavit.
2672 5497 2724 5550 in
2780 5487 3195 5550 delectatiunem
3255 5484 3628 5549 sensibilium.

431 5607 453 5641 ι
492 5590 706 5648 Peccati
739 5594 933 5649 merito
972 5594 1162 5665 primis
1200 5593 1509 5649 hominibus
1548 5607 1771 5663 corpora
1818 5608 1915 5657 sun

2044 5588 2189 5642 omni
2219 5588 2417 5642 virtute
2443 5597 2757 5649 evacuatus,
2790 5586 3007 5648 cecidit,
3044 5583 3294 5639 sensibus
3331 5575 3655 5648 spirituali-

359 5679 482 5753 data
522 5697 536 5737 :
578 5694 704 5739 ante
753 5694 1033 5758 peccatum
1088 5686 1248 5741 homo
1302 5694 1483 5739 tantae
1546 5683 1942 5755 spirituaiitatis
2051 5684 2150 5736 bus
2194 5682 2408 5752 pt'nilus
2460 5682 2700 5735 recessit.
2735 5679 2962 5746 Quando
3009 5688 3187 5731 autem
3234 5673 3395 5739 homo
3436 5668 3506 5725 ila
3556 5671 3637 5739 de
