3952 6152
327 298 404 355 7⁸1
1129 294 1218 352 DE
1259 294 1417 352 VlTA
1455 295 1542 352 ET
1582 293 1894 351 PRJECEP'

2030 291 2076 348 ι.
2118 288 2333 345 scen.
2379 321 2447 330 —
2482 257 2662 345 rans
2697 289 2761 344 ιι.
3395 323 3398 326 ι
3531 292 3598 346 7s

325 421 563 466 naturae
604 422 736 466 suae
781 407 1046 480 dignitate
1085 408 1269 480 lapsus
1301 419 1438 475 erat,
1469 409 1630 466 etiam
1662 409 1744 465 sui
1773 408 1908 462 divi-
1941 408 1987 467 Α
2017 417 2074 459 se
2111 402 2226 472 ipso
2266 403 2576 471 specialiter
2610 399 2857 472 perfecit,
2895 398 3220 470 generaliter
3261 401 3312 454 in
3353 402 3601 460 omnibus

323 503 540 558 sionem
577 500 632 556 in
677 499 937 555 maritum
967 507 1024 555 et
1054 497 1334 564 feminam,
1367 514 1628 570 suamque
1662 499 1728 553 ad
1769 497 1920 553 simi-

321 589 615 647 litudinem
695 603 960 660 pecorum
1031 590 1476 662 propagationem
1505 630 1520 655 ,
1596 596 1918 645 consecutus

321 689 506 736 εει».
755 688 776 696 “

406 791 428 823 α
473 771 627 828 Licet
659 770 847 843 plures
892 772 1088 827 harum
1138 786 1320 828 rerum
1352 787 1383 826 a
1425 787 1579 828 sacra
1609 771 1913 840 Scriptura.

319 864 488 933 quasi
543 872 668 918 ante
717 863 958 918 hominis
993 878 1178 918 casum
1225 863 1423 928 factae,
1456 872 1767 928 narrentur,
1814 864 1916 917 hoc

318 963 550 1008 nostrae
577 953 882 1008 sententiae
915 968 1022 1008 non
1066 961 1360 1024 repugnat;
1395 969 1569 1022 neque
1594 953 1738 1008 enim
1767 952 1915 1024 igno-

319 1057 539 1110 ramus,
580 1043 992 1098 usitatissimum
1034 1058 1154 1097 esse
1200 1042 1416 1098 divinae
1446 1043 1758 1113 Scripturae
1799 1049 1912 1096 tro-

315 1146 480 1202 pum,
511 1133 600 1202 qui
631 1146 660 1185 a
687 1131 915 1188 Graecis
953 1133 1171 1206 ὕστερον
1207 1133 1454 1207 πρότερον
1491 1133 1605 1186 sive
1636 1133 1910 1206 πρόληψις,

317 1238 350 1276 a
393 1221 606 1276 Latinis
643 1230 1053 1294 praeposterum
1093 1223 1208 1277 sive
1248 1222 1564 1292 anticipatio
1605 1231 1828 1276 vocatur
1865 1242 1907 1274 ι.

317 1312 438 1385 (Iv,
475 1313 681 1384 16-25.)

937 1457 948 1466 .
1043 1382 1200 1456 555.

397 1491 515 1552 Tali
551 1497 716 1568 igitur
743 1495 979 1552 artiﬁcio
1007 1495 1222 1559 Scotus,
1252 1497 1511 1565 quidquid
1551 1511 1740 1550 sacrae
1765 1495 1910 1550 Scri-

308 1589 799 1660 plurae,quidquid
828 1589 1109 1644 doctrinae
1136 1588 1475 1645 Christianae
1513 1590 1564 1644 in
1590 1590 1758 1659 ipsius
1786 1589 1906 1660 phi-

313 1677 624 1749 los0phiam
650 1678 859 1740 incidit,
887 1676 1001 1733 fere
1026 1678 1376 1748 depravatum
1406 1679 1586 1735 habet.
1622 1679 1736 1734 Hac
1763 1680 1906 1734 enim

2019 491 2284 564 perﬁciet.
2327 491 2442 546 Non
2493 493 2617 548 dico
2654 492 2708 546 in
2749 489 3000 546 omnibus
3045 489 3353 545 hominibus
3401 491 3602 546 solum-

2019 585 2198 647 modo,
2231 583 2326 637 sed
2369 583 2421 636 in
2464 582 2610 636 omni
2653 579 2893 636 sensibili
2930 589 3196 634 creatura.
3228 579 3403 650 Ipsum
3436 581 3605 651 siqui-

2018 673 2140 728 dem
2186 672 2280 727 Dei
2323 671 2583 734 Verbum,
2626 671 2840 740 quando
2868 671 3079 740 accepit
3118 671 3408 724 humanam
3446 681 3602 726 natu»

2019 779 2166 828 ram,
2230 764 2432 818 nullam
2484 771 2722 818 creatam
2788 763 3148 817 substantiam
3202 766 3599 834 praetermisit,

2017 871 2179 925 quam
2237 871 2344 910 non
2392 856 2622 924 accepit.
2655 853 2731 908 Ac
2761 869 2856 923 per
2885 855 3006 919 hoc,
3035 854 3079 908 si
3111 855 3404 910 humanam
3447 867 3605 914 natu-

2018 963 2156 1010 ram,
2187 964 2354 1018 quam
2377 947 2605 1016 accepit,
2636 946 2865 1001 salvavit
2908 954 2964 1001 et
3010 948 3356 1013 restauravit,
3385 963 3602 1004 omnem

2016 1036 2260 1108 profecto
2287 1046 2617 1102 creaturam,
2645 1036 2914 1092 visibilem
2939 1047 2996 1093 et
3022 1038 3366 1104 invisibilem,
3396 1051 3604 1096 restau-

2016 1129 2156 1183 ravit
2193 1149 2237 1183 ι.
2275 1131 2362 1200 (V,
2409 1129 2509 1194 25;
2557 1129 2629 1183 cf.
2659 1129 2726 1193 V,
2753 1129 2845 1182 ‘27.
2870 1127 2940 1183 36
2985 1128 3060 1200 [p.
3089 1129 3195 1184 289
3227 1132 3355 1184 edit.
3389 1131 3599 1204 Oxon];

2017 1219 2100 1286 Ill,
2131 1220 2234 1285 20;
2270 1221 2360 1286 IV,
2392 1220 2425 1274 5
2454 1220 2530 1292 [p.
2564 1219 2666 1274 170
2684 1220 2818 1275 edit.
2850 1219 3062 1292 Oxon];
3096 1221 3182 1283 IV,
3208 1221 3272 1287 4;
3306 1223 3370 1287 ll,
3397 1223 3475 1294 9.)

2084 1314 2265 1384 Atque
2293 1315 2394 1369 hoc
2423 1313 2686 1384 profecto,
2724 1312 2771 1367 si
2800 1312 3115 1383 quidquam,
3143 1313 3278 1368 artis
3302 1315 3459 1370 istius
3480 1316 3599 1372 Eri-

2014 1405 2276 1474 gcnianae
2302 1405 2575 1474 specimen
2599 1413 2681 1460 est
2706 1403 3016 1459 dicendum.
3046 1404 3218 1472 Quam
3245 1405 3442 1461 misere
3461 1407 3602 1463 hanc

2013 1493 2294 1549 doctrinae
2315 1493 2659 1549 Christianae
2688 1500 2895 1565 partem
2923 1493 2976 1548 in
3009 1493 3290 1564 uliginosis
3319 1494 3438 1550 istis
3469 1511 3600 1550 cau-

2013 1595 2197 1639 sarum
2249 1599 2471 1639 suarum
2520 1583 2950 1654 primordialium
2997 1583 3394 1655 eﬁ‘ectuumque
3429 1600 3495 1641 ex
3535 1587 3600 1642 iis

2012 1673 2392 1745 proﬁuentium
2418 1675 2705 1746 paludibus
2725 1675 2916 1745 polluit
2941 1684 3099 1746 atque
3123 1678 3385 1746 turpavit!

313 1769 370 1824 in
411 1784 474 1824 re
509 1770 800 1824 admodum
843 1768 947 1823 sibi
993 1778 1390 1824 consentaneus
1418 1767 1536 1824 fuit.
1563 1769 1715 1838 Quod
1757 1770 1904 1826 lucu-
1937 1754 1981 1813 Β
2079 1765 2264 1837 Neque
2290 1766 2509 1833 Scotus,
2531 1767 2658 1821 dum
2685 1767 2819 1823 satis
2845 1768 2946 1823 sibi
2975 1775 3227 1824 constare
3247 1770 3396 1836 velit,
3417 1769 3602 1828 Eccle-

309 1857 520 1914 lentius
561 1859 727 1913 etiam
774 1856 1054 1929 probaturi
1087 1873 1251 1929 quam
1290 1860 1531 1915 maxime
1557 1875 1756 1930 Operae
1782 1875 1906 1930 pre-

312 1951 455 2004 tium
505 1947 704 2004 fecisse
753 1949 1018 2013 videmur,
1063 1949 1109 2004 si
1157 1947 1269 2017 illa,
1311 1961 1450 2019 quae
1493 1949 1561 2005 de
1605 1950 1901 2016 hominum,

307 2040 508 2094 Adami
539 2039 698 2109 culpa
726 2039 1084 2109 perditorum,
1124 2039 1513 2109 redemptione,
1546 2040 1612 2094 de
1655 2049 1902 2111 peccato,

307 2131 379 2185 de
411 2130 627 2200 peccati
669 2144 842 2200 poena
887 2130 1169 2195 docentur,
1197 2130 1383 2200 paucis
1417 2131 1675 2187 adstricta
1711 2133 1897 2190 retule-

305 2221 509 2277 rimus.

1035 2291 1062 2364 ς
1103 2292 1189 2349 56.

387 2423 412 2459 ι
448 2405 678 2470 Omnia,
725 2419 868 2476 quae
907 2420 974 2460 ex
1018 2420 1181 2462 causa
1224 2407 1468 2463 omnium
1503 2427 1524 2462 ι
1555 2408 1683 2479 (hoc
1709 2418 1793 2466 est
1817 2411 1904 2465 vel

302 2497 478 2563 Dens,
515 2497 606 2553 vel
629 2497 938 2568 unigenitus
983 2497 1081 2552 Dei
1117 2497 1286 2554 Filius
1315 2497 1409 2572 [ch
1443 2500 1471 2572 δ
1501 2499 1736 2573 ’ξε-50])
1797 2520 1818 2554 ‹
1849 2511 1903 2557 et

302 2603 376 2643 ex
417 2587 604 2642 causis
650 2586 1108 2657 primordialibus,
1143 2587 1198 2640 in
1241 2602 1306 2642 ea
1348 2589 1678 2656 constitutis,
1712 2606 1903 2662 proce-

303 2679 472 2744 dunt,
505 2678 850 2744 vilescerent,
885 2678 996 2734 imo
1034 2678 1196 2734 etiam
1224 2680 1442 2749 penitus
1470 2681 1733 2750 perirent,
1763 2682 1808 2737 si
1835 2684 1902 2738 ad

301 2768 518 2824 fontem
547 2783 704 2823 suum
733 2767 912 2826 redire
932 2783 1108 2840 neque
1125 2777 1363 2842 possent,
1391 2786 1564 2842 neque
1592 2772 1832 2829 redirent
1855 2794 1896 2828 ι.

301 2860 404 2931 (v,
432 2861 554 2931 se.)

385 2972 406 3003 ι
446 2951 591 3006 Deus
629 2951 834 3019 itaque,
880 2949 977 3005 Dei
1003 2948 1237 3006 Verbum
1260 2991 1274 3016 ,
1307 2952 1359 3006 in
1405 2967 1511 3021 quo
1538 2954 1718 3008 omnia
1762 2954 1899 3008 facta

300 3055 444 3100 sunt
477 3043 777 3100 causaliter
797 3051 855 3098 et
881 3042 1202 3109 subsistunt,
1231 3044 1527 3100 secundum
1571 3061 1725 3100 suam
1764 3047 1899 3101 divi-

2010 1856 2124 1914 siae
2159 1857 2342 1914 verbis
2388 1857 2570 1913 dicere
2611 1867 2774 1926 queat
2805 1877 2818 1913 :
2853 1877 2870 1909 ι
2903 1858 3006 1926 Qui
3046 1868 3267 1930 propter
3294 1877 3394 1918 nos
3423 1862 3599 1918 homi-

2009 1954 2402 2020 nesetpropter
2423 1957 2669 2004 nostram
2699 1948 2932 2005 salutem
2958 1949 3241 2004 descendit
3268 1951 3334 2005 de
3363 1952 3512 2007 coelo
3544 1954 3594 2007 i!

2008 2040 2102 2093 sed
2135 2039 2202 2094 ad
2233 2055 2364 2095 suae
2408 2039 2782 2110 philosophiae
2830 2040 3022 2111 placita
3068 2041 3169 2096 hoc
3209 2043 3386 2112 potius
3420 2043 3601 2098 dicere

2006 2129 2239 2186 debeat:
2273 2149 2293 2182 ί
2323 2131 2424 2200 Qui
2462 2142 2682 2202 propter
2727 2133 3075 2204 semetipsum
3119 2142 3170 2187 et
3206 2142 3426 2204 propter
3458 2135 3600 2191 hanc

2008 2241 2188 2280 rerum
2216 2227 2645 2291 universitatem,
2673 2239 2893 2298 propter
2922 2245 3074 2283 suam
3105 2230 3272 2301 ipsius
3299 2241 3354 2287 et
3380 2243 3602 2302 propter

2007 2312 2166 2383 hujus
2220 2331 2402 2371 rerum
2461 2318 2830 2374 universitatis
2887 2318 3118 2374 salutem
3187 2321 3467 2377 descendit
3530 2324 3598 2379 de

2007 2403 2157 2460 coelo
2195 2426 2211 2455 ι
2238 2408 2250 2458 !

2716 2479 2745 2551 ς
2789 2480 2877 2534 57.

2076 2585 2340 2654 Quoniam
2375 2589 2608 2659 denique
2632 2589 2813 2661 operis
2843 2592 3014 2646 nostri
3044 2591 3350 2664 Erigeniani
3381 2608 3598 2652 senten-

2007 2675 2134 2730 tiam
2163 2676 2230 2732 de
2259 2686 2486 2747 peccato
2524 2687 2577 2732 et
2611 2679 2821 2748 peccati
2850 2695 3021 2749 poena
3057 2697 3243 2738 sumus
3273 2687 3592 2754 exposituri,

2003 2767 2095 2835 qui
2139 2768 2322 2836 operis
2350 2768 2416 2823 de
2449 2768 2940 2837 praedestinatione
2976 2771 3280 2826 doctrinam
3313 2773 3404 2843 (cf.
3431 2790 3592 2844 supra

2003 2855 2134 2926 Cap.
2167 2857 2259 2924 IV)
2313 2859 2554 2920 noverit,
2599 2860 2762 2913 etiam
2811 2861 2952 2914 hanc
3000 2860 3113 2914 fere
3155 2863 3423 2932 cognitam
3495 2864 3591 2918 ha-

2004 2946 2170 3001 bebit.
3447 3013 3450 3016 .

2074 3042 2137 3095 A.
2175 3041 2213 3096 1.
2255 3042 2526 3111 Quidquid
2573 3055 2695 3098 esse
2741 3041 2941 3097 dicitur
2978 3043 3128 3107 mali,
3169 3045 3594 3101 substantialiter

286 3135 546 3189 nitatem
593 3132 874 3189 descendit
918 3132 972 3186 in
1015 3148 1322 3200 causarum,
1357 3149 1498 3205 quae
1534 3136 1588 3190 in
1621 3137 1738 3207 ipso
1769 3138 1895 3193 sub-
1926 3110 1971 3172 C
2005 3133 2056 3186 iu
2107 3149 2286 3187 rerum
2345 3142 2538 3188 natura
2583 3148 2712 3188 non.
2740 3133 3032 3188 invenitur.
3081 3133 3266 3202 Neque
3315 3135 3457 3189 enim
3507 3146 3592 3190 est

298 3226 537 3290 sistunt,
565 3225 805 3293 euectus,
838 3225 894 3282 in
925 3225 1086 3282 istum
1118 3226 1366 3282 videlicet
1397 3227 1703 3284 sensibilem
1738 3247 1896 3285 mun-

299 3320 435 3375 dum
476 3339 528 3372 ι.

376 3429 399 3462 ι
439 3409 601 3478 Quod
653 3409 946 3466 humanam
993 3418 1200 3466 tantum
1227 3414 1524 3482 assumpsit
1561 3423 1808 3470 naturam
1848 3438 1896 3482 ι,

295 3501 394 3571 (id
435 3508 530 3556 est
577 3502 631 3554 in
661 3501 952 3556 humanam
999 3511 1209 3557 tantum
1260 3512 1509 3559 naturam
1557 3504 1893 3577 descendit),

299 3613 322 3646 ι
357 3592 498 3648 ideo
527 3591 726 3646 factum
752 3599 856 3658 est,
884 3591 1026 3662 quod
1054 3593 1108 3647 in
1137 3593 1355 3650 homine
1379 3597 1557 3650 omnis
1582 3607 1637 3652 et
1669 3599 1894 3656 visibilis

294 3693 356 3738 et
379 3681 678 3738 invisibilis
707 3693 956 3737 creatura
997 3701 1016 3736 ι
1052 3681 1235 3753 (homo
1263 3684 1514 3741 videlicet
1539 3701 1604 3741 ex
1635 3690 1817 3745 animo
1840 3699 1895 3746 et

295 3786 540 3840 corpore
565 3781 779 3827 constat
803 3770 897 3844 [et
934 3792 952 3822 ι
984 3772 1052 3827 de
1079 3772 1188 3829 div.
1217 3772 1341 3829 Nat.
1371 3774 1432 3840 ll,
1463 3776 1497 3831 3
1525 3777 1738 3851 seqq.])
1765 3797 1894 3836 con-

297 3860 516 3916 tinetur
543 3881 590 3915 ι.

375 3971 398 4003 ι
440 3951 731 4007 Descendit
756 3963 936 4008 autem
968 3954 1204 4011 Verbum
1231 3957 1326 4012 Dei
1352 3974 1458 4014 non
1486 3960 1646 4015 aliam
1671 3962 1741 4018 ob
1769 3979 1891 4019 can-

293 4052 445 4100 sam,
479 4036 584 4091 nisi
624 4047 684 4092 ut
729 4053 1036 4105 causarum,
1067 4055 1203 4110 quas
1241 4044 1536 4100 secundum
1572 4063 1724 4102 suam
1755 4051 1891 4106 divi-

293 4128 534 4182 nitatem
566 4128 914 4184 aeternaliter
941 4140 992 4184 et
1029 4131 1543 4190 incommutabiliter
1579 4137 1762 4205 habet,
1804 4156 1890 4196 se-

289 4215 542 4273 cundum
577 4233 727 4274 suam
759 4220 1151 4278 humanitatem
1187 4223 1410 4281 eﬁ‘ectns
1443 4226 1695 4295 salvaret,
1724 4231 1889 4301 inque

291 4324 433 4364 suas
477 4323 670 4364 causas
710 4321 1023 4376 revocaret,
1071 4322 1127 4367 ut
1165 4333 1183 4365 ι
1225 4314 1492 4388 (eifectus)
1536 4338 1554 4368 ‹
1599 4321 1652 4372 in
1694 4321 1823 4390 ipsis
1862 4343 1879 4374 ι

2002 3223 2218 3292 propria
2262 3238 2327 3276 ac
2376 3232 2522 3278 certa
2571 3223 2903 3288 substantia,
2948 3224 3040 3277 sed
3089 3225 3222 3278 nihil
3267 3225 3368 3279 nisi
3412 3234 3590 3281 motus

2001 3315 2242 3384 quidam.
2279 3315 2375 3369 Est
2402 3325 2580 3370 autem
2614 3324 2791 3371 motus
2818 3315 2905 3370 ille
2934 3331 3038 3371 nou
3068 3326 3295 3372 naturae
3319 3318 3413 3390 (ita
3441 3320 3586 3374 enim

2000 3408 2066 3461 ad
2107 3408 2277 3477 ipsum
2313 3407 2496 3470 Demn,
2535 3409 2624 3477 qui
2665 3422 2784 3463 eam
2831 3407 2982 3475 fecit,
3013 3407 3347 3481 referretur),
3387 3411 3480 3466 sed
3525 3412 3588 3465 li-

1999 3499 2160 3554 herae
2189 3499 2498 3554 voluntatis.
2536 3519 2553 3550 ‹
2590 3499 2787 3555 Malum
2818 3508 3022 3567 autem,
3050 3516 3150 3570 per
3179 3517 3236 3557 se
3264 3503 3590 3558 considera-

1999 3599 2134 3654 tum,
2169 3592 2390 3645 omnino
2423 3590 2555 3647 nihil
2593 3600 2678 3646 est
2721 3601 2937 3661 praeter
2982 3593 3430 3659 irrationabilem,
3463 3610 3584 3664 pcr-

1996 3695 2212 3735 versum
2267 3679 2468 3735 liberae
2507 3681 2804 3737 voluntatis
2831 3692 3034 3738 motum
3077 3703 3122 3738 ι.
3157 3715 3226 3724 --—
3270 3704 3287 3735 ι
3325 3684 3584 3740 Voluntas

1997 3772 2186 3842 (enim)
2223 3793 2268 3835 ι,
2307 3781 2364 3826 ut
2393 3773 2501 3828 alio
2534 3773 2652 3842 loco
2691 3775 2950 3844 scriptum
2979 3785 3081 3839 est,
3120 3795 3138 3828 ι
3173 3777 3339 3832 libera
3383 3777 3448 3831 ad
3489 3778 3585 3832 eli-

1995 3864 2226 3933 gendum
2259 3864 2484 3924 bonum.
2517 3880 2577 3920 se
2604 3865 2774 3935 ipsam
2798 3866 3072 3930 servilem
3109 3867 3233 3923 fecit
3259 3869 3325 3923 ad
3355 3884 3585 3938 sequen-

1993 3953 2119 4007 dum
2147 3952 2345 4007 malum
2360 3979 2402 4007 ι.
2430 3953 2544 4025 (IV,
2571 3954 2638 4008 16
2659 3953 2766 4026 [ed.
2793 3954 2892 4012 Ox.
2919 3972 2971 4027 p.
2997 3957 3122 4017 205.
3148 3958 3378 4031 p.206];
3412 3957 3580 4024 V,26.

1992 4043 2061 4097 56
2089 4043 2176 4115 [ed
2200 4042 2300 4099 0x.
2329 4061 2382 4115 p.
2411 4044 2537 4100 asa.
2565 4045 2694 4101 ass.
2719 4046 2880 4120 288];
2915 4043 3005 4114 Iv,
3031 4049 3116 4104 μ.
3145 4049 3236 4103 22.
3266 4049 3382 4120 25.)

2061 4136 2122 4190 ll.
2171 4136 2346 4203 Quum
2381 4145 2559 4192 tamen
2603 4139 2768 4193 etiam
2819 4137 3001 4198 libera.
3036 4139 3283 4195 voluntas
3309 4155 3338 4194 a
3373 4140 3485 4195 Deo
3513 4143 3582 4196 sit

1989 4226 2137 4291 data,
2155 4225 2278 4295 jure
2309 4226 2390 4282 vel
2423 4227 2524 4282 hac
2551 4227 2662 4282 sola
2688 4229 2754 4284 de
2773 4243 2940 4286 causa,
2958 4239 3160 4284 motum
3185 4229 3330 4284 illum
3357 4245 3578 4300 perver-

1989 4333 2109 4373 sum
2149 4334 2254 4374 non
2303 4319 2520 4389 proprie
2551 4320 2750 4375 malum
2777 4361 2792 4385 ,
2832 4314 2925 4376 sed
2961 4340 2977 4371 ι
3012 4321 3256 4376 illicitum
3287 4342 3305 4375 ι
3344 4331 3573 4377 tantum-

289 4399 530 4469 (causis)
581 4417 600 4450 ι
643 4399 898 4456 ineﬂahili
951 4405 1185 4472 quadam
1234 4406 1591 4470 adunatione,
1645 4410 1786 4465 sicut
1829 4423 1884 4467 et
1915 4451 1961 4509 ο
1990 4411 2147 4465 modo
2182 4426 2466 4480 possumus
2513 4412 2806 4481 appellare.
2843 4412 2933 4484 (V,
2984 4413 3053 4470 56
3090 4414 3198 4485 led.
3243 4414 3342 4471 Ox.
3369 4433 3422 4488 p.
3448 4416 3573 4473 282.

291 4491 415 4560 ipsa
459 4509 475 4540 ι
526 4491 870 4558 (communis
915 4495 1190 4560 omnium)
1221 4513 1240 4544 ι
1275 4511 1436 4551 causa
1476 4518 1493 4548 ι
1541 4499 1736 4568 (ipsum
1789 4501 1879 4556 Dei

291 4581 561 4651 Verbum)
593 4602 611 4634 ι
647 4583 988 4640 salvarentur
1019 4606 1062 4639 ι.
1115 4588 1295 4660 (Nam)
1331 4608 1350 4641 ι
1385 4592 1430 4646 si
1481 4593 1572 4646 Dei
1614 4595 1879 4663 sapientia

289 4674 350 4729 in
373 4669 601 4729 effectus
629 4689 938 4743 causarum,
965 4693 1104 4747 quae
1135 4680 1186 4734 iu
1209 4695 1270 4734 ea
1303 4685 1651 4739 aeternaliter
1674 4686 1876 4754 vivunt,

287 4782 406 4821 non
451 4765 826 4834 descenderet,
861 4785 1152 4826 causarum
1201 4775 1337 4829 ratio
1379 4777 1610 4846 periret;
1649 4794 1878 4849 pereune

288 4857 446 4911 tibus
473 4857 620 4913 enim
655 4874 943 4916 causarum
988 4860 1268 4919 eﬁ‘ectihus
1313 4867 1456 4921 nulla
1499 4885 1658 4925 causa
1702 4886 1878 4926 rema-

283 4954 486 5011 neret,
531 4948 674 5002 sicut
724 4951 1078 5018 pereuntibus
1122 4955 1302 5010 causis
1352 4957 1480 5012 nulli
1537 4972 1882 5016 remanerent

287 5033 521 5091 effectus
543 5052 556 5089 :
579 5036 712 5093 haec
732 5039 879 5093 enim
907 5041 1251 5098 relativorum
1277 5046 1483 5102 ratione
1510 5049 1669 5102 simul
1696 5051 1879 5104 oriun-

285 5135 381 5181 ωι-
409 5137 466 5184 et
490 5129 656 5185 simul
696 5132 970 5200 occidunt,
1001 5145 1095 5191 aut
1132 5138 1291 5192 simul
1327 5149 1382 5196 et
1425 5157 1640 5212 semper
1668 5160 1881 5214 perma-

284 5226 428 5271 nent
455 5235 502 5272 ι.

367 5331 388 5362 ι
425 5309 595 5367 Totus
617 5312 801 5382 itaque
838 5307 1072 5372 niuudus
1097 5318 1149 5372 in
1185 5319 1361 5376 Verbo
1384 5321 1547 5376 Dei...
1576 5323 1875 5394 incarnato,

285 5402 645 5460 inbumanato
675 5406 852 5462 adhuc
873 5410 1182 5477 specialiter
1211 5415 1496 5470 restitutus
1525 5425 1610 5472 est
1643 5438 1660 5470 ι
1693 5419 1766 5489 (id
1794 5429 1880 5476 est

289 5495 568 5567 lineisque
621 5498 675 5552 in
721 5497 888 5554 solius
929 5508 1136 5556 tantum
1177 5503 1338 5559 Verbi
1384 5507 1572 5574 divini,
1606 5517 1664 5563 ut
1701 5511 1874 5578 aiunt,

283 5589 684 5656 humanitate);
740 5609 757 5640 ι
798 5590 852 5645 in
890 5590 1008 5664 ﬁne
1047 5608 1177 5648 vero
1225 5597 1410 5651 mundi
1458 5600 1784 5669 generaliter
1820 5612 1873 5657 et

283 5679 669 5736 universaliter
699 5681 751 5736 in
782 5682 972 5738 eodem
1003 5687 1411 5744 rcstaurabitur.
1443 5689 1594 5756 Quod
1625 5691 1768 5747 enim
1817 5694 1867 5748 iu

1983 4505 2110 4561 285.
2141 4506 2329 4578 288].)

2055 4596 2142 4650 lll.
2181 4597 2250 4651 At
2279 4595 2600 4666 quibusdam
2638 4601 2759 4656 aliis
2799 4601 2931 4658 locis
2953 4602 3150 4659 Noster
3172 4608 3340 4663 multo
3366 4611 3578 4666 acutius

1986 4701 2166 4741 veram
2188 4687 2264 4741 rei
2292 4688 2555 4743 rationem
2579 4691 2790 4746 videtur
2813 4696 3179 4764 perspexisse.
3207 4696 3410 4755 Saltem
3430 4703 3572 4756 enim

1983 4777 2118 4832 satis
2148 4777 2482 4834 conﬁdenter
2509 4795 2630 4835 cum
2662 4781 2795 4848 alia,
2825 4792 2935 4839 tum
2965 4785 3099 4842 haec
3128 4788 3388 4846 alllrmat:
3414 4811 3433 4844 ε
3463 4809 3576 4849 mo-

1983 4876 2070 4921 tus
2091 4867 2179 4922 ille
2202 4883 2490 4938 perversus
2515 4880 2670 4927 extra
2698 4882 2946 4930 naturam
2976 4885 3031 4931 et
3055 4893 3123 4934 ex
3144 4878 3353 4938 bestiali
3382 4883 3575 4940 intem-

1985 4961 2230 5027 perantia
2275 4971 2522 5034 sumptus
2561 4964 2885 5035 perspicitur
2921 4987 2938 5018 ι
2970 4986 3074 5021 ;-
3102 4989 3120 5021 ι
3149 4972 3347 5027 malum
3372 4976 3572 5030 nullam

1985 5048 2144 5104 aliam
2176 5051 2228 5105 in
2260 5066 2439 5108 rerum
2470 5062 2665 5108 natura
2695 5057 2878 5112 sedem
2911 5062 3132 5131 reperit,
3163 5063 3264 5118 nisi
3297 5065 3384 5120 ubi
3423 5066 3572 5121 falsi-

1988 5149 2068 5197 tas
2091 5142 2347 5213 possidet,
2376 5147 2477 5201 hoc
2496 5157 2578 5201 est
2599 5147 2651 5201 in
2668 5163 2830 5203 sensu
2848 5165 3108 5221 corporeo
3133 5173 3151 5206 ι
3175 5169 3288 5208 ;-‹
3311 5173 3432 5211 cum
3457 5174 3571 5212 ma-

1985 5231 2093 5287 lum
2117 5249 2185 5290 ex
2208 5236 2441 5291 naturali
2469 5240 2796 5310 causai(hoc
2809 5251 2892 5296 est
2911 5257 2977 5296 ex
2996 5254 3251 5310 natura,a
3277 5246 3384 5300 Deo
3404 5247 3568 5315 facta)

1989 5344 2006 5376 ι
2043 5340 2149 5380 non
2193 5336 2469 5396 nascatur,
2499 5331 2700 5386 rectius
2743 5333 2957 5388 videtur
2999 5351 3119 5391 esse
3165 5354 3182 5386 ι
3222 5336 3568 5395 libidinosum

1982 5415 2278 5484 appetitum
2310 5435 2327 5468 ι
2363 5418 2480 5488 ejus
2504 5434 2723 5475 causam
2748 5422 2950 5483 dicere,
2977 5440 3137 5493 quam
3165 5422 3359 5480 malam
3382 5427 3569 5485 volun-

1983 5515 2180 5574 tatem';
2209 5510 2296 5565 hic
2339 5511 2483 5566 enim
2533 5511 2871 5569 naturalibus
2896 5515 3052 5569 bonis
3080 5508 3385 5574 excluditur
3413 5541 3460 5575 ι.
3491 5551 3562 5569 .-—-

1979 5601 2087 5672 (IV,
2126 5602 2186 5656 16
2217 5602 2323 5675 [ρά.
2354 5603 2454 5659 Ox.
2507 5620 2557 5674 p.
2605 5605 2730 5660 ξοδ.
2763 5605 2926 5677 203];
2957 5605 3046 5672 IV,
3087 5608 3159 5663 22
3205 5608 3314 5681 [ed.
3359 5615 3460 5670 οι.
3506 5631 3559 5688 ρ.

1976 5695 2135 5767 ﬁlii);
2173 5696 2232 5763 Υ,
2267 5697 2333 5752 56
2365 5696 2474 5768 [αι.
2507 5699 2605 5753 0x.
2639 5715 2692 5768 p.
2721 5696 2845 5754 286.
2869 5697 3057 5774 287.])
