4002 6148
370 231 442 286 ξο
1521 242 1606 297 DE
1645 243 1693 299 Ι.
1738 245 1958 301 SCOTO
1995 246 2509 306 COMMENTATIO.
3571 261 3642 320 80

442 344 528 435 μγ.
575 341 768 435 Malum
807 354 1012 416 autem,
1058 362 1223 421 quum
1270 365 1446 422 neque
1498 363 1645 409 certa
1690 358 1954 426 quaedam
1987 373 2031 429 Α
2061 359 2220 415 tinem
2252 330 2534 417 insitarum
2563 369 2787 418 naturae
2815 361 3076 419 virtutum
3119 365 3450 435 operationis
3487 370 3639 429 defe-

370 432 671 491 substantia
700 436 790 499 sit.
822 452 997 509 neque
1042 458 1062 491 ι
1109 440 1359 497 accidens
1403 443 1648 500 naturale
1675 466 1722 511 ι,
1755 445 1950 503 Seotus

369 528 533 582 etiam
565 529 668 597 hoc
696 531 973 591 contendit
1015 545 1031 585 :
1079 531 1306 591 Animus
1337 534 1550 591 divinus
1583 537 1786 593 nullum
1831 555 1949 594 ma-

368 617 514 680 lum,
546 619 747 674 nullam
794 622 1053 677 malitiam
1100 624 1268 678 novit.
1310 624 1497 679 Divina
1537 627 1682 682 enim
1725 630 1948 687 scientia

369 726 533 771 causa
560 721 644 768 est
676 716 1025 774 existentium
1060 717 1136 789 (τι)
1168 736 1181 771 :
1210 719 1459 790 ideoque,
1491 720 1751 793 quidquid
1782 724 1947 789 novit,

368 821 591 862 necesse
630 815 733 872 est,
774 808 826 863 in
875 818 1069 865 natura
1101 824 1281 866 rerum
1317 812 1463 878 ﬁeri;
1494 816 1637 884 quod
1683 825 1863 872 autem
1895 818 1948 873 in

366 905 555 961 natura
582 911 762 952 rerum
788 914 892 954 non
917 900 1210 967 invenitur,
1240 918 1412 972 neque
1436 906 1488 959 in
1516 906 1694 961 divina
1721 908 1950 962 scientia

364 985 594 1043 inveniri
637 997 832 1057 potest.
874 990 1015 1045 Deus
1063 991 1258 1063 itaque‘
1292 995 1466 1050 nescit
1510 1011 1697 1051 omnes
1736 998 1950 1053 divinae

364 1077 496 1148 legis
520 1082 1018 1148 praevaricatores:
1042 1084 1253 1139 illorum
1278 1088 1631 1153 substantias,
1660 1103 1948 1157 omneque,

363 1170 503 1238 quod
532 1171 586 1225 in
615 1172 682 1228 iis
716 1171 864 1234 fecit,
905 1175 1156 1245 quodque
1189 1176 1241 1230 in
1288 1176 1404 1246 ipso
1435 1178 1710 1245 subsistit,
1757 1180 1948 1245 novit;

362 1262 506 1330 quod
546 1273 725 1317 autem
770 1263 980 1319 illorum
1018 1267 1287 1334 perversis
1326 1268 1559 1327 motibus
1584 1278 1807 1324 naturae
1837 1287 1863 1324 a
1892 1286 1951 1326 se

362 1353 687 1407 substitutae
715 1340 930 1419 accidit,
964 1357 1186 1411 omnino
1227 1358 1458 1451 ignorat.
1492 1359 1581 1430 (ν,
1619 1361 1687 1414 27
1722 1361 1781 1433 [Ι.
1819 1362 1852 1414 l.
1895 1378 1947 1430 p.

359 1443 511 1516 259].
540 1444 558 1514 )
596 1444 771 1515 Atque
795 1446 936 1502 hanc
963 1448 1131 1516 ipsam
1164 1443 1274 1503 rem
1309 1450 1502 1504 Scottis
1534 1450 1720 1506 iisdem
1753 1468 1949 1521 prope-

363 1537 579 1603 modum
627 1535 808 1591 verbis
853 1538 1068 1606 saepius
1112 1540 1270 1595 docet
1314 1541 1407 1605 (cf.
1453 1542 1512 1605 ll,
1542 1542 1645 1609 28;
1683 1544 1855 1613 cjusdl
1885 1545 1950 1599 de

367 1627 635 1697 praedest.
663 1643 780 1700 sup.
809 1628 939 1699 Cap.
965 1630 1171 1697 lV,col.
1196 1632 1265 1687 27
1302 1643 1411 1687 not.
1438 1652 1465 1687 c
1485 1635 1687 1706 seqq.).
1713 1636 1830 1703 Quo
1855 1652 1949 1691 au—

366 1727 477 1771 tem
501 1728 658 1785 pacto
680 1718 731 1773 in
748 1720 974 1774 occultis
991 1721 1358 1791 philosophiae
1375 1723 1729 1795 Erigenianae
1743 1724 1950 1780 sinibus
1982 1746 2025 1805 Β

365 1817 492 1866 nata
522 1806 743 1877 sit,jam
771 1826 932 1881 supra
966 1811 1016 1883 (§
1040 1812 1126 1885 15)
1152 1814 1530 1870 indicavimus.
1554 1814 1732 1882 Quare
1756 1814 1951 1871 Scotus

365 1906 548 1956 noster
572 1915 789 1972 parum,
818 1911 879 1957 ut
904 1903 1251 1969 arbitramur,
1283 1904 1384 1961 sibi
1428 1913 1825 1961 consentaneus
1848 1907 1949 1961 fuit

362 1991 415 2044 in
454 1991 577 2056 hoc,
604 1991 748 2062 quod
787 1991 1061 2048 nonnullis
1096 1993 1251 2059 locis,
1275 2011 1415 2066 quae
1442 2012 1472 2050 a
1503 1996 1612 2050 Deo
1635 1996 1687 2051 in
1717 1996 1951 2051 homini-

363 2078 467 2136 bus
508 2078 650 2136 faeta
700 2083 1013 2150 creduntur,
1060 2085 1355 2141 secundum
1402 2087 1667 2157 Erigenae
1712 2089 1949 2158 philoso—

359 2171 541 2242 phiam
586 2182 781 2243 autem.
818 2186 1039 2246 propter
1088 2184 1370 2247 peccatum
1410 2180 1567 2250 primi
1609 2180 1845 2236 hominis
1884 2180 1952 2237 iis

366 2263 630 2330 accidisse
657 2274 785 2321 sunt
803 2265 1053 2332 dicenda,
1081 2267 1202 2323 ideo
1228 2283 1256 2321 a
1280 2284 1492 2323 summo
1519 2271 1737 2325 numine
1769 2271 1951 2326 divino

360 2354 415 2407 in
461 2354 591 2424 ipsis
618 2353 759 2410 facta
788 2369 912 2411 esse
951 2354 1275 2421 aﬂirmavit,’
1290 2358 1431 2425 quod
1454 2400 1467 2423 ,
1499 2358 1616 2414 fore
1656 2369 1715 2414 ut
1742 2359 1951 2431 primus

358 2444 524 2499 homo
547 2456 818 2517 peccaret,
834 2448 1216 2518 praescivisset
1242 2448 1354 2520 (iV,
1382 2450 1449 2504 14
1472 2449 1579 2523 [ed.
1602 2450 1703 2507 0x.
1726 2449 1947 2523 p.195].

357 2538 432 2613 2'5
454 2536 609 2610 [ibid.
635 2555 690 2611 p.
719 2540 886 2612 2th];
909 2540 982 2595 ef.
1005 2540 1069 2611 ll,
1110 2542 1221 2610 12).
1249 2541 1461 2612 Neque,
1494 2542 1704 2609 hercle,
1735 2543 1952 2614 ignora-

361 2643 503 2694 mus,
532 2646 695 2700 quam
723 2629 918 2687 Noster
943 2632 1190 2688 manibus
1211 2633 1564 2705 pedibusque,
1596 2643 1656 2690 ut
1682 2635 1857 2701 aiunt,
1882 2648 1952 2690 ne

360 2719 534 2789 ipsius
574 2719 912 2792 philosophia
959 2723 1238 2778 doctrinae
1275 2723 1617 2780 Christianae
1648 2724 1947 2786 .adversari

363 2807 633 2876 rideatur,
671 2809 870 2867 obnixe
898 2812 1076 2868 facere
1114 2814 1499 2877 consueverit;
1540 2830 1644 2884 qua
1678 2815 1731 2870 in
1773 2829 1858 2879 re,
1890 2824 1950 2871 ut

359 2898 554 2967 alicubi
584 2901 809 2956 alteram
843 2901 1064 2957 alterius
1087 2904 1372 2959 commodo
1400 2904 1560 2960 nimis
1584 2904 1945 2962 circumcide-

363 2997 465 3053 ret,
500 2987 769 3055 facillime,
801 2992 1106 3061 opinamur,
1132 2991 1248 3048 ﬁeri
1278 2992 1470 3062 potuit.

2058 460 2201 518 ctus,
2226 452 2658 524 naturaliumque
2678 454 3040 525 potentiarum
3068 470 3167 526 per
3197 454 3471 517 fallentem
3496 458 3641 529 judi-

2055 544 2324 601 eatiouem
2357 544 2408 598 in
2440 544 2582 601 aliud
2603 553 2819 615 praeter
2843 544 3004 599 linem
3033 545 3418 604 irrationabilis
3437 560 3634 612 motus.

2055 631 2242 689 Finem
2267 648 2396 689 vero
2417 634 2537 691 dico
2560 650 2770 700 eorum,
2794 651 2933 707 quae
2955 645 3102 703 sunt,
3126 653 3344 694 causam
3367 660 3385 694 ι
3406 640 3531 713 (hoc
3555 652 3641 701 est

2057 722 2221 787 Deus,
2249 734 2307 779 ut
2335 743 2354 776 ι
2390 723 2510 780 fons
2534 726 2711 780 omnis
2740 741 2901 782 verae
2936 728 3207 784 essentiae
3238 749 3256 781 ι
3305 729 3417 803 μγ,
3462 734 3485 788 1
3511 750 3527 800 ;
3554 733 3639 803 ill,

2054 811 2112 886 4]
2128 826 2167 881 ),
2196 834 2213 865 ι
2249 830 2414 885 quam
2439 816 2756 871 naturaliter
2778 824 3039 886 appetunt
3061 819 3244 873 omnia
3274 839 3294 871 ι
3323 851 3396 862 -
3423 839 3442 873 ι
3472 838 3637 894 quum

2054 903 2198 957 nulla
2225 914 2471 959 creatura
2509 906 2599 969 sit,
2626 920 2765 975 quae
2802 906 2929 961 velit
2967 906 3052 961 vel
3080 917 3300 977 appetat
3340 910 3473 966 nihil
3494 927 3636 981 esse,

2056 1012 2154 1051 nec
2193 995 2382 1068 fugiat,
2427 1012 2493 1052 ne
2529 999 2576 1052 ei
2603 998 2880 1067 contingat
2924 1013 3030 1054 non
3077 1013 3199 1056 esse
3234 999 3310 1073 (ὁ)
3366 1021 3410 1057 ι.
3448 1003 3539 1076 (ν,
3569 1004 3640 1061 28

2056 1086 2161 1159 [ed.
2197 1088 2298 1143 Ox.
2342 1105 2394 1159 p.
2437 1088 2602 1162 ess];
2641 1088 2703 1154 v,
2735 1090 2813 1162 5.)

2127 1198 2232 1253 Sed
2261 1199 2397 1254 haec
2419 1200 2711 1255 hactenus:
2736 1218 2859 1256 nam
2888 1202 3020 1257 satis
3042 1199 3161 1259 fuse
3187 1203 3511 1273 explicatum
3533 1214 3637 1274 est,

2054 1303 2215 1356 quam
2274 1288 2466 1343 Scottis
2522 1290 2739 1359 proprie
2793 1290 2990 1344 habeat
3039 1290 3311 1346 notionem
3365 1293 3637 1362 malitiae;

2055 1382 2313 1450 itemque,
2346 1392 2611 1450 quatenus
2660 1391 2742 1436 est
2789 1380 3023 1436 malitiae
3068 1384 3350 1453 opposita,
3398 1385 3635 1443 virtutis.

2055 1471 2420 1527 Transeamus
2449 1474 2515 1527 ad
2549 1473 2776 1542 reliqua.
3053 1475 3061 1484 '

2128 1582 2185 1634 Β.
2228 1582 2268 1635 l.
2316 1599 2334 1627 ι
2374 1580 2575 1635 Malitia
2618 1582 3135 1636 consummationem
3180 1581 3436 1653 accipiet,
3481 1590 3535 1639 et
3568 1583 3636 1652 ,in

2056 1673 2197 1727 nulla
2229 1687 2419 1728 natura
2464 1674 2778 1728 remanebit.
2823 1674 2902 1728 Ae
2942 1689 3038 1743 per
3072 1674 3177 1730 hoc
3221 1686 3413 1729 natura
3454 1684 3641 1739 nostra

2054 1781 2161 1820 non
2187 1779 2398 1835 semper
2418 1765 2619 1819 malitia
2641 1764 2986 1829 detinebitur,
3003 1766 3095 1821 sed
3115 1765 3268 1821 linito
3286 1765 3433 1820 omni
3455 1764 3593 1821 malo
3612 1785 3634 1825 ι

2050 1858 2177 1931 (hoc
2201 1867 2286 1914 est
2308 1867 2454 1912 motu
2480 1857 2571 1913 illo
2598 1871 2876 1927 perverso,
2898 1857 2990 1926 qui
3020 1856 3089 1912 ad
3115 1874 3134 1908 ι
3177 1872 3429 1915 nou-esse
3458 1877 3478 1910 ι
3516 1867 3635 1914 ten-

2050 1951 2151 2019 dit)
2179 1971 2195 2003 α
2236 1952 2302 2006 ad
2329 1950 2527 2005 bonum
2557 1964 2841 2007 reversura
2868 1960 2954 2006 est
2979 1970 3022 2007 ι.

2127 2082 2145 2114 ι
2180 2061 2333 2118 Sicut
2356 2061 2499 2117 enim
2528 2062 2718 2116 mnbra
2747 2069 2950 2126 terrae,
2976 2061 3377 2117 eoarctautibus
3401 2076 3521 2117 eam
3542 2075 3636 2118 ω-

2050 2153 2255 2208 laribus
2292 2152 2495 2216 radiis,
2525 2151 2740 2207 tandem
2778 2152 2997 2222 penitus
3042 2151 3229 2207 deﬁcit
3256 2169 3272 2208 ε
3303 2152 3382 2208 sic
3409 2151 3638 2219 malitia,

2052 2260 2192 2316 quae
2217 2244 2378 2299 veluti
2407 2245 2674 2314 quaedam
2720 2242 2912 2297 umbra
2960 2243 3279 2299 delictorum
3324 2252 3635 2300 nostrorum

2052 2344 2295 2392 nostram
2317 2343 2547 2405 occupat
2566 2342 2839 2400 naturam,
2862 2333 3192 2389 abundantia
3215 2343 3469 2389 aeternae
3487 2333 3640 2388 boni-

2052 2429 2180 2483 tatis
2224 2427 2591 2483 coarctabitur
2633 2434 2690 2481 et
2731 2426 2955 2481 omnino
2982 2425 3316 2492 abolebitur,
3346 2426 3472 2481 dum
3498 2426 3640 2482 irra-

2052 2518 2339 2575 tionabiles
2380 2518 2592 2573 animae
2638 2517 2908 2573 humanae
2952 2525 3132 2573 motus
3182 2516 3251 2574 ad
3290 2515 3638 2575 rationabiles

2050 2610 2297 2688 veritatis
2318 2608 2544 2665 affectus
2573 2617 2959 2666 convertentur
2988 2627 3037 2663 ι.

2126 2742 2145 2775 ι
2175 2721 2298 2793 ipso
2343 2721 2697 2776 irrationabili
2743 2730 2890 2776 motu
2915 2751 2986 2762 —
3007 2751 3081 2762 —
3098 2720 3356 2778 bonitatis
3382 2721 3640 2794 amplitu-

2051 2812 2176 2869 dine
2203 2812 2614 2883 circumseripto
2642 2812 2698 2866 et
2724 2811 2943 2881 penitus
2987 2811 3277 2866 terminato
3296 2851 3311 2876 ,
3341 2810 3642 2867 rationabi-

2049 2903 2175 2960 liter
2198 2904 2492 2959 secundum
2516 2904 2708 2958 insitas
2731 2901 2829 2973 ipsi
2852 2901 3127 2956 naturales
3151 2902 3380 2956 virtutes
3401 2902 3639 2957 humana

2051 3004 2242 3070 natura
2293 2993 2597 3051 movebitur
2643 3006 2859 3047 sursum
2903 3006 3092 3046 versus
3143 3000 3360 3057 erecta,
3414 3005 3637 3047 causam

436 3076 587 3144 Quod
613 3077 658 3132 si
682 3078 825 3134 Deus
854 3094 1042 3135 revera
1065 3079 1251 3134 omnia
1283 3087 1505 3150 peccata
1545 3087 1775 3151 putatur
1792 3082 1945 3153 igno-
1975 3100 2020 3161 ρ
2054 3100 2205 3141 suam
2234 3099 2450 3153 semper
2474 3092 2733 3155 appetens
2764 3102 2810 3137 ι.
2839 3082 2927 3154 (ν,
2971 3082 3042 3138 26
3085 3081 3195 3156 [ed.
3224 3081 3325 3140 Ox.
3366 3097 3422 3154 ρ.
3458 3080 3638 3138 259-

361 3183 507 3234 rare,
530 3184 711 3239 nonne
738 3171 900 3237 etiam
933 3170 1047 3240 ipsa
1072 3186 1140 3234 ne
1172 3186 1365 3236 curare
1394 3174 1608 3243 quidem
1639 3180 1723 3228 est
1752 3181 1948 3244 putan-

360 3258 495 3316 dus?
523 3258 660 3315 llinc
689 3260 974 3315 conficitur
1011 3275 1118 3316 non
1146 3262 1320 3316 solum
1339 3303 1353 3328 ,
1396 3273 1475 3326 ut,
1506 3262 1596 3333 qui
1623 3264 1890 3332 peccavit,
1915 3280 1948 3320 a

360 3349 471 3407 Deo
496 3363 601 3404 non
635 3349 909 3419 puniatur,
941 3350 991 3404 id
1015 3352 1156 3420 quod
1196 3351 1393 3411 Scotus
1421 3354 1534 3423 ipse
1561 3362 1616 3413 et
1643 3354 1697 3409 in
1723 3354 1862 3411 libro
1882 3355 1950 3415 de

360 3439 635 3509 praedest.
669 3438 761 3511 (cf.
793 3456 912 3512 sup.
938 3440 1070 3513 Cap.
1098 3441 1189 3515 IV)
1221 3452 1275 3499 et
1314 3445 1367 3500 in
1412 3444 1564 3499 libris
1590 3447 1655 3502 de
1682 3446 1949 3506 divisione

357 3526 594 3585 Naturae
620 3529 711 3601 (cf.
740 3530 833 3585 inf.
858 3530 885 3607 §
908 3531 996 3597 59,
1028 3532 1089 3587 B.
1117 3532 1208 3605 IV)
1230 3535 1501 3604 expressis
1533 3535 1713 3591 verbis
1743 3536 1946 3602 docuit,

360 3635 549 3675 verum
580 3620 742 3677 etiam
772 3621 1000 3690 alterum
1031 3622 1174 3688 istud
1203 3624 1373 3680 multo
1399 3623 1592 3695 majus,
1639 3634 1729 3692 nt,
1766 3627 1809 3681 si
1841 3642 1949 3697 qua

360 3709 416 3765 in
462 3723 523 3764 re
564 3725 776 3769 morum
825 3722 1115 3784 praecepta
1162 3722 1257 3769 aut
1302 3715 1473 3772 simus
1520 3716 1824 3789 migraturl,
1856 3726 1949 3772 aut

358 3798 793 3872 migraverimus,
816 3816 883 3865 ne
908 3803 960 3858 in
988 3802 1148 3858 ullam
1182 3806 1397 3875 quidem
1424 3807 1621 3862 summi
1654 3807 1816 3868 illius.
1836 3824 1946 3879 quo

355 3906 457 3963 nos
482 3891 625 3949 Deus
652 3893 1061 3965 complectatur,
1096 3896 1298 3967 amoris
1318 3896 1700 3968 cogitationem
1728 3899 1944 3965 deduci,

356 3992 523 4056 atque
574 3984 678 4044 hac
723 4000 803 4061 re,
858 4001 997 4055 quae
1048 3987 1293 4057 profecto
1337 3988 1586 4058 ingenuis
1637 3989 1947 4046 hominibus

357 4076 685 4133 acerrimum
732 4076 1008 4144 stimulum
1060 4077 1262 4133 addere
1309 4077 1488 4145 debet,
1548 4079 1617 4135 ab
1668 4078 1946 4135 erroribus

356 4166 561 4244 nostris
588 4165 859 4236 possimus
883 4167 1097 4223 abduci.
1134 4167 1243 4224 Nec
1289 4167 1428 4223 male
1457 4184 1650 4224 sanum
1693 4169 1943 4239 quidem,

356 4266 644 4329 propterea
697 4259 838 4329 quod
877 4268 1102 4330 paterna
1150 4260 1243 4316 Dei
1295 4262 1523 4316 caritate
1574 4261 1853 4333 indignum
1887 4277 1945 4317 se

355 4350 720 4420 praestiterit,
752 4365 1005 4420 peccasse
1026 4338 1304 4421 poenitere
1325 4359 1509 4423 queat.
1543 4349 1648 4407 Sed
1677 4367 1823 4417 mox,
1851 4368 1947 4408 ex-

2050 3172 2218 3245 260];
2251 3174 2317 3239 ν,
2342 3172 2411 3228 28
2439 3172 2590 3245 [ibid.
2619 3188 2672 3243 p.
2703 3170 2858 3245 204].
2882 3171 2901 3244 )

2123 3264 2271 3319 Haec
2299 3278 2430 3319 vero
2457 3262 2606 3319 Scoti
2632 3264 2825 3329 verba,
2854 3268 3232 3334 praeterquam
3253 3264 3396 3335 quod
3417 3278 3635 3321 omnem

2051 3342 2274 3412 omnino
2319 3354 2580 3409 malitiam
2637 3348 2925 3424 aliquando
2976 3355 3341 3421 defecturam,
3395 3354 3500 3410 hoc
3528 3363 3635 3421 est,

2050 3459 2404 3515 quaecunque
2428 3458 2683 3514 perverse
2728 3453 3032 3511 moventur,
3066 3446 3280 3501 tandem
3311 3454 3458 3501 recte
3487 3456 3635 3501 mota

2049 3537 2116 3591 ad
2147 3535 2312 3591 Deum
2334 3546 2659 3606 perventura
2686 3552 2805 3593 esse
2834 3540 3190 3602 contendunt,
3212 3552 3281 3593 eo
3301 3538 3435 3607 ipso,
3467 3538 3634 3608 quod,

2048 3640 2405 3696 quaecunque
2429 3641 2685 3696 perverso
2712 3636 2859 3681 motu
2892 3626 3201 3696 indulgent,
3244 3628 3375 3683 solis
3399 3625 3636 3683 fortasse

2056 3737 2075 3768 ι
2109 3717 2461 3772 daemonibus
2489 3736 2535 3783 ι,
2565 3727 2626 3772 ut
2650 3717 2757 3773 alio
2780 3718 3012 3787 quodam
3039 3717 3160 3773 loco
3194 3718 3281 3788 (γ,
3313 3717 3405 3789 3i)
3429 3716 3634 3787 reperi-

2049 3818 2158 3874 tur,
2190 3810 2454 3881 exceptis,
2496 3811 2564 3865 ad
2609 3821 2812 3865 rectum
2844 3810 3005 3865 linem
3053 3810 3291 3865 reditura
3338 3809 3633 3873 allirmant,

2048 3886 2389 3967 apertissime
2414 3906 2467 3953 et
2493 3899 2595 3953 hoc
2622 3899 2852 3962 docent,
2901 3898 3147 3954 homines
3189 3900 3352 3953 etiam
3402 3899 3638 3964 invitos,

2047 3990 2243 4045 nedum
2268 4003 2372 4044 non
2398 3988 2663 4053 volentes,
2687 3989 2752 4043 de
2772 3989 3145 4059 perversitatis
3175 3989 3390 4042 tramite
3414 3988 3635 4043 abactos

2048 4081 2113 4135 ad
2141 4096 2329 4135 verum
2356 4095 2511 4135 suum
2544 4082 2703 4133 linem
2739 4088 2985 4135 eoactum
3014 4080 3102 4133 iri.
3135 4079 3249 4135 Hoc
3288 4091 3466 4134 autem
3505 4094 3636 4135 con-

2047 4184 2220 4234 cesso,
2253 4169 2375 4239 quis
2417 4168 2469 4222 iu
2518 4170 2747 4235 virtute,
2778 4184 2939 4238 quam
2990 4183 3282 4234 vocamus,
3330 4167 3635 4224 exercenda

2046 4260 2197 4316 locus
2226 4260 2549 4330 relinquitur
2568 4260 2838 4316 libertati?
2865 4260 2977 4316 Nec
3007 4270 3188 4316 tamen
3222 4261 3477 4333 Erigena,
3508 4261 3633 4332 qui-

2047 4350 2149 4405 bus
2186 4349 2274 4405 ille
2309 4350 2395 4406 bis
2436 4348 2488 4404 in
2538 4350 2702 4406 rebus
2729 4349 3262 4414 artiﬁciis'excellit,
3290 4350 3545 4414 omnino,
3572 4357 3637 4403 ut

353 4441 532 4509 posito
552 4480 567 4505 ,
610 4456 750 4511 quae
779 4441 973 4499 Seotus
1002 4444 1068 4498 de
1115 4453 1463 4515 peccatorum
1507 4444 1695 4515 poenis
1723 4444 1941 4521 sentiat,
1976 4439 2027 4499 D
2054 4444 2299 4511 videtur,
2327 4443 2394 4499 ad
2425 4443 2617 4500 incitas
2664 4454 2811 4499 esset
2857 4443 3125 4499 redactus.
3168 4442 3285 4512 Quo
3316 4459 3375 4499 se
3406 4442 3636 4499 fortasse

350 4531 506 4604 plura
534 4532 638 4587 hac
657 4533 723 4587 de
753 4547 813 4587 re
834 4533 1094 4603 dicemus.

426 4623 493 4680 Ἴ.
520 4623 982 4691 Quemadmodum
1019 4626 1184 4697 igitur
1211 4626 1405 4684 Scotus
1434 4628 1487 4684 in
1514 4628 1654 4685 libro
1684 4628 1750 4684 de
1787 4644 1948 4696 prae-

356 4715 496 4771 desl.
528 4715 709 4771 docuit
742 4706 1095 4789 iperversum
1129 4715 1289 4770 istum
1324 4727 1548 4781 motum,
1573 4719 1715 4789 quod
1747 4733 1943 4788 pecca-

358 4817 474 4861 tum
528 4807 794 4876 appellet,
845 4823 913 4867 eo
962 4807 1322 4873 contendere,
1375 4818 1463 4873 ut,
1494 4810 1692 4865 divinis
1721 4820 1777 4866 et
1819 4827 1947 4867 vere

358 4898 704 4955 manentibus
734 4899 936 4956 relictis
959 4940 973 4961 .
1010 4900 1147 4956 adeo
1172 4900 1240 4955 ad
1270 4901 1443 4971 ipsum
1482 4902 1707 4957 nihilum
1749 4918 1943 4973 perve-

363 4990 484 5046 niat
508 5008 556 5055 »,
588 4990 670 5045 sic
705 4992 871 5052 etiam
900 4992 955 5059 in
984 4990 1138 5055 libris
1163 4992 1231 5048 de
1253 4993 1362 5049 div.
1393 4991 1627 5049 Naturae
1669 4994 1897 5049 habetur
1930 5014 1943 5048 :

369 5098 389 5132 ι
426 5077 624 5136 Malitia
657 5089 742 5136 est
768 5080 981 5137 animae
1012 5080 1387 5141 intellectualis
1414 5083 1743 5138 naturalium
1779 5084 1943 5139 bono-

358 5186 479 5237 rum
507 5190 527 5225 ι
559 5171 686 5243 (hoc
704 5179 788 5228 est
811 5187 1175 5246 rerum,quae
1199 5189 1326 5242 vere
1348 5174 1499 5245 sunt)
1533 5196 1551 5226 ς
1576 5176 1777 5231 oblivio
1801 5186 1856 5233 et
1881 5178 1947 5232 ad

428 5280 505 5353 (α)
529 5280 614 5355 er.
645 5297 807 5353 supra
842 5282 871 5355 ς
899 5281 1013 5355 15._
1058 5258 1061 5261 ’

431 5352 506 5423 (b)
532 5354 626 5409 Est
658 5352 973 5423 autem'boc
999 5352 1121 5409 loco
1162 5354 1548 5410 attendendum
1592 5356 1659 5411 ad
1692 5371 1780 5421 ea,
1813 5371 1951 5423 quae

361 5426 426 5476 de
473 5425 654 5478 causis
699 5422 1136 5494 primordialibus
1179 5432 1342 5492 atque
1382 5425 1618 5494 ipsarum
1669 5422 1950 5482 ell'ectibus

359 5502 482 5547 sinit
512 5495 652 5548 dicta
686 5512 700 5548 :
735 5495 856 5550 illae
884 5509 1071 5550 veram
1104 5495 1345 5550 omnium
1374 5510 1557 5550 rerum
1587 5496 1947 5551 substantiam

361 5563 661 5626 r-nntinent,
690 5565 741 5620 bi
761 5606 774 5625 ,
796 5566 841 5623 si
867 5565 989 5633 quis
1014 5580 1109 5623 eos
1143 5581 1238 5635 per
1262 5581 1321 5621 se
1346 5566 1624 5622 considera
1637 5567 1790 5627 verit,
1816 5566 1947 5621 nihil

358 5649 477 5707 esse
511 5635 781 5708 dicuntur.
817 5636 933 5704 Quo
958 5634 1305 5707 lit,ut,quae
1334 5653 1398 5693 cx
1430 5636 1532 5691 illis
1556 5638 1706 5707 quasi
1742 5638 1948 5706 longius

2044 4545 2204 4607 pacto
2246 4534 2576 4604 expedierit,
2626 4533 2752 4599 licet
2796 4549 2970 4605 neque
3019 4536 3119 4590 hac
3170 4549 3231 4590 re
3279 4535 3634 4605 gravissimos

2045 4641 2261 4682 errores
2290 4624 2526 4696 effugere
2551 4635 2738 4695 queat,
2765 4626 2954 4697 paucis
2983 4626 3281 4696 interiectis
3311 4626 3631 4682 videbimus.

2049 4716 2154 4785 (cr.
2182 4716 2210 4789 ς
2243 4717 2331 4782 57,
2362 4716 2424 4771 Β.
2462 4716 2547 4780 lll,
2580 4716 2660 4788 b.)

2116 4806 2179 4863 ll.
2209 4806 2385 4862 Finita
2409 4819 2587 4863 autem
2610 4808 2756 4864 omni
2781 4808 2983 4864 malitia
3006 4817 3171 4879 atque
3193 4808 3489 4880 impietate,
3512 4809 3637 4878 quis

2050 4900 2353 4955 remanebit
2373 4898 2547 4955 malus
2566 4910 2660 4954 aut
2682 4900 2914 4971 impius?
2928 4899 3051 4956 Sola
3073 4900 3217 4955 enim
3242 4900 3445 4955 malitia
3473 4908 3637 4970 atque

2053 4989 2332 5059 impietate
2377 4998 2504 5045 sunt
2546 4999 2601 5045 et
2637 4989 2763 5044 mali
2808 4998 2864 5047 et
2892 4989 3063 5059 impii.
3110 4989 3263 5057 Quod
3289 4990 3332 5044 si
3359 4990 3541 5045 omnia
3580 4988 3636 5045 in

2050 5083 2241 5148 Deum,
2289 5097 2448 5152 quem
2498 5082 2770 5153 peccando
2823 5082 3151 5146 deseruere,
3201 5090 3327 5136 sunt
3372 5082 3635 5147 reditura,

2051 5187 2229 5229 nonne
2256 5187 2593 5243 consequens
2617 5173 2743 5237 erit,
2791 5172 2992 5227 nullam
3040 5172 3329 5243 impiorum
3379 5187 3639 5243 poenam,

2058 5287 2221 5341 etiam
2255 5285 2508 5341 recedere
2553 5294 2713 5356 atque
2742 5285 2933 5339 borum
2965 5285 3138 5350 viam,
3169 5296 3225 5339 ut
3271 5286 3341 5339 ita
3373 5285 3637 5348 dicamus,

2059 5358 2267 5411 acriore
2299 5357 2460 5409 etiam
2491 5356 2672 5409 animo
2696 5356 2943 5424 persequi
2974 5356 3323 5417 contendunt,
3351 5357 3416 5408 ad
3453 5374 3471 5403 ι
3505 5371 3639 5408 unn-

2057 5441 2177 5482 esse
2215 5444 2233 5477 ›
2275 5426 2586 5488 festinent:
2615 5442 2756 5496 quae
2796 5436 3018 5489 contra,
3058 5425 3266 5482 relictis
3304 5426 3485 5480 causis
3528 5425 3642 5494 pri-

2058 5496 2406 5553 mordialibus
2451 5498 2516 5551 ad
2554 5497 2697 5565 ipsas
2744 5497 2918 5553 redire
2976 5504 3281 5565 maturant,
3328 5511 3515 5552 revera
3575 5498 3648 5569 ad

2063 5588 2078 5620 ε
2109 5583 2227 5622 esse
2262 5587 2278 5620 ›
2315 5580 2621 5638 proprrcnt.
