4002 6148
352 300 425 362 85
1496 295 1584 350 DE
1621 292 1669 348 J.
1713 290 1934 350 SCOTO
1972 292 2491 350 COJIMENIA'I'IO.
3543 285 3611 342 88

353 420 450 482 sit,
482 413 628 470 nullo
679 419 837 483 pacto
893 426 1050 483 posse
1102 409 1277 482 puniri
1317 429 1360 463 ι.
1393 407 1482 480 (V,
1521 407 1707 463 50-31.
1739 407 1839 472 55;
1871 407 1938 461 de
1967 414 2012 471 Λ
2042 421 2324 460 recensere
2360 420 2616 460 nauseam
2659 402 3030 459 tantummodo
3072 400 3608 480 excitaturumarbi-

353 507 543 577 praed.
567 518 686 575 sup.
712 502 843 573 Cap.
874 503 988 572 IV.)
1022 521 1038 552 ι
1068 501 1252 570 Neque
1279 501 1411 555 haec
1439 500 1629 569 poenis
1657 509 1740 553 est
1755 498 1935 568 digna,

357 613 521 666 quum
545 597 660 666 ipsa
682 593 818 649 nihil
833 600 1018 664 peccet
1036 601 1127 646 aut
1151 604 1377 660 peccare
1393 598 1555 660 queat
1586 608 1630 642 ι.
1664 587 1768 659 (Cf.
1797 588 1824 660 §
1849 588 1938 654 ΞΠ,

363 687 430 751 Α,
460 686 527 755 I.)

430 775 788 830 Nihilominus
818 793 836 826 ι
874 781 1143 828 tormenta
1187 771 1274 826 illa
1330 773 1492 842 (quae
1524 787 1730 842 poenae
1754 772 1943 827 dicun-

361 869 470 936 tur)
501 865 733 921 naturali
778 863 1040 933 subjecto,
1071 864 1213 934 quod
1244 872 1553 933 torqueant,
1587 879 1776 919 carere
1834 880 1940 918 non

358 965 586 1026 possunt
624 976 669 1009 ι.
710 953 799 1025 (γ,
831 955 900 1008 '50
927 954 1106 1025 seqq.)

435 1047 582 1114 Quae
609 1066 627 1098 ι
657 1047 862 1102 nodosa
878 1047 1155 1116 perplexio
1181 1053 1238 1099 ut
1258 1044 1400 1114 juste
1414 1047 1672 1109 solvatur,
1704 1056 1946 1102 statuen-

361 1139 486 1191 dum
539 1147 646 1202 est,
678 1138 856 1208 puniri
909 1137 1134 1207 aliquid,
1164 1137 1307 1206 quod
1365 1153 1470 1191 non
1509 1139 1579 1191 sit
1617 1139 1940 1200 substantia,

359 1227 452 1280 sed
478 1234 688 1281 tantum
711 1227 1040 1282 substantiae
1068 1227 1377 1291 inhaerens,
1405 1227 1474 1280 ita
1499 1235 1700 1292 tamen,
1731 1237 1787 1280 ut
1813 1229 1945 1283 haec

360 1317 475 1384 ipsa
501 1315 801 1370 substantia
832 1318 975 1370 omni
1009 1331 1179 1385 poena
1213 1327 1427 1370 maneat
1453 1315 1620 1371 libera
1656 1337 1699 1372 ι.
1735 1318 1829 1371 Est
1856 1334 1947 1373 au-

363 1419 471 1461 tem
522 1410 859 1463 substantiae
894 1409 1161 1463 humanae
1204 1408 1493 1464 inhaerens
1535 1425 1788 1480 perversa
1841 1411 1944 1465 ista

362 1498 652 1552 voluntas:
680 1507 736 1552 et
774 1499 911 1554 haec
964 1499 1100 1569 ipsa,
1129 1501 1580 1568 quemadmodum
1635 1516 1733 1554 suo
1775 1501 1947 1556 Marte

361 1593 568 1656 peccat,
595 1589 667 1642 ita
695 1589 858 1643 etiam
883 1588 992 1644 sola
1016 1604 1111 1659 per
1131 1605 1188 1644 se
1205 1590 1457 1658 punitur;
1490 1592 1946 1658 quemadmodum

364 1677 603 1746 peccatis
637 1679 750 1732 suis
788 1677 1030 1732 naturale
1077 1677 1301 1740 bonum,
1335 1687 1585 1732 naturam
1627 1680 1945 1745 humanam,

2047 504 2270 549 tramur.
2308 495 2398 549 Illa
2426 503 2625 556 autem,
2661 509 2799 562 quae
2821 508 3027 546 summa
3059 492 3126 544 ab
3154 490 3271 545 istis
3294 488 3449 560 nugis
3475 488 3616 541 vitae

2043 586 2161 640 usui
2191 586 2386 640 damna
2413 594 2614 654 queant
2661 584 2872 645 inferri,
2900 581 3072 651 magis
3126 580 3279 650 quasi
3334 580 3384 632 in
3433 587 3616 647 aperta

2043 678 2161 733 luce
2189 676 2497 732 collocanda
2526 691 2644 730 esse
2671 676 2966 729 videantur.
2998 673 3140 726 Haec
3169 672 3331 742 igitur
3357 669 3621 738 imprimis

2045 769 2098 824 in
2145 769 2248 822 isto
2298 783 2406 821 uno
2449 769 2621 836 posita
2670 775 2792 822 sunt
2826 765 3029 827 omnia,
3055 764 3196 833 quod
3228 763 3368 816 Deus
3393 776 3492 815 nec
3529 756 3619 830 qui

2043 867 2288 928 peccant.
2323 873 2422 912 nec
2443 873 2582 927 quae
2606 867 2925 926 peccantur,
2953 854 3056 906 ulla
3085 853 3290 906 ratione
3313 852 3508 907 dicitur
3532 857 3624 904 aut

2044 966 2240 1005 curare
2285 959 2376 1004 aut
2417 951 2646 1003 novisse.
2680 948 2805 1002 Sola
2852 947 3254 1001 malefactorum
3293 945 3624 999 conscientia

2044 1057 2188 1104 eum,
2212 1042 2301 1110 qui
2329 1041 2602 1112 peccando
2631 1039 2888 1108 indulget,
2915 1054 3086 1108 poena
3117 1037 3307 1099 al'ticit,
3331 1036 3440 1090 sola
3471 1035 3628 1090 male-

2047 1131 2312 1187 factorum
2367 1133 2702 1188 conscientia
2731 1148 2758 1186 a
2788 1132 3062 1202 peccando
3107 1140 3284 1200 potest
3329 1131 3625 1186 deterrere.

2047 1221 2236 1278 Nonne
2257 1223 2391 1278 haec
2415 1239 2518 1288 res,
2543 1223 2804 1293 quidquid
2831 1227 2896 1277 ad
2924 1222 3189 1277 scelerum
3213 1222 3462 1276 libidines
3479 1237 3629 1277 coer-

2047 1315 2246 1369 cendas
2267 1323 2351 1370 est
2371 1314 2749 1380 constitutum,
2783 1314 3024 1368 funditus
3054 1314 3440 1383 propemodum
3480 1328 3634 1368 ever.

2049 1404 2132 1469 tit,
2163 1405 2388 1474 disjicit,
2411 1408 2479 1462 ab
2535 1408 2813 1462 hominum
2855 1417 3147 1478 conspectu
3201 1408 3479 1462 removet?
3523 1407 3633 1464 Nec

2050 1495 2361 1564 punientem
2391 1497 2560 1552 Deum
2589 1498 2744 1566 quasi
2782 1498 3145 1554 exacerbandi
3181 1499 3341 1552 timor
3386 1499 3635 1555 homines

2051 1585 2222 1656 magis
2248 1587 2467 1651 ferreos,
2500 1603 2600 1642 nec
2621 1597 2891 1643 amantem
2915 1587 3083 1644 Deum
3099 1589 3252 1658 quasi
3270 1587 3634 1644 contristandi

2053 1691 2228 1735 metus
2250 1681 2498 1736 homines
2513 1681 2684 1752 magis
2715 1682 2998 1752 ingenuos,
3025 1693 3350 1737 neurentem
3378 1679 3636 1751 peccandi

365 1769 450 1822 cui
483 1768 752 1834 inhaeret,
775 1770 999 1825 omnino
1031 1785 1136 1824 non
1160 1770 1510 1834 contaminat,
1539 1771 1610 1825 ita
1634 1786 1808 1840 neque
1831 1781 1940 1826 tor-
1970 1763 2014 1822 Β
2044 1769 2391 1839 cupiditatem
2407 1772 2676 1840 peccando
2690 1769 3493 1839 expleantatqueexstinguant,
3508 1767 3636 1822 dum

365 1860 561 1915 tuentis
607 1861 737 1925 suis,
765 1860 959 1930 quibus
1019 1862 1262 1930 punitur,
1316 1861 1562 1916 naturale
1618 1861 1944 1932 subjectum,

365 1947 520 2016 cujus
565 1949 676 2020 ipsa
735 1959 819 2006 est
846 1950 1116 2014 accidens,
1143 1962 1196 2005 et
1237 1951 1288 2004 in
1338 1969 1444 2024 quo
1473 1954 1801 2019 continetur,
1838 1954 1948 2009 ulla

366 2038 576 2093 ratione
598 2047 832 2108 torquet.
858 2038 1041 2109 Itaque
1068 2040 1464 2096 irrationabiles
1480 2051 1656 2096 motus
1681 2043 1948 2098 malarum

365 2129 706 2184 voluntatum
738 2130 1036 2200 puniuntur
1069 2131 1119 2184 in
1151 2131 1255 2195 his,
1281 2132 1370 2200 qui
1403 2141 1654 2187 naturam
1683 2133 1877 2187 bonam
1895 2143 1951 2188 et

367 2221 742 2275 rationabilem
791 2229 846 2275 et
894 2219 1279 2290 impassibilem
1311 2221 1638 2293 participant
1668 2243 1712 2278 ι.
1741 2224 1828 2296 (V,
1859 2223 1954 2278 5οο

367 2309 431 2364 51
481 2309 592 2382 [ed.
624 2310 725 2367 0x.
757 2327 808 2381 p.
857 2310 1165 2383 267-270].)
1214 2329 1232 2362 ι
1285 2311 1400 2366 Νοη
1455 2313 1635 2368 minus
1688 2313 1853 2384 igitur
1895 2314 1949 2368 in

369 2403 528 2456 malis
572 2403 905 2468 hominibus,
953 2417 1115 2474 quam
1159 2402 1214 2457 in
1255 2403 1678 2473 bonis—salva,
1717 2404 1946 2474 integra,

366 2491 813 2559 incontaminata,
842 2495 987 2551 omni
1011 2495 1259 2565 passione
1283 2495 1557 2550 contraria
1573 2495 1826 2550 immunis
1849 2494 1954 2550 erit

366 2593 420 2637 et
449 2599 664 2654 semper
691 2584 1009 2639 eritnatura
1038 2585 1283 2638 humana
1318 2602 1332 2637 :
1368 2592 1609 2639 attamen
1650 2585 1952 2640 contraria-

367 2690 487 2728 rum
515 2675 857 2744 qualitatum,
881 2674 1142 2728 bonarum
1168 2674 1289 2728 dico
1311 2673 1682 2744 malarumque
1707 2673 1953 2730 voluntaa

369 2770 504 2828 tum,
541 2763 758 2818 virtutis
806 2763 1239 2834 ignominiaeque
1273 2784 1319 2828 ι,
1350 2772 1405 2818 et
1435 2764 1538 2818 hac
1591 2765 1822 2834 denique
1871 2780 1956 2817 ra-

369 2856 515 2910 tione
547 2874 565 2905 (
605 2857 769 2910 etiam
802 2856 1197 2911 contrariarum
1240 2857 1550 2926 passionum
1585 2866 1668 2912 est
1702 2872 1868 2928 capax
1908 2878 1950 2911 ν.

372 2943 457 3015 (L.
487 2944 528 2999 ι.
559 2959 609 3012 p.
647 2944 935 3015 270-271.)

439 3033 527 3088 IV.
565 3033 710 3091 Ilaec
735 3035 965 3105 denique
999 3045 1284 3107 postquam
1317 3047 1444 3094 sunt
1473 3037 1766 3108 disputata,
1801 3037 1975 3093 facile

2049 1857 2197 1914 Scoti
2228 1859 2526 1914 doctrinam
2549 1860 2698 1930 sequi
2728 1860 3018 1923 voluerint,
3042 1860 3396 1928 permovehit.
3428 1858 3636 1924 Quotus

2051 1959 2233 2006 autem
2288 1951 2518 2020 quisque
2572 1951 2942 2006 conscientiae
2991 1964 3121 2006 suae
3169 1949 3271 2006 hoc
3330 1949 3547 2012 tribuet,
3580 1957 3640 2002 ut

2048 2054 2170 2095 eam
2205 2039 2376 2096 solam
2410 2041 2513 2097 sibi
2547 2041 2737 2096 ducem
2767 2040 2958 2112 eligat,
2989 2055 3183 2111 neque,
3215 2039 3547 2110 voluptatum
3585 2039 3637 2094 vi

2051 2131 2358 2200 allectante,
2379 2150 2617 2204 unquam
2648 2135 2892 2190 deserat!
2920 2134 3073 2202 Quod
3100 2135 3142 2190 si
3168 2134 3268 2188 ista
3297 2134 3541 2190 doctrina
3572 2135 3642 2190 ad

2050 2225 2195 2279 vitae
2226 2227 2533 2282 communis
2572 2242 2731 2282 usum
2785 2226 3102 2290 referretur,
3128 2226 3352 2282 remotis
3377 2224 3642 2296 profecto,

2051 2331 2406 2389 quaecunque
2452 2317 2755 2375 furentibus
2805 2319 3065 2389 peccandi
3105 2318 3417 2374 libidinibus
3462 2337 3483 2370 ‹
3528 2334 3646 2373 mo-

2053 2405 2131 2460 les
2168 2425 2214 2470 ι,
2247 2415 2306 2462 ut
2359 2406 2568 2478 Virgilii
2608 2409 2788 2464 verbis
2835 2417 3073 2476 utamur,
3105 2427 3125 2460 ο
3163 2417 3218 2464 et
3243 2419 3452 2463 montes
3494 2408 3586 2461 alti
3620 2426 3640 2460 ι

2053 2507 2179 2552 sunt
2240 2499 2512 2570 imposita,
2547 2500 2726 2554 omnia
2770 2500 3025 2556 misceret
3076 2499 3402 2571 penitusque
3448 2498 3649 2554 distur-

2053 2588 2231 2648 baret.

2127 2769 2385 2826 Venimus
2416 2771 2631 2826 tandem
2660 2771 2726 2826 ad
2757 2781 3007 2842 quartam
3053 2772 3198 2826 illam
3246 2770 3482 2826 Naturae
3528 2785 3651 2842 spe-

2056 2860 2218 2927 ciem,
2243 2876 2383 2931 quae
2411 2876 2509 2915 nec
2535 2871 2751 2917 creatur
2776 2877 2874 2918 nec
2913 2870 3084 2917 creat.
3111 2861 3217 2917 Sed
3243 2877 3381 2930 quae
3405 2863 3510 2916 huc
3530 2876 3648 2931 per-

2059 2951 2250 3018 tinent,
2275 2967 2380 3007 non
2423 2961 2530 3006 tam
2583 2969 2712 3022 prae
2735 2953 2931 3008 ceteris
2954 2952 3264 3023 perniciosa
3308 2961 3454 3017 sunt,
3488 2967 3649 3021 quam

2063 3042 2310 3097 ridicula.
2345 3042 2525 3110 Quare
2552 3058 2720 3113 quum
2749 3043 2804 3097 in
2833 3043 2918 3109 iis,
2941 3057 3079 3112 quae
3105 3041 3328 3113 preprie
3347 3041 3652 3112 perniciosa

369 3133 455 3179 est
505 3125 570 3179 ad
618 3126 1048 3197 intelligendum,
1072 3143 1233 3197 quam
1268 3127 1602 3199 Seotusjure
1624 3144 1721 3184 suo
1742 3138 1795 3183 et
1823 3129 1956 3183 haec
1984 3110 2028 3170 (ἶ
2060 3141 2262 3198 essent,
2291 3110 2587 3204 longiores
2624 3132 2905 3199 fuerimus,
2948 3110 3000 3187 in
3047 3110 3154 3199 his,
3207 3110 3360 3202 quas
3424 3110 3652 3186 fortasse

370 3217 694 3286 scripserit;
729 3236 748 3268 ι
783 3219 926 3274 Deus
970 3230 1189 3288 peccata
1239 3221 1414 3289 punit,
1443 3229 1520 3286 et,
1545 3230 1601 3272 ut
1655 3221 1823 3274 verius
1877 3220 1958 3272 di-

370 3325 509 3373 cam,
561 3311 737 3379 puniri
776 3311 900 3364 sinit
952 3331 995 3364 ι.
1041 3331 1059 3363 ι
1095 3311 1230 3364 Mala
1283 3311 1536 3366 voluntas
1577 3313 1959 3381 praevarican-

375 3399 509 3452 tium
565 3402 729 3454 totius
777 3402 986 3470 peccati
1036 3411 1094 3456 et
1114 3403 1272 3457 totius
1303 3419 1500 3472 poenae
1545 3406 1744 3472 peccati
1795 3408 1957 3463 causa

373 3486 568 3542 el‘lieax
599 3497 681 3543 est
713 3509 756 3545 ι.
783 3490 866 3561 (L.
895 3491 932 3546 I.
965 3508 1015 3562 p.
1038 3492 1364 3564 269—270.)
1393 3493 1448 3547 In
1472 3493 1610 3549 libro
1641 3497 1706 3550 de
1735 3499 1960 3566 praede-

374 3578 668 3634 stiuatione
695 3580 787 3651 (cf.
823 3597 941 3651 sup.
969 3581 1099 3652 Cap.
1131 3582 1253 3654 IV),
1281 3599 1389 3653 quo
1422 3585 1535 3653 ipse
1564 3587 1958 3641 sententiarum

377 3682 567 3734 nexus,
601 3677 661 3722 ut
710 3671 998 3741 diligenter
1039 3674 1105 3725 de
1134 3688 1262 3727 vero
1288 3689 1585 3742 poenarum
1621 3683 1844 3730 auctore
1872 3676 1958 3729 in-

377 3760 708 3827 quireretur,
736 3763 903 3818 multo
925 3764 1104 3817 acrius
1120 3763 1447 3832 postulabat,
1479 3764 1608 3818 illud
1629 3765 1823 3835 ipsum,
1843 3765 1959 3819 nul-

376 3849 456 3903 las
487 3868 518 3903 a
543 3849 651 3905 Deo
679 3867 882 3921 poenas
909 3854 1182 3919 constitui,
1212 3855 1356 3909 omni
1387 3855 1582 3908 virium
1619 3859 1961 3911 contentione

378 3942 517 3995 tueri
559 3944 786 3996 studuit.
841 3943 992 4010 Quod
1049 3953 1227 4001 autem
1266 3945 1438 4015 majus
1497 3945 1661 4000 etiam
1697 3957 1804 4012 est,
1846 3948 1958 4016 ipsa

379 4029 495 4102 ejus
529 4033 888 4103 phil050phia,
930 4043 990 4088 ut
1031 4035 1132 4090 hoc
1156 4038 1393 4106 doceret,
1418 4052 1540 4090 eum
1569 4037 1771 4106 coegit.
1799 4036 1961 4090 Nam-

381 4135 483 4189 que
506 4137 571 4176 ex
605 4122 763 4190 hujus
813 4123 1027 4193 placitis
1080 4125 1222 4179 Deus
1267 4125 1400 4178 nihil
1447 4125 1592 4180 aliud
1643 4127 1826 4191 novit,
1857 4127 1958 4181 nisi

382 4225 517 4281 quae
537 4224 662 4267 sunt
704 4233 722 4265 ‹
759 4215 1061 4270 substantia
1093 4235 1111 4266 ι
1138 4225 1232 4270 aut
1257 4217 1689 4271 substantialium
1716 4219 1961 4273 acciden-

380 4305 455 4360 tia
503 4307 805 4372 naturalia,
854 4309 1191 4380 proindeque
1242 4327 1261 4360 ‹
1311 4317 1520 4374 totum,
1563 4311 1707 4381 quod
1762 4311 1964 4367 dicitur

383 4395 580 4450 malum
617 4418 663 4462 ι,
688 4413 853 4467 quum
897 4401 949 4454 in
975 4401 1124 4456 hisce
1168 4416 1274 4456 non
1325 4403 1647 4472 reperiatur,
1677 4421 1696 4453 ι
1739 4403 1960 4457 omnino

381 4486 593 4558 ignorat
637 4457 838 4560 -(Cf.
871 4492 1011 4564 §57.
1059 4494 1128 4559 A,
1177 4493 1290 4566 IV.)
1317 4457 1435 4562 Qtio
1482 4457 1722 4565 profecto
1763 4495 1844 4560 lit,
1875 4505 1954 4560 ut,
1995 4457 2041 4516 ο

386 4576 593 4631 etiamsi
623 4577 763 4633 Deus
789 4580 902 4650 ipse
940 4576 1246 4639 hominibus
1268 4585 1468 4656 impiis,
1495 4587 1692 4655 quibus
1722 4587 1960 4658 puniun-

386 4676 490 4730 tur,
515 4669 830 4734 constituat,
873 4671 975 4727 hoc
1018 4682 1197 4729 tamen
1243 4676 1572 4746 imprudens,
1603 4679 1800 4732 nedum
1855 4692 1959 4732 non

389 4754 570 4813 volens
591 4757 768 4816 faciat.
799 4761 981 4832 Itaque
1007 4766 1148 4820 Deus
1175 4775 1394 4834 peccata
1421 4783 1524 4822 non
1553 4769 1726 4838 punit,
1758 4770 1867 4832 sed,
1895 4769 1962 4824 ad

390 4867 677 4921 summum,
713 4875 731 4908 ‹
759 4859 939 4929 puniri
971 4859 1098 4914 sinit
1121 4859 1196 4932 (η)
1229 4881 1273 4913 ι.

1089 4989 1116 5063 §
1154 4992 1244 5048 53.

467 5130 660 5185 'I‘otnm
688 5127 852 5200 igitur
871 5128 974 5184 hoc
1002 5131 1176 5185 nostri
1203 5131 1478 5187 decretum
1495 5131 1562 5187 de
1586 5131 1821 5201 peccatis
1844 5144 1968 5201 pec-

387 5233 744 5291 catorumque
772 5221 981 5291 poenis,
1005 5221 1058 5276 id
1097 5221 1242 5291 quod
1268 5223 1400 5278 satis
1432 5221 1753 5292 patefecisse
1823 5219 1968 5276 arbi-

389 5323 619 5379 tramur,
651 5313 884 5368 maxima
911 5327 1042 5368 sane
1063 5313 1506 5382 gravissimorum
1536 5328 1781 5366 errorum
1832 5311 1970 5364 mul-

390 5404 618 5460 titudine
659 5415 741 5461 est
769 5403 1049 5460 refertum.
1101 5404 1249 5472 Quos
1302 5405 1367 5459 de
1421 5404 1633 5474 integro
1694 5391 1968 5472 sigillatitn

464 5535 540 5604 (α)
572 5535 943 5608 Schlueterus,
971 5539 1095 5593 licet
1122 5539 1199 5608 (p.
1232 5553 1326 5592 xm
1367 5537 1544 5607 seqq.)
1570 5537 1715 5591 Seoti
1750 5545 1972 5608 senten-

393 5606 520 5658 tiam
551 5607 615 5661 de
648 5627 665 5658 ι
705 5610 847 5663 malo
878 5619 933 5663 et
960 5612 1026 5664 de
1051 5606 1397 5679 peccatorum
1415 5606 1603 5676 poenis
1633 5628 1650 5658 ι
1686 5606 1973 5679 defenden-

393 5679 513 5730 dam
544 5681 861 5747 susceperit,
898 5677 1122 5753 ideoque
1155 5679 1221 5735 de
1253 5679 1512 5734 industria
1539 5677 1831 5738 examinet,
1860 5678 1975 5730 illo-

2060 3224 2232 3280 aniles
2289 3232 2498 3278 tantum
2548 3223 2754 3279 fabulas
2786 3224 3157 3295 appellaveris,
3207 3224 3410 3280 erimus
3437 3224 3650 3282 brevio-

2063 3331 2173 3372 res.

2769 3407 2797 3479 §
2838 3407 2926 3463 60.

2133 3517 2200 3574 D.
2245 3540 2263 3570 ‹
2294 3517 2497 3586 Quarta
2521 3516 2756 3573 Naturae
2778 3519 3006 3589 species,
3029 3532 3170 3588 quae
3191 3531 3291 3573 nec
3318 3522 3535 3571 creatur
3555 3529 3654 3570 nec

2061 3603 2230 3674 creat,
2259 3611 2501 3680 profecto
2546 3611 2659 3679 ipse
2689 3610 2829 3664 Deus
2883 3617 2986 3664 est.
3016 3608 3207 3663 Divina
3232 3606 3420 3679 (enim)
3459 3615 3654 3660 natura

2062 3703 2303 3756 creditur
2351 3719 2457 3757 non
2512 3701 2709 3768 creari,
2757 3701 3010 3771 quoniam
3079 3699 3349 3771 primitiva
3409 3699 3654 3754 omnium

2063 3809 2226 3848 causa
2251 3803 2355 3858 est,
2389 3794 2528 3848 ultra
2555 3809 2718 3862 quam
2751 3791 2883 3846 nihil
2909 3799 3014 3855 est,
3043 3806 3072 3844 a
3100 3805 3208 3861 quo
3260 3789 3431 3860 possit
3456 3788 3651 3843 creari.

2063 3884 2238 3950 Quutn
2272 3898 2398 3938 vero
2445 3891 2568 3953 post
2611 3882 2842 3936 reditum
2897 3879 3268 3934 universitatis
3321 3879 3572 3934 conditae
3598 3877 3655 3934 in

2064 3989 2189 4028 suas
2219 3973 2594 4043 primordialcs
2619 3987 2832 4037 causas,
2863 3986 3002 4041 quae
3031 3971 3083 4024 in
3116 3970 3230 4038 ipsa
3246 3970 3427 4024 divina
3454 3979 3645 4023 natura

2062 4066 2431 4129 continentur,
2467 4063 2613 4118 nulla
2656 4064 2880 4119 ulterius
2932 4070 3127 4116 natura
3161 4075 3227 4115 ex
3253 4076 3316 4116 ea
3339 4059 3654 4129 procreabi-

2066 4163 2152 4207 tur
2181 4171 2277 4208 seu
2310 4155 2361 4207 in
2390 4157 2600 4225 species
2623 4152 2906 4208 sensibiles
2936 4150 3370 4221 intelligibilesve
3392 4147 3653 4220 multipli-

2064 4246 2299 4312 cabitur,
2326 4263 2432 4301 non
2491 4247 2760 4300 immerito
2816 4244 2953 4298 nihil
3002 4259 3191 4300 creare
3216 4250 3273 4299 et
3319 4241 3558 4298 creditur
3600 4248 3657 4296 et

2065 4337 2378 4408 intelligitur
2407 4356 2452 4390 ι.
2489 4334 2599 4405 (IV,
2625 4333 2834 4404 26-27.)

2791 4470 2819 4543 ς
2861 4469 2949 4526 61.

2143 4605 2162 4637 ι
2201 4586 2339 4642 Sunt
2385 4594 2699 4658 argumenta
2725 4585 3106 4657 probatissima
3136 4601 3204 4641 ex
3234 4585 3397 4640 rebus
3425 4582 3658 4638 sensibi-

2070 4677 2232 4744 libus,
2263 4693 2402 4749 quae
2429 4679 2658 4733 reditum
2689 4677 2838 4731 illum
2855 4678 3096 4733 futurum
3123 4691 3243 4731 esse
3261 4676 3654 4730 demonstrant.

2070 4803 2140 4813 —
2169 4770 2410 4841 Sphaera
2443 4769 2692 4824 caelestis
2717 4769 2977 4839 astrigera
3006 4766 3174 4822 XXIV
3196 4768 3452 4822 horarum
3484 4763 3661 4834 spatio

2073 4863 2141 4918 ad
2163 4864 2410 4918 eumdem
2438 4862 2676 4918 locorum
2709 4862 2870 4916 situm
2901 4861 3042 4916 redit
3068 4879 3081 4913 :
3113 4859 3194 4914 sol
3239 4859 3306 4912 ad
3353 4857 3494 4911 idem
3523 4871 3662 4925 pun-

2070 4962 2216 5009 ctum
2243 4953 2651 5022 aequinoctialis
2670 4951 2922 5007 diametri
2950 4951 3183 5022 peractis
3206 4949 3274 5004 IV
3293 4949 3452 5004 annis
3470 4947 3662 5003 eodem

2070 5047 2327 5115 temporis
2385 5055 2660 5100 momento
2715 5043 2978 5113 pervenit.
3029 5041 3168 5109 Quid
3197 5042 3262 5097 de
3287 5040 3450 5103 aeris,
3481 5049 3662 5094 terrae

2071 5135 2454 5201 animantibus,
2497 5134 2753 5199 surculis,
2782 5131 3214 5188 herbis?Nonne
3261 5131 3512 5187 similiter
3561 5143 3663 5182 sua

2072 5235 2313 5296 tempora
2359 5227 2673 5284 observant,
2724 5225 2921 5294 quibus
2972 5223 3026 5276 in
3073 5221 3269 5288 foetus,
3293 5220 3478 5285 ﬂores,
3511 5217 3659 5284 folia,

2075 5318 2282 5374 fruetus
2334 5317 2669 5388 erumpunt?
2720 5346 2790 5355 —-
2845 5316 2912 5371 Et
2967 5315 3286 5391 simpliciter
3347 5312 3661 5376 dicendum,

2076 5414 2221 5468 nulla
2278 5427 2535 5483 corporea
2582 5420 2830 5465 creatura
2879 5419 2962 5467 cst
3012 5409 3163 5464 vitali
3212 5417 3362 5464 motu
3388 5413 3660 5477 vegetata,

2079 5559 2196 5598 rum
2249 5554 2426 5598 tamen
2475 5557 2742 5602 errorum,
2777 5541 2866 5612 qui
2910 5557 2940 5594 a
2989 5541 3144 5598 nobis
3189 5550 3317 5596 sunt
3369 5537 3562 5600 notati,
3591 5549 3663 5590 ne

2081 5614 2244 5667 ullum
2275 5614 2485 5683 quidem
2520 5613 2784 5683 reperisse
2815 5612 3052 5667 videtur!
