3952 6152
289 269 374 342 ‘ss
1139 283 1226 338 DE
1270 283 1423 338 ma
1464 284 1552 339 ET
1586 285 1911 344 PRECEP'I

2031 287 2080 345 J.
2125 288 2340 346 SCOTI.
2381 323 2450 332 -
2489 292 2668 348 PARS
2706 293 2769 348 ll.
3516 293 3586 349 86

306 408 452 466 quae
477 408 581 448 non
611 390 681 446 ad
719 392 1047 462 principium
1085 404 1262 448 motus
1307 395 1388 448 sui
1439 405 1761 451 revertatur.
1789 397 1977 474 Hoc'A
2007 412 2102 468 per
2123 413 2182 454 se
2218 411 2273 455 et
2301 403 2575 456 mutabilia
2605 413 2730 458 sunt
2750 412 2801 458 et
2833 403 3162 468 transitoria,
3181 403 3586 474 locistempori-

311 489 488 557 ipsum
513 486 580 540 de
617 494 733 540 toto
776 500 993 554 quoque
1043 486 1242 539 mundo
1297 485 1696 555 intelligendum
1738 488 1904 542 :(inis

307 576 462 632 enim
490 574 606 644 ejus
631 584 718 629 est
745 575 917 644 ipsius
949 574 1291 643 principium,
1321 576 1461 643 quod
1486 577 1690 644 appetit
1715 587 1769 630 et
1797 591 1904 644 quo

308 677 534 738 reperto
560 665 818 728 cessabit,
851 680 956 719 non
985 673 1044 718 ut
1067 666 1366 719 substantia
1395 666 1562 734 ipsius
1587 675 1792 735 pereat,
1809 668 1902 721 sed

308 759 450 814 utin
477 773 673 812 causas
702 771 831 810 suas
860 756 1059 811 redeat.
1092 786 1160 795 —
1190 755 1452 810 Similiter
1477 758 1690 811 animae
1737 758 1904 812 ratio-

314 850 514 904 nabilis
536 850 949 918 eoneeptiones,
985 849 1128 914 quod
1163 849 1361 902 artium
1396 848 1694 902 liberalium
1721 863 1904 903 exem-

309 941 401 1010 plo
427 941 706 1009 probatur,
736 939 998 1009 principia
1029 953 1124 992 sua
1155 946 1428 1007 repetunt,
1451 937 1721 1007 inquibus
1742 937 1903 991 ﬁnem

311 1041 499 1086 motus
526 1033 612 1086 sui
663 1030 1001 1086 constituunt
1030 1047 1043 1082 :
1076 1029 1401 1098 principium
1454 1030 1651 1099 quippe
1691 1039 1746 1084 et
1785 1029 1906 1082 linis

309 1123 368 1180 in
399 1125 470 1184 iis
496 1124 748 1178 omnibus
778 1123 828 1177 id
862 1124 1034 1192 ipsum
1057 1131 1161 1176 est.
1201 1122 1258 1176 ln
1300 1123 1550 1178 omnibus
1600 1124 1907 1177 hominibus

307 1228 458 1268 unus
481 1222 643 1281 atque
669 1213 809 1267 idem
841 1213 1112 1282 appetitus
1134 1220 1218 1265 est
1243 1211 1480 1272 essendi,
1507 1212 1644 1265 bene
1669 1213 1904 1275 cssendi,

309 1303 706 1373 perpetuahter
729 1302 983 1357 essendi:
1016 1301 1138 1356 etsi
1188 1301 1366 1356 omnis
1415 1311 1592 1356 motus
1649 1303 1908 1357 naturalis

311 1408 424 1447 non
456 1392 679 1456 desinit,
707 1391 880 1446 donec
903 1394 970 1446 ad
1019 1390 1176 1444 linem
1233 1406 1388 1444 suum
1427 1391 1724 1460 perveniat,
1779 1391 1905 1460 quid

313 1493 575 1537 naturam
629 1483 923 1537 humanam
952 1482 1144 1536 sistere
1171 1481 1331 1544 valet,
1360 1496 1426 1535 ne
1447 1481 1517 1535 ad
1544 1481 1617 1544 id,
1645 1483 1787 1550 quod
1819 1497 1908 1548 pe-

313 1575 399 1638 tit,
423 1573 746 1644 perveniat?
777 1572 1115 1642 Quapropter
1151 1571 1317 1626 etiam
1347 1571 1412 1625 de
1449 1570 1680 1626 humana
1715 1580 1906 1625 natura

311 1672 484 1733 patet,
507 1664 577 1718 ad
603 1664 772 1719 Deum
799 1663 970 1734 ipsam
1000 1677 1120 1717 esse
1150 1661 1442 1716 redituram
1479 1680 1529 1714 ι.

1044 1769 1072 1842 §
1109 1770 1197 1824 62.

389 1903 409 1936 ι
446 1882 725 1948 Redibunt
750 1891 932 1938 autem
955 1883 1158 1947 omnia,
1189 1897 1328 1952 quae
1378 1897 1440 1936 ex
1474 1881 1585 1935 Deo
1632 1897 1909 1952 processe-

309 1984 462 2037 runt,
503 1974 694 2028 eadem
723 1973 830 2040 via,
861 1989 966 2042 qua
995 1969 1270 2043 processio
1300 1972 1387 2026 illa
1417 1973 1682 2027 estfacta.
1711 1972 1909 2040 Quent-

307 2065 606 2119 admodum
636 2065 800 2134 igitur
825 2064 1099 2132 processio
1128 2078 1191 2116 ea
1249 2061 1370 2126 fuit,
1397 2071 1454 2116 ut
1487 2065 1665 2116 omnia
1696 2080 1725 2116 a
1750 2078 1910 2132 sape~

310 2158 556 2212 rioribus
587 2157 655 2211 ad
681 2156 935 2211 inferiora
973 2153 1270 2211 deﬂuerent
1299 2155 1392 2224 (cf.
1427 2154 1454 2226 ς
1487 2155 1599 2224 54),
1626 2157 1704 2209 sic
1743 2155 1908 2208 etiam

308 2247 364 2299 in
393 2247 575 2300 reditu
601 2245 860 2300 inferiora
885 2261 1098 2314 semper
1127 2245 1180 2298 in
1207 2246 1484 2314 superiora
1501 2254 1904 2300 convertentur.

307 2367 383 2375 —
421 2335 540 2390 Non
579 2338 727 2390 enim
779 2350 906 2389 vera
949 2336 1086 2390 ratio
1125 2336 1253 2390 sinit
1309 2337 1586 2404 superiora
1641 2335 1908 2391 inferiori-

306 2427 418 2482 bus
449 2428 533 2481 vel
563 2427 852 2491 eontineri,
887 2425 968 2480 vel
997 2427 1220 2490 attrahi,
1251 2426 1334 2479 vel
1382 2426 1612 2480 absumi.
1647 2425 1904 2482 inferiora

303 2531 446 2568 vero
475 2531 506 2568 a
541 2515 912 2588 superioribus
947 2515 1264 2569 naturaliter
1287 2515 1629 2568 attrahuntur
1651 2515 1909 2570 etahsor-

305 2605 539 2666 bentur,
573 2619 676 2657 non
709 2613 767 2657 ut
796 2617 900 2657 non
931 2603 1056 2665 sint,
1084 2603 1177 2657 sed
1208 2604 1341 2656 utin
1369 2603 1433 2656 iis
1481 2603 1598 2671 plus
1636 2603 1912 2658 salventur

303 2706 364 2749 et
393 2694 700 2748 subsistant
730 2702 782 2749 et
813 2695 978 2748 unum'
1010 2695 1118 2748 sint
1167 2714 1209 2746 ›.
1244 2694 1330 2763 (V,
1361 2695 1415 2748 8.
1444 2693 1514 2748 20
1540 2712 1553 2760 ;
1579 2694 1643 2758 ll,
1675 2694 1708 2749 5
1733 2695 1910 2766 seqq.)

1046 2803 1074 2874 ξ
1109 2804 1194 2858 65.

399 2933 421 2965 ι
455 2914 644 2984 Itaque
697 2913 952 2969 inferiora
1003 2929 1034 2966 a
1078 2914 1446 2983 superioribus
1511 2916 1911 2979 absorbentur,

311 3022 437 3059 non
463 3014 524 3058 ut
552 3020 657 3059 non
689 3006 819 3069 sint,
851 3004 944 3059 sed
971 3013 1028 3058 ut
1054 3003 1106 3080 in
1139 3003 1205 3057 iis
1228 3002 1346 3072 plus
1370 3003 1648 3058 salventur
1681 3012 1736 3059 et
1787 3004 1912 3058 sub—

317 3098 549 3162 sistant.
579 3095 747 3165 Hujus
771 3097 845 3150 rei
873 3077 1187 3166 argumeuta
1212 3094 1265 3148 in
1297 3109 1478 3148 rerum
1525 3102 1716 3148 natura
1768 3095 1913 3148 inve-
1941 3076 1984 3138 (ἶ

315 3189 579 3250 niuntur.
620 3187 752 3241 Nam
777 3201 951 3256 neque
980 3201 1074 3240 aer
1109 3200 1260 3239 suam
1305 3185 1481 3256 perdit
1520 3185 1907 3252 substantiam,

311 3292 451 3338 eum
481 3285 627 3330 totus
649 3278 702 3330 in
731 3277 909 3329 lumen
937 3275 1111 3329 solare
1135 3276 1486 3339 convertitur,
1521 3276 1574 3330 in
1601 3284 1832 3340 tantum,
1856 3285 1916 3330 ut

312 3365 464 3424 nihil
495 3377 767 3435 appareat,
799 3365 900 3418 nisi
941 3365 1051 3428 lux,
1079 3380 1200 3419 cum
1232 3363 1374 3418 aliud
1397 3366 1468 3419 sit
1497 3365 1606 3429 lux,
1639 3365 1781 3420 aliud
1797 3380 1909 3419 aer.

315 3453 604 3514 Hetallum
655 3454 888 3524 aliquod,
933 3455 986 3508 in
1040 3455 1160 3525 igne
1219 3454 1586 3524 liquefactum,
1633 3456 1685 3510 in
1730 3457 1911 3526 ignem

315 3546 576 3600 wnverti
601 3545 809 3600 videtur
839 3545 986 3600 salva
1011 3544 1207 3599 metalli
1231 3546 1550 3599 substantia.
1592 3546 1793 3600 Eadem
1828 3561 1914 3600 ra-

314 3636 479 3688 tione
524 3635 773 3689 existiino
823 3634 1160 3704 corporalem
1211 3636 1566 3689 substantiam
1599 3636 1652 3690 in
1678 3636 1913 3690 animam

315 3741 454 3782 esse
488 3727 858 3790 transitut'am,
899 3743 1004 3782 non
1036 3735 1095 3780 ut
1123 3735 1308 3796 pereat
1336 3728 1478 3796 quod
1523 3729 1615 3790 sit,
1644 3727 1736 3783 sed
1767 3737 1824 3781 ut
1860 3728 1913 3781 in

315 3818 543 3874 meliori
589 3813 823 3873 essen'tia
877 3817 1026 3873 salva
1053 3818 1123 3872 sit
1155 3836 1200 3871 ι.
1239 3815 1326 3888 (ν,
1353 3817 1408 3872 8.
1463 3817 1555 3872 20.
1590 3817 1658 3872 39
1692 3827 1749 3872 et
1796 3833 1917 3887 pas~

311 3909 482 3979 σξηι.)

1047 3978 1075 4051 §
1115 3979 1203 4033 et.

404 4097 522 4154 Hoc
571 4111 749 4155 autem
795 4102 958 4154 etiam
1009 4111 1170 4169 atque
1199 4102 1364 4155 etiam
1411 4101 1566 4156 nobis
1593 4101 1916 4165 iuculeatur,

318 4210 346 4245 ι
391 4192 472 4244 sic
526 4191 779 4245 inferiora
847 4205 1062 4260 semper
1122 4207 1150 4243 a
1200 4192 1569 4260 superioribus
1615 4192 1916 4256 absorberi,

310 4289 388 4333 ut
414 4277 569 4332 salva
597 4290 808 4334 maneat
829 4277 1141 4332 inferiorum
1171 4280 1469 4334 substantia
1506 4300 1547 4330 ι.
1595 4280 1788 4350 (V,‘20.
1804 4280 1919 4352 59.)

313 4368 468 4423 Hinc
501 4381 711 4437 quoque
733 4367 978 4438 profecto
1011 4370 1250 4438 colligas,
1309 4368 1489 4433 rebus,
1541 4385 1679 4439 quae
1727 4370 1919 4424 absor-

2003 487 2212 556 busque
2258 491 2522 559 subjecta,
2565 495 3010 562 generationibus
3056 503 3112 551 et
3153 496 3589 566 corruptionibul

2002 577 2233 632 obnoxia
2272 598 2320 633 ι.
2344 581 2432 646 (γ,
2462 583 2676 649 15-16.)

2724 713 2752 784 §
2793 713 2881 769 65.

2073 845 2437 915 Quaecunque
2474 855 2750 914 praeterea
2786 861 2948 915 super
2999 846 3090 902 illo
3134 862 3316 902 rerum
3345 850 3588 905 omnium

2003 935 2202 998 reditu,
2228 936 2272 989 si
2299 950 2412 989 rem
2437 936 2733 1006 generatim
2761 943 2923 1004 atque
2966 937 3220 992 universe
3260 947 3590 1007 spectamus,

2004 1036 2306 1082 memoratu
2335 1028 2495 1097 digna
2517 1026 2819 1092 videantur,
2852 1025 3048 1083 Scotus
3071 1028 3186 1098 ipse
3217 1029 3270 1083 in
3297 1031 3584 1101 angustius

2005 1117 2222 1171 redacta
2248 1118 2331 1171 his
2355 1116 2534 1170 verbis
2574 1118 2813 1184 exponit.

2081 1225 2098 1256 ι
2135 1207 2319 1260 Visum
2344 1216 2424 1260 est
2457 1207 2630 1269 nobis,
2660 1207 2917 1275 quasdam
2944 1208 3180 1264 theorias
3207 1211 3274 1266 de
3302 1214 3475 1268 reditu
3514 1213 3592 1271 ef-

2005 1292 2241 1348 fectuum
2297 1294 2350 1348 in
2396 1309 2609 1357 causas,
2652 1295 2755 1349 hoc
2802 1305 2885 1350 est
2912 1297 2964 1350 in
3011 1299 3266 1362 rationes,
3299 1301 3352 1353 in
3399 1303 3593 1370 quibus

2009 1383 2331 1448 subsistunt,
2361 1382 2705 1455 subiungere.
2749 1384 2915 1452 Cujus
2942 1386 3136 1441 iterum
3167 1390 3370 1444 reditus
3395 1393 3591 1462 triplex

2007 1474 2328 1528 occurrebat
2360 1474 2572 1530 modus.
2621 1474 2859 1542 Quorum
2887 1479 3094 1546 primus
3116 1481 3332 1548 quidem
3364 1497 3595 1552 genera-

2008 1563 2132 1618 liter
2154 1565 2206 1617 in
2239 1566 2688 1620 transmutatione
2740 1568 2906 1622 totius
2959 1570 3228 1624 sensibilis
3278 1581 3589 1637 creaturae,

2009 1671 2148 1725 quae
2166 1657 2304 1710 intra
2328 1655 2486 1724 hujus
2512 1660 2695 1714 mundi
2721 1661 2979 1714 ambitum
3006 1662 3332 1729 continetur,
3360 1665 3461 1718 hoc
3483 1675 3592 1730 est,

1937 1733 1986 1792 Β
2012 1747 2254 1801 omnium
2279 1763 2570 1816 corporum
2600 1765 2692 1804 seu
2734 1752 2982 1805 sensibus
3019 1755 3298 1822 corporeis
3349 1771 3599 1810 succum-

2009 1836 2276 1901 bentium,
2303 1853 2398 1892 seu
2446 1853 2540 1894 eos
2587 1855 2716 1908 prae
2749 1841 2912 1895 nimia
2942 1843 3024 1895 sui
3059 1844 3356 1897 subtilitate
3390 1844 3598 1915 fugien-

2010 1927 2166 1994 tium,
2198 1929 2634 1994 considerantur,
2658 1931 2732 1984 ita
2773 1942 2832 1984 ut
2858 1932 3064 1985 nullum
3104 1948 3299 2002 corpus
3339 1934 3410 1988 sit
3454 1936 3598 1990 intra

2010 2027 2214 2073 textum
2239 2034 2530 2088 corporeae
2560 2029 2806 2085 naturae,
2846 2022 2960 2075 sive
3006 2021 3154 2075 vitali
3201 2031 3350 2076 motu
3397 2023 3600 2078 solum-

2009 2108 2191 2173 modo,
2219 2123 2316 2164 seu
2362 2109 2572 2163 occulte
2619 2125 2712 2163 seu
2758 2119 2943 2178 aperte
2973 2119 3300 2180 vegetatnm,
3333 2126 3426 2165 seu
3457 2112 3597 2166 irra-

2011 2201 2254 2256 tionabili
2276 2201 2453 2255 anima
2483 2217 2851 2271 corporeoque
2882 2217 3041 2256 sensu
3071 2203 3456 2272 pollens,quod
3483 2218 3590 2258 non

2012 2295 2065 2350 in
2091 2312 2217 2352 suas
2238 2312 2432 2352 causas
2475 2297 2715 2351 occultas
2740 2305 3055 2350 revertatur.
3081 2296 3158 2348 Ad
3197 2297 3422 2350 nihilum
3449 2297 3592 2350 enim

2011 2388 2282 2457 redigetur
2310 2389 2362 2441 in
2397 2387 2500 2451 his,
2541 2402 2680 2455 quae
2731 2386 3160 2440 sulistautiaiiter
3208 2401 3237 2438 a
3289 2401 3448 2439 causa
3483 2400 3597 2439 om-

2012 2475 2172 2530 nium
2189 2477 2476 2532 substituta
2503 2485 2646 2531 sunt.
2683 2475 2963 2529 Secundus
2989 2491 3116 2529 vero
3140 2476 3328 2530 modus
3354 2475 3602 2545 specula-

2014 2568 2174 2622 tiouis
2199 2583 2329 2622 suae
2354 2567 2534 2621 sedem
2575 2567 2782 2620 obtinet
2825 2566 2876 2620 in
2927 2567 3102 2620 reditu
3158 2567 3396 2637 generali
3442 2568 3602 2622 totius

2014 2656 2284 2710 humanae
2315 2665 2558 2717 naturae,
2586 2656 2639 2710 in
2684 2655 2899 2710 Christo
2943 2657 3198 2719 salvatae,
3235 2658 3285 2710 in
3313 2657 3602 2726 pristinum

2015 2760 2146 2799 suae
2189 2745 2514 2800 conditionis
2559 2755 2756 2800 statum
2795 2762 2858 2798 ac
2899 2747 3061 2800 veluti
3085 2748 3349 2815 quendam
3383 2749 3596 2816 paradi-

2015 2853 2152 2896 sum,
2179 2839 2230 2892 in
2253 2838 2466 2892 divinae
2495 2838 2743 2907 imaginis
2779 2839 3111 2905 dignitatem,
3172 2839 3365 2892 merito
3415 2840 3595 2899 unius,

2014 2927 2169 2997 cujus
2189 2929 2409 2999 sanguis
2427 2929 2786 2984 communiter
2814 2943 2913 2997 pro
2938 2929 3113 2986 salute
3143 2930 3308 2983 totius
3353 2929 3602 2983 humani-

2017 3022 2144 3074 tatis
2169 3019 2318 3075 fusus
2345 3027 2447 3084 est,
2475 3020 2545 3074 ita
2569 3028 2630 3072 ut
2657 3033 2816 3072 nemo
2845 3018 3122 3072 hominum
3154 3019 3488 3073 naturalibus
3512 3020 3602 3074 bo-

2017 3111 2120 3173 nis,
2150 3111 2202 3164 in
2232 3111 2426 3178 quibus
2450 3110 2700 3163 conditus
2723 3116 2824 3170 est,
2863 3108 3120 3177 privetur,
3154 3109 3268 3163 sive
3305 3108 3595 3170 bene.sive

2017 3200 2156 3254 male
2183 3199 2235 3254 in
2268 3200 2366 3254 hac
2390 3199 2495 3252 vita
2539 3197 2752 3252 vixerit.
2781 3199 2861 3251 Ac
2887 3197 2966 3251 sic
2993 3197 3211 3252 divinae
3253 3197 3512 3252 bonitatis
3539 3205 3596 3252 et

2016 3289 2282 3361 largitatis
2313 3289 2596 3344 inell'ahilis
2623 3298 2679 3343 et
2705 3286 3268 3358 incomprehensibilis
3299 3286 3514 3343 diﬁ'usio
3547 3287 3605 3343 in

2020 3396 2235 3434 omnem
2286 3380 2575 3433 humanam
2608 3388 2858 3433 naturam
2892 3379 3192 3448 apparebit,
3225 3379 3350 3432 dum
3384 3379 3436 3433 in
3461 3378 3609 3434 nullo

2020 3473 2257 3542 punitur,
2295 3472 2436 3540 quod
2467 3487 2496 3525 a
2525 3487 2740 3525 summo
2771 3471 2912 3526 bono
2949 3480 3152 3525 manat.
3183 3471 3400 3527 Tertius
3425 3472 3489 3527 de
3518 3487 3608 3526 re-

2017 3565 2129 3620 ditu
2160 3565 2399 3618 theoriae
2427 3565 2615 3618 modus
2639 3574 2886 3618 versatur
2915 3564 2968 3618 in
3003 3564 3108 3628 his,
3136 3565 3229 3634 qui
3280 3579 3385 3618 non
3432 3564 3604 3619 solum

2020 3657 2072 3710 in
2105 3656 2487 3710 sublimitatem
2519 3663 2744 3708 naturae
2773 3653 2824 3707 in
2859 3654 2924 3709 iis
2958 3653 3283 3708 substitutae
3307 3654 3605 3716 asceasuri,

2019 3761 2203 3799 verum
2233 3745 2394 3798 etiam
2421 3758 2518 3812 per
2539 3743 2922 3797 abundantiam
2959 3742 3173 3796 divinae
3204 3743 3431 3812 gratiae,
3463 3757 3603 3812 quae

2020 3851 2116 3904 per
2141 3834 2415 3888 Christum
2459 3842 2514 3886 et
2543 3834 2596 3886 in
2641 3832 2858 3888 Christo
2879 3833 3065 3886 electis
3095 3832 3208 3886 suis
3233 3833 3495 3894 tradetur,
3519 3848 3604 3887 su-

2020 3939 2116 3992 pra
2146 3939 2334 3977 omnes
2357 3932 2578 3975 naturae
2613 3923 2758 3992 leges
2783 3937 2845 3976 ae
2877 3921 3140 3975 terminos
3166 3921 3591 3989 superessentia-

2022 4013 2146 4067 liter
2174 4013 2226 4066 in
2266 4012 2437 4081 ipsqu
2486 4013 2652 4066 Deum
2712 4011 2988 4065 transituri
3046 4019 3195 4074 sunt,
3230 4022 3504 4078 unumque
3541 4007 3600 4063 in

2023 4106 2140 4173 ipso
2160 4113 2356 4159 etcum
2382 4104 2496 4173 ipso
2526 4103 2710 4157 futuri.
2737 4102 2979 4169 Quorum
3009 4102 3248 4156 recursio
3276 4099 3438 4154 veluti
3482 4106 3605 4168 post

2021 4196 2281 4264 quosdam
2322 4195 2521 4264 gradus
2543 4202 2748 4264 septem
2783 4193 3131 4248 discernitur.
3164 4189 3242 4245 Ac
3270 4190 3477 4260 primus
3505 4189 3611 4244 erit

2024 4283 2250 4339 mutatio
2281 4283 2477 4338 terreni
2497 4281 2742 4352 corporis
2764 4281 2816 4336 in
2841 4289 3043 4335 motum
3066 4278 3304 4341 vitalem,
3338 4276 3607 4332 secundus

2023 4375 2209 4430 vitalis
2249 4381 2426 4428 motus
2465 4373 2517 4426 in
2550 4370 3008 4452 sensum,tertius
3029 4383 3221 4423 sensus
3239 4368 3290 4422 in
3320 4367 3607 4432 rationem,

311 4461 584 4523 beanlur.
621 4474 803 4513 veram
844 4477 908 4514 ac
938 4461 1207 4530 propriam
1231 4477 1296 4514 ex
1335 4461 1515 4514 causis
1557 4460 1915 4529 primordiali-
1945 4451 1992 4508 1)
2019 4466 2216 4522 dehinc
2240 4465 2465 4520 rationis
2490 4465 2543 4518 in
2576 4451 2816 4517 animum
2845 4479 2856 4514 :
2891 4461 2944 4516 in
2972 4476 3080 4531 quo
3107 4461 3230 4516 linis
3253 4461 3419 4516 totius
3441 4459 3609 4515 ratio-

311 4550 428 4604 hus
479 4549 805 4618 impertitam
835 4549 1003 4605 fuisse
1045 4549 1423 4615 substantiam,
1480 4565 1617 4618 quae
1643 4550 1756 4619 ipsa
1785 4551 1912 4605 sub-

314 4642 551 4703 stantia,
585 4641 742 4696 rebus
769 4642 824 4696 in
851 4658 1042 4696 causas
1065 4658 1190 4697 suas
1228 4641 1641 4706 revertentibus,
1665 4641 1811 4696 salva
1836 4651 1914 4696 at-

315 4748 435 4802 que
464 4733 773 4802 incorrupta
808 4749 1026 4787 manere
1047 4734 1274 4787 dicatur.
1299 4732 1370 4786 At
1395 4733 1680 4802 praecipue
1707 4732 1915 4788 iulibro

313 4825 543 4894 quinto,
589 4840 694 4892 quo
730 4825 797 4878 de
834 4841 1012 4878 rerum
1062 4825 1304 4880 omnium
1365 4825 1537 4878 redittt
1588 4825 1914 4893 disputatur,

313 4913 502 4968 altera
531 4912 620 4965 illa
652 4913 942 4977 sententia,
969 4929 1130 4982 quam
1159 4929 1321 4982 supra
1361 4913 1474 4983 jam
1529 4913 1917 4982 explicavimus

311 5006 421 5078 (cf.
463 5003 494 5074 ᾗ
527 5004 640 5070 36),
666 5006 888 5059 uberius
918 5015 998 5060 est
1029 5006 1289 5073 exposita.
1319 5005 1502 5073 Itaque
1551 5005 1684 5058 haec
1729 5005 1921 5059 docen-

313 5107 437 5152 tur.
472 5096 648 5162 Quum
679 5112 785 5151 non
821 5098 966 5164 ipsae
997 5113 1173 5150 rerum
1201 5097 1537 5151 substantiae
1570 5112 1634 5150 ex
1665 5096 1843 5150 causis
1867 5097 1916 5149 in

283 5189 480 5244 .hunc
511 5190 770 5242 mundum
804 5187 1106 5258 ﬁngendum
1162 5187 1532 5258 proﬂuxerint,
1563 5189 1656 5242 sed
1688 5204 1754 5242 ex
1791 5188 1921 5242 sub-

313 5279 684 5341 stantiarum,
715 5294 854 5348 quae
877 5279 928 5332 in
953 5279 1131 5333 causis
1157 5291 1552 5343 remanserunt,
1591 5297 1608 5328 ι
1644 5278 1921 5348 qualitati-

313 5370 435 5425 bus
472 5387 490 5418 ι
518 5370 608 5422 hic
659 5370 892 5422 mundus
923 5368 1217 5424 fabricatus
1260 5383 1420 5440 atque
1458 5379 1770 5438 compactus
1823 5370 1924 5434 sit,

320 5479 344 5513 ε
395 5463 517 5530 ipse
547 5461 754 5514 reditus
789 5477 892 5515 non
921 5471 1005 5515 est
1024 5462 1470 5525 substantiarum,
1497 5476 1636 5530 quae
1669 5463 1923 5517 immuta-

313 5552 518 5609 biliter
539 5559 598 5606 et
629 5553 987 5608 insolabiliter
1015 5554 1066 5608 in
1092 5569 1149 5608 se
1178 5564 1519 5622 permanent,
1559 5555 1652 5608 sed
1700 5555 1928 5624 qualita-

316 5654 451 5698 tum
484 5653 539 5698 et
579 5632 938 5714 quantitatum
990 5645 1323 5714 aliorumque
1371 5646 1751 5711 accidentium,
1791 5663 1927 5716 quae

2019 4559 2156 4615 nalis
2181 4565 2464 4613 creaturae
2493 4555 2862 4611 constituitur.
2899 4554 3028 4610 Post
3075 4555 3214 4609 hanc
3245 4553 3410 4609 veluti
3441 4553 3604 4622 quin-

2019 4665 2127 4721 que
2155 4649 2388 4720 partium
2418 4657 2636 4702 nostrae
2679 4655 2905 4701 naturae
2935 4645 3344 4710 adunationem,
3369 4643 3611 4714 corporis

2021 4742 2290 4806 videlicet,
2319 4751 2374 4796 et
2399 4741 2576 4797 vitalis
2611 4751 2813 4806 motus,
2867 4754 3187 4809 sensusque,
3246 4738 3608 4806 rationisque,

2025 4833 2453 4902 intellectusque,
2515 4831 2590 4885 ita
2628 4838 2686 4885 ut
2715 4845 2818 4884 non
2847 4831 3107 4900 quinque,
3139 4828 3234 4884 sed
3278 4843 3442 4881 unum
3477 4827 3609 4890 sint,

2026 4924 2374 4979 inferioribus
2428 4937 2646 4991 semper
2693 4937 2723 4976 a
2767 4921 3140 4992 superioribus
3196 4916 3608 4980 consummatis,

2022 5031 2128 5070 non
2159 5024 2216 5069 ut
2238 5030 2341 5068 non
2368 5014 2496 5079 sint,
2525 5014 2617 5068 sed
2642 5021 2702 5067 ut
2722 5028 2889 5067 unum
2916 5013 3045 5077 sint,
3068 5019 3362 5080 sequentur
3388 5008 3480 5063 alii
3499 5018 3608 5061 tres

2024 5106 2357 5162 ascensionis
2378 5106 2597 5177 gradus,
2630 5118 2860 5174 quorum
2891 5110 3124 5158 unusest
3154 5101 3411 5155 transitus
3439 5096 3607 5150 animi

2022 5197 2076 5251 in
2109 5195 2387 5250 scientiam
2410 5195 2673 5258 omnium,
2700 5209 2841 5263 quae
2876 5201 2996 5264 post
3029 5194 3196 5247 Deum
3228 5177 3386 5253 sunt,
3417 5202 3609 5242 secun-

2029 5287 2128 5341 dus
2157 5285 2417 5340 scientiae
2445 5284 2497 5338 iu
2527 5286 2868 5355 sapientiam,
2897 5285 3000 5340 hoc
3051 5293 3155 5347 est,
3200 5278 3610 5348 contemplatio-

2029 5394 2153 5434 nem
2190 5379 2432 5432 intimam
2456 5377 2724 5443 veritatis,
2755 5386 3019 5447 quantum
3053 5382 3331 5429 creaturae
3359 5369 3612 5424 concedi--

2032 5478 2155 5532 tur,
2191 5470 2404 5532 tertius,
2433 5469 2601 5538 quiet
2630 5484 2889 5530 summus,
2946 5461 3445 5536 purgatissimorum
3495 5461 3582 5514 ani
3606 5502 3620 5513 .

2033 5572 2242 5611 tuorum
2273 5556 2324 5610 in
2359 5555 2532 5626 ipsum
2560 5555 2727 5609 Deum
2756 5549 3240 5622 superuaturaliter
3267 5560 3514 5611 occasus,
3548 5558 3610 5598 ac

2035 5646 2194 5701 veluti
2224 5645 2790 5716 incomprehensibilis
2811 5654 2862 5698 et
2893 5637 3274 5698 inaccessibilis
3304 5636 3437 5692 lucis
3465 5645 3608 5691 ιινιιιιη
