4002 6148
322 259 392 317 87
1497 251 1763 312 τιιοιωῖ
1802 252 1922 317 GM

2044 252 2413 315 Ρκιεητεο
3522 254 3594 311 ει

320 371 475 434 brae,
505 366 560 422 in
581 366 778 438 quibus
814 381 1012 424 causae
1039 366 1280 423 omnium
1316 383 1338 420 ι
1375 365 1504 435 (hoc
1515 375 1602 422 est
1620 363 1916 422 electorum
1943 372 1995 431 Α
2021 371 2113 436 sit,
2128 380 2184 425 ut
2206 370 2342 425 haec
2368 367 2708 440 philosophia
2731 383 2796 423 ac
2825 367 3091 439 theologia
3120 368 3232 424 fere
3255 368 3363 424 sint
3388 368 3592 426 insulsa

326 474 422 514 seu
465 478 483 510 ι
516 458 962 531 deiﬁcatorumi)
1001 476 1022 511 ι
1062 456 1489 513 abscondantur.
1536 455 1605 512 Et
1634 464 1763 513 tunc
1802 472 1911 514 nox

326 552 470 607 sicut
489 549 606 606 dies
634 548 1041 613 illuminabitur,
1072 551 1176 605 hoc
1201 557 1285 604 est
1313 548 1681 605 secretissima
1710 559 1913 620 myste-

330 644 410 699 ria
432 644 603 699 beatis
630 653 685 700 et
738 642 1051 697 illuminatis
1082 640 1442 696 intellectihus
1485 639 1744 696 ineffabili
1773 656 1911 711 quo-

329 735 455 790 dam
478 733 636 789 modo
656 733 984 803 aperientur.
1016 731 1168 787 Tunc
1196 731 1509 802 perﬁcietur
1534 729 1795 785 octonarii
1815 746 1914 783 nu-

331 822 467 882 meri
498 821 658 876 veluti
704 820 1131 889 supernaturalis
1155 820 1279 875 cubi
1311 818 1707 890 perfectissima
1735 817 1916 874 solidi-
1958 852 1965 858 -

331 921 435 978 tas,
458 912 509 966 in
539 909 695 981 cujus
727 917 855 980 typo
872 918 1060 964 sextus
1099 909 1344 965 titulatur
1373 909 1639 975 Psalmus,
1676 927 1730 961 «ι
1766 907 1916 964 Psal-

331 1016 453 1056 mus
480 1000 646 1055 David
666 1014 764 1069 per
789 1009 975 1055 octava
999 1017 1077 1053 n.
1094 999 1441 1054 Rcsurrectio
1465 1013 1678 1068 quoque
1704 998 1913 1053 Domini

330 1106 435 1144 non
463 1088 623 1144 aliam
674 1091 744 1145 ob
785 1105 1005 1145 causam
1052 1099 1242 1145 octava
1273 1091 1360 1145 die
1405 1089 1543 1145 facta
1573 1099 1678 1152 est,
1714 1088 1818 1143 nisi
1859 1097 1918 1142 ttt

331 1183 485 1237 beata
517 1181 604 1235 illa
628 1183 759 1245 vita,
786 1196 927 1251 quae
952 1191 1074 1251 post
1097 1183 1457 1251 septenariam
1482 1181 1640 1251 hujus
1655 1181 1796 1235 vitae
1820 1196 1918 1249 per

327 1280 535 1340 septem
562 1271 678 1325 dies
708 1270 1095 1326 revolutionem
1127 1282 1209 1326 est
1231 1271 1410 1326 futura
1433 1280 1553 1342 post
1578 1271 1762 1326 mundi
1790 1285 1919 1328 eon-

327 1360 770 1425 summatiouem,
810 1361 1035 1431 mystice
1078 1361 1496 1431 signiﬁcaretur,
1551 1362 1769 1430 quando
1814 1362 1917 1415 hu-

332 1466 489 1504 mana
539 1458 753 1512 natura,
789 1456 847 1503 ut
899 1450 1287 1519 praediximus,
1314 1450 1368 1504 in
1400 1465 1557 1505 suum
1594 1450 1917 1520 principium

332 1558 428 1611 per
450 1543 782 1597 octonariam
805 1542 1180 1598 ascensionem
1206 1543 1448 1598 reditura
1474 1542 1584 1607 sit;
1613 1541 1919 1612 quinariam

329 1634 550 1703 quidem
587 1633 727 1687 intra
764 1643 990 1689 naturae
1019 1635 1296 1698 terminos,
1336 1634 1630 1690 ternariam
1663 1648 1794 1688 vero
1822 1647 1917 1688 stt-

2011 459 2299 532 quaedam,
2328 458 2903 531 perpetuo,opinionis
2930 472 3119 513 errore
3160 456 3413 524 conﬁcta,
3464 458 3592 515 illud

2012 548 2254 619 profecto
2275 564 2498 606 necesse
2521 548 2642 614 fuit,
2669 549 2838 604 etiam
2863 548 2965 619 ipsi
2997 548 3265 619 Erigenae
3302 549 3598 620 aliquando

2013 641 2066 694 in
2111 648 2348 696 mentem
2398 640 2623 704 venire,
2675 654 2840 710 quam
2886 640 2987 695 sibi
3023 639 3446 696 adversarentur
3484 656 3594 702 non

2012 729 2206 794 solum,
2249 744 2389 800 quae
2417 729 2690 786 communi
2728 731 2973 785 omnium
3016 745 3284 788 consensu
3311 746 3439 786 vera
3470 748 3594 790 esse

2013 821 2397 885 crederentur,
2447 822 2542 876 sed
2593 821 2759 876 etiam
2811 832 2951 891 quae
2998 822 3243 878 doctrina
3287 823 3595 879 Christiana

2015 920 2357 980 proponeret.
2405 910 2518 965 Hoc
2564 920 2770 975 autem,
2819 912 3148 982 simulatque
3191 914 3597 982 animadvertit,

2015 1000 2149 1054 nihil
2184 1000 2459 1069 antiquius
2500 999 2694 1065 habet,
2723 1016 2885 1070 quam
2918 1011 2977 1057 ut
3001 1004 3069 1057 ad
3112 1016 3244 1058 suae
3283 1003 3602 1074 disciplinae

2016 1088 2230 1157 placita,
2255 1104 2609 1158 quaecunque
2633 1089 2732 1159 ipsi
2768 1092 3168 1158 contradicant,
3204 1092 3598 1149 accommodet.

2014 1179 2192 1247 Atque
2241 1179 2428 1234 hacin
2476 1192 2535 1234 re
2564 1180 2702 1233 mira
2754 1170 3002 1249 profecto
3046 1191 3167 1238 arte
3212 1184 3446 1238 excellit.
3477 1183 3603 1240 Per-

2018 1269 2216 1324 multos
2246 1270 2392 1324 enim
2422 1284 2611 1324 sacrae
2638 1269 2952 1340 Seripturae
2987 1271 3167 1338 locos,
3209 1274 3474 1343 permulta
3504 1275 3604 1329 do-

2016 1359 2224 1414 ctrinae
2244 1358 2586 1415 Christianae
2628 1361 2804 1430 capita
2841 1371 2959 1423 tam
2990 1364 3186 1419 misere
3213 1364 3456 1429 vexavit,
3485 1364 3603 1420 dis.

2017 1450 2310 1515 cruciavit,
2365 1465 2428 1504 ea
2477 1451 2826 1522 turpitudinis
2861 1454 3046 1521 specie
3091 1454 3329 1525 polluit,
3363 1462 3459 1518 ut,
3508 1455 3602 1524 qui

2018 1555 2206 1596 eorum
2259 1540 2571 1611 adspeetum
2629 1540 2770 1597 ferre
2823 1544 3016 1614 possit,
3059 1546 3148 1600 vix
3187 1561 3308 1601 esse
3353 1555 3604 1616 putemus

2020 1645 2367 1700 quemquam.
2393 1629 2498 1687 Sed
2525 1632 2660 1687 haec
2681 1633 2965 1690 hactenus.
2997 1635 3171 1703 Quum
3201 1649 3290 1691 res
3320 1636 3465 1706 ipsas
3486 1634 3604 1706 plu-

330 1724 748 1794 pernaturaliter
770 1723 1908 1795 etsuperessentialiterintraipsumDeum,
1942 1723 2168 1784 Brintis
2219 1724 2707 1795 explicaverimus,
2759 1729 2827 1785 de
2887 1730 3050 1786 rebus
3109 1731 3227 1787 istis
3278 1731 3608 1803 paucissima

331 1814 548 1883 quando
586 1814 867 1885 quinarius
891 1823 1173 1869 creaturae
1201 1830 1461 1870 numerus
1482 1813 1726 1869 ternario
1754 1814 1920 1869 Crea-

333 1906 467 1962 toris
491 1906 835 1970 adttnahitur,
861 1906 935 1961 ita
962 1906 1095 1960 utin
1125 1904 1268 1960 nullo
1295 1912 1575 1976 appareat,
1617 1904 1722 1959 nisi
1772 1902 1920 1959 solus

332 1995 497 2059 Deus,
525 1997 974 2064 quemadmodum
1000 1996 1050 2051 in
1079 2012 1206 2051 aere
1238 1997 1531 2068 purissimo
1562 1994 1795 2051 nilaliud
1815 1996 1919 2051 nisi

335 2086 447 2140 sola
478 2085 564 2139 lux
602 2105 649 2139 ι.
691 2086 781 2157 (V,
807 2085 895 2142 59.
921 2115 1006 2157 ,-
1039 2086 1122 2141 Cf.
1156 2085 1221 2150 V,
1254 2087 1306 2142 8.
1340 2087 1429 2142 {6.
1483 2085 1674 2141 20-21.
1715 2084 1808 2140 22.
1851 2084 1924 2140 25

336 2178 466 2249 led.
504 2176 605 2233 0x.
633 2192 686 2247 p.
719 2176 824 2232 254
852 2194 868 2244 ;
909 2177 976 2233 ad
1003 2192 1164 2248 quem
1196 2177 1370 2233 locum
1400 2175 1806 2235 transferendus
1837 2183 1924 2232 est

336 2268 489 2321 locus
516 2266 734 2336 quidam
760 2265 852 2322 lib.
889 2265 982 2331 ιν,
1012 2265 1076 2321 14
1108 2265 1166 2334 (l.
1199 2266 1232 2319 l.
1266 2282 1320 2337 p.
1361 2265 1485 2336 194)
1508 2264 1551 2338 ],
1584 2264 1655 2322 56
1680 2263 1752 2337 [1.
1794 2263 1832 2319 l.
1863 2279 1919 2335 p.

330 2355 570 2411 239-990
590 2355 633 2429 1,
677 2355 748 2411 57
794 2355 948 2430 [1.1.
988 2370 1042 2427 ρ.
1074 2354 1372 2429 293-294],
1413 2355 1483 2413 ss
1517 2356 1581 2429 [ι.
1619 2355 1657 2410 l.
1700 2369 1753 2425 p.
1792 2353 1923 2420 set,

332 2447 642 2520 sas-309].)

406 2540 665 2609 Exposita
693 2540 859 2611 igitur
878 2540 984 2596 hac
1010 2540 1220 2596 ratione
1238 2581 1254 2605 ,
1278 2540 1439 2612 quale
1460 2540 1535 2596 sit
1574 2540 1833 2596 librorum
1855 2537 1926 2594 de

334 2629 601 2685 divisione
630 2628 865 2686 Naturae
885 2639 1282 2702 argumentum,
1312 2645 1476 2701 super
1498 2628 1798 2686 disserendi
1831 2627 1926 2684 de-

336 2720 787 2791 tnonstrandique
814 2720 925 2786 via,
955 2736 1117 2791 quam
1148 2720 1344 2777 Scotus
1386 2728 1573 2776 noster
1601 2720 1655 2774 in
1688 2719 1755 2775 iis
1803 2732 1925 2789 per-

334 2821 555 2868 secutus
572 2820 680 2875 est,
705 2827 871 2882 quum
884 2810 1103 2882 quidem
1121 2810 1381 2882 propositi
1396 2810 1733 2881 quaestionis
1760 2824 1925 2880 argu-

2020 1802 2310 1869 suﬁi‘ciant.

2089 1903 2408 1975 Quicunque
2438 1896 2601 1978 igitur
2621 1907 2764 1963 hanc
2795 1908 3022 1964 alteram
3047 1910 3359 1983 scriptionis
3388 1917 3608 1967 nostrae

2019 2003 2227 2065 partem
2267 1998 2400 2052 satis
2423 2012 2614 2068 magna
2643 2012 2767 2052 cum
2808 1998 3087 2069 diligentia
3122 1998 3533 2062 examinaverit,
3559 1998 3606 2055 is

2021 2092 2167 2139 certe
2214 2084 2283 2140 ad
2329 2086 2589 2156 propositi
2641 2087 2978 2158 quaestionis
3026 2090 3331 2160 argumenti
3383 2089 3545 2145 verba
3587 2105 3604 2145 :

2023 2192 2045 2226 ι
2086 2175 2168 2229 An
2203 2182 2258 2231 et
2288 2183 2555 2247 quatenus
2590 2174 2642 2232 J.
2698 2174 2790 2233 Sc.
2841 2177 3107 2249 Erigenae
3159 2178 3300 2249 liber
3342 2177 3413 2232 de
3466 2178 3606 2232 divi-

2023 2267 2174 2321 sione
2202 2265 2437 2323 Naturae
2464 2277 2665 2322 etcum
2707 2276 2859 2324 recta
2888 2269 3099 2324 ratione
3127 2276 3182 2324 et
3214 2283 3338 2324 cum
3361 2268 3607 2325 doctrina

2020 2354 2327 2411 Christiana
2390 2357 2697 2412 consentiat
2753 2375 2801 2423 ι,
2851 2357 2957 2412 hoc
3003 2357 3435 2427 respondendum
3485 2371 3609 2414 esse

2022 2444 2302 2509 concedet,
2347 2443 2516 2511 illum,
2555 2461 2716 2516 quem
2766 2446 3036 2513 diximus,
3073 2446 3297 2513 librum,
3336 2447 3383 2503 si
3430 2456 3601 2502 totum

2029 2533 2201 2603 ipsius
2229 2544 2629 2605 argumentum,
2659 2544 2825 2591 totam
2855 2536 3026 2608 ipsius
3053 2537 3393 2607 disciplinam
3442 2545 3607 2607 atque

2026 2624 2258 2681 indolem
2287 2625 2567 2698 respicias,
2612 2627 2755 2683 nulla
2796 2643 2864 2684 ex
2890 2638 3046 2699 parte
3069 2637 3163 2683 aut
3194 2643 3318 2684 eum
3342 2637 3489 2684 recta
3524 2642 3610 2681 ra-

2027 2714 2200 2781 tione,
2229 2724 2325 2771 aut
2346 2731 2470 2774 cum
2493 2716 2739 2772 doctrina
2761 2716 3069 2774 Christiana
3085 2717 3416 2780 consentire,
3443 2725 3610 2787 atque

2024 2808 2230 2881 optimo
2252 2808 2377 2878 jure
2407 2808 2476 2863 ab
2502 2806 2741 2864 Honorio
2777 2808 2880 2873 ill,
2913 2807 3177 2865 Pontiﬁce
3226 2807 3465 2863 Maximo
3488 2846 3504 2874 ,
3550 2814 3612 2863 ut

334 2903 500 2958 tuenti
540 2903 705 2959 verbo
742 2902 1160 2974 respexerimus,
1207 2903 1300 2957 vix
1351 2901 1647 2973 quidquam
1693 2900 1928 2972 amplius
2032 2916 2053 2953 ι
2087 2907 2389 2956 scatentem
2432 2898 2709 2955 vermibus
2758 2899 3067 2956 baereticae
3102 2899 3389 2971 pravitatis
3417 2918 3437 2952 ι
3489 2912 3612 2954 esse

333 2992 621 3048 dicendum
651 2992 882 3049 videtur.
918 2991 1073 3049 Hanc
1116 2992 1262 3049 enim
1295 2989 1411 3060 jam
1460 2991 1514 3047 in
1562 2992 1681 3062 ipso
1729 2990 1924 3048 horum
2028 2991 2366 3046 damnatum.
2410 2989 2549 3049 Nam
2577 2999 2939 3062 praterquam
2965 2995 3110 3061 quod
3143 2999 3198 3045 et
3233 2989 3377 3045 aliud
3403 2987 3613 3060 agendo

331 3083 595 3154 librorum
644 3094 964 3158 argumento
1009 3085 1351 3157 explicando,
1391 3094 1653 3157 quantum
1702 3074 1999 3140 necesseC
2028 3089 2087 3136 et
2121 3082 2244 3137 data
2289 3095 2456 3153 opera
2510 3081 2908 3152 apertissimum
2954 3084 3113 3138 docet
3167 3080 3613 3152 pantheismum,

332 3187 439 3242 est,
463 3192 492 3231 a
524 3176 679 3232 nobis
707 3177 1036 3247 patefactam
1055 3192 1178 3233 esse
1209 3178 1563 3232 arbitramur.
1607 3176 1718 3231 Nec
1761 3176 1924 3230 dissi-

335 3268 479 3322 milis
504 3279 587 3324 est
625 3267 695 3331 ei,
738 3283 900 3337 quam
922 3268 977 3322 in
1024 3268 1164 3324 libro
1192 3269 1263 3324 de
1288 3267 1788 3339 praedestinatione
1821 3268 1922 3324 ha-

332 3357 450 3414 beri
473 3358 725 3414 vidimus.
758 3358 1122 3430 Multa,quasi
1160 3375 1257 3431 per
1284 3375 1342 3415 se
1371 3374 1500 3415 vera
1534 3359 1666 3425 sint,
1700 3374 1922 3415 sumun-

337 3455 462 3511 tur;
490 3449 659 3503 multa
679 3449 1112 3515 auctoritatibus,
1125 3450 1414 3520 praecipue
1434 3447 1922 3521 Pseudo-Dionysii

330 3547 393 3593 et
412 3538 894 3607 l’scudo-Maxitni,
930 3540 1215 3596 ﬁrmantur
1250 3559 1263 3596 :
1296 3555 1364 3595 ex
1397 3540 1484 3595 his
1530 3539 1756 3596 subinde
1783 3554 1921 3594 nova

331 3631 624 3699 quaedam,
672 3649 816 3690 nunc
862 3637 997 3692 satis
1044 3636 1336 3701 subtiliter,
1387 3636 1545 3690 modo
1596 3635 1760 3689 etiam
1808 3633 1923 3688 ine-

331 3721 505 3791 ptius,
549 3724 924 3784 ratiocinando
950 3727 1275 3784 efﬁciuntur.
1326 3727 1444 3797 Qua
1475 3744 1537 3783 re
1565 3743 1687 3784 cum
1720 3725 1923 3782 factum

2029 3175 2179 3231 illum
2228 3171 2515 3239 videlicet,
2557 3186 2718 3242 quem
2766 3170 3134 3227 emanativum
3161 3209 3177 3236 ,
3222 3168 3366 3239 quod
3394 3174 3612 3232 vocant,

2029 3275 2267 3339 systema
2296 3263 2584 3334 sequitur,
2627 3262 2793 3318 etiam
2833 3263 2939 3319 hoe
2986 3260 3295 3325 commisit,
3329 3269 3389 3313 ut
3431 3258 3615 3330 plures

2028 3358 2357 3426 easdemque
2388 3353 2739 3425 gravissimas
2763 3354 3044 3409 doctrinae
3067 3351 3405 3408 Christianae
3432 3358 3617 3421 partes

2027 3450 2096 3506 ad
2137 3448 2464 3520 pantheismi
2508 3447 2668 3504 istius
2697 3447 2913 3503 decreta
2944 3432 3253 3501 miserrime
3284 3445 3615 3515 depravare-

2028 3543 2120 3607 rit,
2170 3550 2225 3598 et
2257 3556 2323 3597 eo
2369 3556 2543 3612 usque
2592 3538 2946 3604 mutilaverit,
2979 3548 3040 3593 ut
3091 3552 3160 3594 ne
3212 3537 3356 3592 vitae
3395 3534 3613 3605 quidem

2028 3635 2148 3691 usui
2190 3648 2421 3691 matrima
2454 3633 2580 3688 inde
2605 3633 2800 3689 damna
2820 3673 2836 3697 ,
2865 3646 2970 3687 non
3019 3629 3325 3687 redundare
3352 3642 3458 3684 non
3487 3639 3614 3698 post

2029 3726 2160 3782 sint.

1054 4020 1602 4136 THOMZE
1686 4021 2105 4137 GALEI
2189 4020 2941 4136 PRZEFATIO

1560 4252 1896 4311 numerus,
1942 4255 2049 4301 cur
2091 4254 2354 4300 munus
2385 4258 2402 4298 :

348 4396 702 4482 Ioazers
726 4398 975 4482 δεον]
996 4399 1441 4465 ERIGENAE
1482 4402 1599 4482 DEf
1621 4398 2039 4482 ptvtsthE
2074 4401 2456 4482 NATIJRAE
2483 4400 2635 4482 libri
2668 4401 2935 4482 quinque
2969 4402 3082 4465 diu
3111 4402 3466 4482 desiderati.
3501 4404 3615 4462 Ae-

420 4475 580 4536 cedt‘t
617 4478 953 4616 Αρῦηηάίω
983 4497 1061 4540 ea:
1098 4483 1413 4544 AtttntGUts
1448 4483 1514 4544 S.
1566 4479 1839 4541 Maximi
1866 4478 2096 4540 Graece
2130 4487 2183 4539 ει
2222 4479 2464 4555 Latine,
2500 4475 2763 4553 Oxorit'i,
2793 4475 3095 4543 e'tlteatro
3130 4479 3613 4548 Scheldoniano.

422 4571 587 4614 anno
623 4555 682 4615 M
747 4556 1086 4616 CLXXXI.

422 4571 587 4614 anno
623 4555 682 4615 M
692 4555 1086 4621 DCLXXXI.

420 4717 578 4790 (Pag.
605 4721 710 4789 tu.)
738 4719 822 4776 Ad
869 4721 1158 4792 sopiendas
1192 4726 1614 4790 controversias,
1665 4742 1806 4797 quae
1855 4727 1924 4783 de
1953 4725 2378 4800 Dprol‘erebant
2414 4725 2616 4797 judicia
2665 4725 2894 4782 istorum
2945 4732 3249 4795 temporum
3289 4722 3392 4779 viri
3439 4720 3619 4779 eccle-

335 4807 556 4868 Joanne
592 4811 826 4883 Erigena
872 4813 1097 4892 ejusque
1147 4815 1365 4887 scriptis
1392 4826 1618 4873 exortae
1663 4826 1790 4880 sunt
1846 4833 1933 4874 se-

345 4901 492 4958 culis
516 4904 828 4972 praeteritis
845 4947 861 4970 ,
888 4907 1347 4963 consultissimum
1394 4908 1529 4964 viris
1554 4910 1727 4966 doctis
1752 4909 1930 4966 visum

344 5002 579 5058 est,eos
609 4996 754 5065 ipsos
797 4998 984 5065 libros,
1029 4999 1096 5055 de
1135 5001 1331 5071 quibus
1356 5002 1823 5065 contendebatur,
1875 5002 1930 5058 in

345 5085 528 5145 ducent
568 5088 729 5145 edere
769 5106 783 5143 :
817 5090 889 5146 ita
932 5092 1188 5157 demum,
1240 5094 1395 5164 quasi
1435 5095 1630 5150 tabulis
1678 5094 1925 5165 prolatis,

347 5179 661 5237 liberiorem
700 5183 874 5241 cuivis
922 5194 980 5240 et
1026 5186 1427 5256 expeditiorem
1468 5186 1749 5257 judicandi
1813 5186 1931 5241 fore

350 5270 683 5330 facultatem.

429 5362 663 5435 Scripsit
687 5365 939 5438 Erigena,
957 5378 1145 5441 rogatu
1177 5368 1454 5426 Hinemari
1489 5380 1547 5425 et
1573 5371 1787 5427 Parduli
1813 5371 1928 5443 (qui

349 5464 489 5511 tunc
517 5456 572 5511 in
618 5456 808 5515 Galliis
853 5460 1080 5518 multum
1129 5460 1545 5517 celebrabantur
1574 5461 1643 5517 ob
1674 5463 1929 5516 eruditio-

350 5561 484 5602 nem
539 5557 594 5603 et
646 5552 987 5611 sanctitatem
1007 5554 1048 5624 ),
1104 5554 1362 5610 adversus
1417 5554 1829 5610 Gotescltalcum
1867 5556 1931 5607 de

354 5634 845 5712 fraedcstinatiouc
867 5644 1081 5700 librum.
1103 5644 1259 5701 Varia
1290 5644 1578 5700 atlmmittttt
1612 5645 1678 5700 de
1708 5662 1769 5697 eo
1799 5644 1932 5697 lii-ro

2034 4822 2256 4879 siastici.
2291 4819 2392 4888 Qui
2424 4820 2584 4891 paulo
2609 4820 2825 4876 acutius
2868 4818 2936 4874 de
2983 4818 3088 4874 hac
3131 4832 3190 4871 re
3217 4817 3465 4888 judicare
3511 4816 3613 4873 sibi

2034 4912 2304 4977 videntur,
2338 4912 2541 4976 dicunt,
2573 4910 2722 4967 Sco‘ti
2750 4909 3093 4966 adversarios
3127 4922 3231 4962 non
3279 4923 3403 4963 eum
3446 4922 3616 4978 oppu-

2036 5016 2259 5074 gnasse,
2291 5002 2383 5057 sed
2428 5001 2776 5057 Hinemarum
2827 5017 2923 5072 per
2949 5000 3067 5070 ejus
3113 4999 3282 5054 latera
3336 4999 3611 5070 petivisse.

2035 5091 2227 5163 Coepit
2255 5107 2390 5163 opus
2429 5091 2558 5145 illud
2594 5092 2734 5163 apud
2764 5106 2968 5162 paucos
3000 5104 3349 5161 comparere;
3384 5089 3493 5144 imo
3518 5102 3619 5159 per

2034 5183 2404 5239 novemdecim
2466 5192 2674 5237 tantum
2727 5181 2960 5253 capitula
3008 5182 3287 5253 aliquanto
3336 5192 3612 5250 tempore,

2033 5288 2171 5342 quae
2206 5272 2406 5327 inimici
2456 5281 2881 5342 excerpserant,
2917 5270 3428 5328 circumferebatur.
3474 5268 3617 5326 Fere

2035 5368 2125 5427 lit,
2174 5371 2234 5418 ut
2272 5362 2325 5417 in
2357 5363 2518 5418 rebus
2559 5363 2809 5419 obscuris
2847 5361 2997 5433 plura
3037 5362 3183 5418 veris
3234 5361 3610 5432 imaginemur.

2031 5455 2335 5524 Coeperunt
2356 5452 2521 5531 igitur
2552 5453 2703 5507 multi
2726 5452 3012 5523 suspicari,
3044 5451 3172 5508 dolo
3205 5450 3347 5531 malo
3376 5450 3463 5522 agi
3489 5465 3614 5505 eum

2034 5546 2297 5616 Erigcna;
2348 5543 2485 5600 ﬁctis
2528 5544 2881 5609 criminibus,
2928 5553 2983 5600 et
3011 5542 3144 5598 falsa
3193 5542 3392 5598 invidia
3442 5540 3615 5597 homi-

2038 5655 2155 5692 nrzn
2218 5651 2533 5706 oppressum
2593 5634 2758 5689 fuisse
2821 5636 3209 5704 querebantur.
3268 5631 3389 5687 'Nec
3451 5629 3612 5685 ﬁnem
