3952 6152
350 300 424 359 ss
967 283 970 285 Α
1381 305 1445 359 IN
1487 305 1745 362 mantnt
1789 305 1875 360 on
1916 303 2255 361 DIVISIONE
2291 303 2620 366 sares/I5.
3553 322 3622 373 go

351 412 608 486 querelae
651 414 790 471 istae
823 415 976 486 prius
1023 413 1306 472 habiturae
1357 417 1680 472 videbantur
1703 458 1718 481 ,
1770 430 1932 487 quam
1962 417 2011 475 Α
2040 418 2274 473 nondum
2299 419 2432 476 satis
2456 421 2588 476 mihi
2617 421 2802 492 liquet.
2835 422 2995 478 Certe
3017 422 3289 480 afﬁrmant
3321 435 3488 485 testes
3516 431 3621 486 fide

353 507 624 577 integrum
670 521 805 578 opus
846 505 1108 578 prodiret.
1141 507 1319 579 Atque
1371 509 1501 564 illud
1550 509 1765 564 tandem
1811 508 1940 563 emi-

347 605 543 654 serunt
583 596 654 662 ii,
679 597 771 667 qui
799 595 1056 654 libentius
1087 599 1335 654 tenebris
1363 600 1730 654 damnassent.

419 689 570 745 Idem
588 686 827 744 Joannes
860 689 1094 759 Erigena
1125 692 1428 762 composuit
1457 707 1592 761 Opus
1633 693 1699 746 de
1732 690 1941 746 Eucha-

345 780 525 844 ristia,
545 777 698 846 jussu
741 778 920 834 Caroli
949 780 1116 834 Calvi.
1170 781 1438 836 Continuo
1470 783 1536 838 de
1577 783 1679 837 hoc
1728 797 1941 854 quoque

345 871 556 940 scripto
603 870 656 923 in
688 879 874 939 partes
906 870 1040 924 itum
1082 881 1185 926 est.
1234 872 1366 927 Post
1393 889 1567 928 annos
1595 874 1858 929 ducentos
1878 874 1941 928 li-

343 961 449 1015 ber
478 960 628 1014 Scoti
663 960 966 1016 infelicibus
994 961 1153 1032 lignis
1182 964 1470 1018 ustulatur.
1505 964 1733 1032 Quaeris
1776 982 1937 1036 quam

341 1053 415 1106 ob
445 1052 598 1106 rem?
636 1049 1344 1115 VincentiusBelluacensis
1391 1055 1444 1108 in
1478 1055 1698 1124 speculo
1741 1057 1939 1111 doctri-

342 1144 458 1198 nali
507 1145 820 1213 respondet,
868 1146 1123 1214 quoniam
1179 1146 1536 1217 Bereugarius
1583 1146 1801 1202 Scotum
1851 1149 1938 1203 ni-

342 1234 516 1287 mium
546 1233 847 1286 admiratus
867 1241 1029 1286 esset.
1053 1232 1264 1288 Punitis
1289 1235 1521 1305 ingeniis
1545 1234 1724 1306 gliscit
1747 1246 1936 1291 aucto-

339 1325 480 1380 ritas
516 1343 528 1378 :
561 1326 831 1380 exstincto
877 1326 981 1381 isto
1019 1325 1176 1392 libro,
1230 1329 1404 1399 magis
1446 1330 1724 1400 magisque
1760 1331 1826 1384 de
1872 1345 1937 1385 eo

339 1415 570 1470 dissidia
598 1423 926 1480 creverunt;
952 1432 1048 1485 per
1067 1417 1247 1472 secula
1275 1416 1389 1472 fere
1417 1434 1629 1480 novem,
1666 1419 1934 1490 suspicio-

339 1506 506 1560 nibus
536 1514 592 1559 et
636 1505 885 1560 obscuris
937 1506 1219 1576 dubiisque
1270 1505 1598 1576 coniecturis
1629 1523 1780 1563 serra
1833 1509 1937 1564 ista

339 1593 601 1648 trahitur.
634 1593 774 1647 Exiit
815 1595 1032 1648 tandem
1073 1594 1208 1649 liber
1245 1596 1368 1661 ille,
1403 1598 1503 1651 sub
1531 1596 1812 1653 Ratramni
1838 1613 1936 1654 no-

333 1683 521 1746 mine,
554 1693 615 1737 ut
644 1682 810 1752 aliqui
843 1681 1199 1738 contendunt.
1233 1684 1371 1752 Quid
1413 1695 1525 1740 tum
1566 1687 1794 1756 postea?

489 1807 777 1922 ξίῗιηζεηιί
803 1824 1035 1872 posuere,
1057 1814 1311 1876 omnisque
1330 1819 1541 1877 repente
1557 1816 1748 1867 resedit

328 1973 527 2046 Neque
571 1975 718 2029 enim
753 1986 862 2029 tam
912 1989 1091 2041 sacer,
1118 1984 1212 2030 aut
1261 1975 1538 2033 horribilis
1576 1977 1679 2033 iste
1723 1977 1935 2034 libellus

328 2081 462 2122 esse
512 2066 974 2136 deprehenditur,
1036 2067 1196 2124 modo
1241 2069 1382 2124 absit
1437 2069 1707 2140 malignus
1759 2071 1932 2124 inter-

327 2171 483 2227 pres.
535 2155 614 2211 lta
663 2172 769 2212 non
808 2158 1096 2224 maximas,
1125 2173 1266 2228 quae
1301 2160 1572 2216 maximae
1600 2169 1725 2216 sunt
1766 2161 1934 2216 inter-

329 2252 467 2307 dum
500 2253 640 2317 irae,
673 2251 900 2320 injurias
925 2245 1153 2308 faciunt.

417 2340 595 2414 (Pag.
649 2345 762 2414 tv.)
807 2341 908 2398 Diu
957 2343 1291 2416 multumque
1329 2344 1554 2401 litterati
1607 2344 1712 2400 viri
1764 2359 1930 2414 quae-

328 2435 601 2500 siverunt,
649 2435 738 2491 ubi
796 2436 1041 2508 gentium
1098 2437 1332 2493 laterent
1380 2438 1505 2495 libri
1558 2442 1681 2516 πιρι
1729 2442 1931 2514 φύσεων

327 2534 618 2600 perpauper»,
669 2543 806 2598 quos
847 2527 1087 2584 Joannes
1141 2529 1282 2586 idem
1320 2532 1694 2602 composuisse
1756 2533 1931 2604 perhi-

325 2616 519 2673 betur.
550 2617 710 2674 Certe
751 2619 1024 2676 Historiae
1070 2620 1406 2693 Anglicanae
1453 2625 1748 2695 scriptores
1799 2624 1930 2681 illud

326 2722 478 2778 opus
500 2707 700 2779 insigni
722 2707 881 2766 laude
913 2711 1258 2780 extulerant,
1285 2722 1342 2769 et
1380 2715 1764 2785 praedicarant
1805 2731 1933 2785 pro-

323 2808 452 2870 pter
493 2799 886 2868 perplexitatem
925 2804 1276 2873 quarumdam
1318 2806 1682 2876 quaestionum
1730 2805 1930 2860 solven-

324 2887 465 2941 dam
506 2887 632 2942 bene
661 2887 863 2944 utilem.
898 2888 997 2946 Cui
1041 2890 1180 2948 haec
1209 2892 1435 2948 salivam
1465 2910 1570 2949 non
1619 2893 1932 2950 moverint?

323 2974 474 3044 Quis
500 2991 605 3032 non
631 2979 944 3034 accenditur
973 2980 1246 3038 desiderio
1275 2984 1490 3039 videndi
1513 2983 1741 3041 Joannis
1761 2984 1928 3052 illius,

325 3066 472 3136 qui,
509 3075 568 3122 ut
603 3065 784 3124 Helias
825 3069 967 3140 apud
1020 3069 1293 3138 Judaeos,
1350 3075 1436 3130 vel
1487 3074 1736 3145 Agapius
1783 3074 1926 3146 apud

1959 1769 2008 1829 B

2045 512 2216 582 digni,
2247 512 2464 568 Florum
2491 514 2590 569 bos
2613 513 2780 570 libros
2805 515 3144 584 depravasse,
3175 525 3228 570 ut
3258 516 3471 576 facilius
3499 536 3624 590 pos-

2043 613 2127 660 set
2162 605 2460 660 confutare.
2490 605 2620 661 lllud
2645 622 2808 660 unum
2846 607 2980 672 scio,
3004 607 3135 662 nihil
3165 608 3454 678 quicquam
3483 628 3514 665 a
3538 628 3625 668 me

2043 695 2280 750 scienter
2305 705 2360 750 et
2382 695 2678 764 prudenter
2701 695 2870 750 fuisse
2892 705 3182 762 mutatmn,
3204 698 3452 767 ineptias,
3495 699 3626 755 Sco-

2043 787 2174 840 ticas
2224 785 2422 855 pultes,
2472 785 2816 840 nubilationes
2844 828 2858 851 ,
2902 803 3145 853 errores,
3201 787 3382 859 lapsus
3434 807 3627 848 omnes

2041 879 2219 934 omnis
2261 879 2512 948 generis,
2551 893 2688 948 quos
2727 879 2947 945 inveni,
2995 879 3222 950 reliqui;
3259 897 3366 936 non
3413 883 3481 937 ad
3519 884 3623 938 ho-

2041 968 2202 1024 minis
2247 968 2566 1033 infamiam,
2618 969 2714 1022 sed
2759 968 2829 1022 ad
2875 984 3052 1024 meam
3101 970 3265 1024 fidem
3303 981 3624 1026 contestan-

2040 1059 2185 1115 dam.

2111 1152 2189 1206 De
2215 1166 2378 1223 opere
2407 1151 2625 1206 interim
2668 1150 2772 1206 isto
2800 1166 2907 1206 non
2951 1151 3288 1221 interponam
3329 1153 3625 1207 auctorita-

2039 1254 2147 1299 tem
2177 1259 2371 1308 meam,
2398 1258 2537 1313 quae
2565 1242 2726 1312 plane
2752 1243 2895 1297 nulla
2939 1257 3059 1298 esse
3087 1244 3279 1307 debet;
3315 1242 3542 1296 liberum
3566 1249 3624 1298 et

2038 1333 2308 1403 integrum
2340 1333 2459 1386 volo
2500 1349 2624 1389 esse
2670 1333 2960 1403 legentium
3000 1333 3285 1402 judicium.
3318 1331 3449 1386 Cum
3487 1333 3622 1387 haec

2037 1425 2299 1480 scriberet
2328 1424 2591 1492 Erigena,
2636 1425 2702 1478 de
2743 1423 2966 1478 Graecis
2999 1438 3104 1476 non
3147 1423 3439 1476 admodum
3485 1423 3624 1476 ami-

2036 1513 2286 1570 cabiliter
2313 1514 2619 1568 sentiebant
2646 1513 2844 1567 Latini.
2883 1511 3108 1566 Photius
3134 1513 3443 1566 cathedram
3483 1512 3622 1566 Coa-

2036 1605 2572 1676 stautinopolitanam
2628 1607 2861 1659 tenebat.
2915 1604 3168 1659 Nicolaus
3228 1604 3267 1660 Ι.
3322 1606 3623 1676 cncyclicas

2036 1699 2104 1752 ad
2165 1696 2349 1751 Gallos
2406 1696 2734 1764 scripserat,
2786 1696 2854 1748 ad
2912 1694 3240 1750 refellendos
3284 1694 3616 1750 Graecorum

2035 1804 2269 1844 errores.
2304 1782 2502 1842 Nocuit
2527 1787 2698 1840 aliena
2724 1787 2922 1841 invidia
2942 1785 3136 1841 Joanui
3161 1796 3370 1852 nostro,
3397 1789 3622 1857 ideoque

2036 1877 2209 1933 malas
2239 1892 2447 1932 merces
2472 1876 2764 1931 obtrudere
2784 1876 3140 1941 credebatur,
3169 1878 3424 1946 quoniam
3455 1877 3622 1932 Grae-

2036 1986 2130 2028 cos
2156 1985 2285 2025 suos
2303 1969 2532 2025 subinde
2555 1969 2832 2038 crepabat.
2861 1968 3151 2026 Enimvero
3178 1970 3227 2024 si
3259 1966 3485 2023 Patrum
3504 1987 3620 2024 δεηο

2036 2062 2218 2117 tentiis
2249 2061 2323 2115 ita
2349 2070 2554 2126 utatur,
2573 2075 2636 2115 ac
2660 2061 2760 2129 ipsi
2778 2061 2830 2114 iu
2848 2061 2960 2115 suis
2985 2062 3203 2131 scriptis
3223 2073 3548 2131 posuerunt;
3575 2062 3621 2117 si

2035 2140 2275 2216 fraus,'si
2319 2150 2545 2220 stropha
2567 2189 2584 2215 ,
2607 2151 2650 2204 si
2691 2149 3088 2220 paralogismus
3119 2151 3318 2216 omnis,
3343 2150 3388 2205 si
3409 2151 3622 2222 crypsis

2035 2243 2282 2313 improba
2322 2242 2448 2296 huic
2473 2241 2598 2296 viro
2648 2241 2926 2295 abfuerit:
2961 2241 3195 2296 viderint
3229 2242 3285 2307 ii,
3326 2242 3418 2310 qui
3455 2242 3508 2294 in
3554 2256 3620 2297 eo

2035 2331 2294 2386 damnant
2321 2331 2398 2395 id,
2425 2331 2571 2400 quod
2603 2329 2656 2384 in
2688 2331 2795 2386 illis
2827 2329 3088 2386 Patribus
3110 2341 3202 2385 aut
3251 2332 3482 2403 probant
3527 2340 3622 2388 aut

2037 2419 2384 2476 dissimulant
2410 2417 2462 2470 ⁸.
2515 2416 2686 2475 Porro
2743 2419 3104 2490 patrocinium
3154 2419 3206 2474 ei
3269 2421 3620 2476 commodare

2033 2513 2250 2568 videtur
2291 2519 2693 2583 argumentum,
2727 2511 2871 2581 quod
2916 2518 3134 2574 tractat,
3169 2511 3434 2568 lubricum
3486 2511 3617 2568 illud

2032 2604 2250 2677 quidem
2287 2612 2344 2659 et
2386 2603 2605 2660 subtile.
2657 2603 2850 2660 Graeci
2900 2608 3024 2678 περὶ
3047 2603 3252 2680 ’Δρχῶν
3303 2604 3520 2668 dicunt;
3565 2604 3624 2659 in

2031 2708 2140 2768 quo
2165 2693 2462 2750 excolendo
2489 2693 2614 2764 quis
2647 2702 2732 2748 est
2777 2694 2891 2750 sive
2933 2693 3267 2750 Graecorum
3314 2695 3430 2748 sive
3473 2693 3620 2748 Lati-

2031 2799 2250 2850 norum,
2299 2785 2392 2855 qui
2423 2798 2530 2838 non
2579 2783 2783 2854 aliquid
2831 2783 3144 2839 humanitus
3187 2799 3381 2854 passus
3423 2791 3525 2840 est.
3555 2783 3622 2838 Et

2031 2874 2118 2931 lac
2146 2875 2419 2945 permulta
2447 2889 2590 2940 esse,
2614 2889 2754 2944 quae
2805 2875 3067 2931 delicatus
3097 2877 3362 2946 quispiam
3409 2875 3463 2930 in
3513 2875 3618 2930 hoc

2031 2964 2296 3036 scriptore
2323 2964 2634 3019 desiderare
2656 2962 2857 3032 possit;
2886 2974 3033 3018 certe
3057 2964 3275 3033 quidem
3303 2978 3406 3018 nec
3441 2963 3621 3017 humi-

2029 3054 2138 3110 lem
2175 3062 2407 3110 mentem
2439 3067 2567 3122 erga
2603 3053 2794 3108 Patres
2833 3051 3136 3117 Ecclesiae,
3171 3066 3270 3106 nec
3297 3053 3442 3123 piam
3489 3067 3623 3121 erga

321 3155 577 3212 Graecos
599 3198 614 3223 ,
660 3157 1019 3236 duasmﬁo'lwy
1069 3165 1294 3239 ἀποριῶν
1329 3164 1500 3219 nodos
1699 3129 1924 3220 feliciter

2040 3150 2206 3204 Deum
2253 3146 2605 3202 desiderabit.
2657 3145 2840 3201 Potuit
2889 3161 3021 3217 ergo
3069 3159 3276 3212 errare,
3311 3145 3629 3201 haereticus,

321 3248 533 3306 solvit?
550 3249 686 3307 llinc
707 3267 814 3306 non
839 3268 1018 3319 nemo,
1035 3256 1189 3324 quasi
1211 3255 1626 3327 ingemiscens,¢
1647 3258 1693 3311 si
1716 3257 1930 3312 revixe-

324 3337 411 3394 rit
439 3337 535 3394 ille
566 3339 702 3396 liber
725 3339 874 3396 Scoti
912 3343 970 3397 »ι
1001 3344 1154 3399 Alter
1181 3355 1363 3400 autem
1399 3346 1466 3400 de
1488 3345 1626 3402 libro
1653 3361 1928 3416 nunquam

319 3426 478 3494 viso,
515 3445 534 3479 s
573 3429 745 3486 tristia
774 3439 830 3486 et
853 3429 992 3486 dura
1017 3433 1198 3488 omnia
1223 3453 1264 3486 s.
1299 3434 1438 3490 Ecce
1471 3435 1661 3506 igitur,
1695 3451 1729 3490 o
1755 3435 1922 3491 bonil

285 3516 495 3574 ‘adest
543 3534 722 3575 coram
747 3563 763 3589 ,
815 3538 976 3594 quem
1013 3527 1353 3596 quaeritatis.
1395 3525 1534 3585 'nxu
1577 3536 1764 3605 νεκρῶν
1806 3549 1922 3585 κω-

325 3611 515 3680 Optima
555 3612 636 3666 και
683 3613 866 3669 σκότου
912 3617 1078 3673 πύλας
1118 3616 1293 3671 laniis.
1351 3615 1568 3682 Verum,
1611 3631 1642 3671 e
1675 3617 1925 3688 sepulcro

323 3699 695 3755 resuscitatus
717 3717 788 3756 an
809 3704 974 3758 etiam
999 3706 1288 3762 cicatrices
1342 3705 1555 3761 adferat
1591 3705 1731 3761 Flori
1780 3706 1917 3762 Pru-

322 3787 505 3844 δα»ιῆ
545 3788 866 3850 Galindonis
891 3792 994 3865 (uti
1040 3792 1240 3851 Hector
1269 3794 1357 3850 ille
1400 3794 1624 3851 Achillis
1649 3793 1919 3865 vulnera),

2031 3254 2158 3296 esse
2185 3237 2375 3293 noluit.
2402 3236 2510 3292 Sed
2536 3252 2638 3292 nec
2667 3237 2936 3308 Erigonae
2968 3237 3136 3292 vitam
3175 3251 3278 3291 nec
3315 3235 3624 3306 apologiam

2031 3332 2271 3390 scribere
2323 3330 2671 3386 decreveram
2700 3369 2716 3395 ,
2766 3329 2942 3384 nullas
2993 3345 3094 3399 ego
3148 3328 3265 3397 ejus
3311 3328 3436 3383 lites
3471 3341 3626 3400 meas.

2029 3425 2250 3481 faciam.
2275 3421 2564 3492 Nunquam
2595 3421 2725 3476 mihi
2746 3420 3108 3477 eonteudeudi
3134 3419 3236 3474 fuit
3257 3419 3492 3483 animus,
3517 3433 3624 3474 nee

2028 3518 2200 3576 otium
2244 3531 2392 3572 nunc
2433 3513 2674 3584 quidem.
2721 3514 2824 3582 Qui
2880 3515 3046 3587 igitur
3093 3513 3247 3585 plura
3296 3512 3363 3567 de
3411 3510 3620 3567 Joanne

2029 3611 2262 3684 Erigena
2293 3611 2433 3667 scire
2461 3611 2663 3681 cupiat,
2693 3608 3004 3666 testimonia
3041 3605 3106 3662 de
3151 3619 3217 3661 eo
3244 3595 3429 3676 legat,
3478 3614 3621 3672 quae

2029 3700 2174 3760 infra
2200 3701 2442 3773 digessi,
2484 3701 2720 3756 maxima
2763 3714 2835 3756 ex
2864 3707 3020 3772 parte
3045 3697 3312 3754 hactenus
3338 3709 3371 3750 a
3398 3692 3620 3752 nemine

2029 3794 2311 3864 producta.

1037 4048 1686 4165 TESTIMONIA
1761 4046 2225 4141 ALIQUOT
2282 4041 2774 4123 VETERUM

1490 4221 1571 4264 nn
1613 4219 1860 4264 manus
1904 4218 2101 4263 sco'ro
2147 4195 2447 4262 catenati.

1720 4350 1945 4365 ψ

2015 4345 2206 4362 -ι-

319 4442 489 4517 (Pag.
521 4442 602 4512 ν.)
645 4437 974 4517 Prudentia}
995 4432 1414 4517 Tricassi‘stus‘in
1453 4431 1586 4486 libro
1612 4447 1708 4486 suo
1737 4433 1922 4486 adver-
1944 4433 1999 4494 D
2059 4427 2356 4483 Chronieon
2397 4438 2716 4496 anonymuns
2767 4421 2908 4490 apud
2949 4418 3254 4485 Chesnlusst,
3283 4427 3426 4475 tonso
3452 4416 3574 4474 111.

792 4524 882 4564 sus
921 4506 1180 4562 Joannem
1216 4502 1452 4558 Scotum.

395 4624 422 4658 s
455 4603 536 4659 Te
562 4601 739 4659 solum
765 4598 1012 4655 omnium
1041 4595 1412 4654 acutissimum
1436 4592 1643 4650 Galliae
1671 4593 1918 4650 transmi-

316 4677 396 4734 sit
421 4673 683 4730 Hibernia
714 4689 766 4726 ι.
793 4669 1029 4726 lronice.

351 4762 633 4822 Pardulus
655 4760 1027 4818 Laudunensis
1055 4759 1322 4828 episcopus
1357 4755 1423 4811 de
1460 4753 1668 4812 Joanne
1693 4752 1874 4810 Scoto.

400 4878 424 4913 ο
452 4856 562 4914 Sed
588 4855 715 4926 quia
743 4853 883 4926 haec
910 4851 1054 4926 inter
1073 4863 1142 4926 se
1158 4845 1316 4926 valde
1338 4843 1915 4926 dissentiebant;

313 4907 784 5000 goria—illumnqni
832 4907 918 4977 est
954 4921 1010 5000 in
1056 4919 1261 4992 palatio
1285 4917 1444 5000 regis
1482 4913 1694 4988 [Caroli
1733 4907 1917 4987 Calvi]

309 4998 594 5061 Joannem
621 4992 846 5053 nomine
870 4992 1110 5049 scribere
1146 4992 1426 5060 coegimus
1456 5006 1500 5041 ι.

429 5085 522 5142 Es
569 5087 792 5140 historia
829 5081 1212 5154 Episcoporum
1252 5073 1806 5133 Antissiodorensium.

397 5197 424 5230 ι
467 5175 806 5234 Humhaldus
852 5169 1279 5246 Cameracensis
1351 5166 1652 5246 liberalium
1714 5165 1910 5246 artium

307 5250 524 5306 studiis
562 5248 805 5318 apprime
838 5243 1188 5320 instructus,-
1215 5238 1451 5320 Joannis
1491 5236 1677 5320 Sco‘ti,‘
1705 5236 1824 5320 qui"
1844 5249 1911 5320 ea

309 5304 650 5393 ἐθωράκιίὲ
690 5329 789 5387 ναν
830 5312 1034 5393 Galliae
1075 5309 1400 5393 striati“.
1425 5304 1682 5393 taedet)?!
1705 5304 1911 5393 sese

309 5376 504 5464 petis
525 5376 881 5464 pedisequus,
915 5383 1078 5464 cuius
1098 5376 1462 5464 disciplinatui
1485 5376 1649 5464 longa
1663 5383 1914 5464 tempore

661 5444 1043 5511 siit-asinum
1075 5459 1131 5506 et
1158 5444 1414 5505 humana.
1447 5486 1462 5500 .
1498 5444 1730 5508 ,didicit
1758 5463 1804 5496 ι.

2100 4548 2117 4581 s
2148 4528 2357 4600 Rogata
2385 4523 2610 4600 Aelfridi
2635 4523 2873 4600 Joannes
2897 4519 3094 4578 Scotus
3116 4518 3280 4577 rediit
3298 4535 3330 4575 a
3351 4518 3614 4591 Francia,

2020 4601 2114 4656 ubi
2139 4594 2259 4655 erai
2291 4613 2415 4653 cum
2437 4595 2633 4652 Carolo
2659 4594 2826 4651 Calvo
2867 4611 2914 4646 ι.

2126 4697 2362 4769 Rogerus
2375 4695 2674 4751 Wendoser
2691 4696 2747 4749 in
2768 4693 3028 4750 Chronico
3049 4692 3120 4748 ad
3149 4707 3350 4747 annum
3374 4689 3501 4747 883.

2105 4819 2124 4852 ς
2157 4798 2316 4854 Anno
2360 4795 2466 4854 885
2494 4794 2643 4850 venit
2691 4793 2744 4848 in
2791 4790 3042 4863 Angliam
3073 4790 3330 4862 magister
3374 4785 3617 4844 Joannes

2029 4869 2247 4935 Scelus,
2273 4869 2357 4923 vir
2389 4865 2719 4939 perspicacis
2752 4863 2953 4935 ingenii
2985 4882 3032 4916 δ.

2025 4981 2110 5039 Es:
2150 4979 2265 5036 Vita
2287 4974 2582 5034 Grimbaldi
2605 4973 2812 5029 abbatis
2835 4989 2927 5040 per
2951 4969 3266 5038 Gotoeliuut,
3287 4979 3347 5028 ut
3378 4971 3610 5034 videtur,

2553 5079 2558 5086 ι
2690 5045 2906 5114 scripta.

2098 5175 2116 5208 ο
2158 5151 2431 5208 Aelfridus
2490 5165 2583 5204 rex
2649 5147 2877 5203 consilio
2935 5145 3152 5201 Eldredi
3215 5141 3609 5210 archiepiscopi

2020 5221 2429 5282 Cautuarieusis
2455 5229 2702 5275 oratores
2726 5220 2864 5274 misit
2891 5219 2957 5272 ad
2985 5217 3370 5271 monasterium
3396 5211 3450 5265 S.
3471 5211 3605 5264 Ber-

2021 5296 2140 5360 tini,
2171 5295 2237 5348 de
2268 5293 2593 5364 accersendo
2621 5288 2970 5364 Gi'imhaltto,_
2991 5287 3134 5364 inter
3155 5299 3296 5364 quos
3317 5282 3605 5364 presbyter

2017 5357 2255 5420 Joannes
2297 5371 2352 5417 et
2392 5361 2662 5423 Asserius,
2687 5360 2789 5413 viri
2820 5357 3168 5413 eruditissimi
3199 5363 3252 5409 et
3280 5357 3604 5405 vivacissimi

2022 5434 2242 5507 ingenii,
2273 5431 2707 5504 praecellebant“

393 5616 428 5649 "
463 5609 622 5668 Haud
651 5609 928 5666 immerito
971 5596 1220 5663 damnari
1271 5615 1365 5660 aut
1415 5601 1709 5672 improbari
1762 5598 1913 5655 Scoti
1931 5597 2114 5672 nostri
2149 5594 2320 5672 falsas
2370 5593 2646 5649 doctrinas
2673 5630 2688 5657 ,
2727 5587 2842 5658 jam
2896 5604 2959 5641 ex
3003 5587 3071 5642 iis
3096 5626 3110 5652 ,
3154 5601 3294 5656 quae
3343 5588 3397 5640 iu
3449 5602 3594 5645 com.

312 5664 668 5743 ment—simne
877 5676 1054 5750 posita
1078 5678 1442 5747 disputantur,
1469 5664 1602 5729 satis
1635 5671 1824 5742 liquet.
1913 5667 2179 5723 Annum.
2231 5664 2392 5720 Eois.
