4002 6148
349 265 421 320 35
1512 257 1770 314 ΤΗΟΜΔΕ
1809 255 2039 311 ΟΑΙ..ΕΙ
2085 251 2449 310 ΡΙΗΕΡΑΗΟ
3537 268 3605 324 pg

341 376 492 448 quod
517 375 605 433 hic
632 373 868 433 Joannes
889 375 1160 433 Hibernus
1183 379 1343 433 toties
1367 375 1607 440 dicatur;
1641 375 1694 430 id
1723 375 1926 436 evenit,
1962 379 2004 436 Α
2046 367 2452 437 probabilitate,
2489 371 2806 437 magistrum
2854 371 3116 429 Joannem
3148 391 3271 431 cum
3306 393 3406 433 suo
3437 379 3604 435 disci-

338 467 604 536 ~quoniam
637 467 936 522 studiorum
974 468 1147 538 gratia
1189 468 1240 521 in
1279 481 1342 521 ea
1368 475 1528 537 gente
1567 465 1656 528 diu
1687 474 1932 518 versatus

340 567 486 622 erat,
521 573 659 627 quae
690 567 817 612 tunc
851 555 1010 628 (Pag.
1045 561 1100 629 ι)
1133 558 1394 627 temporis
1427 559 1691 612 bonarum
1720 556 1927 610 littera-

350 669 468 706 rum
503 653 712 709 oilicina
766 655 884 708 fuit.
943 653 1146 707 Rossus
1193 653 1246 706 in
1294 652 1432 706 libro
1474 653 1540 706 de
1589 650 1820 719 Regibus
1863 665 1924 702 ex

347 745 581 812 quodam
606 745 826 813 antiquo
855 744 1122 812 scriptore
1154 743 1254 798 ista
1288 744 1354 798 de
1382 742 1637 796 Hibernia
1669 741 1876 810 profert
1911 757 1925 792 :

345 835 653 904 Anglicanis
707 833 896 887 studiis
952 835 1216 903 suspensis
1258 833 1398 904 [per
1447 832 1766 900 Gregorium
1807 832 1827 885 l
1863 833 1930 884 ah

347 924 629 989 Augustini
679 923 965 994 tempore]
1014 924 1232 992 ﬂorebat
1281 925 1502 977 scientia
1546 925 1602 976 in
1651 922 1833 978 Scotia
1881 934 1928 976 et

348 1013 642 1078 Hibernia;
694 1025 805 1067 erat
851 1031 968 1068 vero
1011 1014 1264 1068 Hibernia
1304 1017 1462 1068 totius
1519 1025 1641 1067 tunc
1685 1014 1930 1068 scientiae

343 1104 727 1170 promtnarium
753 1114 800 1156 et
824 1103 1062 1157 alumna.
1089 1103 1174 1158 lbi
1196 1107 1436 1158 studebat
1466 1102 1524 1159 S.
1558 1105 1757 1170 Ceddo,
1782 1106 1927 1175 prius

346 1192 405 1248 S.
470 1193 660 1246 Aidani
729 1193 1008 1271 Lindi/fer.
1083 1197 1307 1264 episcopi
1359 1195 1688 1260 discipulus,
1752 1206 1927 1265 postea

345 1282 593 1346 Eborunt,
628 1293 673 1336 et
697 1284 905 1336 demunt
930 1283 1234 1339 Lindeseiae
1274 1297 1322 1339 et
1355 1286 1516 1339 totius
1549 1285 1776 1339 Marciae
1821 1288 1930 1355 epi-

343 1387 568 1440 scopus;
613 1373 698 1424 cui
741 1375 1098 1428 conscliolaris
1153 1375 1363 1444 fuit-in
1421 1375 1674 1428 Hibernia
1733 1376 1928 1446 Egber-

340 1474 584 1516 tns.......
630 1475 677 1516 et
716 1465 871 1516 multi
909 1466 1169 1534 praeclari
1207 1469 1436 1520 moribus
1470 1480 1516 1520 et
1561 1468 1779 1520 scientia
1831 1469 1927 1520 viri

339 1554 403 1606 de
448 1553 659 1621 Anglia.
709 1553 826 1607 Dixi
879 1569 1002 1608 eum
1055 1555 1175 1610 ideo
1228 1556 1523 1611 Hibernum
1578 1556 1743 1611 fuisse
1807 1559 1917 1611 dic-

343 1644 644 1712 tum,quod
679 1645 747 1698 ibi
794 1645 991 1700 litteris
1029 1661 1248 1715 operam
1299 1646 1530 1700 dederit.
1588 1647 1732 1701 ldem
1783 1649 1926 1702 acci-

2045 461 2173 528 pulo
2196 459 2334 515 lianc
2355 461 2680 530 legationem
2705 463 2932 520 obiisse.
2955 467 3218 523 Audierat
3241 469 3478 528 Joannes
3511 489 3607 540 per

2043 547 2340 604 Fulconem
2398 552 2587 619 (nunc,
2627 567 2769 604 anno
2825 553 2950 612 882.
2990 544 3460 626 archiepiscopum
3499 558 3608 614 Re-

2045 653 2310 703 mensem,
2368 655 2541 706 nuper
2587 642 2835 696 abbatem
2891 645 3290 714 Bertinianmn)
3342 649 3409 702 de
3460 650 3598 704 fama

2045 726 2348 780 Griinballi
2388 729 2726 796 Bertiniani;
2767 736 2934 788 redux
2993 737 3082 790 ille
3121 740 3171 790 in
3226 739 3469 807 Angliam
3508 759 3607 794 an-

2047 833 2117 871 no
2150 819 2255 872 883
2290 819 2543 893 AelLredo
2599 823 2852 876 eumdem
2912 835 3410 883 cornmemtaveiat.
3472 829 3609 886 lianc

2043 919 2227 962 secuta
2285 919 2368 964 cst
2421 912 2509 964 illa
2544 911 2741 979 legatio
2773 929 2916 966 anno
2947 917 3027 968 vel
3061 918 3281 972 circiter
3311 920 3447 985 884;
3484 938 3604 974 nam

2044 1002 2251 1070 appulit
2281 1003 2387 1057 huc
2417 1003 2766 1058 Gzimbaldus
2796 1024 2940 1060 anno
2973 1009 3096 1062 885.
3139 1009 3242 1063 ista
3277 1011 3425 1065 dicta
3459 1023 3606 1078 sunt,

2044 1106 2115 1144 ne
2146 1093 2268 1159 quis
2323 1094 2623 1157 existimet,
2679 1094 2966 1164 Erigrnam
3001 1099 3103 1152 hoc
3139 1100 3192 1155 in
3252 1112 3495 1170 tempore
3553 1106 3608 1157 in

2043 1182 2232 1238 Galliis
2262 1185 2566 1239 liacsisse.‘
2601 1187 2704 1240 Sed
2735 1189 2834 1240 bac
2868 1193 2935 1241 de
2967 1205 3022 1242 re
3062 1191 3214 1256 plura
3256 1208 3399 1246 mox.

2103 1282 2340 1350 Denique
2367 1282 2553 1352 quaeri
2579 1283 2646 1336 ab
2688 1282 2753 1336 iis
2790 1291 3000 1352 potest,
3040 1284 3131 1353 qui
3170 1282 3432 1339 Joannem
3462 1285 3604 1341 hunc

2033 1373 2325 1428 llibernnm
2357 1383 2514 1442 gente
2541 1385 2596 1429 et
2615 1375 2774 1429 domo
2813 1374 2979 1429 fuisse
3007 1377 3360 1440 contendunt,
3390 1393 3489 1431 cur
3524 1378 3614 1433 hic

2031 1464 2176 1518 solus
2204 1478 2234 1517 e
2266 1473 2343 1516 tot
2387 1463 2735 1534 potiularibus
2768 1465 2886 1527 ,suis
2935 1465 3162 1532 Erigena
3201 1468 3613 1536 ongnominatus

2032 1553 2210 1609 fuerit.
2242 1554 2533 1609 'l‘estantnr
2575 1563 2720 1609 certe
2763 1555 3002 1609 Annales
3044 1555 3336 1619 Saxonici,
3379 1566 3612 1612 testatur

2030 1644 2222 1698 Ericus
2263 1643 2779 1707 Autissiodurensis,
2819 1644 3016 1714 aliique
3061 1646 3204 1715 apud
3241 1647 3608 1702 doctissimum

339 1734 417 1787 dit
446 1732 623 1789 Marco
648 1734 860 1790 cuidam
881 1777 896 1800 ,
937 1737 1030 1805 qui
1073 1736 1335 1791 Ilibernus
1365 1739 1728 1794 communiter
1777 1739 1924 1792 dice-
1961 1721 2003 1779 Β
2031 1735 2145 1791 Jac.
2171 1735 2447 1792 Uss'crium
2475 1738 2694 1791 Armac.
2721 1735 2880 1808 (Pag.
2906 1739 3165 1809 n)Arch.
3195 1739 3246 1792 in
3276 1737 3615 1794 Praefationo

337 1827 523 1888 batur,
571 1841 695 1881 cum
734 1835 913 1881 tamen
957 1837 1104 1882 esset
1148 1829 1368 1884 natione
1413 1828 1616 1892 Britto,
1666 1829 1926 1882 educatus

335 1930 466 1970 vero
509 1916 564 1970 in
601 1916 858 1970 Hibernia
879 1956 893 1980 ,
925 1926 986 1971 ut
1014 1918 1080 1972 de
1106 1932 1172 1972 eo
1207 1917 1400 1972 scribit
1435 1917 1625 1972 Ericus
1654 1915 1924 1971 Autissio-

339 2005 588 2061 dorensis
625 2007 678 2060 in
721 2005 832 2061 {ine
878 2005 998 2061 libri
1048 2023 1065 2061 l
1111 2008 1178 2062 de
1223 2007 1498 2062 miraculis
1542 2006 1602 2062 8.
1643 2005 1922 2061 Germani.

339 2098 486 2156 Idem
517 2101 714 2156 accidit
762 2101 819 2156 8.
864 2100 1132 2168 Patricio,
1163 2101 1413 2174 Pelagio,
1446 2103 1674 2174 aliisque
1715 2103 1920 2158 multis.

411 2209 482 2267 Ut
515 2211 678 2282 igitur
700 2211 891 2280 paucis
934 2228 1110 2267 meam
1151 2212 1519 2281 conjecturam
1551 2214 1881 2284 complectar
1908 2254 1922 2278 ,

331 2303 531 2374 opinor
579 2302 846 2359 Joannem
891 2305 1055 2360 istum
1106 2306 1392 2377 Erigonam
1435 2307 1639 2362 dictum
1685 2307 1852 2362 fuisse
1893 2324 1923 2361 a

334 2394 476 2460 loco,
508 2402 567 2449 ut
593 2395 830 2462 videtur,
875 2397 1061 2451 natali.
1091 2397 1186 2452 Est
1217 2408 1398 2452 autem
1425 2398 1636 2467 Ergone
1663 2415 1790 2469 pars
1814 2415 1919 2454 non

333 2485 730 2539 contemnenda
755 2484 1171 2542 Herefordensis
1196 2489 1508 2553 comitatus,
1545 2489 1774 2544 Walliac
1797 2506 1924 2545 cou-

335 2573 590 2628 tormina.
631 2571 743 2628 lmo
780 2589 944 2628 unum
971 2589 1002 2628 e
1029 2575 1210 2646 regnis
1245 2575 1470 2630 Walliac
1517 2577 1616 2630 fuit
1656 2578 1756 2632 hoc
1789 2589 1920 2631 leui-

334 2678 468 2733 pore
487 2661 701 2718 Alfrido
729 2665 1094 2719 tributarium.
1113 2665 1170 2720 ln
1200 2667 1488 2721 nocti-actu
1510 2671 1718 2736 reperio
1746 2669 1918 2724 locum

333 2753 587 2820 Eriuven,
642 2769 762 2824 quae
811 2756 1030 2826 quidem
1083 2757 1250 2811 dictio
1296 2771 1485 2825 parum
1534 2757 1806 2829 discrepat
1853 2763 1920 2814 ab

333 2843 569 2917 Eringen
597 2845 684 2918 (et
723 2855 1004 2903 contracto
1061 2832 1323 2918 Ergene).
1364 2844 1484 2900 Jam
1541 2856 1650 2901 tota
1683 2857 1825 2902 terra
1852 2850 1919 2902 ab

332 2935 467 3004 ipsis
514 2933 704 2991 Wallis
733 2937 1009 2993 modernis
1035 2937 1234 2992 dicitur
1265 2934 1485 3009 Erynug
1504 2979 1518 3003 ,
1551 2937 1634 2991 vel
1664 2937 1913 2992 Ereinuc.

333 3026 436 3094 Qui
467 3025 869 3093 observaverit,
910 3038 1146 3100 quantae
1187 3030 1240 3085 in
1270 3030 1389 3085 aliis
1422 3030 1752 3086 dictionibus
1788 3033 1916 3085 bar-

333 3115 481 3172 baris
508 3116 573 3171 ad
604 3133 849 3172 normam
890 3117 1112 3174 latinam
1161 3119 1547 3190 detorqueudis
1584 3121 1918 3174 mutationes
1949 3115 1991 3132 “⁴

333 3207 649 3278 plerumque
677 3207 835 3271 ﬂant,
878 3225 983 3263 non
1019 3224 1183 3280 aegre
1219 3211 1320 3264 has
1357 3210 1683 3266 leviusculas
1719 3211 1918 3266 altera-

332 3301 506 3354 tiones
536 3301 664 3354 mihi
706 3302 806 3355 hac
845 3301 896 3354 in
926 3316 1060 3357 voce
1098 3302 1382 3356 concedet.
1425 3301 1716 3358 Enimvero
1757 3303 1918 3359 Libet-

330 3389 606 3445 Ecclesiae
635 3389 1016 3458 Landavensis,
1041 3394 1094 3450 in
1125 3394 1294 3448 Tomo
1335 3395 1400 3450 Ill
1431 3394 1706 3452 Monastici
1731 3397 1916 3466 Angli-

327 3479 471 3542 cani,
512 3477 762 3534 Giraldus
794 3494 1008 3550 quoque
1044 3481 1395 3539 Cambrensis
1427 3485 1478 3539 in
1511 3483 1788 3540 Cantbriae
1819 3487 1912 3541 rle-

327 3572 608 3640 scriptione
635 3588 686 3626 c.
715 3573 749 3627 5
779 3572 988 3642 plenius
1017 3572 1084 3628 de
1123 3576 1225 3629 hac
1265 3575 1577 3647 regiuncula
1620 3577 1911 3634 docebunt.

327 3661 568 3730 Quorum
601 3663 689 3718 hic
733 3673 906 3728 notat,
950 3663 1114 3720 fuisse
1151 3676 1351 3735 partem
1402 3668 1694 3722 dioeceseos
1732 3667 1913 3724 Hene-

320 3751 521 3816 densis;
586 3751 674 3806 ubi
731 3751 896 3806 Asser
969 3751 1069 3807 fuit
1131 3755 1593 3826 archiepiscopus,
1653 3757 1747 3827 qui
1812 3757 1914 3812 fuit

325 3843 660 3912 propinquus
698 3843 912 3909 Asseri,
953 3847 1043 3915 qui
1083 3830 1346 3901 Joannem
1391 3847 1672 3918 Erigonam
1710 3852 1916 3906 audivit

327 3933 627 3987 docentem.
663 3933 830 4001 llujus
864 3951 1077 4005 quoque
1105 3937 1470 4006 provinciolae
1501 3940 1751 3995 meminit
1775 3940 1912 3995 liber

327 4021 690 4094 Doontesday,
752 4024 804 4077 in
851 4040 958 4094 quo
1006 4027 1084 4082 sic
1116 4027 1231 4097 lego
1281 4046 1294 4080 :
1342 4027 1461 4082 Ilae
1507 4032 1912 4085 consuetudines

325 4123 477 4168 erant
507 4115 856 4169 Wallensiunt
909 4116 970 4170 T.
1022 4116 1084 4170 Β.
1147 4119 1212 4172 E.
1252 4121 1305 4174 in
1339 4121 1703 4192 Archenefeld,
1749 4123 1804 4176 id
1830 4129 1913 4175 cst

329 4205 552 4276 Ergene.
599 4206 757 4262 Notat
785 4223 950 4279 porro
977 4218 1088 4263 tttm
1131 4209 1403 4276 Giraldus,
1447 4222 1556 4266 tum
1599 4213 1734 4267 liber
1769 4211 1912 4267 Lan-

323 4292 592 4360 dasensis,
652 4295 844 4350 Scotos
893 4296 1186 4354 Wallorum
1235 4299 1369 4356 lines
1407 4300 1695 4370 aliquando
1741 4317 1907 4358 occu-

323 4398 514 4452 passe;
545 4387 686 4441 unde
715 4397 768 4442 et
793 4387 986 4444 Joanni
1018 4400 1203 4446 nostro
1235 4390 1382 4446 Scoti
1410 4407 1710 4462 cognomen
1736 4395 1909 4462 potuit
1942 4408 1988 4468 ι)

323 4475 637 4530 accessisse.
669 4474 776 4530 Sed
798 4487 856 4532 ut
879 4480 1114 4534 redeam.
1151 4481 1296 4536 Haec
1319 4485 1479 4538 etiam
1507 4483 1630 4537 inde
1659 4484 1910 4540 videntur

324 4562 678 4632 conﬁrmari,
724 4569 865 4636 quod
910 4567 1144 4625 Joannes
1197 4571 1426 4643 Erigena
1473 4591 1501 4627 a
1557 4573 1910 4642 scriptoribus

322 4655 525 4712 diserte
554 4656 759 4713 Wallus
785 4659 1100 4729 appelletur.
1141 4661 1233 4718 Sic
1267 4664 1581 4720 Hidensiunt
1620 4665 1908 4723 Annalium

323 4750 684 4818 compositor,
710 4751 792 4807 sic
823 4751 1031 4808 Roseus
1056 4753 1111 4808 in
1141 4754 1278 4810 libro
1309 4755 1373 4810 de
1395 4757 1618 4828 regibus.
1651 4759 1762 4814 lmo
1791 4761 1907 4831 ipse

319 4850 382 4892 se
425 4835 658 4893 Wal‘luns
734 4855 842 4896 non
905 4841 1137 4899 obscure
1203 4842 1384 4898 innuit
1447 4845 1500 4899 in
1550 4847 1791 4902 carmine
1835 4842 1904 4902 ad

319 4924 574 4984 Cincium
613 4929 978 4988 Calvum......
1026 4933 1242 4990 Adversa
1291 4933 1526 4991 Joannes
1556 4935 1766 5005 Sponde
1790 4953 1902 4994 meo

321 5017 534 5074 Carolo.
581 5017 696 5076 Vox
741 5023 888 5077 enim
920 5022 1129 5079 Wallus
1169 5033 1228 5080 et
1271 5025 1472 5080 aduena
1519 5027 1899 5097 aequipollent.

320 5109 423 5176 Qui
460 5110 624 5164 vitam
657 5109 956 5168 Griinbaldi
1004 5114 1242 5182 scripsit,
1275 5115 1450 5184 prodit
1478 5115 1739 5170 Joannem
1778 5133 1899 5174 cum

320 5201 519 5254 Assem
570 5199 803 5271 legatum
863 5200 917 5254 in
965 5202 1271 5257 Flandriam
1329 5205 1551 5259 missum
1611 5204 1776 5262 fuisse
1829 5209 1897 5261 ad

322 5288 671 5359 imitandum,
698 5288 898 5345 Allredi
922 5292 1160 5358 nomine,
1184 5293 1575 5350 Grinibaldutn.
1606 5296 1720 5351 Non
1751 5310 1898 5354 caret

390 5479 421 5510 ’⁸
449 5479 923 5557 ρξιτιὲκιηηξυξψκξ
972 5487 1036 5557 de
1085 5489 1404 5555 cognomine
1455 5488 1681 5557 Erigena
1729 5499 1782 5544 et
1833 5493 1896 5546 de

316 5545 544 5627 “antiis
594 5549 750 5628 .Scoti
790 5545 850 5608 in
887 5555 1131 5626 Angliam
1152 5545 1346 5611 vrerlitn
1394 5545 1756 5628 dispalantur,
1805 5545 1896 5614 aut

318 5620 542 5674 omnino
589 5620 720 5693 falsa
773 5635 914 5693 sunt,
968 5620 1059 5682 aut
1108 5620 1638 5700 at'gttn'ientls,'qtnic
1680 5620 1894 5701 quidem

2031 1827 2100 1881 ad
2159 1825 2426 1895 Epistolas
2481 1824 2814 1890 Ilibernicas,
2859 1828 3140 1896 perplures
3184 1827 3448 1882 Hibernos
3495 1829 3612 1897 (seu

2029 1915 2514 1985 Scoto-llibernos)
2550 1916 2665 1970 orbi
2695 1917 2932 1970 litterato
2964 1916 3281 1980 innotuisse,
3312 1930 3408 1985 per
3436 1914 3611 1970 Caroli

2029 2006 2228 2076 Magni,
2257 2005 2434 2062 Caroli
2463 2005 2634 2070 Calvi,
2666 2005 2904 2061 Aelfrcdi
2940 2016 3200 2076 tempora,
3233 2016 3288 2060 et
3319 2007 3607 2075 deinceps;

2026 2114 2253 2165 quorum
2300 2108 2476 2152 tamen
2530 2099 2733 2153 nemini
2780 2113 2974 2153 nomen
3022 2099 3158 2163 hoc,
3209 2098 3470 2168 Erigena,
3509 2110 3612 2168 pro

2025 2191 2211 2258 gentili
2267 2190 2586 2244 attributum
2644 2191 3008 2259 cognoscitur.
3065 2188 3268 2246 Omnes
3323 2190 3471 2244 enim
3523 2187 3610 2245 vel

2027 2281 2270 2343 Hiberni,
2302 2279 2386 2333 vel
2438 2279 2610 2344 Scoti,
2639 2289 2694 2335 et
2727 2279 3145 2334 Scotti-Hiberni
3182 2279 3428 2334 audiunt.

2097 2387 2270 2444 Venio
2297 2406 2442 2445 nunc
2471 2391 2537 2444 ad
2561 2388 2706 2444 Scoti
2736 2389 2993 2460 Erigenae
3021 2389 3224 2460 scripta
3253 2388 3604 2444 recensenda.

2025 2479 2176 2534 Pono
2221 2489 2403 2535 autem
2442 2481 2617 2550 primo
2666 2480 2783 2536 loco
2831 2495 2895 2535 ea
2945 2481 3180 2536 hominis
3223 2479 3500 2550 opuscula,
3541 2478 3609 2533 de

2022 2571 2222 2641 quibus
2251 2571 2395 2624 nulla
2419 2573 2558 2641 apud
2583 2581 2793 2626 veteres
2814 2572 3084 2642 reperitur
3107 2571 3451 2642 ambiguitas.
3483 2567 3610 2626 Edi-

2025 2664 2101 2715 dit
2135 2663 2300 2732 igitur
2323 2661 2562 2717 Joannes
2591 2663 2678 2716 ille
2711 2681 2723 2715 :
3465 2658 3470 2662 ’

2169 2755 2215 2807 1.
2262 2755 2335 2808 De
2377 2755 2714 2809 Eucharistia
2754 2755 2951 2810 librum
2985 2754 3028 2810 Ι.

2162 2845 2218 2898 2.
2265 2843 2548 2900 Versiones
2589 2845 2826 2915 Dionysii
2863 2848 3062 2916 Areop.
3105 2844 3199 2902 lib.
3240 2841 3336 2903 IV.

2173 2933 2426 2989 Videlicet
2465 2953 2477 2987 :

2240 3023 2313 3078 De
2343 3024 2572 3080 Caelesti
2602 3025 2938 3082 llicrarcliia.

2236 3114 2310 3168 De
2339 3113 2719 3170 Ecclesiastica
2751 3115 3090 3174 llierarcliia.

2240 3203 2316 3258 De
2346 3203 2554 3260 Divinis
2583 3206 2921 3264 Nominibus.

2234 3294 2311 3350 De
2343 3294 2566 3368 Mystica
2597 3297 2909 3371 Tlieologia.

2162 3386 2216 3442 ὅ.
2252 3385 2847 3445 DePraedestinalione
2904 3391 3152 3447 adversus
3209 3390 3595 3452 Gotescltalcum

2240 3477 2332 3531 lib.
2375 3478 2413 3532 Ι.

2157 3568 2210 3620 4.
2247 3567 2536 3623 Versiones
2559 3566 2621 3624 S.
2651 3568 2878 3624 Maximi
2898 3571 2962 3625 de
2982 3572 3250 3644 Ambiguis
3274 3571 3333 3631 S.
3364 3571 3604 3646 Dionys“

2232 3668 2280 3712 et
2312 3657 2549 3729 Gregorii
2585 3659 2850 3731 Tlteologi.

2161 3749 2215 3802 5.
2251 3750 2324 3804 De
2357 3748 2574 3805 Visione
2600 3751 2692 3806 Dei
2726 3752 3060 3810 Tractatum.

2161 3841 2213 3896 6.
2244 3840 2321 3895 De
2354 3842 2625 3898 Divisione
2653 3843 2893 3901 Naturae
2921 3847 3014 3902 lib.
3049 3847 3114 3902 ν.

2161 3932 2210 3983 7.
2245 3930 2532 4000 Epistolas.

2159 4021 2212 4075 8.
2250 4021 2468 4078 Versus.

2160 4112 2494 4170 Tribuuntur
2521 4117 2694 4172 eidem
2729 4129 2785 4175 et
2816 4121 2981 4188 haec,
3021 4137 3159 4193 quae
3193 4126 3554 4185 subnotantur
3585 4149 3600 4188 :

2158 4205 2211 4259 9.
2246 4206 2302 4260 In
2333 4206 2652 4263 .‘llartianum
2687 4211 2960 4282 Capellam
2991 4213 3386 4274 Commentan'i.

2161 4296 2247 4351 10.
2279 4297 2545 4368 Excerpta
2573 4317 2638 4355 ex
2670 4301 2959 4359 lilacrohio.

2164 4385 2246 4440 ll.
2281 4385 2354 4441 De
2382 4387 2674 4459 Disciplina
2708 4389 3048 4450 Scliolarium
3074 4395 3212 4451 liber
3240 4396 3283 4456 1.

2159 4475 2246 4529 12.
2282 4475 2583 4546 Disputatio
2607 4481 2870 4548 quaedam
2901 4498 3025 4538 cum
3054 4483 3339 4543 Theodoro
3361 4485 3592 4544 Studia.

2157 4565 2242 4620 15.
2280 4563 2468 4620 Versio
2495 4565 2776 4623 Moralium
2807 4571 3138 4627 Aristotelis.

2155 4654 2241 4710 14.
2281 4653 2470 4711 Versio
2499 4656 2618 4712 libri
2653 4661 2948 4716 Aristotelis
2989 4661 3054 4716 de
3082 4661 3356 4735 [tegimine
3383 4663 3596 4724 Princi-

2219 4763 2362 4815 pnas.

2153 4839 2240 4896 15.
2273 4839 2661 4898 Commentarli
2709 4845 2765 4896 in
2797 4843 3095 4901 Aristotelis
3129 4846 3592 4907 Procilius-mo.

2150 4929 2237 4986 16.
2271 4932 2530 5002 Dogmata
2564 4931 3034 5006 Philosophorum.

2151 5022 2235 5078 17.
2273 5009 2551 5081 llomiliae.

2153 5113 2235 5166 l8.
2269 5111 2346 5166 De
2371 5113 2504 5167 Fide
2528 5125 2710 5168 contra
2734 5114 3024 5171 Barbaros.

2065 5185 2073 5194 ’
2154 5201 2235 5254 19.
2271 5201 2665 5270 l‘araplirasticl
2713 5204 2896 5271 Tomi,
2951 5210 3056 5262 sic:
3111 5207 3484 5266 Commenta-il
3535 5213 3590 5268 in

2225 5291 2532 5361 Dionysium
2563 5296 2950 5367 Areopagimm.

2009 5490 2159 5567 Enna
2229 5490 2372 5567 sint,
2428 5491 2588 5546 nullis
2655 5495 2866 5564 probari
2938 5512 3094 5567 posse
3167 5499 3435 5554 videntur.
3499 5494 3579 5557 ιτ.

2012 5558 2341 5614 Proocminm
2375 5571 2635 5618 nostrum.

2992 5639 3250 5695 Α’κικωτ.
3288 5640 3441 5696 Eutr.
3535 5713 3540 5716 _
