3952 6152
252 211 320 267 97
1253 203 1321 261 ΙΝ
1359 203 1615 262 LIBRUM
1653 207 1740 264 DE
1775 203 2117 267 DIVISIONE
2153 202 2482 262 NATL'RAE.
3430 192 3498 250 98

319 323 370 378 i.
437 319 650 376 Horum
705 317 1079 391 opusculorum
1129 317 1362 390 primum
1418 327 1607 390 putant
1662 319 1824 392 aliqui
1855 328 1900 388 Α
1929 319 2278 386 siensi:eas,
2323 335 2461 390 quas
2507 333 2599 374 seu
2641 320 2852 377 scribae
2901 323 3072 378 nostri
3115 323 3507 390 festinationcs,

250 413 620 477 intercidisse;
661 411 750 465 alii
789 411 964 465 adhuc
1003 417 1220 465 exstare
1265 411 1449 467 volunt
1475 411 1576 466 sub
1612 414 1832 468 nomine

247 502 550 568 Bertrami,
597 501 679 556 vel
727 501 1027 555 Ratramni.
1075 499 1296 556 Praeter
1338 501 1472 557 alios
1512 503 1614 559 hac
1662 504 1728 558 de
1774 520 1833 560 re

247 593 452 648 consuli
481 600 710 663 possunt
729 591 922 645 Petrus
949 591 1015 645 de
1034 590 1213 647 Marca
1239 593 1378 662 apud
1400 592 1601 648 Lucam
1627 595 1830 651 Dache-

253 683 389 737 rium
440 681 718 752 Spicilegii
773 690 903 735 tom.
950 680 1014 744 Il,
1063 689 1118 736 et
1162 681 1503 763 doctissimus
1543 683 1626 737 vir
1672 683 1827 739 Joan.

251 771 592 826 llabillonius
635 770 687 824 in
727 769 964 825 Praefat.
995 770 1061 824 ad
1086 779 1295 842 partem
1329 769 1372 826 ll
1415 771 1580 826 seculi
1610 771 1678 826 IV
1707 773 1826 828 Act.

248 862 743 917 Benedictinorum.

311 953 368 1009 2.
425 953 716 1008 Versiones
779 953 1018 1026 Dionysii
1083 961 1299 1010 exstant
1337 955 1392 1010 in
1452 957 1833 1028 manuscriptis

248 1044 428 1104 eodd..
490 1059 722 1114 quorum
765 1043 970 1114 aliquot
1013 1043 1146 1109 vidi,
1193 1044 1360 1115 ipsius
1405 1045 1592 1113 seculi,
1629 1047 1682 1102 in
1725 1062 1832 1117 quo

258 1134 391 1188 vixit
444 1133 605 1190 Joan.
661 1133 890 1200 Scotus,
945 1143 1205 1203 quantum
1256 1133 1564 1204 conjectura
1615 1139 1831 1209 assequi

247 1227 546 1305 liceat..De
578 1227 664 1283 his
693 1227 816 1282 vide
849 1227 1196 1282 Anastasium
1242 1227 1731 1296 bibliothecarium,
1775 1238 1832 1288 et

251 1316 558 1387 Philippum
607 1316 880 1372 Lalibeum
921 1317 976 1371 in
1038 1317 1342 1372 Anastasio.
1407 1318 1537 1374 bibl.
1604 1320 1834 1376 Exstant

248 1409 404 1463 etiam
445 1410 591 1480 typis
620 1424 802 1464 cusae.
838 1409 1142 1466 Observant
1186 1411 1423 1466 nonnulli
1453 1413 1522 1468 ob
1551 1413 1688 1470 hanc
1712 1432 1832 1471 ver-

249 1501 454 1553 sionem
487 1500 667 1568 primo
693 1499 749 1554 in
783 1500 1145 1571 suspicionem
1170 1501 1385 1559 venisse
1406 1501 1669 1560 Joannem
1708 1505 1830 1562 ﬁdei

249 1603 434 1658 parum
469 1604 659 1645 sanae.

1929 426 2022 465 seu
2050 411 2252 468 codicis
2273 411 2438 482 ipsius
2464 410 2704 468 defectus
2733 413 3080 470 multifariam
3103 416 3505 486 suppleverunt.

1930 499 1986 554 Si
2019 501 2142 570 quis
2195 503 2421 571 posthac
2469 501 2680 571 aliquas
2723 503 2776 558 in
2819 505 2921 560 hac
2961 503 3194 562 editione
3229 507 3296 562 ab
3329 521 3513 562 exem—
3569 515 3574 520 ’

1928 589 2065 659 plari
2095 591 2198 644 ms.
2224 590 2612 660 discrepantias
2652 593 3054 662 observaverit,
3082 595 3221 650 sciat
3261 611 3355 652 eas
3383 611 3509 652 eve-

1928 678 2074 734 uisse
2127 694 2230 734 non
2284 680 2549 748 consulto,
2612 684 2708 738 sed
2761 700 2927 752 casu;
2981 702 3087 742 non
3147 688 3346 754 studio,
3399 704 3506 744 non

1928 765 2117 824 fraude
2142 769 2307 835 mala,
2353 771 2448 825 sed
2492 785 2589 842 per
2615 773 2904 830 humanam
2952 775 3338 843 inﬁrmitatem,
3369 794 3508 848 quae

1928 872 2036 914 non
2079 859 2225 914 videt
2260 862 2464 927 omnia,
2513 862 2812 933 irrepsisse.
2854 865 2964 922 llos
3015 865 3055 919 V
3111 867 3278 923 libros
3328 869 3508 924 Abbas

1929 945 2259 1004 Tritbemius
2287 948 2546 1005 adscribit
2567 950 2756 1006 Joanni
2785 953 2968 1022 Scoto,
2990 971 3148 1026 quem
3175 955 3507 1012 Mailrosium

1926 1046 2142 1094 vocant.
2170 1039 2304 1096 Eum
2338 1041 2583 1112 sequitur
2609 1043 2828 1112 Baleus,
2859 1053 2909 1101 et
2935 1061 3056 1102 cum
3083 1057 3303 1104 errante
3337 1061 3504 1124 errat.

1928 1127 2088 1196 Nam,
2114 1139 2175 1186 ut
2201 1132 2268 1187 de
2295 1132 2578 1190 Historicis
2615 1135 2748 1192 nihil
2777 1136 2953 1192 dicam
2995 1139 3108 1209 (qui
3136 1141 3350 1210 quidem
3391 1157 3508 1197 om-

1931 1231 2026 1300 nes
2046 1219 2372 1277 unanimiter
2401 1222 2505 1278 hoc
2524 1237 2659 1294 opus
2682 1223 2844 1281 Scoto
2870 1226 3128 1298 Erigenae
3148 1230 3507 1301 adscribunt),

1929 1297 2064 1366 satis
2085 1319 2298 1367 constat
2324 1327 2390 1370 ex
2402 1314 2650 1370 versione
2677 1297 3070 1387 Ambiguorum,
3095 1334 3259 1374 unum
3290 1329 3344 1376 et
3376 1297 3508 1375 eun-

1929 1401 2050 1457 dem
2075 1402 2356 1474 utriusque
2390 1405 2572 1474 operis
2597 1421 2716 1462 esse
2743 1415 2971 1477 patrem.
3023 1409 3123 1464 Diu
3166 1410 3308 1465 haud
3347 1412 3508 1466 dubie

1930 1493 2048 1549 sine
2071 1495 2308 1550 auctoris
2336 1497 2551 1552 nomine
2575 1497 2875 1554 circumlati
2901 1508 3028 1556 sunt
3054 1501 3109 1555 hi
3139 1500 3292 1568 libri;
3323 1515 3388 1558 eo
3413 1517 3506 1557 ca-

1930 1585 2040 1639 ruit
2069 1593 2284 1653 noster;
2311 1601 2376 1642 eo
2403 1588 2566 1643 etiam
2603 1587 2924 1645 Parisiensis
2952 1591 3124 1652 codex
3152 1591 3346 1645 caruit.
3397 1591 3509 1647 lino

313 1677 366 1731 δ.
415 1679 666 1734 Tertium
719 1679 978 1752 scriptum
1025 1681 1092 1737 de
1142 1680 1642 1740 Praedestinatione
1688 1688 1830 1758 typis
1857 1673 2066 1746 Badeo
2087 1673 2432 1745 ignorabatur
2455 1691 2650 1732 nomen
2677 1678 2934 1745 auctoris.
2957 1687 3019 1733 ιιι
3037 1694 3172 1749 opus
3190 1680 3340 1748 prius
3361 1682 3510 1736 dam-

251 1770 526 1848 vulgatum
569 1770 794 1827 Parisiis
842 1788 985 1828 anno
1015 1772 1205 1829 salutis
1248 1783 1467 1832 nostrae
1511 1775 1582 1831 Μ.
1623 1777 1729 1834 DC.
1766 1778 1830 1834 L.

251 1861 411 1917 habes
454 1864 599 1932 apud
631 1865 836 1935 regium
879 1865 1244 1921 consiliarium
1271 1865 1569 1922 Gilbertum
1591 1868 1832 1942 Maugui-

254 1970 374 2008 nam
419 1955 569 2010 inter
609 1956 902 2025 scriptores
961 1957 1128 2012 seculi
1169 1957 1262 2024 IX,
1303 1973 1426 2013 cum
1469 1958 1633 2014 variis
1663 1961 1728 2016 de
1769 1976 1834 2018 eo

260 2032 390 2101 libro
420 2045 772 2116 antiquorum
795 2046 1012 2116 judiciis
1043 2056 1098 2103 et
1131 2048 1393 2104 censuris.
1639 2103 1644 2110 ,

317 2132 371 2189 4.
398 2132 459 2190 8.
496 2134 765 2190 Maximus
785 2136 1002 2206 scripsit
1026 2137 1416 2207 expositionem
1440 2137 1828 2210 Ambiguorum

262 2223 462 2294 aliquot
495 2224 764 2292 locorum,
791 2241 928 2296 quae
983 2227 1038 2280 in
1086 2226 1143 2281 S.
1192 2226 1432 2298 Dionysii
1486 2236 1542 2282 et
1586 2228 1830 2300 Gregorii

257 2313 581 2372 Nazianzeni
611 2317 761 2373 libris
788 2327 1101 2374 occurrunt.
1134 2317 1277 2374 Haec
1310 2319 1467 2390 (Pag.
1502 2318 1616 2392 xu)
1647 2304 1832 2376 Ambi-

263 2420 356 2476 gua
382 2404 628 2462 Joannes
655 2406 888 2478 Erigena
934 2409 1094 2463 vertit
1122 2408 1304 2464 latine.
1338 2408 1530 2465 Nescio
1562 2425 1630 2465 an
1659 2419 1830 2466 totum

260 2494 472 2552 Ilaximi
515 2513 692 2568 opus:
722 2498 976 2571 quoniam
1011 2497 1215 2554 Graeca
1248 2497 1308 2553 8.
1346 2498 1565 2554 Maximi
1613 2500 1830 2571 integra

263 2583 494 2634 nonduin
519 2591 712 2636 nactus
743 2597 883 2636 sum.
915 2582 1062 2648 Quae
1089 2583 1178 2638 hic
1205 2583 1259 2638 in
1295 2583 1400 2640 fine
1427 2583 1582 2656 legis,
1610 2595 1831 2658 accepta

258 2685 458 2724 mecum
491 2670 636 2725 refer
655 2671 850 2741 partim
886 2671 1151 2727 beneficio
1178 2689 1230 2726 v.
1253 2674 1320 2729 cl.
1357 2675 1588 2732 Emerici
1615 2676 1829 2750 Bigotii,

263 2762 347 2831 qui
400 2778 474 2817 ex
518 2761 852 2818 Bibliotheca
897 2763 1042 2836 regis
1078 2763 1370 2820 Galliarum
1412 2767 1466 2821 in
1513 2782 1663 2824 meos
1703 2784 1833 2825 usus

258 2854 525 2924 descripta
552 2854 913 2922 examinavit,
940 2855 1136 2926 partim
1185 2855 1358 2911 codici
1389 2872 1538 2932 meo,
1566 2859 1656 2928 qui
1685 2874 1833 2914 com-

259 2944 514 3014 plurimas
558 2941 800 3012 ejusdem
852 2943 1069 2998 Maximi
1119 2943 1519 3001 lucubrationes
1567 2948 1826 3004 continet.

1933 1773 2120 1819 natum
2156 1765 2316 1821 fuerit
2344 1766 2588 1834 Parisiis,
2617 1784 2776 1839 quam
2823 1771 3150 1837 constiterit,
3189 1773 3342 1843 cujus
3367 1785 3510 1829 esset

1932 1853 2126 1910 foetus.
2159 1854 2418 1912 Martinus
2450 1855 2683 1913 Polonus
2708 1859 2786 1915 sic
2815 1860 2882 1915 de
2921 1875 2988 1916 eo
3015 1861 3203 1916 scribit
3225 1862 3508 1932 (quemad-

1929 1945 2151 2000 modum
2179 1945 2233 2001 in
2280 1946 2488 2002 duobus
2517 1947 2672 2004 MSS.
2701 1965 2868 2020 penes
2897 1951 3426 2010 Reverendissimum
3455 1957 3507 2010 in

1932 2037 2060 2093 Chr.
2109 2037 2171 2092 P.
2205 2037 2527 2095 Gulielmum
2571 2039 2874 2112 Archiepis.
2905 2042 3162 2099 Cantuar.
3205 2045 3330 2117 legi)
3364 2064 3376 2100 :
3405 2047 3509 2100 llic

1932 2128 2063 2182 liber
2085 2126 2226 2204 [περὶ
2259 2129 2478 2203 φύσεων]
2503 2130 2640 2185 inter
2668 2130 2801 2186 alios
2827 2131 2985 2187 libros
3009 2135 3376 2191 condemnatos
3402 2136 3509 2190 Pa-

1933 2219 2073 2273 risiis
2123 2220 2354 2288 ponitur,
2405 2230 2454 2274 et
2483 2221 2678 2274 dicitur
2723 2221 2855 2276 liber
2903 2224 3174 2278 Amalrici.
3231 2225 3507 2281 Postrema

1933 2307 2067 2364 haec
2087 2309 2250 2364 verba
2281 2324 2389 2364 non
2431 2319 2740 2380 comparent
2773 2327 2827 2367 tu
2852 2313 3009 2368 editis
3034 2312 3186 2369 libris
3215 2313 3372 2369 Mart.
3411 2309 3520 2364 Po-

1932 2399 2062 2456 loni.
2079 2385 2392 2457 "Gulielmus
2418 2402 2918 2459 Malmesburiensis
2942 2404 3150 2474 primus
3181 2421 3279 2462 suo
3301 2409 3506 2462 auctori

1931 2491 2255 2559 vindicavit;
2285 2493 2537 2564 Erigena,
2568 2503 2744 2565 utpar
2766 2504 2850 2552 est
2878 2497 3214 2565 existimare,
3249 2500 3338 2554 hic
3368 2501 3506 2569 apud

1930 2593 2058 2636 suos
2088 2580 2142 2636 id
2169 2581 2346 2638 fassus
2369 2592 2504 2650 erat,
2530 2585 2674 2655 quod
2702 2586 2842 2656 apud
2875 2595 3090 2643 exteros
3115 2588 3401 2646 celaverat.

2001 2669 2054 2723 7.
2105 2668 2374 2740 Epistolas
2421 2670 2569 2750 Scoti
2615 2672 2810 2738 nullas,
2856 2678 3000 2744 quod
3045 2679 3182 2746 scio,
3224 2681 3507 2752 quisquam

1929 2761 2086 2827 vidit,
2133 2771 2350 2830 praeter
2375 2777 2488 2828 eas,
2518 2777 2653 2833 quas
2679 2765 2831 2819 libris
2858 2767 2968 2821 suis
2998 2768 3279 2836 praeﬁxit;
3310 2786 3407 2824 nec
3431 2781 3510 2825 ta-

1930 2867 2054 2907 men
2085 2852 2317 2906 dubitari
2343 2862 2542 2923 potest,
2571 2855 2700 2923 quin
2721 2855 2855 2910 alias
2884 2856 3183 2926 scripserit.
3217 2859 3430 2929 Subjeci
3450 2859 3502 2914 in

1931 2943 2081 2998 calce
2131 2943 2290 3014 hujus
2337 2944 2625 3000 voluminis
2673 2945 2926 3000 ineditam
2974 2949 3292 3016 epistolam,
3341 2965 3503 3019 quam

261 3033 538 3099 Ceterum,
567 3043 630 3088 ut
676 3032 890 3088 redeam
941 3033 1009 3088 ad
1039 3031 1282 3099 Scotum,
1305 3033 1419 3104 ejus
1452 3035 1824 3104 tralationem,
1854 3035 1898 3098 C
1931 3032 2145 3103 scripsit
2175 3032 2401 3101 Erigena
2432 3035 2498 3089 ad
2535 3033 2782 3090 Carolum
2829 3035 3054 3091 Calvum
3091 3037 3158 3093 de
3201 3038 3258 3093 S.
3290 3038 3505 3094 Maximi

258 3139 411 3192 quam
443 3124 534 3178 hic
560 3124 685 3190 edo,
720 3137 930 3178 mecum
962 3124 1377 3180 communicavit
1414 3127 1744 3184 humanitate
1771 3138 1826 3185 et
1925 3121 2194 3178 νθΐείοηθο

260 3217 559 3271 eruditione
613 3202 845 3272 celebris
899 3230 950 3269 v.
995 3213 1230 3272 Joannes
1265 3216 1555 3285 Mabillon,
1600 3220 1665 3277 de
1718 3236 1826 3290 quo

257 3324 408 3379 supra
454 3308 893 3365 commemoravi.
925 3307 1071 3363 Haec
1099 3309 1304 3376 versio,
1335 3311 1536 3380 absque
1565 3313 1663 3379 iis,
1691 3328 1828 3383 quae

258 3403 306 3456 in
343 3404 498 3458 libris
544 3405 612 3458 de
654 3402 916 3457 divisione
962 3399 1198 3457 Naturae
1246 3401 1404 3459 facile
1447 3404 1825 3472 observantur,

257 3496 380 3549 satis
429 3494 693 3558 ostendit,
747 3493 1034 3566 Erigenam
1084 3491 1252 3549 fuisse
1295 3495 1350 3549 in
1397 3493 1619 3552 Graecis
1673 3497 1830 3568 plane

259 3585 704 3654 alphabetarium.

323 3677 374 3730 5.
406 3677 552 3732 Idem
596 3691 652 3730 ν.
693 3673 764 3730 cl.
792 3671 842 3729 J.
886 3672 1224 3729 Mabillonius
1267 3673 1462 3731 librum
1512 3677 1578 3733 de
1614 3676 1832 3734 Visions

262 3765 346 3822 Dei
416 3767 774 3839 deprehendit
831 3766 884 3821 in
943 3782 1046 3822 ms.
1109 3765 1296 3824 codice
1352 3767 1831 3826 Claromariscensi

263 3871 416 3927 prope
473 3854 953 3924 Audomaropolin,
1020 3871 1144 3912 cum
1204 3858 1308 3912 hoc
1362 3855 1515 3912 titulo
1557 3865 1610 3912 et
1657 3859 1831 3926 initio,

264 3945 669 4008 TRACTATUS
699 3945 923 4000 Joannis
951 3944 1094 4001 Scoti
1122 3946 1212 4002 DE
1253 3945 1520 4004 VISIONE
1551 3948 1680 4002 DEI.
1709 3948 1836 4005 0m-

261 4053 344 4090 m
369 4053 549 4090 sensus
574 4035 808 4105 corporei
833 4051 898 4088 ea:
935 4035 1298 4104 coniunctione
1325 4047 1612 4091 nascuntur
1629 4040 1836 4094 animae

263 4138 306 4180 et
331 4129 590 4197 corporis.
611 4126 745 4181 Dedi
794 4141 893 4198 ego
931 4139 1168 4196 operam,
1212 4134 1273 4180 ut
1315 4127 1382 4182 ad
1413 4141 1498 4182 me
1529 4129 1839 4198 perveniret

263 4216 345 4271 hic
373 4218 521 4272 Scoti
567 4216 734 4282 liber;
784 4216 877 4272 sed
913 4216 1128 4270 conatui
1182 4217 1358 4273 adhuc
1406 4232 1514 4273 non
1561 4220 1838 4289 respondit

265 4322 562 4362 successus.

329 4397 380 4452 6.
419 4397 612 4452 Libros
652 4395 700 4451 γ
738 4396 805 4451 de
851 4395 1112 4452 divisione
1168 4397 1404 4453 Naturae
1450 4398 1658 4468 primus
1697 4416 1838 4456 nunc

265 4491 378 4545 edo.
430 4489 541 4544 Hos
587 4489 720 4544 mihi
767 4490 1127 4559 suppeditavit
1173 4492 1410 4562 supellex
1459 4508 1602 4557 mea,
1660 4493 1834 4565 (curta

265 4580 413 4653 alias)
455 4581 695 4636 libraria.
738 4571 919 4636 Codex
959 4592 1144 4636 noster
1170 4583 1382 4637 videtur
1405 4583 1639 4653 scriptus
1668 4585 1836 4642 fuisse

269 4681 386 4725 ante
416 4686 584 4726 annos
612 4680 920 4726 sexcentos.
951 4670 1214 4738 Quoniam
1239 4686 1418 4728 autem
1456 4690 1564 4730 non
1592 4677 1724 4732 satis
1753 4686 1838 4731 tu-

270 4770 373 4815 tum
401 4763 705 4817 existimavi
760 4762 920 4818 unico
963 4763 1128 4819 fidere
1164 4765 1479 4836 exemplari,
1514 4771 1833 4839 praesertim

268 4853 318 4906 in
367 4853 657 4924 scriptione
707 4854 1092 4908 controversiis
1142 4855 1408 4921 obnoxia,
1452 4858 1628 4927 primo
1669 4859 1836 4927 locos,

269 4958 398 5013 quos
425 4944 618 5000 Scottis
645 4960 712 5000 ex
751 4945 986 5014 antiquis
1007 4945 1256 5001 Patribus
1283 4947 1524 5013 adduxit,
1559 4964 1664 5004 non
1704 4951 1842 5006 indi-

270 5032 492 5103 ligenter
530 5035 768 5104 inspexi;
803 5036 944 5090 unde
984 5035 1267 5090 nonnullas
1303 5037 1708 5093 emendationes
1742 5054 1838 5094 co-

271 5125 365 5178 dex
389 5126 482 5180 ille
515 5135 699 5182 noster
728 5127 967 5181 lucratus
993 5134 1075 5180 est
1115 5141 1130 5180 :
1171 5119 1380 5189 deinde,
1409 5143 1530 5181 cum
1556 5129 1837 5196 rescircm,

269 5209 489 5270 Parisiis
510 5216 563 5270 iu
587 5215 912 5269 Monasterio
940 5213 998 5283 S.
1025 5214 1302 5280 Germani,
1338 5215 1496 5286 hujus
1513 5218 1695 5284 operis
1723 5234 1840 5274 ser-

273 5306 378 5357 vari
400 5305 678 5376 exemplar
701 5305 844 5358 aliud
890 5305 968 5373 (et
993 5305 1127 5359 forte
1151 5305 1364 5358 unicum
1387 5307 1680 5360 secundum
1706 5308 1835 5364 illud

272 5408 482 5459 meum;
510 5410 632 5448 nam
666 5393 850 5448 Codex
872 5392 1081 5447 Thuani
1111 5393 1260 5447 valde
1282 5394 1498 5448 mutilus
1525 5394 1661 5462 erat)
1697 5397 1834 5451 ami-

278 5487 460 5530 corum
511 5480 678 5549 gratia
723 5480 890 5547 (inter
937 5496 1077 5550 quos
1139 5485 1350 5554 primus
1389 5485 1454 5539 D.
1513 5499 1566 5537 v.
1627 5481 1825 5536 Petrus

279 5564 507 5636 Alixius)
524 5571 733 5624 obtinui
753 5571 1028 5626 variantes
1048 5573 1310 5631 lectiones
1327 5557 1389 5630 ὧι
1421 5575 1523 5630 isto
1546 5589 1648 5630 ms.
1675 5572 1826 5626 Pari—

584 5667 855 5728 ΡΑτιιοι..
903 5670 1001 5729 CX
1016 5669 1150 5730 ΧΠ.

1996 3213 2256 3271 8.Versus
2277 3216 2579 3273 amisissem
2594 3218 2846 3286 libenter,
2872 3221 2972 3277 nisi
2997 3223 3094 3278 hos
3115 3223 3304 3295 dignos
3323 3227 3510 3282 existi-

1927 3315 2128 3362 masset
2149 3307 2510 3378 Baleus,quos
2536 3307 2695 3382 [Pag.
2728 3309 2865 3386 Xlll]
2901 3325 3366 3371 commemoraret.
3399 3312 3507 3374 Ex-

1929 3400 2302 3470 stantquidam
2320 3402 2372 3456 in
2387 3402 2548 3460 Calce
2562 3405 2822 3476 epistolae
2833 3407 2900 3462 ad
2915 3407 3110 3463 librum
3126 3410 3192 3464 de
3204 3409 3510 3468 Praedesti-

1929 3489 2179 3555 natione;
2217 3489 2306 3544 alii
2337 3491 2604 3546 habentur
2628 3496 2910 3564 praemissi
2950 3497 3020 3551 ad
3059 3493 3434 3570 Areopagitica
3475 3517 3504 3554 a

1933 3575 2096 3634 Scoto
2127 3593 2405 3635 conversa.
2439 3579 2578 3635 Sunt
2620 3596 2832 3653 quoque
2865 3585 3102 3640 nonnulli
3147 3588 3201 3642 in
3237 3588 3512 3645 Glossario

1930 3668 2153 3737 Labbei,
2181 3671 2321 3740 quod
2351 3672 2588 3744 Cangius
2624 3676 2677 3729 in
2720 3675 2896 3730 lucem
2941 3677 3109 3733 dedit.
3148 3678 3510 3750 Reperiuntur

1935 3763 2164 3833 denique
2194 3764 2398 3835 aliquot
2432 3764 2578 3822 Scoti
2601 3768 2668 3822 ad
2693 3766 2944 3824 Carolum
2970 3771 3210 3825 carmina
3237 3772 3290 3826 in
3314 3773 3513 3829 Codice

1934 3870 2038 3910 ms.
2070 3853 2422 3911 Benedictino
2471 3858 2610 3928 apud
2641 3857 3144 3928 Cantabrigienses;
3171 3877 3308 3932 quae
3334 3873 3510 3922 tamen

1935 3944 2124 3999 eadem
2177 3944 2314 3999 forte
2357 3955 2482 4001 sunt
2523 3963 2645 4003 cum
2700 3949 2786 4015 iis,
2836 3966 2972 4021 quos
3014 3953 3512 4012 Reverendissimus

1939 4033 2189 4091 Usserius
2206 4035 2520 4106 jamdudum
2561 4039 2870 4110 publicavit.

2008 4126 2340 4182 Tribuuntur
2379 4127 2540 4185 Scoto
2589 4130 2846 4202 Erigonae
2871 4132 3033 4188 etiam
3075 4134 3230 4199 haec,
3261 4149 3398 4205 quae
3425 4149 3511 4192 se-

1939 4228 2200 4288 quuntur,
2230 4220 2518 4290 opuscula;
2556 4232 2700 4278 recte
2725 4239 2793 4277 an
2816 4239 2992 4295 secus,
3018 4241 3123 4280 non
3152 4226 3369 4282 deﬁnio.

2013 4311 2067 4366 9.
2108 4312 2165 4366 lu
2194 4311 2516 4366 Martianum
2546 4314 2817 4383 Capellam
2859 4315 3250 4373 Commentarii.
3283 4319 3514 4376 Servan-

1865 4381 1916 4440 Ῐ)
1946 4410 2030 4456 tur
2055 4402 2431 4456 commentarii
2462 4381 2676 4472 quidam
2706 4405 2758 4457 in
2786 4404 3057 4475 Capellam
3084 4408 3217 4463 satis
3257 4410 3514 4480 antiquae

1945 4505 2136 4544 manus
2167 4490 2221 4544 in
2249 4490 2579 4546 Bibliotheca
2610 4493 2848 4562 ampliss.
2875 4495 2978 4548 viri
3024 4494 3076 4548 1.
3105 4495 3314 4565 Cotton,
3346 4499 3515 4555 Baro-

1943 4579 2115 4636 netti‘:
2147 4583 2240 4637 sed
2289 4584 2545 4655 anonymi
2579 4593 2724 4649 sunt,
2755 4595 2810 4640 et
2838 4585 2908 4641 ob
2947 4588 3232 4644 nonnullas
3276 4593 3516 4648 rationes

1941 4680 2072 4742 puto
2117 4672 2439 4728 Dunchauto
2486 4675 2734 4730 Pontilici
2789 4676 3108 4735 Hibernensl
3164 4682 3345 4750 potius
3396 4673 3516 4740 esse

1943 4761 2348 4817 adscribendos.
2379 4763 2758 4818 Dunchantum
2799 4777 2982 4822 servat
3007 4767 3338 4828 Bibliotheca
3369 4775 3516 4846 regis

1945 4854 2113 4908 nostri
2140 4853 2340 4909 Caroli.

2015 4945 2103 5000 10.
2144 4947 2220 5002 De
2271 4948 2541 5018 excerptis
2591 4964 2658 5006 ex
2708 4949 2979 5006 Macrobio
3040 4952 3120 5008 sic
3183 4953 3514 5012 clarissimus

1941 5036 2198 5092 Armach.
2243 5035 2478 5094 Jacobus
2525 5038 2778 5095 Usserius
2818 5059 2833 5094 :
2870 5060 2889 5093 ι
2930 5040 3154 5098 Joannis
3177 5059 3390 5115 quoque
3421 5063 3511 5099 nu-

1941 5128 2038 5182 stri
2059 5135 2322 5196 putantur
2340 5143 2460 5182 esse
2483 5130 2873 5198 excerpta'illa,
2915 5147 3052 5200 quae
3087 5133 3228 5188 inter
3256 5133 3510 5190 Macrobii

1945 5220 2146 5290 scripta
2168 5219 2432 5286 feruntur,
2456 5221 2523 5276 de
2541 5220 2857 5278 differentiis
2879 5233 2934 5280 et
2953 5226 3301 5282 societatibus
3334 5226 3508 5296 graeci

1946 5311 2204 5380 latinique
2235 5313 2405 5377 verbi,
2434 5321 2536 5367 cet.
2569 5313 2646 5368 lta
2673 5331 2886 5385 quoque
2925 5318 3132 5371 censuit
3169 5315 3228 5369 P.
3258 5316 3506 5373 Pithoeus

1943 5419 1996 5454 v.
2037 5403 2108 5456 cl.
2149 5422 2167 5454 ι
2203 5402 2349 5457 Haec
2370 5405 2458 5460 ille
2479 5405 2532 5458 in
2558 5404 2727 5472 Epist.
2766 5407 3085 5463 Hibernicis.

2005 5484 2092 5537 Η.
2134 5485 2208 5541 De
2258 5488 2555 5556 Disciplina
2605 5487 2976 5543 Scholarium.
3032 5491 3192 5543 Putat
3231 5489 3498 5545 Joannem

1941 5575 2086 5630 hunc
2112 5579 2396 5648 scripsisse
2440 5579 2639 5638 Buleus
2670 5581 2720 5633 in
2747 5580 2978 5635 Historia
3017 5583 3321 5637 Academiae
3349 5582 3502 5641 Pario

3116 5676 3149 5738 μὶ
