  <div class='ocr_page' id='page_1' title='image "/cluster/home/n/w/nwhite01/storage/ocr_20150623/122/hvd.32044054759840/087.png"; bbox 0 0 4002 6148; ppageno 0'>
   <div class='ocr_carea' id='block_1_1' title="bbox 458 191 2925 254">
    <p class='ocr_par' dir='ltr' id='par_1_1' title="bbox 458 191 2925 254">
     <span class='ocr_line' id='line_1_1' title="bbox 458 191 2925 254; baseline 0.001 -4"><span class='ocrx_word' id='word_1_1' title='bbox 458 193 528 251; x_wconf 80' lang='lat'><strong>99</strong></span> <span class='ocrx_word' id='word_1_2' title='bbox 1280 193 1490 253; x_wconf 83' lang='lat' dir='ltr'><strong>THOM.</strong></span> <span class='ocrx_word' id='word_1_3' title='bbox 1533 194 1733 251; x_wconf 76' lang='lat' dir='ltr'><strong>GALE!</strong></span> <span class='ocrx_word' id='word_1_4' title='bbox 1773 191 2160 251; x_wconf 75' lang='lat' dir='ltr'><strong>PRAEFATIO</strong></span> <span class='ocrx_word' id='word_1_5' title='bbox 2197 193 2264 248; x_wconf 83' lang='lat' dir='ltr'><strong>IN</strong></span> <span class='ocrx_word' id='word_1_6' title='bbox 2301 193 2428 250; x_wconf 80' lang='lat' dir='ltr'><strong>LIB.</strong></span> <span class='ocrx_word' id='word_1_7' title='bbox 2468 195 2554 252; x_wconf 80' lang='lat' dir='ltr'><strong>DE</strong></span> <span class='ocrx_word' id='word_1_8' title='bbox 2593 195 2726 252; x_wconf 74' lang='grc' dir='ltr'><strong>ΒΝ.</strong></span> <span class='ocrx_word' id='word_1_9' title='bbox 2764 195 2925 254; x_wconf 83' lang='lat' dir='ltr'><strong>NAT.</strong></span> 
     </span>
    </p>
   </div>
   <div class='ocr_carea' id='block_1_2' title="bbox 3605 199 3714 258">
    <p class='ocr_par' dir='ltr' id='par_1_2' title="bbox 3605 199 3714 258">
     <span class='ocr_line' id='line_1_2' title="bbox 3605 199 3714 258; baseline 0.037 -4"><span class='ocrx_word' id='word_1_10' title='bbox 3605 199 3714 258; x_wconf 68' lang='lat'><strong>£00</strong></span> 
     </span>
    </p>
   </div>
   <div class='ocr_carea' id='block_1_3' title="bbox 455 282 3713 360">
    <p class='ocr_par' dir='ltr' id='par_1_3' title="bbox 455 282 3713 360">
     <span class='ocr_line' id='line_1_3' title="bbox 455 282 3713 360; baseline 0.001 -20"><span class='ocrx_word' id='word_1_11' title='bbox 455 284 670 340; x_wconf 79' lang='lat' dir='ltr'><strong>siensis.</strong></span> <span class='ocrx_word' id='word_1_12' title='bbox 727 282 988 358; x_wconf 83' lang='lat' dir='ltr'><strong>Equidem</strong></span> <span class='ocrx_word' id='word_1_13' title='bbox 1033 285 1191 342; x_wconf 79' lang='lat' dir='ltr'><strong>aliter</strong></span> <span class='ocrx_word' id='word_1_14' title='bbox 1236 301 1452 342; x_wconf 87' lang='lat' dir='ltr'><strong>censeo.</strong></span> <span class='ocrx_word' id='word_1_15' title='bbox 1511 286 1830 356; x_wconf 85' lang='lat' dir='ltr'><strong>Quanquam</strong></span> <span class='ocrx_word' id='word_1_16' title='bbox 1881 284 2027 340; x_wconf 90' lang='lat' dir='ltr'><strong>enim</strong></span> <span class='ocrx_word' id='word_1_17' title='bbox 2057 291 2102 348; x_wconf 80' lang='grc' dir='ltr'><strong>Α</strong></span> <span class='ocrx_word' id='word_1_18' title='bbox 2133 285 2282 339; x_wconf 84' lang='lat' dir='ltr'><strong>vivos</strong></span> <span class='ocrx_word' id='word_1_19' title='bbox 2327 301 2449 340; x_wconf 89' lang='lat' dir='ltr'><strong>esse</strong></span> <span class='ocrx_word' id='word_1_20' title='bbox 2479 287 2656 351; x_wconf 90' lang='lat' dir='ltr'><strong>desiit,</strong></span> <span class='ocrx_word' id='word_1_21' title='bbox 2691 303 2796 344; x_wconf 93' lang='lat' dir='ltr'><strong>non</strong></span> <span class='ocrx_word' id='word_1_22' title='bbox 2843 295 2992 343; x_wconf 88' lang='lat' dir='ltr'><strong>certo</strong></span> <span class='ocrx_word' id='word_1_23' title='bbox 3039 286 3308 360; x_wconf 78' lang='lat' dir='ltr'><strong>designat.</strong></span> <span class='ocrx_word' id='word_1_24' title='bbox 3361 285 3587 344; x_wconf 77' lang='lat' dir='ltr'><strong>Constat</strong></span> <span class='ocrx_word' id='word_1_25' title='bbox 3643 305 3713 343; x_wconf 77' lang='lat' dir='ltr'><strong>ex</strong></span> 
     </span>
    </p>
   </div>
   <div class='ocr_carea' id='block_1_4' title="bbox 460 376 2034 447">
    <p class='ocr_par' dir='ltr' id='par_1_4' title="bbox 460 376 2034 447">
     <span class='ocr_line' id='line_1_4' title="bbox 460 376 2034 447; baseline -0.002 -14"><span class='ocrx_word' id='word_1_26' title='bbox 460 379 657 435; x_wconf 87' lang='lat' dir='ltr'><strong>Scolus</strong></span> <span class='ocrx_word' id='word_1_27' title='bbox 685 389 870 435; x_wconf 90' lang='lat' dir='ltr'><strong>noster</strong></span> <span class='ocrx_word' id='word_1_28' title='bbox 907 379 1162 434; x_wconf 85' lang='lat' dir='ltr'><strong>barbarus</strong></span> <span class='ocrx_word' id='word_1_29' title='bbox 1191 389 1303 434; x_wconf 87' lang='lat' dir='ltr'><strong>erat</strong></span> <span class='ocrx_word' id='word_1_30' title='bbox 1327 388 1376 433; x_wconf 88' lang='lat' dir='ltr'><strong>et</strong></span> <span class='ocrx_word' id='word_1_31' title='bbox 1412 379 1467 432; x_wconf 90' lang='lat' dir='ltr'><strong>in</strong></span> <span class='ocrx_word' id='word_1_32' title='bbox 1494 378 1686 447; x_wconf 80' lang='lat' dir='ltr'><strong>ﬁnibus</strong></span> <span class='ocrx_word' id='word_1_33' title='bbox 1715 376 1898 431; x_wconf 84' lang='lat' dir='ltr'><strong>mundi</strong></span> <span class='ocrx_word' id='word_1_34' title='bbox 1939 391 2034 446; x_wconf 90' lang='lat' dir='ltr'><strong>po-</strong></span> 
     </span>
    </p>
   </div>
   <div class='ocr_carea' id='block_1_5' title="bbox 457 449 2032 540">
    <p class='ocr_par' dir='ltr' id='par_1_5' title="bbox 457 449 2032 540">
     <span class='ocr_line' id='line_1_5' title="bbox 457 449 2032 540; baseline -0.002 -18"><span class='ocrx_word' id='word_1_35' title='bbox 457 470 611 533; x_wconf 86' lang='lat' dir='ltr'><strong>situs,</strong></span> <span class='ocrx_word' id='word_1_36' title='bbox 658 477 716 522; x_wconf 92' lang='lat' dir='ltr'><strong>ut</strong></span> <span class='ocrx_word' id='word_1_37' title='bbox 758 470 822 525; x_wconf 91' lang='lat' dir='ltr'><strong>de</strong></span> <span class='ocrx_word' id='word_1_38' title='bbox 850 484 915 525; x_wconf 93' lang='lat' dir='ltr'><strong>eo</strong></span> <span class='ocrx_word' id='word_1_39' title='bbox 941 469 1177 540; x_wconf 85' lang='lat' dir='ltr'><strong>loquitur</strong></span> <span class='ocrx_word' id='word_1_40' title='bbox 1217 449 1534 524; x_wconf 56' lang='lat' dir='ltr'><strong>Anastasius</strong></span> <span class='ocrx_word' id='word_1_41' title='bbox 1569 467 2032 534; x_wconf 88' lang='lat' dir='ltr'><strong>bibliothecarius,</strong></span> 
     </span>
    </p>
   </div>
   <div class='ocr_carea' id='block_1_6' title="bbox 458 558 2033 634">
    <p class='ocr_par' dir='ltr' id='par_1_6' title="bbox 458 558 2033 634">
     <span class='ocr_line' id='line_1_6' title="bbox 458 558 2033 634; baseline 0.002 -21"><span class='ocrx_word' id='word_1_42' title='bbox 458 567 605 614; x_wconf 87' lang='lat' dir='ltr'><strong>certe</strong></span> <span class='ocrx_word' id='word_1_43' title='bbox 629 575 734 614; x_wconf 93' lang='lat' dir='ltr'><strong>non</strong></span> <span class='ocrx_word' id='word_1_44' title='bbox 767 560 923 625; x_wconf 89' lang='lat' dir='ltr'><strong>adeo,</strong></span> <span class='ocrx_word' id='word_1_45' title='bbox 957 575 1021 614; x_wconf 87' lang='lat' dir='ltr'><strong>ac</strong></span> <span class='ocrx_word' id='word_1_46' title='bbox 1055 569 1245 615; x_wconf 83' lang='lat' dir='ltr'><strong>auctor</strong></span> <span class='ocrx_word' id='word_1_47' title='bbox 1277 559 1434 615; x_wconf 88' lang='lat' dir='ltr'><strong>istius</strong></span> <span class='ocrx_word' id='word_1_48' title='bbox 1456 558 1642 624; x_wconf 87' lang='lat' dir='ltr'><strong>libelli,</strong></span> <span class='ocrx_word' id='word_1_49' title='bbox 1671 558 2033 634; x_wconf 74' lang='grc' dir='ltr'><strong>ἐϐαρϐαρώθη,</strong></span> 
     </span>
    </p>
   </div>
   <div class='ocr_carea' id='block_1_7' title="bbox 457 647 2035 721">
    <p class='ocr_par' dir='ltr' id='par_1_7' title="bbox 457 647 2035 721">
     <span class='ocr_line' id='line_1_7' title="bbox 457 647 2035 721; baseline -0.001 -18"><span class='ocrx_word' id='word_1_50' title='bbox 457 665 565 704; x_wconf 90' lang='lat' dir='ltr'><strong>nec</strong></span> <span class='ocrx_word' id='word_1_51' title='bbox 597 649 968 721; x_wconf 88' lang='lat' dir='ltr'><strong>Chrysostomi</strong></span> <span class='ocrx_word' id='word_1_52' title='bbox 1009 664 1208 705; x_wconf 86' lang='lat' dir='ltr'><strong>nomen</strong></span> <span class='ocrx_word' id='word_1_53' title='bbox 1247 650 1298 705; x_wconf 92' lang='lat' dir='ltr'><strong>ei</strong></span> <span class='ocrx_word' id='word_1_54' title='bbox 1329 665 1565 719; x_wconf 86' lang='lat' dir='ltr'><strong>unquam</strong></span> <span class='ocrx_word' id='word_1_55' title='bbox 1597 649 1912 704; x_wconf 86' lang='lat' dir='ltr'><strong>tribuissent</strong></span> <span class='ocrx_word' id='word_1_56' title='bbox 1949 647 2035 703; x_wconf 88' lang='lat' dir='ltr'><strong>sui</strong></span> 
     </span>
    </p>
   </div>
   <div class='ocr_carea' id='block_1_8' title="bbox 458 739 2038 814">
    <p class='ocr_par' dir='ltr' id='par_1_8' title="bbox 458 739 2038 814">
     <span class='ocr_line' id='line_1_8' title="bbox 458 739 2038 814; baseline 0 -18"><span class='ocrx_word' id='word_1_57' title='bbox 458 743 628 796; x_wconf 88' lang='lat' dir='ltr'><strong>seculi</strong></span> <span class='ocrx_word' id='word_1_58' title='bbox 659 743 924 808; x_wconf 87' lang='lat' dir='ltr'><strong>homines,</strong></span> <span class='ocrx_word' id='word_1_59' title='bbox 958 741 1004 798; x_wconf 89' lang='lat' dir='ltr'><strong>si</strong></span> <span class='ocrx_word' id='word_1_60' title='bbox 1054 741 1209 798; x_wconf 85' lang='lat' dir='ltr'><strong>istius</strong></span> <span class='ocrx_word' id='word_1_61' title='bbox 1257 741 1443 811; x_wconf 83' lang='lat' dir='ltr'><strong>scripti</strong></span> <span class='ocrx_word' id='word_1_62' title='bbox 1474 740 1696 814; x_wconf 85' lang='lat' dir='ltr'><strong>ﬁgulum</strong></span> <span class='ocrx_word' id='word_1_63' title='bbox 1723 739 2038 796; x_wconf 78' lang='lat' dir='ltr'><strong>existimas-</strong></span> 
     </span>
    </p>
   </div>
   <div class='ocr_carea' id='block_1_9' title="bbox 459 843 599 889">
    <p class='ocr_par' dir='ltr' id='par_1_9' title="bbox 459 843 599 889">
     <span class='ocr_line' id='line_1_9' title="bbox 459 843 599 889; baseline -0.029 0"><span class='ocrx_word' id='word_1_64' title='bbox 459 843 599 889; x_wconf 82' lang='lat' dir='ltr'><strong>sent.</strong></span> 
     </span>
    </p>
   </div>
   <div class='ocr_carea' id='block_1_10' title="bbox 530 920 2036 995">
    <p class='ocr_par' dir='ltr' id='par_1_10' title="bbox 530 920 2036 995">
     <span class='ocr_line' id='line_1_10' title="bbox 530 920 2036 995; baseline -0.002 -16"><span class='ocrx_word' id='word_1_65' title='bbox 530 924 615 979; x_wconf 72' lang='grc'><strong>12.</strong></span> <span class='ocrx_word' id='word_1_66' title='bbox 648 923 948 995; x_wconf 85' lang='lat' dir='ltr'><strong>Disputatio</strong></span> <span class='ocrx_word' id='word_1_67' title='bbox 986 939 1110 982; x_wconf 89' lang='lat' dir='ltr'><strong>cum</strong></span> <span class='ocrx_word' id='word_1_68' title='bbox 1146 923 1432 979; x_wconf 87' lang='lat' dir='ltr'><strong>Theodoro</strong></span> <span class='ocrx_word' id='word_1_69' title='bbox 1471 921 1687 978; x_wconf 92' lang='lat' dir='ltr'><strong>Studita</strong></span> <span class='ocrx_word' id='word_1_70' title='bbox 1717 920 1878 992; x_wconf 90' lang='lat' dir='ltr'><strong>hujus</strong></span> <span class='ocrx_word' id='word_1_71' title='bbox 1912 935 2036 977; x_wconf 89' lang='lat' dir='ltr'><strong>esse</strong></span> 
     </span>
    </p>
   </div>
   <div class='ocr_carea' id='block_1_11' title="bbox 457 1009 2034 1084">
    <p class='ocr_par' dir='ltr' id='par_1_11' title="bbox 457 1009 2034 1084">
     <span class='ocr_line' id='line_1_11' title="bbox 457 1009 2034 1084; baseline -0.002 -17"><span class='ocrx_word' id='word_1_72' title='bbox 457 1027 564 1068; x_wconf 93' lang='lat' dir='ltr'><strong>non</strong></span> <span class='ocrx_word' id='word_1_73' title='bbox 591 1012 823 1078; x_wconf 84' lang='lat' dir='ltr'><strong>videtur,</strong></span> <span class='ocrx_word' id='word_1_74' title='bbox 865 1012 1119 1082; x_wconf 90' lang='lat' dir='ltr'><strong>quoniam</strong></span> <span class='ocrx_word' id='word_1_75' title='bbox 1165 1011 1484 1068; x_wconf 89' lang='lat' dir='ltr'><strong>Theodorus</strong></span> <span class='ocrx_word' id='word_1_76' title='bbox 1510 1012 1672 1084; x_wconf 88' lang='lat' dir='ltr'><strong>paulo</strong></span> <span class='ocrx_word' id='word_1_77' title='bbox 1705 1011 1885 1068; x_wconf 87' lang='lat' dir='ltr'><strong>senior</strong></span> <span class='ocrx_word' id='word_1_78' title='bbox 1909 1009 2034 1079; x_wconf 75' lang='lat' dir='ltr'><strong>fuit,</strong></span> 
     </span>
    </p>
   </div>
   <div class='ocr_carea' id='block_1_12' title="bbox 457 1101 2032 1175">
    <p class='ocr_par' dir='ltr' id='par_1_12' title="bbox 457 1101 2032 1175">
     <span class='ocr_line' id='line_1_12' title="bbox 457 1101 2032 1175; baseline 0.002 -21"><span class='ocrx_word' id='word_1_79' title='bbox 457 1118 617 1172; x_wconf 90' lang='lat' dir='ltr'><strong>quam</strong></span> <span class='ocrx_word' id='word_1_80' title='bbox 649 1112 707 1157; x_wconf 92' lang='lat' dir='ltr'><strong>ut</strong></span> <span class='ocrx_word' id='word_1_81' title='bbox 731 1103 795 1157; x_wconf 85' lang='lat' dir='ltr'><strong>ad</strong></span> <span class='ocrx_word' id='word_1_82' title='bbox 825 1101 972 1157; x_wconf 87' lang='lat' dir='ltr'><strong>Scoti</strong></span> <span class='ocrx_word' id='word_1_83' title='bbox 1002 1103 1171 1158; x_wconf 87' lang='lat' dir='ltr'><strong>nostri</strong></span> <span class='ocrx_word' id='word_1_84' title='bbox 1204 1112 1444 1173; x_wconf 88' lang='lat' dir='ltr'><strong>tempora</strong></span> <span class='ocrx_word' id='word_1_85' title='bbox 1473 1103 1777 1175; x_wconf 76' lang='lat' dir='ltr'><strong>pertingere</strong></span> <span class='ocrx_word' id='word_1_86' title='bbox 1802 1110 1985 1174; x_wconf 87' lang='lat' dir='ltr'><strong>posset</strong></span> <span class='ocrx_word' id='word_1_87' title='bbox 2015 1117 2032 1157; x_wconf 89' lang='lat'><strong>:</strong></span> 
     </span>
    </p>
   </div>
   <div class='ocr_carea' id='block_1_13' title="bbox 457 1190 2036 1263">
    <p class='ocr_par' dir='ltr' id='par_1_13' title="bbox 457 1190 2036 1263">
     <span class='ocr_line' id='line_1_13' title="bbox 457 1190 2036 1263; baseline 0 -17"><span class='ocrx_word' id='word_1_88' title='bbox 457 1190 650 1246; x_wconf 91' lang='lat' dir='ltr'><strong>deinde</strong></span> <span class='ocrx_word' id='word_1_89' title='bbox 703 1193 917 1246; x_wconf 87' lang='lat' dir='ltr'><strong>videtur</strong></span> <span class='ocrx_word' id='word_1_90' title='bbox 969 1191 1057 1246; x_wconf 91' lang='lat' dir='ltr'><strong>illa</strong></span> <span class='ocrx_word' id='word_1_91' title='bbox 1108 1193 1401 1263; x_wconf 86' lang='lat' dir='ltr'><strong>disputatio</strong></span> <span class='ocrx_word' id='word_1_92' title='bbox 1447 1192 1718 1249; x_wconf 89' lang='lat' dir='ltr'><strong>celebrata</strong></span> <span class='ocrx_word' id='word_1_93' title='bbox 1760 1191 1927 1248; x_wconf 82' lang='lat' dir='ltr'><strong>fuisse</strong></span> <span class='ocrx_word' id='word_1_94' title='bbox 1965 1191 2036 1247; x_wconf 90' lang='lat' dir='ltr'><strong>de</strong></span> 
     </span>
    </p>
   </div>
   <div class='ocr_carea' id='block_1_14' title="bbox 454 1283 2035 1356">
    <p class='ocr_par' dir='ltr' id='par_1_14' title="bbox 454 1283 2035 1356">
     <span class='ocr_line' id='line_1_14' title="bbox 454 1283 2035 1356; baseline 0.001 -18"><span class='ocrx_word' id='word_1_95' title='bbox 454 1283 598 1339; x_wconf 87' lang='lat' dir='ltr'><strong>cultu</strong></span> <span class='ocrx_word' id='word_1_96' title='bbox 644 1284 958 1355; x_wconf 80' lang='lat' dir='ltr'><strong>imaginum,</strong></span> <span class='ocrx_word' id='word_1_97' title='bbox 1005 1299 1143 1354; x_wconf 88' lang='lat' dir='ltr'><strong>quae</strong></span> <span class='ocrx_word' id='word_1_98' title='bbox 1185 1285 1403 1355; x_wconf 86' lang='lat' dir='ltr'><strong>quidem</strong></span> <span class='ocrx_word' id='word_1_99' title='bbox 1445 1285 1754 1356; x_wconf 76' lang='lat' dir='ltr'><strong>agitabatur</strong></span> <span class='ocrx_word' id='word_1_100' title='bbox 1793 1292 2035 1355; x_wconf 84' lang='lat' dir='ltr'><strong>tempore</strong></span> 
     </span>
    </p>
   </div>
   <div class='ocr_carea' id='block_1_15' title="bbox 455 1374 2035 1447">
    <p class='ocr_par' dir='ltr' id='par_1_15' title="bbox 455 1374 2035 1447">
     <span class='ocr_line' id='line_1_15' title="bbox 455 1374 2035 1447; baseline 0.002 -20"><span class='ocrx_word' id='word_1_101' title='bbox 455 1374 686 1429; x_wconf 81' lang='lat' dir='ltr'><strong>Alcwini</strong></span> <span class='ocrx_word' id='word_1_102' title='bbox 733 1384 791 1430; x_wconf 91' lang='lat' dir='ltr'><strong>et</strong></span> <span class='ocrx_word' id='word_1_103' title='bbox 832 1374 1057 1430; x_wconf 86' lang='lat' dir='ltr'><strong>Joannis</strong></span> <span class='ocrx_word' id='word_1_104' title='bbox 1101 1375 1247 1431; x_wconf 89' lang='lat' dir='ltr'><strong>Scoli</strong></span> <span class='ocrx_word' id='word_1_105' title='bbox 1289 1375 1532 1431; x_wconf 76' lang='lat' dir='ltr'><strong>Mailros.</strong></span> <span class='ocrx_word' id='word_1_106' title='bbox 1565 1374 1701 1431; x_wconf 85' lang='lat' dir='ltr'><strong>lluic</strong></span> <span class='ocrx_word' id='word_1_107' title='bbox 1734 1375 1896 1447; x_wconf 80' lang='lat' dir='ltr'><strong>igitur</strong></span> <span class='ocrx_word' id='word_1_108' title='bbox 1938 1389 2035 1446; x_wconf 88' lang='lat' dir='ltr'><strong>po-</strong></span> 
     </span>
    </p>
   </div>
   <div class='ocr_carea' id='block_1_16' title="bbox 455 1451 2034 1536">
    <p class='ocr_par' dir='ltr' id='par_1_16' title="bbox 455 1451 2034 1536">
     <span class='ocr_line' id='line_1_16' title="bbox 455 1451 2034 1536; baseline -0.001 -18"><span class='ocrx_word' id='word_1_109' title='bbox 455 1464 565 1519; x_wconf 87' lang='lat' dir='ltr'><strong>tius</strong></span> <span class='ocrx_word' id='word_1_110' title='bbox 588 1478 750 1533; x_wconf 90' lang='lat' dir='ltr'><strong>quam</strong></span> <span class='ocrx_word' id='word_1_111' title='bbox 775 1451 1034 1536; x_wconf 77' lang='lat' dir='ltr'><strong>Erigenae</strong></span> <span class='ocrx_word' id='word_1_112' title='bbox 1061 1473 1369 1533; x_wconf 85' lang='lat' dir='ltr'><strong>competere</strong></span> <span class='ocrx_word' id='word_1_113' title='bbox 1409 1465 1622 1519; x_wconf 88' lang='lat' dir='ltr'><strong>videtur</strong></span> <span class='ocrx_word' id='word_1_114' title='bbox 1661 1464 1766 1519; x_wconf 89' lang='lat' dir='ltr'><strong>ista</strong></span> <span class='ocrx_word' id='word_1_115' title='bbox 1792 1463 2034 1534; x_wconf 85' lang='lat' dir='ltr'><strong>disputa-</strong></span> 
     </span>
    </p>
   </div>
   <div class='ocr_carea' id='block_1_17' title="bbox 454 1553 2031 1622">
    <p class='ocr_par' dir='ltr' id='par_1_17' title="bbox 454 1553 2031 1622">
     <span class='ocr_line' id='line_1_17' title="bbox 454 1553 2031 1622; baseline 0.001 -15"><span class='ocrx_word' id='word_1_116' title='bbox 454 1554 532 1610; x_wconf 88' lang='lat' dir='ltr'><strong>tio</strong></span> <span class='ocrx_word' id='word_1_117' title='bbox 565 1573 576 1607; x_wconf 94' lang='lat'>:</span> <span class='ocrx_word' id='word_1_118' title='bbox 611 1564 874 1620; x_wconf 79' lang='lat' dir='ltr'><strong>servatur,</strong></span> <span class='ocrx_word' id='word_1_119' title='bbox 912 1555 992 1609; x_wconf 92' lang='lat' dir='ltr'><strong>uti</strong></span> <span class='ocrx_word' id='word_1_120' title='bbox 1014 1556 1194 1622; x_wconf 89' lang='lat' dir='ltr'><strong>audio,</strong></span> <span class='ocrx_word' id='word_1_121' title='bbox 1219 1555 1273 1610; x_wconf 93' lang='lat' dir='ltr'><strong>in</strong></span> <span class='ocrx_word' id='word_1_122' title='bbox 1317 1554 1667 1612; x_wconf 87' lang='lat' dir='ltr'><strong>celeberrima</strong></span> <span class='ocrx_word' id='word_1_123' title='bbox 1696 1553 2031 1612; x_wconf 79' lang='lat' dir='ltr'><strong>Bibliotheca</strong></span> 
     </span>
    </p>
   </div>
   <div class='ocr_carea' id='block_1_18' title="bbox 454 1642 957 1715">
    <p class='ocr_par' dir='ltr' id='par_1_18' title="bbox 454 1642 957 1715">
     <span class='ocr_line' id='line_1_18' title="bbox 454 1642 957 1715; baseline 0.006 -19"><span class='ocrx_word' id='word_1_124' title='bbox 454 1642 618 1715; x_wconf 80' lang='lat' dir='ltr'><strong>Regis</strong></span> <span class='ocrx_word' id='word_1_125' title='bbox 643 1643 957 1700; x_wconf 88' lang='lat' dir='ltr'><strong>Galliarum.</strong></span> 
     </span>
    </p>
   </div>
   <div class='ocr_carea' id='block_1_19' title="bbox 527 1737 2037 1795">
    <p class='ocr_par' dir='ltr' id='par_1_19' title="bbox 527 1737 2037 1795">
     <span class='ocr_line' id='line_1_19' title="bbox 527 1737 2037 1795; baseline 0.001 -3"><span class='ocrx_word' id='word_1_126' title='bbox 527 1739 613 1792; x_wconf 78' lang='grc'><strong>15.</strong></span> <span class='ocrx_word' id='word_1_127' title='bbox 656 1737 873 1792; x_wconf 76' lang='lat' dir='ltr'><strong>Moralia</strong></span> <span class='ocrx_word' id='word_1_128' title='bbox 914 1738 1219 1795; x_wconf 82' lang='lat' dir='ltr'><strong>Aristotelis</strong></span> <span class='ocrx_word' id='word_1_129' title='bbox 1261 1754 1331 1794; x_wconf 91' lang='lat' dir='ltr'><strong>an</strong></span> <span class='ocrx_word' id='word_1_130' title='bbox 1370 1738 1536 1795; x_wconf 89' lang='lat' dir='ltr'><strong>latine</strong></span> <span class='ocrx_word' id='word_1_131' title='bbox 1573 1738 1800 1795; x_wconf 87' lang='lat' dir='ltr'><strong>verterit</strong></span> <span class='ocrx_word' id='word_1_132' title='bbox 1833 1738 2037 1795; x_wconf 90' lang='lat' dir='ltr'><strong>nescio.</strong></span> 
     </span>
    </p>
   </div>
   <div class='ocr_carea' id='block_1_20' title="bbox 464 1831 1700 1901">
    <p class='ocr_par' dir='ltr' id='par_1_20' title="bbox 464 1831 1700 1901">
     <span class='ocr_line' id='line_1_20' title="bbox 464 1831 1700 1901; baseline 0.002 -15"><span class='ocrx_word' id='word_1_133' title='bbox 464 1831 726 1901; x_wconf 87' lang='lat' dir='ltr'><strong>Suspicor</strong></span> <span class='ocrx_word' id='word_1_134' title='bbox 772 1833 908 1889; x_wconf 92' lang='lat' dir='ltr'><strong>alius</strong></span> <span class='ocrx_word' id='word_1_135' title='bbox 938 1833 1087 1890; x_wconf 90' lang='lat' dir='ltr'><strong>Scoti</strong></span> <span class='ocrx_word' id='word_1_136' title='bbox 1115 1849 1236 1890; x_wconf 89' lang='lat' dir='ltr'><strong>esse</strong></span> <span class='ocrx_word' id='word_1_137' title='bbox 1260 1833 1500 1890; x_wconf 88' lang='lat' dir='ltr'><strong>laborem</strong></span> <span class='ocrx_word' id='word_1_138' title='bbox 1531 1835 1700 1890; x_wconf 90' lang='lat' dir='ltr'><strong>illum.</strong></span> 
     </span>
    </p>
   </div>
   <div class='ocr_carea' id='block_1_21' title="bbox 529 1924 2042 1996">
    <p class='ocr_par' dir='ltr' id='par_1_21' title="bbox 529 1924 2042 1996">
     <span class='ocr_line' id='line_1_21' title="bbox 529 1924 2042 1996; baseline -0.001 -16"><span class='ocrx_word' id='word_1_139' title='bbox 529 1925 618 1980; x_wconf 75' lang='grc'><strong>14.</strong></span> <span class='ocrx_word' id='word_1_140' title='bbox 661 1924 851 1981; x_wconf 80' lang='lat' dir='ltr'><strong>Versio</strong></span> <span class='ocrx_word' id='word_1_141' title='bbox 895 1924 1246 1992; x_wconf 84' lang='lat' dir='ltr'><strong>Aristotelici,</strong></span> <span class='ocrx_word' id='word_1_142' title='bbox 1278 1934 1339 1980; x_wconf 89' lang='lat' dir='ltr'><strong>ut</strong></span> <span class='ocrx_word' id='word_1_143' title='bbox 1379 1935 1623 1996; x_wconf 89' lang='lat' dir='ltr'><strong>putatur,</strong></span> <span class='ocrx_word' id='word_1_144' title='bbox 1666 1926 1785 1981; x_wconf 83' lang='lat' dir='ltr'><strong>libri</strong></span> <span class='ocrx_word' id='word_1_145' title='bbox 1820 1926 1886 1981; x_wconf 87' lang='lat' dir='ltr'><strong>de</strong></span> <span class='ocrx_word' id='word_1_146' title='bbox 1911 1925 2042 1996; x_wconf 81' lang='lat' dir='ltr'><strong>regi-</strong></span> 
     </span>
    </p>
   </div>
   <div class='ocr_carea' id='block_1_22' title="bbox 450 2013 2039 2086">
    <p class='ocr_par' dir='ltr' id='par_1_22' title="bbox 450 2013 2039 2086">
     <span class='ocr_line' id='line_1_22' title="bbox 450 2013 2039 2086; baseline 0 -16"><span class='ocrx_word' id='word_1_147' title='bbox 450 2017 591 2070; x_wconf 83' lang='lat' dir='ltr'><strong>mine</strong></span> <span class='ocrx_word' id='word_1_148' title='bbox 614 2013 923 2084; x_wconf 82' lang='lat' dir='ltr'><strong>Principum</strong></span> <span class='ocrx_word' id='word_1_149' title='bbox 951 2015 1114 2085; x_wconf 85' lang='lat' dir='ltr'><strong>hujus</strong></span> <span class='ocrx_word' id='word_1_150' title='bbox 1141 2013 1289 2070; x_wconf 89' lang='lat' dir='ltr'><strong>Scoti</strong></span> <span class='ocrx_word' id='word_1_151' title='bbox 1323 2029 1430 2070; x_wconf 91' lang='lat' dir='ltr'><strong>non</strong></span> <span class='ocrx_word' id='word_1_152' title='bbox 1472 2023 1556 2070; x_wconf 89' lang='lat' dir='ltr'><strong>est</strong></span> <span class='ocrx_word' id='word_1_153' title='bbox 1594 2030 1753 2085; x_wconf 89' lang='lat' dir='ltr'><strong>opus,</strong></span> <span class='ocrx_word' id='word_1_154' title='bbox 1783 2015 2039 2086; x_wconf 89' lang='lat' dir='ltr'><strong>quicquid</strong></span> 
     </span>
    </p>
   </div>
   <div class='ocr_carea' id='block_1_23' title="bbox 451 2105 2038 2176">
    <p class='ocr_par' dir='ltr' id='par_1_23' title="bbox 451 2105 2038 2176">
     <span class='ocr_line' id='line_1_23' title="bbox 451 2105 2038 2176; baseline 0.001 -16"><span class='ocrx_word' id='word_1_155' title='bbox 451 2105 951 2161; x_wconf 81' lang='lat' dir='ltr'><strong>eouﬁdentissimus</strong></span> <span class='ocrx_word' id='word_1_156' title='bbox 1006 2105 1288 2176; x_wconf 80' lang='lat' dir='ltr'><strong>scripserit</strong></span> <span class='ocrx_word' id='word_1_157' title='bbox 1332 2105 1547 2162; x_wconf 87' lang='lat' dir='ltr'><strong>Baleus.</strong></span> <span class='ocrx_word' id='word_1_158' title='bbox 1589 2105 1777 2162; x_wconf 83' lang='lat' dir='ltr'><strong>Habeo</strong></span> <span class='ocrx_word' id='word_1_159' title='bbox 1830 2106 2038 2176; x_wconf 89' lang='lat' dir='ltr'><strong>aliquot</strong></span> 
     </span>
    </p>
   </div>
   <div class='ocr_carea' id='block_1_24' title="bbox 454 2192 2036 2264">
    <p class='ocr_par' dir='ltr' id='par_1_24' title="bbox 454 2192 2036 2264">
     <span class='ocr_line' id='line_1_24' title="bbox 454 2192 2036 2264; baseline 0 -16"><span class='ocrx_word' id='word_1_160' title='bbox 454 2193 614 2248; x_wconf 90' lang='lat' dir='ltr'><strong>istius</strong></span> <span class='ocrx_word' id='word_1_161' title='bbox 641 2192 765 2248; x_wconf 83' lang='lat' dir='ltr'><strong>libri</strong></span> <span class='ocrx_word' id='word_1_162' title='bbox 793 2193 1146 2264; x_wconf 77' lang='lat' dir='ltr'><strong>exemplaria,</strong></span> <span class='ocrx_word' id='word_1_163' title='bbox 1170 2193 1281 2248; x_wconf 89' lang='lat' dir='ltr'><strong>vidi</strong></span> <span class='ocrx_word' id='word_1_164' title='bbox 1308 2193 1433 2259; x_wconf 86' lang='lat' dir='ltr'><strong>alia,</strong></span> <span class='ocrx_word' id='word_1_165' title='bbox 1459 2193 1513 2248; x_wconf 92' lang='lat' dir='ltr'><strong>in</strong></span> <span class='ocrx_word' id='word_1_166' title='bbox 1560 2193 1756 2262; x_wconf 86' lang='lat' dir='ltr'><strong>quibus</strong></span> <span class='ocrx_word' id='word_1_167' title='bbox 1783 2193 2036 2248; x_wconf 89' lang='lat' dir='ltr'><strong>omnibus</strong></span> 
     </span>
    </p>
   </div>
   <div class='ocr_carea' id='block_1_25' title="bbox 455 2282 2031 2354">
    <p class='ocr_par' dir='ltr' id='par_1_25' title="bbox 455 2282 2031 2354">
     <span class='ocr_line' id='line_1_25' title="bbox 455 2282 2031 2354; baseline -0.003 -14"><span class='ocrx_word' id='word_1_168' title='bbox 455 2285 526 2349; x_wconf 87' lang='lat' dir='ltr'><strong>is,</strong></span> <span class='ocrx_word' id='word_1_169' title='bbox 561 2285 653 2354; x_wconf 90' lang='lat' dir='ltr'><strong>qui</strong></span> <span class='ocrx_word' id='word_1_170' title='bbox 681 2286 866 2352; x_wconf 82' lang='lat' dir='ltr'><strong>vertit,</strong></span> <span class='ocrx_word' id='word_1_171' title='bbox 892 2285 1092 2341; x_wconf 88' lang='lat' dir='ltr'><strong>dicitur</strong></span> <span class='ocrx_word' id='word_1_172' title='bbox 1106 2285 1340 2340; x_wconf 86' lang='lat' dir='ltr'><strong>Joannes</strong></span> <span class='ocrx_word' id='word_1_173' title='bbox 1363 2282 1635 2338; x_wconf 77' lang='lat' dir='ltr'><strong>Patricius</strong></span> <span class='ocrx_word' id='word_1_174' title='bbox 1665 2283 2031 2354; x_wconf 79' lang='lat' dir='ltr'><strong>llispanensis.</strong></span> 
     </span>
    </p>
   </div>
   <div class='ocr_carea' id='block_1_26' title="bbox 453 2371 2031 2444">
    <p class='ocr_par' dir='ltr' id='par_1_26' title="bbox 453 2371 2031 2444">
     <span class='ocr_line' id='line_1_26' title="bbox 453 2371 2031 2444; baseline -0.002 -16"><span class='ocrx_word' id='word_1_175' title='bbox 453 2373 604 2430; x_wconf 71' lang='lat' dir='ltr'><strong>Multi</strong></span> <span class='ocrx_word' id='word_1_176' title='bbox 629 2375 732 2430; x_wconf 88' lang='lat' dir='ltr'><strong>hoc</strong></span> <span class='ocrx_word' id='word_1_177' title='bbox 753 2389 876 2430; x_wconf 87' lang='lat' dir='ltr'><strong>eum</strong></span> <span class='ocrx_word' id='word_1_178' title='bbox 895 2373 1163 2444; x_wconf 87' lang='lat' dir='ltr'><strong>superiori</strong></span> <span class='ocrx_word' id='word_1_179' title='bbox 1185 2371 1442 2443; x_wconf 89' lang='lat' dir='ltr'><strong>opusculo</strong></span> <span class='ocrx_word' id='word_1_180' title='bbox 1464 2373 1607 2428; x_wconf 88' lang='lat' dir='ltr'><strong>idem</strong></span> <span class='ocrx_word' id='word_1_181' title='bbox 1628 2386 1749 2429; x_wconf 89' lang='lat' dir='ltr'><strong>esse</strong></span> <span class='ocrx_word' id='word_1_182' title='bbox 1769 2371 2031 2438; x_wconf 87' lang='lat' dir='ltr'><strong>sciscunt,</strong></span> 
     </span>
    </p>
   </div>
   <div class='ocr_carea' id='block_1_27' title="bbox 451 2461 1026 2533">
    <p class='ocr_par' dir='ltr' id='par_1_27' title="bbox 451 2461 1026 2533">
     <span class='ocr_line' id='line_1_27' title="bbox 451 2461 1026 2533; baseline -0.002 -17"><span class='ocrx_word' id='word_1_183' title='bbox 451 2463 650 2533; x_wconf 89' lang='lat' dir='ltr'><strong>quibus</strong></span> <span class='ocrx_word' id='word_1_184' title='bbox 674 2477 781 2518; x_wconf 91' lang='lat' dir='ltr'><strong>non</strong></span> <span class='ocrx_word' id='word_1_185' title='bbox 809 2461 1026 2518; x_wconf 85' lang='lat' dir='ltr'><strong>accedo.</strong></span> 
     </span>
    </p>
   </div>
   <div class='ocr_carea' id='block_1_28' title="bbox 528 2549 2033 2608">
    <p class='ocr_par' dir='ltr' id='par_1_28' title="bbox 528 2549 2033 2608">
     <span class='ocr_line' id='line_1_28' title="bbox 528 2549 2033 2608; baseline -0.001 -1"><span class='ocrx_word' id='word_1_186' title='bbox 528 2553 616 2607; x_wconf 78' lang='grc'><strong>15.</strong></span> <span class='ocrx_word' id='word_1_187' title='bbox 666 2552 1052 2608; x_wconf 88' lang='lat' dir='ltr'><strong>Commentarii</strong></span> <span class='ocrx_word' id='word_1_188' title='bbox 1110 2553 1164 2606; x_wconf 92' lang='lat' dir='ltr'><strong>in</strong></span> <span class='ocrx_word' id='word_1_189' title='bbox 1227 2550 1535 2608; x_wconf 80' lang='lat' dir='ltr'><strong>Aristotelis</strong></span> <span class='ocrx_word' id='word_1_190' title='bbox 1589 2549 2033 2606; x_wconf 87' lang='lat' dir='ltr'><strong>Praedicamenta</strong></span> 
     </span>
    </p>
   </div>
   <div class='ocr_carea' id='block_1_29' title="bbox 453 2639 2030 2713">
    <p class='ocr_par' dir='ltr' id='par_1_29' title="bbox 453 2639 2030 2713">
     <span class='ocr_line' id='line_1_29' title="bbox 453 2639 2030 2713; baseline -0.003 -15"><span class='ocrx_word' id='word_1_191' title='bbox 453 2649 581 2699; x_wconf 85' lang='lat' dir='ltr'><strong>sunt</strong></span> <span class='ocrx_word' id='word_1_192' title='bbox 616 2640 776 2710; x_wconf 87' lang='lat' dir='ltr'><strong>hujus</strong></span> <span class='ocrx_word' id='word_1_193' title='bbox 803 2639 1028 2697; x_wconf 87' lang='lat' dir='ltr'><strong>Joannis</strong></span> <span class='ocrx_word' id='word_1_194' title='bbox 1066 2641 1289 2713; x_wconf 80' lang='grc' dir='ltr'><strong>πόνημα,</strong></span> <span class='ocrx_word' id='word_1_195' title='bbox 1329 2640 1374 2696; x_wconf 90' lang='lat' dir='ltr'><strong>si</strong></span> <span class='ocrx_word' id='word_1_196' title='bbox 1418 2639 1697 2710; x_wconf 83' lang='lat' dir='ltr'><strong>Hugonem</strong></span> <span class='ocrx_word' id='word_1_197' title='bbox 1726 2649 1781 2695; x_wconf 82' lang='lat' dir='ltr'><strong>et</strong></span> <span class='ocrx_word' id='word_1_198' title='bbox 1814 2639 2030 2696; x_wconf 82' lang='lat' dir='ltr'><strong>Petrum</strong></span> 
     </span>
    </p>
   </div>
   <div class='ocr_carea' id='block_1_30' title="bbox 457 2728 2032 2802">
    <p class='ocr_par' dir='ltr' id='par_1_30' title="bbox 457 2728 2032 2802">
     <span class='ocr_line' id='line_1_30' title="bbox 457 2728 2032 2802; baseline -0.002 -14"><span class='ocrx_word' id='word_1_199' title='bbox 457 2734 524 2788; x_wconf 89' lang='lat' dir='ltr'><strong>de</strong></span> <span class='ocrx_word' id='word_1_200' title='bbox 549 2733 606 2787; x_wconf 93' lang='lat' dir='ltr'><strong>S.</strong></span> <span class='ocrx_word' id='word_1_201' title='bbox 640 2732 858 2788; x_wconf 78' lang='lat' dir='ltr'><strong>Victore</strong></span> <span class='ocrx_word' id='word_1_202' title='bbox 904 2741 1049 2788; x_wconf 89' lang='lat' dir='ltr'><strong>recte</strong></span> <span class='ocrx_word' id='word_1_203' title='bbox 1094 2732 1270 2802; x_wconf 90' lang='lat' dir='ltr'><strong>capio.</strong></span> <span class='ocrx_word' id='word_1_204' title='bbox 1306 2729 1433 2786; x_wconf 90' lang='lat' dir='ltr'><strong>Scio</strong></span> <span class='ocrx_word' id='word_1_205' title='bbox 1468 2739 1647 2784; x_wconf 87' lang='lat' dir='ltr'><strong>tamen</strong></span> <span class='ocrx_word' id='word_1_206' title='bbox 1698 2731 1752 2785; x_wconf 89' lang='lat' dir='ltr'><strong>in</strong></span> <span class='ocrx_word' id='word_1_207' title='bbox 1777 2728 2032 2802; x_wconf 88' lang='lat' dir='ltr'><strong>Catalogo</strong></span> 
     </span>
    </p>
   </div>
   <div class='ocr_carea' id='block_1_31' title="bbox 451 2821 2030 2894">
    <p class='ocr_par' dir='ltr' id='par_1_31' title="bbox 451 2821 2030 2894">
     <span class='ocr_line' id='line_1_31' title="bbox 451 2821 2030 2894; baseline -0.001 -15"><span class='ocrx_word' id='word_1_208' title='bbox 451 2824 688 2894; x_wconf 87' lang='lat' dir='ltr'><strong>quodam</strong></span> <span class='ocrx_word' id='word_1_209' title='bbox 715 2823 1080 2880; x_wconf 87' lang='lat' dir='ltr'><strong>Bibliothecae</strong></span> <span class='ocrx_word' id='word_1_210' title='bbox 1109 2821 1434 2878; x_wconf 78' lang='lat' dir='ltr'><strong>Oxoniensis</strong></span> <span class='ocrx_word' id='word_1_211' title='bbox 1467 2823 1654 2878; x_wconf 89' lang='lat' dir='ltr'><strong>eadem</strong></span> <span class='ocrx_word' id='word_1_212' title='bbox 1695 2823 1833 2878; x_wconf 86' lang='lat' dir='ltr'><strong>alius</strong></span> <span class='ocrx_word' id='word_1_213' title='bbox 1881 2822 2030 2878; x_wconf 90' lang='lat' dir='ltr'><strong>Scoti</strong></span> 
     </span>
    </p>
   </div>
   <div class='ocr_carea' id='block_1_32' title="bbox 451 2913 2028 2984">
    <p class='ocr_par' dir='ltr' id='par_1_32' title="bbox 451 2913 2028 2984">
     <span class='ocr_line' id='line_1_32' title="bbox 451 2913 2028 2984; baseline -0.001 -14"><span class='ocrx_word' id='word_1_214' title='bbox 451 2929 650 2970; x_wconf 87' lang='lat' dir='ltr'><strong>nomen</strong></span> <span class='ocrx_word' id='word_1_215' title='bbox 678 2913 970 2984; x_wconf 81' lang='lat' dir='ltr'><strong>praeferre.</strong></span> <span class='ocrx_word' id='word_1_216' title='bbox 998 2913 1141 2968; x_wconf 83' lang='lat' dir='ltr'><strong>Nihil</strong></span> <span class='ocrx_word' id='word_1_217' title='bbox 1168 2913 1234 2972; x_wconf 84' lang='lat' dir='ltr'><strong>de</strong></span> <span class='ocrx_word' id='word_1_218' title='bbox 1262 2913 1348 2969; x_wconf 87' lang='lat' dir='ltr'><strong>his</strong></span> <span class='ocrx_word' id='word_1_219' title='bbox 1389 2913 1709 2984; x_wconf 89' lang='lat' dir='ltr'><strong>pronnneio,</strong></span> <span class='ocrx_word' id='word_1_220' title='bbox 1738 2913 1894 2970; x_wconf 82' lang='lat' dir='ltr'><strong>libris</strong></span> <span class='ocrx_word' id='word_1_221' title='bbox 1919 2928 2028 2969; x_wconf 91' lang='lat' dir='ltr'><strong>non</strong></span> 
     </span>
    </p>
   </div>
   <div class='ocr_carea' id='block_1_33' title="bbox 449 3003 605 3060">
    <p class='ocr_par' dir='ltr' id='par_1_33' title="bbox 449 3003 605 3060">
     <span class='ocr_line' id='line_1_33' title="bbox 449 3003 605 3060; baseline 0 -4"><span class='ocrx_word' id='word_1_222' title='bbox 449 3003 605 3060; x_wconf 80' lang='lat' dir='ltr'><strong>visis.</strong></span> 
     </span>
    </p>
   </div>
   <div class='ocr_carea' id='block_1_34' title="bbox 519 3090 2026 3164">
    <p class='ocr_par' dir='ltr' id='par_1_34' title="bbox 519 3090 2026 3164">
     <span class='ocr_line' id='line_1_34' title="bbox 519 3090 2026 3164; baseline 0.001 -17"><span class='ocrx_word' id='word_1_223' title='bbox 519 3091 609 3147; x_wconf 79' lang='grc'><strong>16.</strong></span> <span class='ocrx_word' id='word_1_224' title='bbox 671 3090 932 3164; x_wconf 87' lang='lat' dir='ltr'><strong>Dogmata</strong></span> <span class='ocrx_word' id='word_1_225' title='bbox 995 3090 1483 3162; x_wconf 86' lang='lat' dir='ltr'><strong>Philosophorum;</strong></span> <span class='ocrx_word' id='word_1_226' title='bbox 1556 3093 1642 3147; x_wconf 77' lang='lat' dir='ltr'><strong>l7.</strong></span> <span class='ocrx_word' id='word_1_227' title='bbox 1700 3092 2026 3160; x_wconf 83' lang='lat' dir='ltr'><strong>Homiliae;</strong></span> 
     </span>
    </p>
   </div>
   <div class='ocr_carea' id='block_1_35' title="bbox 452 3181 2028 3253">
    <p class='ocr_par' dir='ltr' id='par_1_35' title="bbox 452 3181 2028 3253">
     <span class='ocr_line' id='line_1_35' title="bbox 452 3181 2028 3253; baseline 0.001 -17"><span class='ocrx_word' id='word_1_228' title='bbox 452 3181 539 3238; x_wconf 82' lang='lat' dir='ltr'><strong>l8.</strong></span> <span class='ocrx_word' id='word_1_229' title='bbox 567 3181 635 3237; x_wconf 90' lang='lat' dir='ltr'><strong>de</strong></span> <span class='ocrx_word' id='word_1_230' title='bbox 660 3181 792 3238; x_wconf 88' lang='lat' dir='ltr'><strong>Fide</strong></span> <span class='ocrx_word' id='word_1_231' title='bbox 822 3190 1011 3237; x_wconf 91' lang='lat' dir='ltr'><strong>contra</strong></span> <span class='ocrx_word' id='word_1_232' title='bbox 1039 3181 1310 3237; x_wconf 86' lang='lat' dir='ltr'><strong>Barbaros</strong></span> <span class='ocrx_word' id='word_1_233' title='bbox 1359 3182 1490 3236; x_wconf 91' lang='lat' dir='ltr'><strong>mihi</strong></span> <span class='ocrx_word' id='word_1_234' title='bbox 1521 3182 1679 3251; x_wconf 88' lang='lat' dir='ltr'><strong>plane</strong></span> <span class='ocrx_word' id='word_1_235' title='bbox 1709 3193 1834 3238; x_wconf 88' lang='lat' dir='ltr'><strong>sunt</strong></span> <span class='ocrx_word' id='word_1_236' title='bbox 1862 3198 2028 3253; x_wconf 89' lang='lat' dir='ltr'><strong>opera</strong></span> 
     </span>
    </p>
   </div>
   <div class='ocr_carea' id='block_1_36' title="bbox 451 3271 2030 3345">
    <p class='ocr_par' dir='ltr' id='par_1_36' title="bbox 451 3271 2030 3345">
     <span class='ocr_line' id='line_1_36' title="bbox 451 3271 2030 3345; baseline 0.001 -17"><span class='ocrx_word' id='word_1_237' title='bbox 451 3273 724 3344; x_wconf 87' lang='lat' dir='ltr'><strong>incognita</strong></span> <span class='ocrx_word' id='word_1_238' title='bbox 747 3272 949 3326; x_wconf 89' lang='lat' dir='ltr'><strong>omnia.</strong></span> <span class='ocrx_word' id='word_1_239' title='bbox 983 3271 1040 3327; x_wconf 89' lang='lat' dir='ltr'><strong>Si</strong></span> <span class='ocrx_word' id='word_1_240' title='bbox 1069 3273 1294 3329; x_wconf 81' lang='lat' dir='ltr'><strong>vidisset</strong></span> <span class='ocrx_word' id='word_1_241' title='bbox 1333 3272 1550 3340; x_wconf 88' lang='lat' dir='ltr'><strong>Baleus,</strong></span> <span class='ocrx_word' id='word_1_242' title='bbox 1586 3273 1771 3345; x_wconf 87' lang='lat' dir='ltr'><strong>utique</strong></span> <span class='ocrx_word' id='word_1_243' title='bbox 1794 3284 1851 3330; x_wconf 90' lang='lat' dir='ltr'><strong>et</strong></span> <span class='ocrx_word' id='word_1_244' title='bbox 1877 3275 2030 3330; x_wconf 90' lang='lat' dir='ltr'><strong>initia</strong></span> 
     </span>
    </p>
   </div>
   <div class='ocr_carea' id='block_1_37' title="bbox 449 3364 1028 3433">
    <p class='ocr_par' dir='ltr' id='par_1_37' title="bbox 449 3364 1028 3433">
     <span class='ocr_line' id='line_1_37' title="bbox 449 3364 1028 3433; baseline -0.002 -14"><span class='ocrx_word' id='word_1_245' title='bbox 449 3364 644 3419; x_wconf 79' lang='lat' dir='ltr'><strong>horum</strong></span> <span class='ocrx_word' id='word_1_246' title='bbox 671 3364 1028 3433; x_wconf 84' lang='lat' dir='ltr'><strong>apposuisset.</strong></span> 
     </span>
    </p>
   </div>
   <div class='ocr_carea' id='block_1_38' title="bbox 525 3448 2031 3522">
    <p class='ocr_par' dir='ltr' id='par_1_38' title="bbox 525 3448 2031 3522">
     <span class='ocr_line' id='line_1_38' title="bbox 525 3448 2031 3522; baseline 0.003 -15"><span class='ocrx_word' id='word_1_247' title='bbox 525 3451 612 3508; x_wconf 75' lang='grc'><strong>19.</strong></span> <span class='ocrx_word' id='word_1_248' title='bbox 655 3451 732 3508; x_wconf 90' lang='lat' dir='ltr'><strong>De</strong></span> <span class='ocrx_word' id='word_1_249' title='bbox 759 3448 1190 3522; x_wconf 80' lang='lat' dir='ltr'><strong>Paraphrasticis</strong></span> <span class='ocrx_word' id='word_1_250' title='bbox 1221 3449 1401 3518; x_wconf 87' lang='lat' dir='ltr'><strong>tomis,</strong></span> <span class='ocrx_word' id='word_1_251' title='bbox 1422 3453 1538 3509; x_wconf 85' lang='lat' dir='ltr'><strong>sive</strong></span> <span class='ocrx_word' id='word_1_252' title='bbox 1559 3455 1942 3510; x_wconf 85' lang='lat' dir='ltr'><strong>commentariis</strong></span> <span class='ocrx_word' id='word_1_253' title='bbox 1973 3456 2031 3511; x_wconf 85' lang='lat' dir='ltr'><strong>in</strong></span> 
     </span>
    </p>
   </div>
   <div class='ocr_carea' id='block_1_39' title="bbox 450 3539 2030 3614">
    <p class='ocr_par' dir='ltr' id='par_1_39' title="bbox 450 3539 2030 3614">
     <span class='ocr_line' id='line_1_39' title="bbox 450 3539 2030 3614; baseline 0.003 -18"><span class='ocrx_word' id='word_1_254' title='bbox 450 3539 788 3612; x_wconf 75' lang='lat' dir='ltr'><strong>Dionysium,</strong></span> <span class='ocrx_word' id='word_1_255' title='bbox 819 3550 1037 3614; x_wconf 90' lang='lat' dir='ltr'><strong>praeter</strong></span> <span class='ocrx_word' id='word_1_256' title='bbox 1081 3551 1299 3598; x_wconf 91' lang='lat' dir='ltr'><strong>tenuem</strong></span> <span class='ocrx_word' id='word_1_257' title='bbox 1345 3543 1709 3613; x_wconf 91' lang='lat' dir='ltr'><strong>suspicionem</strong></span> <span class='ocrx_word' id='word_1_258' title='bbox 1757 3544 1891 3610; x_wconf 82' lang='lat' dir='ltr'><strong>nihil</strong></span> <span class='ocrx_word' id='word_1_259' title='bbox 1933 3545 2030 3600; x_wconf 90' lang='lat' dir='ltr'><strong>ha-</strong></span> 
     </span>
    </p>
   </div>
   <div class='ocr_carea' id='block_1_40' title="bbox 450 3633 2029 3708">
    <p class='ocr_par' dir='ltr' id='par_1_40' title="bbox 450 3633 2029 3708">
     <span class='ocr_line' id='line_1_40' title="bbox 450 3633 2029 3708; baseline 0.002 -19"><span class='ocrx_word' id='word_1_260' title='bbox 450 3633 586 3700; x_wconf 87' lang='lat' dir='ltr'><strong>beo;</strong></span> <span class='ocrx_word' id='word_1_261' title='bbox 637 3636 883 3706; x_wconf 88' lang='lat' dir='ltr'><strong>suspicor</strong></span> <span class='ocrx_word' id='word_1_262' title='bbox 929 3645 1112 3691; x_wconf 88' lang='lat' dir='ltr'><strong>autem</strong></span> <span class='ocrx_word' id='word_1_263' title='bbox 1156 3651 1278 3692; x_wconf 90' lang='lat' dir='ltr'><strong>esse</strong></span> <span class='ocrx_word' id='word_1_264' title='bbox 1325 3633 1553 3708; x_wconf 77' lang='lat' dir='ltr'><strong>Joannis</strong></span> <span class='ocrx_word' id='word_1_265' title='bbox 1612 3634 2029 3708; x_wconf 83' lang='lat' dir='ltr'><strong>Scythopolitani</strong></span> 
     </span>
    </p>
   </div>
   <div class='ocr_carea' id='block_1_41' title="bbox 452 3726 2033 3806">
    <p class='ocr_par' dir='ltr' id='par_1_41' title="bbox 452 3726 2033 3806">
     <span class='ocr_line' id='line_1_41' title="bbox 452 3726 2033 3806; baseline 0.003 -25"><span class='ocrx_word' id='word_1_266' title='bbox 452 3727 795 3806; x_wconf 68' lang='grc' dir='ltr'><strong>παραθέσςιις,</strong></span> <span class='ocrx_word' id='word_1_267' title='bbox 864 3741 1001 3796; x_wconf 88' lang='lat' dir='ltr'><strong>quas</strong></span> <span class='ocrx_word' id='word_1_268' title='bbox 1065 3729 1228 3783; x_wconf 81' lang='lat' dir='ltr'><strong>vertit</strong></span> <span class='ocrx_word' id='word_1_269' title='bbox 1292 3726 1611 3784; x_wconf 82' lang='lat' dir='ltr'><strong>Anastasius</strong></span> <span class='ocrx_word' id='word_1_270' title='bbox 1677 3728 2033 3786; x_wconf 88' lang='lat' dir='ltr'><strong>bibliotheca-</strong></span> 
     </span>
    </p>
   </div>
   <div class='ocr_carea' id='block_1_42' title="bbox 453 3815 2033 3889">
    <p class='ocr_par' dir='ltr' id='par_1_42' title="bbox 453 3815 2033 3889">
     <span class='ocr_line' id='line_1_42' title="bbox 453 3815 2033 3889; baseline 0.005 -21"><span class='ocrx_word' id='word_1_271' title='bbox 453 3815 604 3878; x_wconf 86' lang='lat' dir='ltr'><strong>rius;</strong></span> <span class='ocrx_word' id='word_1_272' title='bbox 653 3816 736 3871; x_wconf 90' lang='lat' dir='ltr'><strong>vel</strong></span> <span class='ocrx_word' id='word_1_273' title='bbox 787 3818 1142 3888; x_wconf 87' lang='lat' dir='ltr'><strong>paraphrasiu</strong></span> <span class='ocrx_word' id='word_1_274' title='bbox 1195 3817 1422 3874; x_wconf 88' lang='lat' dir='ltr'><strong>Abhatis</strong></span> <span class='ocrx_word' id='word_1_275' title='bbox 1478 3817 1755 3889; x_wconf 86' lang='lat' dir='ltr'><strong>cujusdam</strong></span> <span class='ocrx_word' id='word_1_276' title='bbox 1813 3818 2033 3876; x_wconf 81' lang='lat' dir='ltr'><strong>Vercel-</strong></span> 
     </span>
    </p>
   </div>
   <div class='ocr_carea' id='block_1_43' title="bbox 447 3903 640 3960">
    <p class='ocr_par' dir='ltr' id='par_1_43' title="bbox 447 3903 640 3960">
     <span class='ocr_line' id='line_1_43' title="bbox 447 3903 640 3960; baseline 0.005 -2"><span class='ocrx_word' id='word_1_277' title='bbox 447 3903 640 3960; x_wconf 64' lang='lat' dir='ltr'><strong>densis.</strong></span> 
     </span>
    </p>
   </div>
   <div class='ocr_carea' id='block_1_44' title="bbox 516 3995 2032 4072">
    <p class='ocr_par' dir='ltr' id='par_1_44' title="bbox 516 3995 2032 4072">
     <span class='ocr_line' id='line_1_44' title="bbox 516 3995 2032 4072; baseline 0.003 -21"><span class='ocrx_word' id='word_1_278' title='bbox 516 3995 696 4052; x_wconf 72' lang='lat' dir='ltr'><strong>Porro</strong></span> <span class='ocrx_word' id='word_1_279' title='bbox 726 3997 793 4052; x_wconf 87' lang='lat' dir='ltr'><strong>de</strong></span> <span class='ocrx_word' id='word_1_280' title='bbox 843 3998 1058 4068; x_wconf 88' lang='lat' dir='ltr'><strong>scriptis</strong></span> <span class='ocrx_word' id='word_1_281' title='bbox 1099 3996 1322 4054; x_wconf 83' lang='lat' dir='ltr'><strong>Joannis</strong></span> <span class='ocrx_word' id='word_1_282' title='bbox 1354 3999 1612 4072; x_wconf 86' lang='lat' dir='ltr'><strong>Erigenae</strong></span> <span class='ocrx_word' id='word_1_283' title='bbox 1658 3999 1820 4070; x_wconf 86' lang='lat' dir='ltr'><strong>quale</strong></span> <span class='ocrx_word' id='word_1_284' title='bbox 1867 3999 2032 4056; x_wconf 83' lang='lat' dir='ltr'><strong>fuerit</strong></span> 
     </span>
    </p>
   </div>
   <div class='ocr_carea' id='block_1_45' title="bbox 453 4089 2026 4161">
    <p class='ocr_par' dir='ltr' id='par_1_45' title="bbox 453 4089 2026 4161">
     <span class='ocr_line' id='line_1_45' title="bbox 453 4089 2026 4161; baseline 0.001 -17"><span class='ocrx_word' id='word_1_285' title='bbox 453 4089 799 4159; x_wconf 85' lang='lat' dir='ltr'><strong>antiquorum</strong></span> <span class='ocrx_word' id='word_1_286' title='bbox 845 4091 1127 4146; x_wconf 82' lang='lat' dir='ltr'><strong>hominum</strong></span> <span class='ocrx_word' id='word_1_287' title='bbox 1189 4089 1490 4160; x_wconf 86' lang='lat' dir='ltr'><strong>judicium,</strong></span> <span class='ocrx_word' id='word_1_288' title='bbox 1539 4091 1630 4161; x_wconf 90' lang='lat' dir='ltr'><strong>qui</strong></span> <span class='ocrx_word' id='word_1_289' title='bbox 1687 4091 1831 4146; x_wconf 91' lang='lat' dir='ltr'><strong>scire</strong></span> <span class='ocrx_word' id='word_1_290' title='bbox 1887 4101 2026 4158; x_wconf 87' lang='lat' dir='ltr'><strong>avet,</strong></span> 
     </span>
    </p>
   </div>
   <div class='ocr_carea' id='block_1_46' title="bbox 453 4180 2029 4255">
    <p class='ocr_par' dir='ltr' id='par_1_46' title="bbox 453 4180 2029 4255">
     <span class='ocr_line' id='line_1_46' title="bbox 453 4180 2029 4255; baseline 0.004 -22"><span class='ocrx_word' id='word_1_291' title='bbox 453 4180 595 4252; x_wconf 80' lang='lat' dir='ltr'><strong>legat</strong></span> <span class='ocrx_word' id='word_1_292' title='bbox 611 4183 902 4254; x_wconf 82' lang='lat' dir='ltr'><strong>scriptores</strong></span> <span class='ocrx_word' id='word_1_293' title='bbox 913 4183 1184 4239; x_wconf 87' lang='lat' dir='ltr'><strong>Historiae</strong></span> <span class='ocrx_word' id='word_1_294' title='bbox 1199 4183 1677 4238; x_wconf 87' lang='lat' dir='ltr'><strong>Goteschalcianae</strong></span> <span class='ocrx_word' id='word_1_295' title='bbox 1692 4181 1848 4255; x_wconf 87' lang='lat' dir='ltr'><strong>(Pag.</strong></span> <span class='ocrx_word' id='word_1_296' title='bbox 1866 4182 2029 4254; x_wconf 78' lang='lat' dir='ltr'><strong>XIV),</strong></span> 
     </span>
    </p>
   </div>
   <div class='ocr_carea' id='block_1_47' title="bbox 455 4271 2029 4347">
    <p class='ocr_par' dir='ltr' id='par_1_47' title="bbox 455 4271 2029 4347">
     <span class='ocr_line' id='line_1_47' title="bbox 455 4271 2029 4347; baseline 0.002 -20"><span class='ocrx_word' id='word_1_297' title='bbox 455 4271 726 4338; x_wconf 80' lang='lat' dir='ltr'><strong>Vossium,</strong></span> <span class='ocrx_word' id='word_1_298' title='bbox 781 4275 1079 4338; x_wconf 86' lang='lat' dir='ltr'><strong>Usserium,</strong></span> <span class='ocrx_word' id='word_1_299' title='bbox 1136 4275 1504 4347; x_wconf 74' lang='lat' dir='ltr'><strong>Mauguinum,</strong></span> <span class='ocrx_word' id='word_1_300' title='bbox 1555 4275 1860 4339; x_wconf 86' lang='lat' dir='ltr'><strong>Cellotium,</strong></span> <span class='ocrx_word' id='word_1_301' title='bbox 1901 4275 2029 4330; x_wconf 91' lang='lat' dir='ltr'><strong>item</strong></span> 
     </span>
    </p>
   </div>
   <div class='ocr_carea' id='block_1_48' title="bbox 2133 375 3718 450">
    <p class='ocr_par' dir='ltr' id='par_1_48' title="bbox 2133 375 3718 450">
     <span class='ocr_line' id='line_1_48' title="bbox 2133 375 3718 450; baseline 0.002 -20"><span class='ocrx_word' id='word_1_302' title='bbox 2133 375 2346 446; x_wconf 82' lang='lat' dir='ltr'><strong>Rogero</strong></span> <span class='ocrx_word' id='word_1_303' title='bbox 2402 376 2767 444; x_wconf 86' lang='lat' dir='ltr'><strong>Wendovero,</strong></span> <span class='ocrx_word' id='word_1_304' title='bbox 2818 377 3039 434; x_wconf 87' lang='lat' dir='ltr'><strong>Scotum</strong></span> <span class='ocrx_word' id='word_1_305' title='bbox 3087 380 3141 434; x_wconf 90' lang='lat' dir='ltr'><strong>in</strong></span> <span class='ocrx_word' id='word_1_306' title='bbox 3197 378 3446 450; x_wconf 82' lang='lat' dir='ltr'><strong>Angliam</strong></span> <span class='ocrx_word' id='word_1_307' title='bbox 3490 378 3718 434; x_wconf 86' lang='lat' dir='ltr'><strong>rediisse</strong></span> 
     </span>
    </p>
   </div>
   <div class='ocr_carea' id='block_1_49' title="bbox 2131 465 3717 538">
    <p class='ocr_par' dir='ltr' id='par_1_49' title="bbox 2131 465 3717 538">
     <span class='ocr_line' id='line_1_49' title="bbox 2131 465 3717 538; baseline 0.001 -18"><span class='ocrx_word' id='word_1_308' title='bbox 2131 482 2273 522; x_wconf 91' lang='lat' dir='ltr'><strong>anno</strong></span> <span class='ocrx_word' id='word_1_309' title='bbox 2298 465 2486 522; x_wconf 89' lang='lat' dir='ltr'><strong>salutis</strong></span> <span class='ocrx_word' id='word_1_310' title='bbox 2523 466 2673 533; x_wconf 80' lang='lat'><strong>885.,</strong></span> <span class='ocrx_word' id='word_1_311' title='bbox 2725 467 2831 534; x_wconf 90' lang='lat' dir='ltr'><strong>vel,</strong></span> <span class='ocrx_word' id='word_1_312' title='bbox 2862 477 2920 522; x_wconf 92' lang='lat' dir='ltr'><strong>ut</strong></span> <span class='ocrx_word' id='word_1_313' title='bbox 2967 469 3078 535; x_wconf 88' lang='lat' dir='ltr'><strong>alii,</strong></span> <span class='ocrx_word' id='word_1_314' title='bbox 3126 483 3270 524; x_wconf 90' lang='lat' dir='ltr'><strong>anno</strong></span> <span class='ocrx_word' id='word_1_315' title='bbox 3298 469 3421 524; x_wconf 69' lang='grc'>884.</span> <span class='ocrx_word' id='word_1_316' title='bbox 3452 468 3564 523; x_wconf 83' lang='lat' dir='ltr'><strong>Hoc</strong></span> <span class='ocrx_word' id='word_1_317' title='bbox 3593 467 3717 538; x_wconf 90' lang='lat' dir='ltr'><strong>ipso</strong></span> 
     </span>
    </p>
   </div>
   <div class='ocr_carea' id='block_1_50' title="bbox 2131 555 3716 630">
    <p class='ocr_par' dir='ltr' id='par_1_50' title="bbox 2131 555 3716 630">
     <span class='ocr_line' id='line_1_50' title="bbox 2131 555 3716 630; baseline 0.003 -21"><span class='ocrx_word' id='word_1_318' title='bbox 2131 569 2276 610; x_wconf 91' lang='lat' dir='ltr'><strong>anno</strong></span> <span class='ocrx_word' id='word_1_319' title='bbox 2304 555 2430 612; x_wconf 76' lang='lat'><strong>883.</strong></span> <span class='ocrx_word' id='word_1_320' title='bbox 2459 555 2571 612; x_wconf 79' lang='lat' dir='ltr'><strong>fato</strong></span> <span class='ocrx_word' id='word_1_321' title='bbox 2602 558 2845 612; x_wconf 80' lang='lat' dir='ltr'><strong>functum</strong></span> <span class='ocrx_word' id='word_1_322' title='bbox 2871 573 2993 614; x_wconf 91' lang='lat' dir='ltr'><strong>esse</strong></span> <span class='ocrx_word' id='word_1_323' title='bbox 3036 558 3254 630; x_wconf 87' lang='lat' dir='ltr'><strong>scripsit</strong></span> <span class='ocrx_word' id='word_1_324' title='bbox 3279 574 3505 630; x_wconf 85' lang='lat' dir='ltr'><strong>magnus</strong></span> <span class='ocrx_word' id='word_1_325' title='bbox 3547 558 3716 625; x_wconf 83' lang='lat' dir='ltr'><strong>Baro-</strong></span> 
     </span>
    </p>
   </div>
   <div class='ocr_carea' id='block_1_51' title="bbox 2131 649 3712 706">
    <p class='ocr_par' dir='ltr' id='par_1_51' title="bbox 2131 649 3712 706">
     <span class='ocr_line' id='line_1_51' title="bbox 2131 649 3712 706; baseline 0.002 -3"><span class='ocrx_word' id='word_1_326' title='bbox 2131 649 2274 705; x_wconf 94' lang='lat' dir='ltr'><strong>nius.</strong></span> <span class='ocrx_word' id='word_1_327' title='bbox 2304 649 2505 706; x_wconf 75' lang='lat' dir='ltr'><strong>Verum</strong></span> <span class='ocrx_word' id='word_1_328' title='bbox 2534 650 2836 706; x_wconf 90' lang='lat' dir='ltr'><strong>sententiae</strong></span> <span class='ocrx_word' id='word_1_329' title='bbox 2863 663 2996 706; x_wconf 90' lang='lat' dir='ltr'><strong>suae</strong></span> <span class='ocrx_word' id='word_1_330' title='bbox 3025 661 3292 706; x_wconf 87' lang='lat' dir='ltr'><strong>nostrates</strong></span> <span class='ocrx_word' id='word_1_331' title='bbox 3331 653 3472 706; x_wconf 93' lang='lat' dir='ltr'><strong>solos</strong></span> <span class='ocrx_word' id='word_1_332' title='bbox 3497 650 3712 706; x_wconf 74' lang='lat' dir='ltr'><strong>histori-</strong></span> 
     </span>
    </p>
   </div>
   <div class='ocr_carea' id='block_1_52' title="bbox 2132 741 3718 813">
    <p class='ocr_par' dir='ltr' id='par_1_52' title="bbox 2132 741 3718 813">
     <span class='ocr_line' id='line_1_52' title="bbox 2132 741 3718 813; baseline 0.001 -17"><span class='ocrx_word' id='word_1_333' title='bbox 2132 756 2226 796; x_wconf 91' lang='lat' dir='ltr'><strong>cos</strong></span> <span class='ocrx_word' id='word_1_334' title='bbox 2258 748 2424 798; x_wconf 89' lang='lat' dir='ltr'><strong>testes</strong></span> <span class='ocrx_word' id='word_1_335' title='bbox 2469 741 2676 807; x_wconf 86' lang='lat' dir='ltr'><strong>laudat,</strong></span> <span class='ocrx_word' id='word_1_336' title='bbox 2719 741 2810 812; x_wconf 89' lang='lat' dir='ltr'><strong>qui</strong></span> <span class='ocrx_word' id='word_1_337' title='bbox 2857 741 2911 798; x_wconf 94' lang='lat' dir='ltr'><strong>id</strong></span> <span class='ocrx_word' id='word_1_338' title='bbox 2935 757 3044 797; x_wconf 88' lang='lat' dir='ltr'><strong>non</strong></span> <span class='ocrx_word' id='word_1_339' title='bbox 3087 742 3303 807; x_wconf 90' lang='lat' dir='ltr'><strong>dicunt;</strong></span> <span class='ocrx_word' id='word_1_340' title='bbox 3339 758 3463 796; x_wconf 88' lang='lat' dir='ltr'><strong>nam</strong></span> <span class='ocrx_word' id='word_1_341' title='bbox 3493 743 3560 798; x_wconf 90' lang='lat' dir='ltr'><strong>de</strong></span> <span class='ocrx_word' id='word_1_342' title='bbox 3598 743 3718 813; x_wconf 85' lang='lat' dir='ltr'><strong>ejus</strong></span> 
     </span>
    </p>
   </div>
   <div class='ocr_carea' id='block_1_53' title="bbox 2133 829 3713 901">
    <p class='ocr_par' dir='ltr' id='par_1_53' title="bbox 2133 829 3713 901">
     <span class='ocr_line' id='line_1_53' title="bbox 2133 829 3713 901; baseline 0.002 -17"><span class='ocrx_word' id='word_1_343' title='bbox 2133 838 2308 885; x_wconf 89' lang='lat' dir='ltr'><strong>morte</strong></span> <span class='ocrx_word' id='word_1_344' title='bbox 2335 829 2626 900; x_wconf 89' lang='lat' dir='ltr'><strong>loquuntur</strong></span> <span class='ocrx_word' id='word_1_345' title='bbox 2654 845 2719 886; x_wconf 91' lang='lat' dir='ltr'><strong>eo</strong></span> <span class='ocrx_word' id='word_1_346' title='bbox 2741 846 2884 886; x_wconf 92' lang='lat' dir='ltr'><strong>anno</strong></span> <span class='ocrx_word' id='word_1_347' title='bbox 2921 846 3020 900; x_wconf 91' lang='lat' dir='ltr'><strong>per</strong></span> <span class='ocrx_word' id='word_1_348' title='bbox 3065 831 3336 900; x_wconf 87' lang='lat' dir='ltr'><strong>quandam</strong></span> <span class='ocrx_word' id='word_1_349' title='bbox 3369 831 3713 901; x_wconf 87' lang='lat' dir='ltr'><strong>anticipatio-</strong></span> 
     </span>
    </p>
   </div>
   <div class='ocr_carea' id='block_1_54' title="bbox 2131 921 3714 994">
    <p class='ocr_par' dir='ltr' id='par_1_54' title="bbox 2131 921 3714 994">
     <span class='ocr_line' id='line_1_54' title="bbox 2131 921 3714 994; baseline -0.001 -17"><span class='ocrx_word' id='word_1_350' title='bbox 2131 935 2279 977; x_wconf 86' lang='lat' dir='ltr'><strong>nem.</strong></span> <span class='ocrx_word' id='word_1_351' title='bbox 2317 921 2446 976; x_wconf 86' lang='lat' dir='ltr'><strong>Post</strong></span> <span class='ocrx_word' id='word_1_352' title='bbox 2469 922 2665 993; x_wconf 84' lang='lat' dir='ltr'><strong>aliquot</strong></span> <span class='ocrx_word' id='word_1_353' title='bbox 2695 940 2861 977; x_wconf 89' lang='lat' dir='ltr'><strong>annos</strong></span> <span class='ocrx_word' id='word_1_354' title='bbox 2887 923 2976 994; x_wconf 89' lang='lat' dir='ltr'><strong>(ab</strong></span> <span class='ocrx_word' id='word_1_355' title='bbox 3009 922 3158 992; x_wconf 77' lang='lat'><strong>885.)</strong></span> <span class='ocrx_word' id='word_1_356' title='bbox 3185 923 3420 993; x_wconf 82' lang='lat' dir='ltr'><strong>graphiis</strong></span> <span class='ocrx_word' id='word_1_357' title='bbox 3447 923 3714 994; x_wconf 82' lang='lat' dir='ltr'><strong>perfossus</strong></span> 
     </span>
    </p>
   </div>
   <div class='ocr_carea' id='block_1_55' title="bbox 2133 1011 3707 1083">
    <p class='ocr_par' dir='ltr' id='par_1_55' title="bbox 2133 1011 3707 1083">
     <span class='ocr_line' id='line_1_55' title="bbox 2133 1011 3707 1083; baseline -0.001 -16"><span class='ocrx_word' id='word_1_358' title='bbox 2133 1013 2365 1068; x_wconf 83' lang='lat' dir='ltr'><strong>animam</strong></span> <span class='ocrx_word' id='word_1_359' title='bbox 2409 1014 2574 1078; x_wconf 76' lang='lat' dir='ltr'><strong>exuit,</strong></span> <span class='ocrx_word' id='word_1_360' title='bbox 2623 1013 2795 1083; x_wconf 88' lang='lat' dir='ltr'><strong>inquit</strong></span> <span class='ocrx_word' id='word_1_361' title='bbox 2843 1011 3141 1068; x_wconf 88' lang='lat' dir='ltr'><strong>Gulielmus</strong></span> <span class='ocrx_word' id='word_1_362' title='bbox 3191 1011 3707 1067; x_wconf 82' lang='lat' dir='ltr'><strong>Malmesburiensis.</strong></span> 
     </span>
    </p>
   </div>
   <div class='ocr_carea' id='block_1_56' title="bbox 2135 1100 3714 1175">
    <p class='ocr_par' dir='ltr' id='par_1_56' title="bbox 2135 1100 3714 1175">
     <span class='ocr_line' id='line_1_56' title="bbox 2135 1100 3714 1175; baseline 0 -17"><span class='ocrx_word' id='word_1_363' title='bbox 2135 1100 2386 1158; x_wconf 91' lang='lat' dir='ltr'><strong>Secundo</strong></span> <span class='ocrx_word' id='word_1_364' title='bbox 2413 1118 2554 1156; x_wconf 89' lang='lat' dir='ltr'><strong>anno</strong></span> <span class='ocrx_word' id='word_1_365' title='bbox 2605 1112 2729 1174; x_wconf 93' lang='lat' dir='ltr'><strong>post</strong></span> <span class='ocrx_word' id='word_1_366' title='bbox 2775 1102 3064 1158; x_wconf 81' lang='lat' dir='ltr'><strong>adventum</strong></span> <span class='ocrx_word' id='word_1_367' title='bbox 3093 1101 3392 1158; x_wconf 88' lang='lat' dir='ltr'><strong>Grimbaldi</strong></span> <span class='ocrx_word' id='word_1_368' title='bbox 3422 1105 3592 1175; x_wconf 89' lang='lat' dir='ltr'><strong>(venit</strong></span> <span class='ocrx_word' id='word_1_369' title='bbox 3622 1103 3714 1158; x_wconf 90' lang='lat' dir='ltr'><strong>ille</strong></span> 
     </span>
    </p>
   </div>
   <div class='ocr_carea' id='block_1_57' title="bbox 2133 1190 3714 1264">
    <p class='ocr_par' dir='ltr' id='par_1_57' title="bbox 2133 1190 3714 1264">
     <span class='ocr_line' id='line_1_57' title="bbox 2133 1190 3714 1264; baseline 0.002 -18"><span class='ocrx_word' id='word_1_370' title='bbox 2133 1190 2187 1247; x_wconf 86' lang='lat' dir='ltr'><strong>in</strong></span> <span class='ocrx_word' id='word_1_371' title='bbox 2216 1190 2465 1264; x_wconf 86' lang='lat' dir='ltr'><strong>Angliam</strong></span> <span class='ocrx_word' id='word_1_372' title='bbox 2493 1208 2637 1248; x_wconf 90' lang='lat' dir='ltr'><strong>anno</strong></span> <span class='ocrx_word' id='word_1_373' title='bbox 2663 1193 2766 1250; x_wconf 80' lang='grc'>884</span> <span class='ocrx_word' id='word_1_374' title='bbox 2794 1193 2876 1247; x_wconf 90' lang='lat' dir='ltr'><strong>vel</strong></span> <span class='ocrx_word' id='word_1_375' title='bbox 2910 1191 3061 1262; x_wconf 86' lang='lat'><strong>885.)</strong></span> <span class='ocrx_word' id='word_1_376' title='bbox 3099 1192 3226 1264; x_wconf 84' lang='lat' dir='ltr'><strong>legit</strong></span> <span class='ocrx_word' id='word_1_377' title='bbox 3271 1190 3714 1258; x_wconf 82' lang='lat' dir='ltr'><strong>Oxonii.Scotus,</strong></span> 
     </span>
    </p>
   </div>
   <div class='ocr_carea' id='block_1_58' title="bbox 2133 1282 3718 1356">
    <p class='ocr_par' dir='ltr' id='par_1_58' title="bbox 2133 1282 3718 1356">
     <span class='ocr_line' id='line_1_58' title="bbox 2133 1282 3718 1356; baseline -0.002 -15"><span class='ocrx_word' id='word_1_378' title='bbox 2133 1282 2182 1341; x_wconf 87' lang='lat' dir='ltr'><strong>si</strong></span> <span class='ocrx_word' id='word_1_379' title='bbox 2212 1285 2345 1342; x_wconf 81' lang='lat' dir='ltr'><strong>ﬁdes</strong></span> <span class='ocrx_word' id='word_1_380' title='bbox 2369 1287 2441 1341; x_wconf 90' lang='lat' dir='ltr'><strong>sit</strong></span> <span class='ocrx_word' id='word_1_381' title='bbox 2463 1286 2765 1341; x_wconf 86' lang='lat' dir='ltr'><strong>Annalibus</strong></span> <span class='ocrx_word' id='word_1_382' title='bbox 2786 1284 3139 1352; x_wconf 82' lang='lat' dir='ltr'><strong>Hidensibus,</strong></span> <span class='ocrx_word' id='word_1_383' title='bbox 3177 1285 3270 1356; x_wconf 90' lang='lat' dir='ltr'><strong>qui</strong></span> <span class='ocrx_word' id='word_1_384' title='bbox 3311 1295 3405 1340; x_wconf 87' lang='lat' dir='ltr'><strong>aut</strong></span> <span class='ocrx_word' id='word_1_385' title='bbox 3433 1285 3595 1356; x_wconf 91' lang='lat' dir='ltr'><strong>primi</strong></span> <span class='ocrx_word' id='word_1_386' title='bbox 3620 1293 3718 1339; x_wconf 89' lang='lat' dir='ltr'><strong>aut</strong></span> 
     </span>
    </p>
   </div>
   <div class='ocr_carea' id='block_1_59' title="bbox 2138 1376 3715 1450">
    <p class='ocr_par' dir='ltr' id='par_1_59' title="bbox 2138 1376 3715 1450">
     <span class='ocr_line' id='line_1_59' title="bbox 2138 1376 3715 1450; baseline -0.002 -15"><span class='ocrx_word' id='word_1_387' title='bbox 2138 1378 2236 1436; x_wconf 77' lang='lat' dir='ltr'><strong>soli</strong></span> <span class='ocrx_word' id='word_1_388' title='bbox 2265 1378 2368 1433; x_wconf 92' lang='lat' dir='ltr'><strong>hoc</strong></span> <span class='ocrx_word' id='word_1_389' title='bbox 2396 1377 2685 1432; x_wconf 80' lang='lat' dir='ltr'><strong>aﬂirmant.</strong></span> <span class='ocrx_word' id='word_1_390' title='bbox 2717 1376 2792 1432; x_wconf 89' lang='lat' dir='ltr'><strong>De</strong></span> <span class='ocrx_word' id='word_1_391' title='bbox 2819 1377 3026 1450; x_wconf 86' lang='lat' dir='ltr'><strong>reliquo</strong></span> <span class='ocrx_word' id='word_1_392' title='bbox 3051 1377 3192 1433; x_wconf 82' lang='lat' dir='ltr'><strong>vitae</strong></span> <span class='ocrx_word' id='word_1_393' title='bbox 3215 1378 3392 1448; x_wconf 87' lang='lat' dir='ltr'><strong>spatio</strong></span> <span class='ocrx_word' id='word_1_394' title='bbox 3411 1376 3544 1433; x_wconf 86' lang='lat' dir='ltr'><strong>nihil</strong></span> <span class='ocrx_word' id='word_1_395' title='bbox 3565 1392 3715 1433; x_wconf 83' lang='lat' dir='ltr'><strong>com-</strong></span> 
     </span>
    </p>
   </div>
   <div class='ocr_carea' id='block_1_60' title="bbox 2135 1468 2494 1541">
    <p class='ocr_par' dir='ltr' id='par_1_60' title="bbox 2135 1468 2494 1541">
     <span class='ocr_line' id='line_1_60' title="bbox 2135 1468 2494 1541; baseline -0.008 -17"><span class='ocrx_word' id='word_1_396' title='bbox 2135 1469 2272 1541; x_wconf 91' lang='lat' dir='ltr'><strong>perti</strong></span> <span class='ocrx_word' id='word_1_397' title='bbox 2299 1468 2494 1523; x_wconf 89' lang='lat' dir='ltr'><strong>habeo.</strong></span> 
     </span>
    </p>
   </div>
   <div class='ocr_carea' id='block_1_61' title="bbox 2205 1557 3719 1630">
    <p class='ocr_par' dir='ltr' id='par_1_61' title="bbox 2205 1557 3719 1630">
     <span class='ocr_line' id='line_1_61' title="bbox 2205 1557 3719 1630; baseline -0.001 -16"><span class='ocrx_word' id='word_1_398' title='bbox 2205 1559 2376 1614; x_wconf 81' lang='lat' dir='ltr'><strong>Periit</strong></span> <span class='ocrx_word' id='word_1_399' title='bbox 2421 1560 2638 1630; x_wconf 86' lang='lat' dir='ltr'><strong>indigna</strong></span> <span class='ocrx_word' id='word_1_400' title='bbox 2685 1567 2859 1614; x_wconf 92' lang='lat' dir='ltr'><strong>morte</strong></span> <span class='ocrx_word' id='word_1_401' title='bbox 2888 1577 2901 1613; x_wconf 91' lang='lat'><strong>:</strong></span> <span class='ocrx_word' id='word_1_402' title='bbox 2933 1569 3089 1630; x_wconf 89' lang='lat' dir='ltr'><strong>grata</strong></span> <span class='ocrx_word' id='word_1_403' title='bbox 3112 1557 3408 1630; x_wconf 90' lang='lat' dir='ltr'><strong>posteritas</strong></span> <span class='ocrx_word' id='word_1_404' title='bbox 3431 1559 3719 1614; x_wconf 88' lang='lat' dir='ltr'><strong>immorta-</strong></span> 
     </span>
    </p>
   </div>
   <div class='ocr_carea' id='block_1_62' title="bbox 2060 1642 3717 1722">
    <p class='ocr_par' dir='ltr' id='par_1_62' title="bbox 2060 1642 3717 1722">
     <span class='ocr_line' id='line_1_62' title="bbox 2060 1642 3717 1722; baseline 0.002 -20"><span class='ocrx_word' id='word_1_405' title='bbox 2060 1642 2106 1702; x_wconf 87' lang='lat' dir='ltr'><strong>B</strong></span> <span class='ocrx_word' id='word_1_406' title='bbox 2136 1651 2240 1707; x_wconf 91' lang='lat' dir='ltr'><strong>lem</strong></span> <span class='ocrx_word' id='word_1_407' title='bbox 2271 1649 2486 1707; x_wconf 80' lang='lat' dir='ltr'><strong>efﬁcere</strong></span> <span class='ocrx_word' id='word_1_408' title='bbox 2531 1651 2720 1722; x_wconf 88' lang='lat' dir='ltr'><strong>cupiit,</strong></span> <span class='ocrx_word' id='word_1_409' title='bbox 2756 1651 2984 1722; x_wconf 89' lang='lat' dir='ltr'><strong>ideoque</strong></span> <span class='ocrx_word' id='word_1_410' title='bbox 3025 1649 3144 1720; x_wconf 89' lang='lat' dir='ltr'><strong>ejus</strong></span> <span class='ocrx_word' id='word_1_411' title='bbox 3183 1649 3362 1706; x_wconf 89' lang='lat' dir='ltr'><strong>natale</strong></span> <span class='ocrx_word' id='word_1_412' title='bbox 3391 1651 3457 1706; x_wconf 93' lang='lat' dir='ltr'><strong>ad</strong></span> <span class='ocrx_word' id='word_1_413' title='bbox 3502 1650 3557 1705; x_wconf 68' lang='grc' dir='ltr'>Δ.</span> <span class='ocrx_word' id='word_1_414' title='bbox 3594 1650 3717 1706; x_wconf 89' lang='lat' dir='ltr'><strong>ldus</strong></span> 
     </span>
    </p>
   </div>
   <div class='ocr_carea' id='block_1_63' title="bbox 2141 1742 3718 1802">
    <p class='ocr_par' dir='ltr' id='par_1_63' title="bbox 2141 1742 3718 1802">
     <span class='ocr_line' id='line_1_63' title="bbox 2141 1742 3718 1802; baseline -0.001 -3"><span class='ocrx_word' id='word_1_415' title='bbox 2141 1743 2462 1802; x_wconf 81' lang='lat' dir='ltr'><strong>Novembris</strong></span> <span class='ocrx_word' id='word_1_416' title='bbox 2510 1744 2604 1799; x_wconf 91' lang='lat' dir='ltr'><strong>diu</strong></span> <span class='ocrx_word' id='word_1_417' title='bbox 2651 1742 2964 1799; x_wconf 90' lang='lat' dir='ltr'><strong>celebravit.</strong></span> <span class='ocrx_word' id='word_1_418' title='bbox 3015 1742 3285 1800; x_wconf 83' lang='lat' dir='ltr'><strong>Arnoldus</strong></span> <span class='ocrx_word' id='word_1_419' title='bbox 3329 1742 3491 1798; x_wconf 84' lang='lat' dir='ltr'><strong>Wion</strong></span> <span class='ocrx_word' id='word_1_420' title='bbox 3535 1743 3602 1798; x_wconf 91' lang='lat' dir='ltr'><strong>de</strong></span> <span class='ocrx_word' id='word_1_421' title='bbox 3649 1756 3718 1797; x_wconf 89' lang='lat' dir='ltr'><strong>eo</strong></span> 
     </span>
    </p>
   </div>
   <div class='ocr_carea' id='block_1_64' title="bbox 2141 1831 3715 1918">
    <p class='ocr_par' dir='ltr' id='par_1_64' title="bbox 2141 1831 3715 1918">
     <span class='ocr_line' id='line_1_64' title="bbox 2141 1831 3715 1918; baseline -0.002 -30"><span class='ocrx_word' id='word_1_422' title='bbox 2141 1835 2194 1890; x_wconf 92' lang='lat' dir='ltr'><strong>in</strong></span> <span class='ocrx_word' id='word_1_423' title='bbox 2245 1833 2416 1918; x_wconf 72' lang='lat' dir='ltr'><strong>Ligno</strong></span> <span class='ocrx_word' id='word_1_424' title='bbox 2461 1833 2604 1888; x_wconf 89' lang='lat' dir='ltr'><strong>vitae</strong></span> <span class='ocrx_word' id='word_1_425' title='bbox 2656 1833 2954 1889; x_wconf 74' lang='lat' dir='ltr'><strong>honorifice</strong></span> <span class='ocrx_word' id='word_1_426' title='bbox 3009 1832 3291 1900; x_wconf 85' lang='lat' dir='ltr'><strong>meminit,</strong></span> <span class='ocrx_word' id='word_1_427' title='bbox 3339 1841 3617 1901; x_wconf 88' lang='lat' dir='ltr'><strong>notatque,</strong></span> <span class='ocrx_word' id='word_1_428' title='bbox 3659 1831 3715 1885; x_wconf 90' lang='lat' dir='ltr'><strong>in</strong></span> 
     </span>
    </p>
   </div>
   <div class='ocr_carea' id='block_1_65' title="bbox 2138 1923 3713 1997">
    <p class='ocr_par' dir='ltr' id='par_1_65' title="bbox 2138 1923 3713 1997">
     <span class='ocr_line' id='line_1_65' title="bbox 2138 1923 3713 1997; baseline -0.002 -16"><span class='ocrx_word' id='word_1_429' title='bbox 2138 1925 2518 1997; x_wconf 74' lang='lat' dir='ltr'><strong>Martyrologio</strong></span> <span class='ocrx_word' id='word_1_430' title='bbox 2545 1925 2806 1990; x_wconf 80' lang='lat' dir='ltr'><strong>Romano,</strong></span> <span class='ocrx_word' id='word_1_431' title='bbox 2832 1925 2976 1995; x_wconf 92' lang='lat' dir='ltr'><strong>quod</strong></span> <span class='ocrx_word' id='word_1_432' title='bbox 2996 1925 3362 1981; x_wconf 79' lang='lat' dir='ltr'><strong>excudebatur</strong></span> <span class='ocrx_word' id='word_1_433' title='bbox 3383 1939 3524 1980; x_wconf 88' lang='lat' dir='ltr'><strong>anno</strong></span> <span class='ocrx_word' id='word_1_434' title='bbox 3553 1923 3713 1987; x_wconf 68' lang='lat'><strong>{580,</strong></span> 
     </span>
    </p>
   </div>
   <div class='ocr_carea' id='block_1_66' title="bbox 2137 2013 3718 2083">
    <p class='ocr_par' dir='ltr' id='par_1_66' title="bbox 2137 2013 3718 2083">
     <span class='ocr_line' id='line_1_66' title="bbox 2137 2013 3718 2083; baseline -0.001 -12"><span class='ocrx_word' id='word_1_435' title='bbox 2137 2014 2188 2071; x_wconf 91' lang='lat' dir='ltr'><strong>ei</strong></span> <span class='ocrx_word' id='word_1_436' title='bbox 2212 2014 2389 2070; x_wconf 91' lang='lat' dir='ltr'><strong>locum</strong></span> <span class='ocrx_word' id='word_1_437' title='bbox 2420 2023 2477 2070; x_wconf 91' lang='lat' dir='ltr'><strong>et</strong></span> <span class='ocrx_word' id='word_1_438' title='bbox 2511 2014 2674 2070; x_wconf 89' lang='lat' dir='ltr'><strong>decus</strong></span> <span class='ocrx_word' id='word_1_439' title='bbox 2698 2029 2855 2070; x_wconf 89' lang='lat' dir='ltr'><strong>suum</strong></span> <span class='ocrx_word' id='word_1_440' title='bbox 2885 2014 3153 2083; x_wconf 81' lang='lat' dir='ltr'><strong>integrum</strong></span> <span class='ocrx_word' id='word_1_441' title='bbox 3183 2013 3514 2078; x_wconf 88' lang='lat' dir='ltr'><strong>constitisse,</strong></span> <span class='ocrx_word' id='word_1_442' title='bbox 3543 2027 3574 2066; x_wconf 89' lang='lat' dir='ltr'><strong>a</strong></span> <span class='ocrx_word' id='word_1_443' title='bbox 3606 2027 3718 2082; x_wconf 88' lang='lat' dir='ltr'><strong>quo</strong></span> 
     </span>
    </p>
   </div>
   <div class='ocr_carea' id='block_1_67' title="bbox 2138 2087 3720 2176">
    <p class='ocr_par' dir='ltr' id='par_1_67' title="bbox 2138 2087 3720 2176">
     <span class='ocr_line' id='line_1_67' title="bbox 2138 2087 3720 2176; baseline -0.001 -15"><span class='ocrx_word' id='word_1_444' title='bbox 2138 2115 2317 2161; x_wconf 82' lang='lat' dir='ltr'><strong>tamen</strong></span> <span class='ocrx_word' id='word_1_445' title='bbox 2353 2113 2641 2174; x_wconf 89' lang='lat' dir='ltr'><strong>sequentes</strong></span> <span class='ocrx_word' id='word_1_446' title='bbox 2669 2104 2938 2162; x_wconf 91' lang='lat' dir='ltr'><strong>editiones</strong></span> <span class='ocrx_word' id='word_1_447' title='bbox 2960 2087 3327 2176; x_wconf 60' lang='lat' dir='ltr'><strong>Martyrolo&#39;gii</strong></span> <span class='ocrx_word' id='word_1_448' title='bbox 3352 2119 3474 2159; x_wconf 92' lang='lat' dir='ltr'><strong>eum</strong></span> <span class='ocrx_word' id='word_1_449' title='bbox 3500 2103 3720 2174; x_wconf 87' lang='lat' dir='ltr'><strong>penitus</strong></span> 
     </span>
    </p>
   </div>
   <div class='ocr_carea' id='block_1_68' title="bbox 2137 2193 3719 2251">
    <p class='ocr_par' dir='ltr' id='par_1_68' title="bbox 2137 2193 3719 2251">
     <span class='ocr_line' id='line_1_68' title="bbox 2137 2193 3719 2251; baseline 0 -1"><span class='ocrx_word' id='word_1_450' title='bbox 2137 2196 2508 2250; x_wconf 81' lang='lat' dir='ltr'><strong>detraxerunt.</strong></span> <span class='ocrx_word' id='word_1_451' title='bbox 2541 2195 2617 2250; x_wconf 88' lang='lat' dir='ltr'><strong>Eo</strong></span> <span class='ocrx_word' id='word_1_452' title='bbox 2640 2194 2752 2249; x_wconf 83' lang='lat' dir='ltr'><strong>fato</strong></span> <span class='ocrx_word' id='word_1_453' title='bbox 2777 2195 2908 2249; x_wconf 91' lang='lat' dir='ltr'><strong>mihi</strong></span> <span class='ocrx_word' id='word_1_454' title='bbox 2933 2203 3090 2249; x_wconf 89' lang='lat' dir='ltr'><strong>natus</strong></span> <span class='ocrx_word' id='word_1_455' title='bbox 3117 2194 3284 2250; x_wconf 78' lang='lat' dir='ltr'><strong>fuisse</strong></span> <span class='ocrx_word' id='word_1_456' title='bbox 3312 2193 3548 2251; x_wconf 81' lang='lat' dir='ltr'><strong>Joannes</strong></span> <span class='ocrx_word' id='word_1_457' title='bbox 3570 2195 3719 2250; x_wconf 79' lang='lat' dir='ltr'><strong>vide-</strong></span> 
     </span>
    </p>
   </div>
   <div class='ocr_carea' id='block_1_69' title="bbox 2137 2279 3718 2355">
    <p class='ocr_par' dir='ltr' id='par_1_69' title="bbox 2137 2279 3718 2355">
     <span class='ocr_line' id='line_1_69' title="bbox 2137 2279 3718 2355; baseline -0.003 -15"><span class='ocrx_word' id='word_1_458' title='bbox 2137 2294 2248 2350; x_wconf 91' lang='lat' dir='ltr'><strong>tur,</strong></span> <span class='ocrx_word' id='word_1_459' title='bbox 2268 2295 2330 2339; x_wconf 87' lang='lat' dir='ltr'><strong>ut</strong></span> <span class='ocrx_word' id='word_1_460' title='bbox 2355 2284 2637 2338; x_wconf 88' lang='lat' dir='ltr'><strong>hominum</strong></span> <span class='ocrx_word' id='word_1_461' title='bbox 2687 2285 2753 2340; x_wconf 87' lang='lat' dir='ltr'><strong>de</strong></span> <span class='ocrx_word' id='word_1_462' title='bbox 2799 2299 2858 2340; x_wconf 92' lang='lat' dir='ltr'><strong>se</strong></span> <span class='ocrx_word' id='word_1_463' title='bbox 2899 2283 3102 2355; x_wconf 89' lang='lat' dir='ltr'><strong>judicia</strong></span> <span class='ocrx_word' id='word_1_464' title='bbox 3129 2297 3343 2354; x_wconf 89' lang='lat' dir='ltr'><strong>semper</strong></span> <span class='ocrx_word' id='word_1_465' title='bbox 3393 2279 3718 2337; x_wconf 87' lang='lat' dir='ltr'><strong>alternantia</strong></span> 
     </span>
    </p>
   </div>
   <div class='ocr_carea' id='block_1_70' title="bbox 2135 2370 3717 2443">
    <p class='ocr_par' dir='ltr' id='par_1_70' title="bbox 2135 2370 3717 2443">
     <span class='ocr_line' id='line_1_70' title="bbox 2135 2370 3717 2443; baseline -0.005 -11"><span class='ocrx_word' id='word_1_466' title='bbox 2135 2376 2362 2432; x_wconf 84' lang='lat' dir='ltr'><strong>subiret.</strong></span> <span class='ocrx_word' id='word_1_467' title='bbox 2394 2374 2714 2432; x_wconf 85' lang='lat' dir='ltr'><strong>Anastasius</strong></span> <span class='ocrx_word' id='word_1_468' title='bbox 2748 2370 3188 2430; x_wconf 85' lang='lat' dir='ltr'><strong>bibliothecarius</strong></span> <span class='ocrx_word' id='word_1_469' title='bbox 3213 2374 3382 2429; x_wconf 84' lang='lat' dir='ltr'><strong>virum</strong></span> <span class='ocrx_word' id='word_1_470' title='bbox 3423 2389 3515 2443; x_wconf 89' lang='lat' dir='ltr'><strong>per</strong></span> <span class='ocrx_word' id='word_1_471' title='bbox 3539 2372 3717 2426; x_wconf 87' lang='lat' dir='ltr'><strong>omnia</strong></span> 
     </span>
    </p>
   </div>
   <div class='ocr_carea' id='block_1_71' title="bbox 2134 2463 3719 2537">
    <p class='ocr_par' dir='ltr' id='par_1_71' title="bbox 2134 2463 3719 2537">
     <span class='ocr_line' id='line_1_71' title="bbox 2134 2463 3719 2537; baseline -0.005 -16"><span class='ocrx_word' id='word_1_472' title='bbox 2134 2478 2374 2522; x_wconf 87' lang='lat' dir='ltr'><strong>sanctum</strong></span> <span class='ocrx_word' id='word_1_473' title='bbox 2415 2467 2718 2537; x_wconf 87' lang='lat' dir='ltr'><strong>praedicat,</strong></span> <span class='ocrx_word' id='word_1_474' title='bbox 2765 2466 2854 2519; x_wconf 90' lang='lat' dir='ltr'><strong>alii</strong></span> <span class='ocrx_word' id='word_1_475' title='bbox 2889 2475 2950 2520; x_wconf 88' lang='lat' dir='ltr'><strong>ut</strong></span> <span class='ocrx_word' id='word_1_476' title='bbox 2998 2466 3322 2529; x_wconf 86' lang='lat' dir='ltr'><strong>mendacem,</strong></span> <span class='ocrx_word' id='word_1_477' title='bbox 3352 2464 3603 2534; x_wconf 84' lang='lat' dir='ltr'><strong>ineptum,</strong></span> <span class='ocrx_word' id='word_1_478' title='bbox 3631 2463 3719 2514; x_wconf 81' lang='lat' dir='ltr'><strong>de-</strong></span> 
     </span>
    </p>
   </div>
   <div class='ocr_carea' id='block_1_72' title="bbox 2133 2553 3716 2621">
    <p class='ocr_par' dir='ltr' id='par_1_72' title="bbox 2133 2553 3716 2621">
     <span class='ocr_line' id='line_1_72' title="bbox 2133 2553 3716 2621; baseline -0.004 -9"><span class='ocrx_word' id='word_1_479' title='bbox 2133 2567 2376 2621; x_wconf 87' lang='lat' dir='ltr'><strong>mentem,</strong></span> <span class='ocrx_word' id='word_1_480' title='bbox 2411 2555 2729 2611; x_wconf 84' lang='lat' dir='ltr'><strong>haereticum</strong></span> <span class='ocrx_word' id='word_1_481' title='bbox 2765 2553 3042 2610; x_wconf 78' lang='lat' dir='ltr'><strong>differunt.</strong></span> <span class='ocrx_word' id='word_1_482' title='bbox 3075 2553 3236 2611; x_wconf 87' lang='lat' dir='ltr'><strong>Pueri</strong></span> <span class='ocrx_word' id='word_1_483' title='bbox 3267 2553 3716 2609; x_wconf 84' lang='lat' dir='ltr'><strong>Malmesburien-</strong></span> 
     </span>
    </p>
   </div>
   <div class='ocr_carea' id='block_1_73' title="bbox 2133 2624 3714 2714">
    <p class='ocr_par' dir='ltr' id='par_1_73' title="bbox 2133 2624 3714 2714">
     <span class='ocr_line' id='line_1_73' title="bbox 2133 2624 3714 2714; baseline -0.005 -11"><span class='ocrx_word' id='word_1_484' title='bbox 2133 2662 2221 2703; x_wconf 91' lang='lat' dir='ltr'><strong>ses</strong></span> <span class='ocrx_word' id='word_1_485' title='bbox 2255 2661 2378 2702; x_wconf 91' lang='lat' dir='ltr'><strong>eum</strong></span> <span class='ocrx_word' id='word_1_486' title='bbox 2409 2645 2774 2712; x_wconf 75' lang='lat' dir='ltr'><strong>interficiunt;</strong></span> <span class='ocrx_word' id='word_1_487' title='bbox 2811 2644 3057 2699; x_wconf 84' lang='lat' dir='ltr'><strong>Mouachi</strong></span> <span class='ocrx_word' id='word_1_488' title='bbox 3103 2643 3408 2714; x_wconf 88' lang='lat' dir='ltr'><strong>sepulcrum</strong></span> <span class='ocrx_word' id='word_1_489' title='bbox 3451 2624 3714 2697; x_wconf 72' lang='lat' dir='ltr'><strong>condunt.</strong></span> 
     </span>
    </p>
   </div>
   <div class='ocr_carea' id='block_1_74' title="bbox 2131 2734 3716 2808">
    <p class='ocr_par' dir='ltr' id='par_1_74' title="bbox 2131 2734 3716 2808">
     <span class='ocr_line' id='line_1_74' title="bbox 2131 2734 3716 2808; baseline -0.003 -15"><span class='ocrx_word' id='word_1_490' title='bbox 2131 2737 2370 2793; x_wconf 84' lang='lat' dir='ltr'><strong>Ahbates</strong></span> <span class='ocrx_word' id='word_1_491' title='bbox 2397 2737 2489 2792; x_wconf 89' lang='lat' dir='ltr'><strong>alii</strong></span> <span class='ocrx_word' id='word_1_492' title='bbox 2516 2736 2632 2808; x_wconf 91' lang='lat' dir='ltr'><strong>pari</strong></span> <span class='ocrx_word' id='word_1_493' title='bbox 2658 2751 2785 2790; x_wconf 92' lang='lat' dir='ltr'><strong>eum</strong></span> <span class='ocrx_word' id='word_1_494' title='bbox 2813 2735 2926 2790; x_wconf 84' lang='lat' dir='ltr'><strong>fere</strong></span> <span class='ocrx_word' id='word_1_495' title='bbox 2952 2751 3074 2791; x_wconf 91' lang='lat' dir='ltr'><strong>cum</strong></span> <span class='ocrx_word' id='word_1_496' title='bbox 3103 2751 3200 2790; x_wconf 92' lang='lat' dir='ltr'><strong>suo</strong></span> <span class='ocrx_word' id='word_1_497' title='bbox 3228 2734 3472 2790; x_wconf 85' lang='lat' dir='ltr'><strong>Aldelmo</strong></span> <span class='ocrx_word' id='word_1_498' title='bbox 3504 2734 3716 2790; x_wconf 86' lang='lat' dir='ltr'><strong>honore</strong></span> 
     </span>
    </p>
   </div>
   <div class='ocr_carea' id='block_1_75' title="bbox 2131 2825 3708 2899">
    <p class='ocr_par' dir='ltr' id='par_1_75' title="bbox 2131 2825 3708 2899">
     <span class='ocr_line' id='line_1_75' title="bbox 2131 2825 3708 2899; baseline -0.003 -17"><span class='ocrx_word' id='word_1_499' title='bbox 2131 2836 2552 2899; x_wconf 86' lang='lat' dir='ltr'><strong>prosequuntur,</strong></span> <span class='ocrx_word' id='word_1_500' title='bbox 2587 2826 2841 2883; x_wconf 89' lang='lat' dir='ltr'><strong>Warinus</strong></span> <span class='ocrx_word' id='word_1_501' title='bbox 2863 2843 2999 2898; x_wconf 90' lang='lat' dir='ltr'><strong>pene</strong></span> <span class='ocrx_word' id='word_1_502' title='bbox 3025 2842 3122 2898; x_wconf 94' lang='lat' dir='ltr'><strong>pro</strong></span> <span class='ocrx_word' id='word_1_503' title='bbox 3145 2830 3496 2899; x_wconf 81' lang='lat' dir='ltr'><strong>purgamento</strong></span> <span class='ocrx_word' id='word_1_504' title='bbox 3520 2825 3708 2880; x_wconf 85' lang='lat' dir='ltr'><strong>habet.</strong></span> 
     </span>
    </p>
   </div>
   <div class='ocr_carea' id='block_1_76' title="bbox 2131 2912 3715 2987">
    <p class='ocr_par' dir='ltr' id='par_1_76' title="bbox 2131 2912 3715 2987">
     <span class='ocr_line' id='line_1_76' title="bbox 2131 2912 3715 2987; baseline -0.002 -16"><span class='ocrx_word' id='word_1_505' title='bbox 2131 2915 2199 2972; x_wconf 80' lang='lat' dir='ltr'><strong>Hi</strong></span> <span class='ocrx_word' id='word_1_506' title='bbox 2246 2931 2373 2973; x_wconf 87' lang='lat' dir='ltr'><strong>eum</strong></span> <span class='ocrx_word' id='word_1_507' title='bbox 2430 2915 2584 2972; x_wconf 81' lang='lat' dir='ltr'><strong>fastis</strong></span> <span class='ocrx_word' id='word_1_508' title='bbox 2625 2915 2904 2983; x_wconf 88' lang='lat' dir='ltr'><strong>inserunt,</strong></span> <span class='ocrx_word' id='word_1_509' title='bbox 2960 2917 3049 2972; x_wconf 91' lang='lat' dir='ltr'><strong>alii</strong></span> <span class='ocrx_word' id='word_1_510' title='bbox 3094 2925 3425 2987; x_wconf 79' lang='lat' dir='ltr'><strong>expungnnt.</strong></span> <span class='ocrx_word' id='word_1_511' title='bbox 3467 2915 3548 2969; x_wconf 79' lang='lat' dir='ltr'><strong>ita</strong></span> <span class='ocrx_word' id='word_1_512' title='bbox 3595 2912 3715 2984; x_wconf 84' lang='lat' dir='ltr'><strong>ejus</strong></span> 
     </span>
    </p>
   </div>
   <div class='ocr_carea' id='block_1_77' title="bbox 2057 3000 3714 3082">
    <p class='ocr_par' dir='ltr' id='par_1_77' title="bbox 2057 3000 3714 3082">
     <span class='ocr_line' id='line_1_77' title="bbox 2057 3000 3714 3082; baseline -0.002 -17"><span class='ocrx_word' id='word_1_513' title='bbox 2057 3000 2103 3064; x_wconf 87' lang='lat' dir='ltr'>C</span> <span class='ocrx_word' id='word_1_514' title='bbox 2135 3009 2281 3066; x_wconf 81' lang='lat' dir='ltr'><strong>fama</strong></span> <span class='ocrx_word' id='word_1_515' title='bbox 2307 3019 2362 3067; x_wconf 92' lang='lat' dir='ltr'><strong>et</strong></span> <span class='ocrx_word' id='word_1_516' title='bbox 2401 3025 2598 3067; x_wconf 88' lang='lat' dir='ltr'><strong>nomen</strong></span> <span class='ocrx_word' id='word_1_517' title='bbox 2646 3010 2880 3066; x_wconf 88' lang='lat' dir='ltr'><strong>recidiva</strong></span> <span class='ocrx_word' id='word_1_518' title='bbox 2918 3010 3072 3080; x_wconf 89' lang='lat' dir='ltr'><strong>quasi</strong></span> <span class='ocrx_word' id='word_1_519' title='bbox 3103 3007 3238 3082; x_wconf 74' lang='lat' dir='ltr'><strong>febri</strong></span> <span class='ocrx_word' id='word_1_520' title='bbox 3263 3007 3376 3079; x_wconf 88' lang='lat' dir='ltr'><strong>jam</strong></span> <span class='ocrx_word' id='word_1_521' title='bbox 3411 3007 3500 3064; x_wconf 90' lang='lat' dir='ltr'><strong>diu</strong></span> <span class='ocrx_word' id='word_1_522' title='bbox 3526 3004 3714 3063; x_wconf 81' lang='lat' dir='ltr'><strong>conﬂi-</strong></span> 
     </span>
    </p>
   </div>
   <div class='ocr_carea' id='block_1_78' title="bbox 2135 3111 2338 3159">
    <p class='ocr_par' dir='ltr' id='par_1_78' title="bbox 2135 3111 2338 3159">
     <span class='ocr_line' id='line_1_78' title="bbox 2135 3111 2338 3159; baseline -0.02 0"><span class='ocrx_word' id='word_1_523' title='bbox 2135 3111 2338 3159; x_wconf 87' lang='lat' dir='ltr'><strong>ctatur.</strong></span> 
     </span>
    </p>
   </div>
   <div class='ocr_carea' id='block_1_79' title="bbox 2205 3188 3714 3262">
    <p class='ocr_par' dir='ltr' id='par_1_79' title="bbox 2205 3188 3714 3262">
     <span class='ocr_line' id='line_1_79' title="bbox 2205 3188 3714 3262; baseline -0.003 -15"><span class='ocrx_word' id='word_1_524' title='bbox 2205 3191 2283 3247; x_wconf 89' lang='lat' dir='ltr'><strong>De</strong></span> <span class='ocrx_word' id='word_1_525' title='bbox 2303 3191 2418 3247; x_wconf 88' lang='lat' dir='ltr'><strong>solo</strong></span> <span class='ocrx_word' id='word_1_526' title='bbox 2447 3191 2754 3262; x_wconf 90' lang='lat' dir='ltr'><strong>sepulturae</strong></span> <span class='ocrx_word' id='word_1_527' title='bbox 2779 3192 2899 3249; x_wconf 91' lang='lat' dir='ltr'><strong>loco</strong></span> <span class='ocrx_word' id='word_1_528' title='bbox 2937 3193 3081 3248; x_wconf 89' lang='lat' dir='ltr'><strong>inter</strong></span> <span class='ocrx_word' id='word_1_529' title='bbox 3103 3208 3291 3248; x_wconf 89' lang='lat' dir='ltr'><strong>omnes</strong></span> <span class='ocrx_word' id='word_1_530' title='bbox 3313 3191 3584 3247; x_wconf 85' lang='lat' dir='ltr'><strong>convenit.</strong></span> <span class='ocrx_word' id='word_1_531' title='bbox 3608 3188 3714 3246; x_wconf 84' lang='lat' dir='ltr'><strong>Ca-</strong></span> 
     </span>
    </p>
   </div>
   <div class='ocr_carea' id='block_1_80' title="bbox 2133 3280 3707 3356">
    <p class='ocr_par' dir='ltr' id='par_1_80' title="bbox 2133 3280 3707 3356">
     <span class='ocr_line' id='line_1_80' title="bbox 2133 3280 3707 3356; baseline -0.001 -18"><span class='ocrx_word' id='word_1_532' title='bbox 2133 3282 2344 3354; x_wconf 91' lang='lat' dir='ltr'><strong>talogus</strong></span> <span class='ocrx_word' id='word_1_533' title='bbox 2392 3281 2494 3339; x_wconf 91' lang='lat' dir='ltr'><strong>SS.</strong></span> <span class='ocrx_word' id='word_1_534' title='bbox 2530 3283 2585 3337; x_wconf 92' lang='lat' dir='ltr'><strong>in</strong></span> <span class='ocrx_word' id='word_1_535' title='bbox 2619 3283 2811 3356; x_wconf 87' lang='lat' dir='ltr'><strong>Anglia</strong></span> <span class='ocrx_word' id='word_1_536' title='bbox 2839 3283 3168 3355; x_wconf 89' lang='lat' dir='ltr'><strong>sepultorum</strong></span> <span class='ocrx_word' id='word_1_537' title='bbox 3199 3283 3311 3354; x_wconf 92' lang='lat' dir='ltr'><strong>(qui</strong></span> <span class='ocrx_word' id='word_1_538' title='bbox 3347 3300 3490 3339; x_wconf 92' lang='lat' dir='ltr'><strong>nunc</strong></span> <span class='ocrx_word' id='word_1_539' title='bbox 3517 3284 3571 3338; x_wconf 91' lang='lat' dir='ltr'><strong>in</strong></span> <span class='ocrx_word' id='word_1_540' title='bbox 3594 3280 3707 3337; x_wconf 87' lang='lat' dir='ltr'><strong>col-</strong></span> 
     </span>
    </p>
   </div>
   <div class='ocr_carea' id='block_1_81' title="bbox 2133 3369 3708 3446">
    <p class='ocr_par' dir='ltr' id='par_1_81' title="bbox 2133 3369 3708 3446">
     <span class='ocr_line' id='line_1_81' title="bbox 2133 3369 3708 3446; baseline -0.001 -20"><span class='ocrx_word' id='word_1_541' title='bbox 2133 3369 2271 3444; x_wconf 85' lang='lat' dir='ltr'><strong>legio</strong></span> <span class='ocrx_word' id='word_1_542' title='bbox 2301 3371 2649 3428; x_wconf 89' lang='lat' dir='ltr'><strong>Benedictin</strong></span> <span class='ocrx_word' id='word_1_543' title='bbox 2675 3373 2817 3444; x_wconf 86' lang='lat' dir='ltr'><strong>apud</strong></span> <span class='ocrx_word' id='word_1_544' title='bbox 2843 3371 3314 3446; x_wconf 83' lang='lat' dir='ltr'><strong>Cantabrigienses</strong></span> <span class='ocrx_word' id='word_1_545' title='bbox 3344 3371 3613 3440; x_wconf 86' lang='lat' dir='ltr'><strong>servatur)</strong></span> <span class='ocrx_word' id='word_1_546' title='bbox 3641 3370 3708 3426; x_wconf 88' lang='lat' dir='ltr'><strong>de</strong></span> 
     </span>
    </p>
   </div>
   <div class='ocr_carea' id='block_1_82' title="bbox 2131 3460 3710 3525">
    <p class='ocr_par' dir='ltr' id='par_1_82' title="bbox 2131 3460 3710 3525">
     <span class='ocr_line' id='line_1_82' title="bbox 2131 3460 3710 3525; baseline -0.003 -8"><span class='ocrx_word' id='word_1_547' title='bbox 2131 3475 2198 3517; x_wconf 88' lang='lat' dir='ltr'><strong>eo</strong></span> <span class='ocrx_word' id='word_1_548' title='bbox 2246 3461 2326 3517; x_wconf 88' lang='lat' dir='ltr'><strong>sic</strong></span> <span class='ocrx_word' id='word_1_549' title='bbox 2385 3462 2573 3518; x_wconf 90' lang='lat' dir='ltr'><strong>scribit</strong></span> <span class='ocrx_word' id='word_1_550' title='bbox 2626 3461 2820 3519; x_wconf 88' lang='lat' dir='ltr'><strong>litteris</strong></span> <span class='ocrx_word' id='word_1_551' title='bbox 2857 3462 3142 3519; x_wconf 80' lang='lat' dir='ltr'><strong>Saxonicis</strong></span> <span class='ocrx_word' id='word_1_552' title='bbox 3189 3481 3201 3518; x_wconf 91' lang='lat'><strong>:</strong></span> <span class='ocrx_word' id='word_1_553' title='bbox 3257 3460 3320 3518; x_wconf 91' lang='lat' dir='ltr'><strong>S.</strong></span> <span class='ocrx_word' id='word_1_554' title='bbox 3379 3461 3710 3525; x_wconf 82' lang='lat' dir='ltr'><strong>Maildunus,</strong></span> 
     </span>
    </p>
   </div>
   <div class='ocr_carea' id='block_1_83' title="bbox 2133 3548 3713 3623">
    <p class='ocr_par' dir='ltr' id='par_1_83' title="bbox 2133 3548 3713 3623">
     <span class='ocr_line' id='line_1_83' title="bbox 2133 3548 3713 3623; baseline -0.004 -16"><span class='ocrx_word' id='word_1_555' title='bbox 2133 3549 2196 3607; x_wconf 90' lang='lat' dir='ltr'><strong>S.</strong></span> <span class='ocrx_word' id='word_1_556' title='bbox 2233 3550 2520 3616; x_wconf 83' lang='lat' dir='ltr'><strong>Aldelmus,</strong></span> <span class='ocrx_word' id='word_1_557' title='bbox 2552 3560 2598 3606; x_wconf 87' lang='lat' dir='ltr'><strong>et</strong></span> <span class='ocrx_word' id='word_1_558' title='bbox 2625 3549 2858 3608; x_wconf 80' lang='lat' dir='ltr'><strong>Joannes</strong></span> <span class='ocrx_word' id='word_1_559' title='bbox 2891 3569 3096 3622; x_wconf 74' lang='lat' dir='ltr'><strong>sapiens</strong></span> <span class='ocrx_word' id='word_1_560' title='bbox 3118 3551 3438 3623; x_wconf 87' lang='lat' dir='ltr'><strong>requiescunt</strong></span> <span class='ocrx_word' id='word_1_561' title='bbox 3464 3552 3520 3604; x_wconf 89' lang='lat' dir='ltr'><strong>in</strong></span> <span class='ocrx_word' id='word_1_562' title='bbox 3547 3548 3713 3603; x_wconf 80' lang='lat' dir='ltr'><strong>Mail-</strong></span> 
     </span>
    </p>
   </div>
   <div class='ocr_carea' id='block_1_84' title="bbox 2132 3639 3715 3700">
    <p class='ocr_par' dir='ltr' id='par_1_84' title="bbox 2132 3639 3715 3700">
     <span class='ocr_line' id='line_1_84' title="bbox 2132 3639 3715 3700; baseline -0.002 -3"><span class='ocrx_word' id='word_1_563' title='bbox 2132 3643 2418 3697; x_wconf 87' lang='lat' dir='ltr'><strong>mesburia.</strong></span> <span class='ocrx_word' id='word_1_564' title='bbox 2447 3641 2645 3698; x_wconf 86' lang='lat' dir='ltr'><strong>Eadem</strong></span> <span class='ocrx_word' id='word_1_565' title='bbox 2685 3643 2846 3700; x_wconf 90' lang='lat' dir='ltr'><strong>habet</strong></span> <span class='ocrx_word' id='word_1_566' title='bbox 2873 3643 3054 3699; x_wconf 82' lang='lat' dir='ltr'><strong>Codex</strong></span> <span class='ocrx_word' id='word_1_567' title='bbox 3099 3643 3454 3699; x_wconf 88' lang='lat' dir='ltr'><strong>Cottonianus</strong></span> <span class='ocrx_word' id='word_1_568' title='bbox 3490 3657 3557 3696; x_wconf 82' lang='lat' dir='ltr'><strong>ex</strong></span> <span class='ocrx_word' id='word_1_569' title='bbox 3586 3639 3715 3696; x_wconf 61' lang='lat' dir='ltr'><strong>Coto</strong></span> 
     </span>
    </p>
   </div>
   <div class='ocr_carea' id='block_1_85' title="bbox 2132 3728 3713 3799">
    <p class='ocr_par' dir='ltr' id='par_1_85' title="bbox 2132 3728 3713 3799">
     <span class='ocr_line' id='line_1_85' title="bbox 2132 3728 3713 3799; baseline -0.002 -12"><span class='ocrx_word' id='word_1_570' title='bbox 2132 3730 2307 3787; x_wconf 88' lang='lat' dir='ltr'><strong>celino</strong></span> <span class='ocrx_word' id='word_1_571' title='bbox 2329 3730 2665 3796; x_wconf 89' lang='lat' dir='ltr'><strong>Bertiniano,</strong></span> <span class='ocrx_word' id='word_1_572' title='bbox 2691 3746 2792 3786; x_wconf 89' lang='lat' dir='ltr'><strong>nec</strong></span> <span class='ocrx_word' id='word_1_573' title='bbox 2817 3729 2930 3787; x_wconf 88' lang='lat' dir='ltr'><strong>abit</strong></span> <span class='ocrx_word' id='word_1_574' title='bbox 2958 3733 3024 3787; x_wconf 90' lang='lat' dir='ltr'><strong>ab</strong></span> <span class='ocrx_word' id='word_1_575' title='bbox 3047 3733 3152 3799; x_wconf 89' lang='lat' dir='ltr'><strong>his,</strong></span> <span class='ocrx_word' id='word_1_576' title='bbox 3187 3733 3263 3788; x_wconf 89' lang='lat' dir='ltr'><strong>uti</strong></span> <span class='ocrx_word' id='word_1_577' title='bbox 3289 3732 3539 3795; x_wconf 87' lang='lat' dir='ltr'><strong>vidimus,</strong></span> <span class='ocrx_word' id='word_1_578' title='bbox 3575 3728 3713 3785; x_wconf 78' lang='lat' dir='ltr'><strong>Mal-</strong></span> 
     </span>
    </p>
   </div>
   <div class='ocr_carea' id='block_1_86' title="bbox 2135 3818 3712 3889">
    <p class='ocr_par' dir='ltr' id='par_1_86' title="bbox 2135 3818 3712 3889">
     <span class='ocr_line' id='line_1_86' title="bbox 2135 3818 3712 3889; baseline -0.003 -13"><span class='ocrx_word' id='word_1_579' title='bbox 2135 3818 2521 3876; x_wconf 88' lang='lat' dir='ltr'><strong>mesburiensis</strong></span> <span class='ocrx_word' id='word_1_580' title='bbox 2550 3818 3038 3887; x_wconf 88' lang='lat' dir='ltr'><strong>Bibliothecarius;</strong></span> <span class='ocrx_word' id='word_1_581' title='bbox 3072 3836 3170 3876; x_wconf 90' lang='lat' dir='ltr'><strong>nec</strong></span> <span class='ocrx_word' id='word_1_582' title='bbox 3197 3829 3411 3876; x_wconf 88' lang='lat' dir='ltr'><strong>vetusta</strong></span> <span class='ocrx_word' id='word_1_583' title='bbox 3445 3819 3712 3889; x_wconf 88' lang='lat' dir='ltr'><strong>quaedam</strong></span> 
     </span>
    </p>
   </div>
   <div class='ocr_carea' id='block_1_87' title="bbox 2131 3906 3714 3981">
    <p class='ocr_par' dir='ltr' id='par_1_87' title="bbox 2131 3906 3714 3981">
     <span class='ocr_line' id='line_1_87' title="bbox 2131 3906 3714 3981; baseline -0.003 -16"><span class='ocrx_word' id='word_1_584' title='bbox 2131 3909 2470 3974; x_wconf 88' lang='lat' dir='ltr'><strong>connotatio,</strong></span> <span class='ocrx_word' id='word_1_585' title='bbox 2508 3924 2649 3979; x_wconf 89' lang='lat' dir='ltr'><strong>quae</strong></span> <span class='ocrx_word' id='word_1_586' title='bbox 2678 3909 2809 3964; x_wconf 91' lang='lat' dir='ltr'><strong>olim</strong></span> <span class='ocrx_word' id='word_1_587' title='bbox 2845 3909 3126 3981; x_wconf 87' lang='lat' dir='ltr'><strong>legebatur</strong></span> <span class='ocrx_word' id='word_1_588' title='bbox 3166 3911 3221 3964; x_wconf 90' lang='lat' dir='ltr'><strong>in</strong></span> <span class='ocrx_word' id='word_1_589' title='bbox 3257 3906 3714 3974; x_wconf 69' lang='lat' dir='ltr'><strong>MertonianaBi-</strong></span> 
     </span>
    </p>
   </div>
   <div class='ocr_carea' id='block_1_88' title="bbox 2133 4002 3712 4064">
    <p class='ocr_par' dir='ltr' id='par_1_88' title="bbox 2133 4002 3712 4064">
     <span class='ocr_line' id='line_1_88' title="bbox 2133 4002 3712 4064; baseline -0.006 0"><span class='ocrx_word' id='word_1_590' title='bbox 2133 4007 2404 4064; x_wconf 85' lang='lat' dir='ltr'><strong>bliotbeca</strong></span> <span class='ocrx_word' id='word_1_591' title='bbox 2431 4005 2727 4064; x_wconf 78' lang='lat' dir='ltr'><strong>Oxoniensi</strong></span> <span class='ocrx_word' id='word_1_592' title='bbox 2751 4025 2765 4062; x_wconf 89' lang='lat'><strong>:</strong></span> <span class='ocrx_word' id='word_1_593' title='bbox 2789 4038 2860 4048; x_wconf 96' lang='lat'><strong>—</strong></span> <span class='ocrx_word' id='word_1_594' title='bbox 2895 4006 2958 4064; x_wconf 87' lang='lat' dir='ltr'><strong>S.</strong></span> <span class='ocrx_word' id='word_1_595' title='bbox 2997 4006 3266 4061; x_wconf 82' lang='lat' dir='ltr'><strong>Aldelmus</strong></span> <span class='ocrx_word' id='word_1_596' title='bbox 3295 4016 3344 4060; x_wconf 90' lang='lat' dir='ltr'><strong>et</strong></span> <span class='ocrx_word' id='word_1_597' title='bbox 3364 4002 3595 4058; x_wconf 83' lang='lat' dir='ltr'><strong>Joannes</strong></span> <span class='ocrx_word' id='word_1_598' title='bbox 3619 4018 3712 4055; x_wconf 83' lang='lat' dir='ltr'><strong>sa-</strong></span> 
     </span>
    </p>
   </div>
   <div class='ocr_carea' id='block_1_89' title="bbox 2131 4089 3715 4170">
    <p class='ocr_par' dir='ltr' id='par_1_89' title="bbox 2131 4089 3715 4170">
     <span class='ocr_line' id='line_1_89' title="bbox 2131 4089 3715 4170; baseline -0.004 -19"><span class='ocrx_word' id='word_1_599' title='bbox 2131 4100 2277 4170; x_wconf 84' lang='lat' dir='ltr'><strong>piens</strong></span> <span class='ocrx_word' id='word_1_600' title='bbox 2304 4109 2528 4170; x_wconf 85' lang='lat' dir='ltr'><strong>pausant</strong></span> <span class='ocrx_word' id='word_1_601' title='bbox 2559 4099 2614 4153; x_wconf 88' lang='lat' dir='ltr'><strong>in</strong></span> <span class='ocrx_word' id='word_1_602' title='bbox 2641 4099 2773 4164; x_wconf 89' lang='lat' dir='ltr'><strong>loco,</strong></span> <span class='ocrx_word' id='word_1_603' title='bbox 2799 4099 2888 4169; x_wconf 87' lang='lat' dir='ltr'><strong>qui</strong></span> <span class='ocrx_word' id='word_1_604' title='bbox 2921 4098 3116 4151; x_wconf 88' lang='lat' dir='ltr'><strong>dicitur</strong></span> <span class='ocrx_word' id='word_1_605' title='bbox 3143 4097 3196 4150; x_wconf 91' lang='lat' dir='ltr'><strong>in</strong></span> <span class='ocrx_word' id='word_1_606' title='bbox 3222 4093 3560 4150; x_wconf 84' lang='lat' dir='ltr'><strong>Malmesbiri.</strong></span> <span class='ocrx_word' id='word_1_607' title='bbox 3587 4089 3715 4145; x_wconf 85' lang='lat' dir='ltr'><strong>Fuit</strong></span> 
     </span>
    </p>
   </div>
   <div class='ocr_carea' id='block_1_90' title="bbox 2133 4179 3713 4257">
    <p class='ocr_par' dir='ltr' id='par_1_90' title="bbox 2133 4179 3713 4257">
     <span class='ocr_line' id='line_1_90' title="bbox 2133 4179 3713 4257; baseline -0.006 -15"><span class='ocrx_word' id='word_1_608' title='bbox 2133 4202 2349 4257; x_wconf 91' lang='lat' dir='ltr'><strong>quoque</strong></span> <span class='ocrx_word' id='word_1_609' title='bbox 2383 4187 2437 4240; x_wconf 92' lang='lat' dir='ltr'><strong>in</strong></span> <span class='ocrx_word' id='word_1_610' title='bbox 2468 4187 2728 4242; x_wconf 89' lang='lat' dir='ltr'><strong>honorem</strong></span> <span class='ocrx_word' id='word_1_611' title='bbox 2783 4183 2943 4254; x_wconf 87' lang='lat' dir='ltr'><strong>hujus</strong></span> <span class='ocrx_word' id='word_1_612' title='bbox 2970 4185 3192 4240; x_wconf 87' lang='lat' dir='ltr'><strong>Joannis</strong></span> <span class='ocrx_word' id='word_1_613' title='bbox 3236 4192 3415 4238; x_wconf 88' lang='lat' dir='ltr'><strong>statua</strong></span> <span class='ocrx_word' id='word_1_614' title='bbox 3447 4180 3619 4252; x_wconf 88' lang='lat' dir='ltr'><strong>posita</strong></span> <span class='ocrx_word' id='word_1_615' title='bbox 3655 4179 3713 4232; x_wconf 89' lang='lat' dir='ltr'><strong>in</strong></span> 
     </span>
    </p>
   </div>
   <div class='ocr_carea' id='block_1_91' title="bbox 2135 4267 3714 4345">
    <p class='ocr_par' dir='ltr' id='par_1_91' title="bbox 2135 4267 3714 4345">
     <span class='ocr_line' id='line_1_91' title="bbox 2135 4267 3714 4345; baseline -0.006 -15"><span class='ocrx_word' id='word_1_616' title='bbox 2135 4269 2334 4345; x_wconf 75' lang='lat' dir='ltr'><strong>te&#39;mplo</strong></span> <span class='ocrx_word' id='word_1_617' title='bbox 2355 4275 2618 4330; x_wconf 89' lang='lat' dir='ltr'><strong>Ahbatiae</strong></span> <span class='ocrx_word' id='word_1_618' title='bbox 2660 4272 3338 4340; x_wconf 68' lang='lat' dir='ltr'><strong>Malmesburiensis,cum</strong></span> <span class='ocrx_word' id='word_1_619' title='bbox 3377 4271 3478 4325; x_wconf 90' lang='lat' dir='ltr'><strong>hac</strong></span> <span class='ocrx_word' id='word_1_620' title='bbox 3525 4267 3714 4322; x_wconf 87' lang='lat' dir='ltr'><strong>inscri-</strong></span> 
     </span>
    </p>
   </div>
   <div class='ocr_carea' id='block_1_92' title="bbox 451 4353 3714 4435">
    <p class='ocr_par' dir='ltr' id='par_1_92' title="bbox 451 4353 3714 4435">
     <span class='ocr_line' id='line_1_92' title="bbox 451 4353 3714 4435; baseline -0.003 -18"><span class='ocrx_word' id='word_1_621' title='bbox 451 4362 672 4419; x_wconf 87' lang='lat' dir='ltr'><strong>Petrum</strong></span> <span class='ocrx_word' id='word_1_622' title='bbox 698 4364 764 4422; x_wconf 90' lang='lat' dir='ltr'><strong>de</strong></span> <span class='ocrx_word' id='word_1_623' title='bbox 785 4365 984 4435; x_wconf 82' lang='lat' dir='ltr'><strong>Marca,</strong></span> <span class='ocrx_word' id='word_1_624' title='bbox 1005 4365 1161 4422; x_wconf 89' lang='lat' dir='ltr'><strong>Joan.</strong></span> <span class='ocrx_word' id='word_1_625' title='bbox 1190 4367 1578 4432; x_wconf 76' lang='lat' dir='ltr'><strong>Hahillonium,</strong></span> <span class='ocrx_word' id='word_1_626' title='bbox 1604 4375 1658 4422; x_wconf 89' lang='lat' dir='ltr'><strong>et</strong></span> <span class='ocrx_word' id='word_1_627' title='bbox 1678 4365 1740 4421; x_wconf 87' lang='lat' dir='ltr'><strong>P.</strong></span> <span class='ocrx_word' id='word_1_628' title='bbox 1767 4365 2023 4420; x_wconf 80' lang='lat' dir='ltr'><strong>Alixinm.</strong></span> <span class='ocrx_word' id='word_1_629' title='bbox 2053 4353 2104 4413; x_wconf 85' lang='grc' dir='ltr'>Ι)</span> <span class='ocrx_word' id='word_1_630' title='bbox 2131 4364 2314 4434; x_wconf 91' lang='lat' dir='ltr'><strong>ptione</strong></span> <span class='ocrx_word' id='word_1_631' title='bbox 2351 4379 2364 4416; x_wconf 89' lang='lat'><strong>:</strong></span> <span class='ocrx_word' id='word_1_632' title='bbox 2408 4361 2643 4417; x_wconf 83' lang='lat' dir='ltr'><strong>Joannes</strong></span> <span class='ocrx_word' id='word_1_633' title='bbox 2665 4363 2876 4428; x_wconf 82' lang='lat' dir='ltr'><strong>Scotus,</strong></span> <span class='ocrx_word' id='word_1_634' title='bbox 2917 4362 3008 4432; x_wconf 86' lang='lat' dir='ltr'><strong>qui</strong></span> <span class='ocrx_word' id='word_1_635' title='bbox 3037 4359 3306 4416; x_wconf 86' lang='lat' dir='ltr'><strong>transtulit</strong></span> <span class='ocrx_word' id='word_1_636' title='bbox 3346 4357 3656 4428; x_wconf 79' lang='lat' dir='ltr'><strong>Dionysium</strong></span> <span class='ocrx_word' id='word_1_637' title='bbox 3683 4372 3714 4409; x_wconf 86' lang='lat' dir='ltr'><strong>e</strong></span> 
     </span>
    </p>
   </div>
   <div class='ocr_carea' id='block_1_93' title="bbox 453 4454 2032 4530">
    <p class='ocr_par' dir='ltr' id='par_1_93' title="bbox 453 4454 2032 4530">
     <span class='ocr_line' id='line_1_93' title="bbox 453 4454 2032 4530; baseline -0.001 -20"><span class='ocrx_word' id='word_1_638' title='bbox 453 4454 572 4521; x_wconf 78' lang='lat' dir='ltr'><strong>Quo</strong></span> <span class='ocrx_word' id='word_1_639' title='bbox 597 4457 788 4512; x_wconf 91' lang='lat' dir='ltr'><strong>mortis</strong></span> <span class='ocrx_word' id='word_1_640' title='bbox 815 4473 1012 4528; x_wconf 91' lang='lat' dir='ltr'><strong>genere</strong></span> <span class='ocrx_word' id='word_1_641' title='bbox 1039 4459 1199 4530; x_wconf 90' lang='lat' dir='ltr'><strong>periit</strong></span> <span class='ocrx_word' id='word_1_642' title='bbox 1221 4458 1479 4526; x_wconf 87' lang='lat' dir='ltr'><strong>Joannes,</strong></span> <span class='ocrx_word' id='word_1_643' title='bbox 1509 4457 1690 4514; x_wconf 88' lang='lat' dir='ltr'><strong>docuit</strong></span> <span class='ocrx_word' id='word_1_644' title='bbox 1710 4473 1810 4513; x_wconf 91' lang='lat' dir='ltr'><strong>nos</strong></span> <span class='ocrx_word' id='word_1_645' title='bbox 1829 4455 2032 4513; x_wconf 85' lang='lat' dir='ltr'><strong>Guliel-</strong></span> 
     </span>
    </p>
   </div>
   <div class='ocr_carea' id='block_1_94' title="bbox 449 4544 2032 4623">
    <p class='ocr_par' dir='ltr' id='par_1_94' title="bbox 449 4544 2032 4623">
     <span class='ocr_line' id='line_1_94' title="bbox 449 4544 2032 4623; baseline 0.001 -23"><span class='ocrx_word' id='word_1_646' title='bbox 449 4559 578 4602; x_wconf 76' lang='lat' dir='ltr'><strong>mus</strong></span> <span class='ocrx_word' id='word_1_647' title='bbox 625 4544 1152 4620; x_wconf 74' lang='lat' dir='ltr'><strong>Malmesburiensis;</strong></span> <span class='ocrx_word' id='word_1_648' title='bbox 1199 4565 1307 4623; x_wconf 90' lang='lat' dir='ltr'><strong>quo</strong></span> <span class='ocrx_word' id='word_1_649' title='bbox 1352 4560 1532 4607; x_wconf 91' lang='lat' dir='ltr'><strong>autem</strong></span> <span class='ocrx_word' id='word_1_650' title='bbox 1591 4559 1834 4621; x_wconf 89' lang='lat' dir='ltr'><strong>tempore</strong></span> <span class='ocrx_word' id='word_1_651' title='bbox 1891 4548 2032 4604; x_wconf 86' lang='lat' dir='ltr'><strong>inter</strong></span> 
     </span>
    </p>
   </div>
   <div class='ocr_carea' id='block_1_95' title="bbox 2133 4445 3711 4511">
    <p class='ocr_par' dir='ltr' id='par_1_95' title="bbox 2133 4445 3711 4511">
     <span class='ocr_line' id='line_1_95' title="bbox 2133 4445 3711 4511; baseline -0.004 -1"><span class='ocrx_word' id='word_1_652' title='bbox 2133 4454 2331 4511; x_wconf 79' lang='lat' dir='ltr'><strong>Graeco</strong></span> <span class='ocrx_word' id='word_1_653' title='bbox 2363 4457 2416 4509; x_wconf 89' lang='lat' dir='ltr'><strong>in</strong></span> <span class='ocrx_word' id='word_1_654' title='bbox 2445 4454 2706 4509; x_wconf 85' lang='lat' dir='ltr'><strong>Latinum.</strong></span> <span class='ocrx_word' id='word_1_655' title='bbox 2739 4456 2819 4510; x_wconf 87' lang='lat' dir='ltr'><strong>Ita</strong></span> <span class='ocrx_word' id='word_1_656' title='bbox 2843 4453 3110 4509; x_wconf 83' lang='lat' dir='ltr'><strong>Lelandus</strong></span> <span class='ocrx_word' id='word_1_657' title='bbox 3138 4453 3191 4508; x_wconf 91' lang='lat' dir='ltr'><strong>in</strong></span> <span class='ocrx_word' id='word_1_658' title='bbox 3218 4450 3521 4507; x_wconf 89' lang='lat' dir='ltr'><strong>Itinerario.</strong></span> <span class='ocrx_word' id='word_1_659' title='bbox 3558 4445 3711 4504; x_wconf 86' lang='lat' dir='ltr'><strong>llaec</strong></span> 
     </span>
    </p>
   </div>
   <div class='ocr_carea' id='block_1_96' title="bbox 2139 4540 3532 4617">
    <p class='ocr_par' dir='ltr' id='par_1_96' title="bbox 2139 4540 3532 4617">
     <span class='ocr_line' id='line_1_96' title="bbox 2139 4540 3532 4617; baseline -0.009 -12"><span class='ocrx_word' id='word_1_660' title='bbox 2139 4548 2301 4605; x_wconf 87' lang='lat' dir='ltr'><strong>habui</strong></span> <span class='ocrx_word' id='word_1_661' title='bbox 2324 4548 2391 4603; x_wconf 88' lang='lat' dir='ltr'><strong>de</strong></span> <span class='ocrx_word' id='word_1_662' title='bbox 2415 4545 2620 4603; x_wconf 87' lang='lat' dir='ltr'><strong>Joanne</strong></span> <span class='ocrx_word' id='word_1_663' title='bbox 2654 4540 2909 4617; x_wconf 78' lang='lat' dir='ltr'><strong>Erigena,</strong></span> <span class='ocrx_word' id='word_1_664' title='bbox 2940 4557 3080 4616; x_wconf 87' lang='lat' dir='ltr'><strong>quae</strong></span> <span class='ocrx_word' id='word_1_665' title='bbox 3105 4558 3251 4600; x_wconf 89' lang='lat' dir='ltr'><strong>nunc</strong></span> <span class='ocrx_word' id='word_1_666' title='bbox 3277 4541 3532 4598; x_wconf 88' lang='lat' dir='ltr'><strong>dicerem.</strong></span> 
     </span>
    </p>
   </div>
  </div>
