3952 6152
353 215 448 274 101

813 213 875 269 C.
915 213 975 267 Β.
1003 208 1432 269 SCHLUETERI
1470 207 1860 266 PRAEFATIO
1886 206 1954 264 IN
1989 207 2247 266 LIBRUM
2288 208 2376 265 DE
2413 207 2753 266 DIVISIONE
2791 207 3124 265 NATURE.

3475 208 3580 266 l0!

863 497 997 612 C.
1087 497 1216 610 B.
1313 491 2199 610 SCHLUETERI
2280 492 3073 608 PRAEFATIO

1578 739 1895 784 EDITIONIS
1939 736 2043 783 CUI
2087 738 2400 781 TITULUS:

345 842 989 966 JOANNIS'SCOZ'I
1026 881 1599 966 E_RIGEN4E_DE
1638 882 2047 966 DIVISIQNE
2087 883 2477 966 NATURAE
2501 881 2666 966 libri;
2689 883 2976 966 quinque.
3012 881 3230 966 Editio
3274 887 3596 966 recognita

424 977 478 1029 et
516 965 856 1028 emendata.
889 962 1208 1041 Accedunt,
1231 961 1544 1041 tredecim
1593 964 1872 1041 auctoris
1905 962 2120 1041 hymni
2153 960 2235 1022 ad
2286 961 2584 1041 Carolum
2616 959 2985 1041 celeuma
3025 959 3445 1041 palimpsestt's
3480 967 3600 1025 An-

465 1047 549 1106 cli
611 1043 816 1122 Maii.
863 1040 1240 1122 Manantes-ii
1270 1039 1840 1119 Guestphalorum,
1909 1038 2078 1120 typis
2148 1049 2206 1101 et
2273 1039 2627 1120 sumptibus
2666 1038 2964 1100 librarius
3003 1038 3598 1122 Asthcndorfﬁanae.

497 1120 1038 1185 DCCCXXXVIII
1049 1165 1063 1181 .

415 1281 582 1356 (Pag.
633 1279 748 1350 ιιι.)
793 1277 1029 1336 Joannes
1073 1275 1270 1335 Scotus
1321 1278 1550 1350 Erigena
1607 1281 1681 1353 (a)
1725 1299 1926 1355 genere
1953 1291 2002 1348 Α
2029 1293 2136 1346 tem
2189 1283 2448 1338 adversus
2501 1277 2888 1336 Godescalcum
2939 1277 3187 1350 scripsit;
3241 1295 3348 1351 quo
3402 1283 3602 1339 multos

342 1373 624 1431 Hibernus
657 1369 757 1442 (b),
790 1376 950 1422 natus
981 1366 1211 1423 fortasse
1249 1368 1394 1424 circa
1443 1385 1644 1425 annum
1692 1372 1830 1439 828,
1873 1374 1930 1430 in

343 1462 522 1535 patria
550 1461 858 1516 litterarum
883 1454 1029 1512 cultu
1061 1465 1186 1512 tunc
1210 1457 1470 1528 temporis
1510 1452 1752 1516 omnium
1792 1462 1933 1517 cele—

342 1553 586 1608 berrima
612 1591 628 1616 ,
663 1549 993 1620 optimarum
1025 1548 1222 1602 artium
1262 1549 1456 1604 studiis
1481 1559 1532 1604 et
1561 1553 1771 1621 graecis
1799 1569 1932 1624 quo-

340 1656 447 1714 que
501 1639 770 1696 doctrinis
823 1645 880 1694 et
930 1636 1269 1707 philosophia
1333 1637 1624 1694 admodum
1686 1642 1932 1699 eruditus

340 1743 422 1790 est
460 1730 562 1803 (ε).
599 1729 806 1796 Quibus
845 1726 1102 1798 perfectis
1131 1726 1364 1782 fortasse
1405 1725 1522 1794 jam
1572 1735 1701 1784 tunc
1744 1746 1933 1787 conse-

340 1825 592 1882 oratione
623 1817 946 1877 sacerdotali
973 1819 1323 1889 inauguratus
1349 1817 1497 1890 (licet
1533 1819 1777 1876 nonnulli
1806 1837 1929 1876 eum

339 1914 548 1969 laicum
575 1910 841 1966 mansisse
862 1916 1072 1978 putent,
1103 1906 1303 1976 aliique
1329 1907 1396 1962 de
1425 1906 1735 1978 IOnginquis
1769 1909 1926 1965 itine-

341 2007 514 2067 ribus,
546 2001 748 2074 quibus
782 1999 1064 2057 Graeciam
1102 2006 1159 2054 et
1206 1998 1382 2068 ipsum
1421 1999 1700 2056 Orientem
1738 2001 1931 2057 visita-

340 2094 508 2158 verit,
534 2105 846 2147 sermonem
876 2087 1122 2159 faciant),
1155 2096 1216 2142 ut
1243 2088 1336 2144 illo
1361 2096 1604 2160 tempore
1640 2090 1795 2146 multi
1839 2106 1934 2160 po«

343 2187 616 2260 pularium
638 2183 775 2253 ejus,
815 2183 869 2237 in
910 2181 1138 2237 Galliam
1178 2196 1237 2236 se
1288 2181 1534 2238 contulit.
1573 2181 1674 2237 Ubi
1709 2182 1934 2240 Carolus

342 2277 544 2335 Calvus
564 2274 752 2340 rex,in
774 2272 1158 2344 promovendis
1175 2271 1368 2327 litteris
1389 2287 1516 2328 acer
1535 2282 1591 2328 et
1615 2272 1932 2338 industrius,

344 2382 472 2423 eum
515 2363 760 2420 Parisios
801 2361 1016 2417 vocavit
1052 2370 1106 2415 et
1147 2361 1466 2431 magistrum
1512 2360 1565 2414 in
1606 2361 1838 2417 mathesi
1879 2369 1937 2416 et

346 2454 636 2510 dialectica
684 2452 746 2517 ⁸,
797 2449 1213 2522 praesidemque
1273 2449 1492 2504 scholae
1536 2448 1745 2504 aulicae
1806 2460 1934 2506 tunc

346 2561 619 2618 perquam
650 2543 833 2600 clarae
883 2541 1184 2597 constituit.
1237 2540 1370 2612 Regi
1422 2540 1669 2595 hilaritas
1715 2540 1832 2611 ejus
1879 2549 1936 2596 et

2031 1374 2370 1430 adversarios
2396 1371 2502 1427 sibi
2543 1369 2894 1440 comparavit.
2911 1367 3248 1426 Postremum
3273 1386 3412 1441 papa
3439 1372 3595 1429 Nico-

2029 1462 2147 1519 laus
2194 1463 2327 1527 lea,
2359 1476 2501 1533 quae
2542 1459 2602 1515 S.
2647 1459 2925 1532 Remigius
2954 1459 3233 1527 docuerat,
3257 1463 3594 1536 approbavit,

2030 1553 2352 1624 conciliique
2408 1551 2706 1607 Valentiani
2742 1565 2976 1608 canones
3040 1552 3108 1607 ad
3173 1553 3316 1610 hanc
3378 1563 3600 1612 contro-

2029 1644 2263 1699 versiam
2301 1642 2632 1714 pertinentes
2667 1624 3006 1696 confirmavit
3057 1642 3138 1696 *⁸.
3171 1642 3377 1712 Quibus
3429 1645 3597 1703 etiam

2037 1756 2055 1789 ι
2093 1750 2357 1792 venenum
2385 1754 2406 1788 ›
2437 1733 2748 1805 dogmatum
2793 1731 3060 1804 Erigeuae
3090 1734 3556 1805 perstringebatur
3577 1776 3593 1802 ,

2030 1828 2146 1898 ipse
2179 1836 2356 1883 tamen
2384 1825 2616 1896 Erigena
2639 1825 2779 1879 haud
2806 1825 3093 1880 damnatus
3115 1833 3216 1880 est.
3241 1825 3606 1884 Nihilominus

2030 1916 2336 1987 complures
2387 1914 2662 1970 inferioris
2710 1914 2827 1969 aevi
2855 1914 3147 1984 scriptores
3177 1930 3397 1971 causam
3423 1917 3606 1990 Erige-

2033 2021 2137 2062 nae
2165 2012 2416 2076 egerunt,
2446 2011 2502 2058 et
2530 2003 2732 2074 scripta
2754 2003 2871 2074 ejus
2901 2002 3200 2057 adulterata
3239 2019 3359 2059 esse
3390 2014 3611 2061 conten.

2035 2099 2257 2154 derunt.
2311 2096 2441 2152 Post
2483 2097 2620 2152 haec
2669 2096 2896 2152 Carolus
2939 2095 3136 2152 Calvus
3179 2113 3274 2152 rex
3317 2097 3608 2170 Erigenam

2035 2188 2338 2254 excitavit,
2385 2195 2447 2242 ut
2470 2202 2635 2256 opera
2666 2186 2946 2258 (Pseudo-)
2978 2187 3217 2259 Dionysii
3253 2189 3611 2261 Areopagitae

2035 2294 2232 2351 graece
2265 2279 2594 2348 conscripta,
2636 2292 2777 2348 quae
2825 2276 3052 2333 Michael
3079 2278 3298 2345 Balbus,
3326 2281 3613 2340 orientalis

2035 2369 2406 2424 Romanorum
2456 2368 2608 2438 regni
2663 2368 2980 2438 imperator,
3028 2384 3079 2422 a.
3131 2369 3236 2425 827
3277 2374 3609 2429 antecessori

2035 2461 2203 2528 illius,
2233 2459 2506 2516 Ludovico
2533 2458 2652 2525 Pio,
2679 2459 2994 2524 donaverat,
3037 2458 3232 2514 iterum
3275 2459 3328 2514 in
3375 2460 3603 2516 latinum

2036 2561 2276 2608 verteret
2315 2567 2641 2609 sermonem.
2691 2550 2922 2621 Erigena
2971 2551 3111 2622 regis
3152 2552 3422 2610 desiderio
3450 2555 3611 2610 satis-

345 2635 525 2692 facete
582 2627 966 2707 ingenioseque
1010 2631 1150 2686 dicta
1205 2646 1529 2702 magnopere
1567 2631 1930 2702 placuerunt;

2039 2641 2185 2711 fecit,
2223 2659 2258 2699 a
2281 2658 2418 2714 papa
2456 2650 2634 2697 autem
2665 2641 2890 2698 Nicolao
2918 2640 2934 2694 l
2972 2643 3305 2714 vituperatus
3327 2651 3432 2709 est,
3463 2645 3606 2713 quod

345 2743 517 2797 quare
543 2723 743 2781 Carolo
779 2739 906 2778 mox
936 2721 1298 2778 amicissimus
1320 2762 1335 2788 ,
1376 2721 1485 2777 imo
1516 2738 1676 2792 saepe
1715 2735 1934 2777 mensae

346 2817 529 2872 socius
575 2828 741 2886 atque
785 2811 1184 2869 contubernalis
1210 2811 1405 2878 factus,
1454 2811 1640 2882 procul
1673 2811 1836 2866 dubio
1866 2810 1936 2867 ad

348 2909 632 2966 incitanda
680 2915 980 2976 opportune
1012 2904 1174 2959 etiam
1218 2911 1373 2959 extra
1423 2902 1612 2958 urbem
1658 2901 1934 2968 Parisios,

349 3007 463 3054 toto
487 2996 831 3053 Francorum
875 3009 1041 3065 regno
1072 2993 1374 3048 litterarum
1405 2993 1711 3061 artiumque
1738 2990 1935 3046 libera-

350 3088 479 3143 lium
507 3087 690 3144 studia
718 3084 948 3140 multum
991 3083 1222 3138 valebat.
1272 3081 1378 3136 Sed
1420 3081 1580 3150 paulo
1617 3088 1738 3150 post
1769 3079 1938 3136 variis

351 3188 404 3234 et
453 3176 706 3232 molestis
747 3172 1102 3229 incommodis
1144 3170 1452 3240 implicatus
1491 3178 1596 3225 est.
1643 3168 1936 3225 Monachus

349 3271 492 3334 enim
529 3268 754 3324 natione
811 3264 956 3320 Saxo
1003 3262 1362 3320 Godescalcus
1407 3259 1568 3333 (Pag.
1613 3259 1728 3332 IV),
1769 3275 1934 3331 quum

352 3360 624 3431 duplicem
647 3372 769 3412 esse
791 3355 1358 3426 praedestinationem,
1383 3353 1608 3408 alteram
1629 3353 1934 3416 beatorum,

355 3451 588 3506 alteram
644 3447 998 3517 reproborum
1028 3483 1044 3509 ,
1101 3443 1194 3498 illo
1249 3451 1489 3514 tempore
1536 3442 1933 3513 proposuisset,

351 3541 489 3596 hanc
515 3539 589 3594 ob
627 3551 851 3593 causam
908 3535 975 3590 ab
1013 3533 1326 3598 liincmaro,
1381 3531 1784 3602 archiepiscopo
1825 3531 1934 3586 Re-

355 3632 549 3696 mensi,
569 3643 744 3701 poena
766 3625 1115 3682 acerbissima
1141 3622 1370 3680 afflictus
1391 3632 1526 3678 erat.
1545 3623 1661 3690 Quo
1682 3623 1937 3679 commoti

356 3724 596 3794 insignes
635 3720 844 3790 aliquot
867 3716 1122 3788 theologi,
1149 3714 1496 3781 Prudentius,
1524 3713 1716 3769 Florus
1745 3713 1937 3768 Diaco-

356 3831 477 3878 nus,
511 3815 722 3883 Lupus,
752 3809 968 3874 Amolo,
1016 3816 1232 3864 sanctus
1269 3807 1546 3878 Remigius
1599 3815 1654 3862 et
1709 3807 1799 3861 alii
1831 3805 1938 3862 Go-

356 3903 606 3959 descalco
637 3901 836 3956 tuendo
863 3913 1084 3968 operam
1115 3897 1396 3962 dederunt,
1427 3896 1749 3965 tandemque
1775 3895 1938 3951 Hinc-

2041 2735 2178 2804 ipse,
2206 2735 2320 2804 qui,
2358 2753 2376 2785 ι
2409 2733 2540 2789 licet
2566 2732 2794 2788 scientia
2815 2747 3008 2804 magna
3034 2742 3178 2788 esset
3225 2752 3271 2798 ι,
3297 2740 3475 2789 tamen
3496 2732 3610 2802 jam

2037 2835 2218 2891 antea,
2249 2826 2294 2881 si
2324 2827 2392 2881 ad
2431 2825 2808 2881 orthodoxiam
2855 2825 3112 2896 respicias
3135 2865 3151 2892 ,
3199 2839 3367 2896 penes
3413 2825 3612 2881 multos

2038 2915 2178 2972 fama
2219 2917 2361 2972 haud
2408 2917 2546 2972 bona
2582 2917 2884 2986 gauderet,
2935 2916 3132 2971 librum
3174 2917 3612 2992 interpretationi

2039 3005 2206 3062 falsae
2250 3014 2360 3061 tam
2387 3005 2678 3062 obnoxium
2717 3006 2834 3061 sine
2862 3005 3140 3062 Pontificis
3169 3005 3390 3061 Maximi
3411 3023 3607 3078 appro-

2035 3097 2252 3155 batione
2272 3097 2548 3153 edidisset.
2578 3096 2750 3168 (859.)
2768 3096 2886 3152 Jam
2911 3097 3000 3151 alii
3022 3096 3220 3167 Papam
3238 3097 3463 3168 iussisse
3485 3115 3612 3152 nar-

2037 3198 2177 3253 rant,
2208 3189 2492 3261 Erigenam
2525 3197 2745 3260 propter
2769 3189 2926 3244 istam
2951 3203 3063 3243 rem
3085 3187 3308 3244 Parisiis
3331 3191 3614 3245 amandari

2037 3279 2375 3350 Romamque
2423 3279 2570 3345 duci,
2613 3280 2700 3335 alii
2733 3280 2928 3336 librum
2959 3280 3108 3334 illum
3138 3280 3239 3334 sibi
3277 3280 3442 3336 etiam
3496 3290 3609 3335 tum

2036 3374 2179 3428 mitti
2200 3374 2268 3428 ad
2293 3372 2820 3444 approbandumm.
2845 3370 3119 3428 Voluntati
3141 3371 3318 3442 Papae
3339 3372 3610 3428 nescimus

2037 3479 2135 3519 cur
2189 3463 2333 3517 haud
2379 3462 2806 3531 obtemperatum
2845 3469 2948 3525 est,
2997 3476 3172 3530 neque
3200 3461 3402 3531 Papam
3431 3462 3610 3532 ipsum

2035 3563 2245 3623 postea,
2292 3561 2354 3608 ut
2398 3555 2708 3609 mandatum
2760 3566 2916 3607 suum
2962 3551 3364 3618 observaretur,
3406 3552 3612 3607 instare

2036 3644 2302 3700 videmus.
2349 3642 2630 3706 Attamen,
2671 3641 2918 3710 quamvis
2967 3639 3112 3710 Papa
3156 3639 3440 3710 Erigonam
3472 3642 3614 3695 vitu-

2037 3742 2299 3806 perasset,
2336 3732 2580 3802 aequalis
2610 3730 2726 3800 ejus
2760 3729 3081 3785 Anastasius
3107 3770 3122 3793 ,
3172 3729 3616 3785 bibliothecarius

2037 3825 2335 3890 Romanus,
2351 3824 2666 3894 scriptorem
2688 3830 2956 3887 nostrum,
2973 3831 3193 3892 propter
3217 3822 3444 3878 eandem
3467 3821 3614 3877 illam

2040 3914 2364 3978 versionem,
2394 3928 2503 3967 non
2525 3912 2706 3966 minus
2733 3925 2894 3981 quam
2930 3920 3152 3980 propter
3177 3928 3196 3962 ε
3227 3920 3470 3968 sanctam
3495 3912 3615 3982 ejus

356 4009 571 4050 marum
597 4006 667 4046 θο
705 3990 1066 4054 θάάυιενυηῑο
1097 3995 1156 4042 ιιι
1183 3995 1239 4042 θῑ
1268 3986 1381 4056 ipse
1410 3987 1544 4041 alios
1569 3985 1830 4056 ‘WOSdam
1858 3985 1936 4040 rei
1963 3993 2009 4058 C
2039 4004 2204 4058 vitam
2231 4023 2250 4055 ι
2307 4002 2382 4057 ita
2430 4000 2684 4064 laudavit,
2739 4008 2798 4054 ut
2849 3999 3129 4070 probatam
3183 3999 3252 4054 ab
3296 4014 3362 4054 eo
3412 3999 3615 4071 ingenii

357 4085 697 4157 dogmaticae
734 4081 939 4151 peritos
985 4080 1053 4134 ad
1095 4092 1154 4134 se
1211 4077 1603 4133 defendendum
1651 4077 1933 4152 excitaret.

357 4175 502 4230 Inter
537 4176 642 4229 hos
686 4173 920 4242 Erigena
961 4184 1179 4226 causam
1233 4167 1620 4238 archiepiscopi
1673 4166 1938 4235 recipiens

356 4278 409 4320 ι.
439 4279 490 4318 a.
518 4262 627 4318 852
662 4261 859 4316 librum
881 4260 946 4315 de
990 4257 1480 4329 praedestinatione
1510 4257 1687 4311 adhuc
1719 4265 1940 4311 exstan-

429 4376 507 4445 (a)
531 4374 626 4431 Cf.
666 4372 812 4445 Opus
851 4371 1126 4445 egregium
1156 4370 1300 4445 quod
1345 4367 1490 4445 Prof.
1527 4368 1626 4445 _Dr.
1673 4367 1942 4445 Stauden-

359 4437 533 4500 maier
571 4437 794 4513 scripsit
831 4460 855 4522 _:
884 4437 1399 4522 'Jolt'annes'Scotus
1441 4437 1670 4520 Erigena
1706 4439 1812 4492 und
1857 4438 1942 4491 die

359 4513 743 4581 Wissenschaft
769 4527 938 4566 setner
971 4509 1104 4563 Zeu.
1131 4510 1324 4581 κιεγοι.
1343 4509 1573 4581 _Eranc_l_.
1603 4507 1754 4581 a._M.
1781 4506 1936 4581 183d.

430 4525 743 4570 ῡαεηιεηαη
769 4527 938 4566 setner
971 4525 1104 4563 ιειι.
1145 4525 1182 4563 Ι.
1216 4525 1324 4564 νοι.
1357 4525 1570 4562 rrancr.
1603 4525 1655 4562 a.
1687 4525 1754 4560 Μ.
1781 4525 1936 4562 1504.

360 4585 511 4653 Quae
537 4585 625 4638 vir
649 4577 738 4636 ille
762 4582 1106 4653 doctissimus
1127 4580 1198 4634 ibi
1246 4594 1299 4648 p.
1335 4577 1577 4653 102-215
1621 4577 1941 4653 disputavit,

358 4647 427 4711 ἇι
463 4656 554 4710 hic
573 4656 669 4715 ita,
695 4652 836 4705 utin
863 4651 1026 4705 rebus
1064 4647 1274 4704 tantum
1315 4648 1540 4701 minoris
1577 4647 1830 4702 momenti
1874 4647 1942 4701 ab

363 4724 508 4779 illius
535 4721 801 4778 sententia
824 4721 1214 4789 discrepemus,
1239 4717 1478 4789 breviter
1503 4718 1870 4789 exposui_tnus.

434 4795 511 4866 (ὁ)
537 4786 1238 4866 certissimis__argutnen_ti_s
1275 4787 1559 4866 confirmat
1575 4786 1686 4866 hoc
1708 4786 1944 4866 Thomas

364 4855 552 4919 Ilo'ore
577 4864 632 4917 in
655 4862 794 4916 libro
821 4878 833 4914 :
859 4855 1078 4928 History
1105 4857 1169 4928 of
1188 4856 1452 4928 Ireland”
1478 4865 1614 4928 tom.
1641 4855 1824 4928 l,_ca_p.
1855 4855 1941 4908 l5.

364 4932 784 4990 Staudenmaier
822 4924 1094 4994 Eriuven,
1136 4924 1432 4981 Brittaniae
1478 4924 1652 4980 locum
1681 4924 1946 4996 Erigenae

428 5045 464 5080 "
490 5042 755 5101 Joannem
797 5040 1030 5110 Scotum
1075 5029 1393 5110 magistrum
1427 5036 1714 5110 mutassetis
1745 5043 1794 5110 et
1828 5035 1947 5088 dia-

361 5116 582 5167 lecticae
597 5113 786 5175 fuisse,
809 5109 1102 5165 memoriae
1124 5104 1228 5161 non
1247 5106 1506 5176 proditur.
1534 5105 1618 5160 Cf.
1643 5106 1717 5160 De
1735 5104 1946 5176 Joanne

363 5186 534 5238 Scoto
581 5173 1091 5237 commentationem
1122 5173 1281 5248 supra
1321 5177 1546 5244 positam
1595 5177 1725 5244 Cap.
1760 5175 1804 5229 ll
1837 5173 1943 5230 col.

369 5255 424 5308 ll
458 5262 577 5306 not.
603 5269 656 5305 a.
679 5252 946 5304 Amunv.
991 5249 1147 5303 Ευιτ.

2035 4091 2422 4164 praestantiam
2466 4098 2519 4145 et
2554 4088 2810 4143 virtutem
2853 4096 3057 4142 tantum
3085 4102 3154 4143 ex
3185 4087 3445 4158 singulari
3483 4104 3616 4159 qua-

2039 4182 2163 4236 dam
2207 4179 2414 4251 gratiae
2443 4177 2656 4232 divinae
2696 4190 2794 4247 per
2822 4175 3084 4246 Spiritum
3120 4185 3364 4230 sanctum
3408 4175 3616 4232 infusae

2039 4268 2319 4326 eﬂicientia
2348 4267 2583 4323 derivari
2610 4280 2770 4337 posse
2806 4264 3173 4320 confiteretur.
3204 4263 3356 4332 Quod
3396 4266 3616 4336 quidem

2039 4379 2294 4461 patriam
2319 4379 2485 4461 fuisse
2524 4386 2676 4448 putat
2698 4394 2726 4460 ;.
2752 4377 2841 4461 alii
2870 4416 2885 4440 ,
2933 4390 3236 4448 cognomen
3275 4377 3614 4461 Scotinmale

2041 4447 2485 4518 interpretantes,
2529 4447 2669 4501 eum
2713 4447 2768 4502 in
2820 4456 2985 4518 terra,
3043 4461 3186 4515 quae
3245 4465 3388 4506 nunc
3432 4448 3614 4508 Scotia

2044 4517 2345 4589 appellatur
2362 4557 2378 4581 ,
2400 4527 2582 4589 natum
2606 4531 2725 4570 esse
2741 4517 3166 4589 _existimaru_nt.
3283 4588 3290 4589 ί
3314 4549 3316 4552 ν

2103 4585 2186 4710 (Sc)
2216 4588 2327 4641 lmo
2354 4587 2636 4640 hebraicas
2658 4595 2711 4640 et
2735 4585 2963 4641 fortasse
2983 4586 3188 4710 sgricas
3221 4588 3384 4643 etiam
3407 4589 3614 4646 litteras

2140 4659 2297 4710 icisse
2339 4656 2542 4710 fertur:
2589 4656 2660 4710 cf.
2708 4655 2982 4710 Joltannes
3057 4666 3214 4710 colus
3239 4659 3488 4710 Eritzena.
3529 4663 3614 4710 ein

2044 4655 2297 4728 didicisse
2339 4656 2542 4728 fertur;
2579 4656 2669 4728 cf.
2708 4655 2982 4728 Joltannes
3007 4655 3214 4728 Scelus
3239 4659 3488 4728 Erigena,
3529 4663 3614 4715 ein

2043 4725 2254 4799 Beitrag
2301 4743 2416 4799 zur_
2435 4724 2735 4799 Geschichte
2761 4727 2872 4799 aer
2905 4724 3481 4799 είινὶδιΙηΡΙιὶιοεῦριιὶέ
3520 4732 3615 4784 mit

2046 4795 2352 4850 besonderer
2379 4795 2650 4850 Rucksicltt
2673 4796 2773 4866 auf
2791 4795 2876 4850 die
2921 4795 3315 4866 Darstellungen
3342 4795 3436 4852 non
3464 4799 3614 4854 Iliort

2046 4867 2154 4920 und
2211 4867 2644 4930 Staudenmaier,
2708 4866 2982 4920 bearlm'tet
3030 4881 3138 4921 von
3178 4867 3270 4921 Dr.
3329 4868 3392 4923 C.
3443 4869 3611 4926 llocs.

2045 4935 2264 5007 Epltem.
2291 4935 2557 4990 Bonnens.
2595 4936 2658 4991 ιϐ
2687 4935 2896 4992 Fascio.
2926 4935 3083 4994 1835.

2044 5047 2219 5119 quenti
2251 5062 2456 5120 rumore
2493 5047 2724 5120 dicatur,
2773 5044 2971 5120 Romae
3013 5051 3390 5120 repraesentari
3429 5051 3610 5120 faciat,

2047 5113 2138 5171 aut
2164 5126 2302 5170 certe
2325 5113 2566 5168 Parisius
2588 5116 2642 5168 in
2670 5117 2841 5169 studio
2863 5113 3077 5170 morari
3099 5135 3202 5172 non
3227 5120 3387 5185 sinat,
3415 5113 3477 5173 ne
3497 5137 3615 5173 cum

2048 5187 2223 5241 tritico
2265 5186 2403 5238 sacri
2441 5185 2634 5256 eloquii
2669 5201 2833 5256 grana
2885 5187 3122 5240 zizaniae
3153 5197 3202 5242 et
3249 5188 3361 5242 lolii
3401 5189 3615 5243 miscere

2049 5259 2406 5338 agnoscat-ur,
2432 5265 2480 5308 et
2500 5257 3070 5338 pauent-quaerentibus
3091 5273 3342 5338 amittunt
3359 5259 3613 5338 porrigat.

438 5319 510 5355 "“
541 5321 621 5375 Ne
651 5320 786 5399 haec
831 5317 1050 5404 quidem
1099 5315 1203 5404 f‘i‘tle
1255 5319 1502 5404 v'e‘tertim
1553 5313 1824 5404 nituntur.
1853 5310 1934 5366 Cf.

2041 5310 2132 5404 Cf:
2176 5310 2601 5404 Nicolhai'pap'a}~
2641 5310 2871 5404 litteras,
2923 5325 3144 5404 iloannis
3189 5310 3616 5404 [Scoti'versioui

370 5380 896 5445 commentationem
926 5383 1074 5440 laud.
1109 5383 1242 5454 Cap.
1279 5380 1366 5438 IV.
1397 5380 1656 5436 Amnmv.
1695 5381 1850 5436 Eutr.

443 5524 546 5557 Ψ
563 5523 688 5592 Ipse
709 5521 962 5576 Nicolans
979 5533 1114 5589 papa
1137 5516 1158 5572 1
1177 5529 1288 5584 post
1301 5516 1414 5592 ulat
1432 5526 1490 5570 ut
1509 5515 1580 5592 C_a_
1589 5516 1736 5592 rolus
1753 5515 1946 5592 Calvus

375 5587 642 5650 Joannem
666 5633 684 5660 ,
731 5593 820 5662 qui
851 5607 952 5645 non
984 5587 1120 5644 sane
1157 5603 1338 5656 sapere
1385 5588 1435 5642 in
1472 5587 1784 5656 quibusdam
1843 5587 1950 5654 [re-

2042 5399 2276 5468 Operum
2300 5393 2774 5468 Pseudo-Dionysii
2795 5413 2824 5448 a
2855 5397 3009 5450 nobis
3051 5396 3338 5468 praefixas,
3364 5411 3481 5468 inec
3507 5413 3616 5456 non

2044 5464 2130 5530 ea,
2158 5466 2385 5540 quae_de
2411 5466 2512 5519 bac
2557 5481 2614 5540 re
2649 5464 2701 5519 in
2753 5464 3203 5522 commentatione
3249 5464 3396 5522 laud.
3434 5465 3616 5540 dispu-

2051 5546 2250 5594 tantur.
2283 5535 2731 5593 Auzunv.‘Entr.
