3952 6152
343 331 454 386 105

1371 330 1438 385 ΙΝ
1477 327 1737 386 LIBRUM
1774 329 1862 385 DE
1896 323 2237 386 DIV'ISIONE
2279 321 2609 384 NATUllAS.

3501 325 3604 377 l05

344 445 496 498 nium
514 450 822 512 temporum
837 441 1278 509 obtineat,etiam
1299 443 1504 515 aliquot
1519 443 1723 515 judicia
1750 445 1932 500 minus
1961 449 2013 508 Α
2041 441 2378 496 uberrimum
2408 441 2668 498 historiae
2686 440 2948 512 Erlgenae
2973 447 3300 513 apparatum
3323 440 3602 512 colligens,

347 535 534 606 iniqua
573 549 608 590 a
637 536 1034 592 recentioribus
1085 539 1194 594 lata
1243 539 1544 594 audiamus.
1599 541 1745 596 Inter
1792 555 1932 611 quos

345 634 469 696 post
499 633 690 680 uotum
718 625 983 680 Thomam
1009 626 1258 695 Galeum,
1288 631 1380 699 qui
1405 631 1671 701 Erigenae
1705 646 1934 688 acumen

347 717 676 782 admiratus,
711 717 860 772 solus
889 717 1167 788 hucusque
1201 721 1369 776 libros
1403 721 1472 776 de
1515 723 1780 778 divisione
1825 723 1938 778 edl-

345 807 430 862 dit
453 806 557 878 (α),
602 807 814 877 primus
861 807 952 862 Dr.
999 807 1192 866 Petrus
1223 810 1377 880 ﬂjort
1417 813 1775 868 nominandus
1811 821 1936 878 est,

344 900 554 965 Danus,
612 902 836 973 ingenio
872 904 1212 974 scientiaque
1254 907 1790 976 praestantissimus,
1843 907 1937 977 qui

343 991 478 1046 olim
512 989 690 1058 Soris,
715 1008 862 1048 nunc
885 992 1266 1066 Copenhagiae
1291 995 1684 1066 philosophiam
1715 1010 1940 1066 remque

346 1080 676 1136 litterariam
703 1080 1100 1140 Germanorum
1147 1085 1324 1141 docet.
1370 1085 1463 1141 Ille
1491 1085 1635 1141 enim
1675 1085 1855 1142 libello
1882 1101 1935 1141 a.

347 1170 492 1226 1825
520 1171 668 1226 edito
708 1173 807 1243 (b),
835 1171 902 1228 de
930 1172 1163 1244 Erigena
1190 1214 1205 1238 ,
1241 1175 1384 1244 quod
1433 1174 1668 1230 indolem
1715 1175 1832 1246 ejus
1885 1182 1942 1230 et

342 1259 734 1316 excellentiam
779 1262 834 1316 in
882 1262 1059 1319 lucem
1089 1263 1396 1336 famamque
1423 1265 1600 1322 denuo
1646 1266 1936 1337 provexit,

343 1353 559 1423 optime
595 1353 824 1408 meritus
845 1362 950 1410 est.
977 1353 1150 1424 Hjorti
1180 1356 1397 1426 quidem
1439 1356 1753 1427 opusculum
1783 1373 1940 1428 prae-

346 1451 436 1496 ter
465 1442 804 1511 prooemium
835 1444 890 1498 in
921 1453 1033 1500 tres
1063 1453 1244 1515 partes
1277 1447 1556 1501 dividitur.
1601 1449 1658 1503 In
1709 1463 1939 1518 quarum

344 1532 526 1601 prima
553 1532 884 1605 scrin
909 1535 1123 1606 origine
1149 1537 1226 1591 rei
1259 1537 1560 1594 litterariae
1583 1539 1939 1595 occidentalis

343 1630 406 1676 et.
430 1621 502 1677 de
534 1622 858 1680 Theudorici
887 1624 1263 1698 Austrogothi,
1301 1627 1478 1683 Caroli
1510 1628 1710 1701 Magni,
1757 1629 1938 1686 Caroli

346 1709 547 1774 Calvi,
591 1709 908 1784 Alfredique
958 1714 1133 1787 Magni
1181 1719 1534 1788 temporibus,
1563 1729 1830 1790 quatenus
1869 1723 1936 1777 ad

2039 534 2283 587 omnium
2308 534 2844 604 diligentissimusde
2867 535 3238 605 temporibus,
3261 533 3463 605 quibus
3488 535 3607 604 ipse

2038 625 2244 690 floruit,
2275 633 2332 680 et
2365 626 2433 681 de
2462 625 2553 694 iis,
2599 643 2742 696 quae
2783 630 3032 698 proxime
3060 637 3502 691 antecesserunt,
3531 626 3602 680 Ita

2041 717 2290 788 scripsit,
2325 725 2386 772 ut
2412 729 2720 790 appareret,
2743 721 2884 775 unde
2909 720 3161 775 doctrina
3188 720 3609 787 litterarumque

2040 808 2272 864 scientia
2295 811 2349 864 in
2375 823 2444 864 eo
2472 812 2799 866 manaverit.
2837 810 2949 867 Nec
2980 813 3165 867 minus
3189 818 3444 866 accurate
3463 809 3609 862 idem

2041 901 2128 956 vir
2153 899 2406 958 eruditus
2436 901 2783 958 elﬁcientiam
2818 901 3100 970 exprimit,
3138 917 3244 972 qua
3277 901 3507 969 Erigena
3539 899 3608 952 ad

2041 994 2400 1050 scholasticae
2424 993 2634 1049 mediae
2656 997 2853 1049 aetatis
2879 993 3220 1064 disciplinam
3243 1002 3299 1048 et
3327 992 3614 1063 mysticam

2042 1093 2099 1142 et
2123 1087 2352 1155 logicam
2393 1087 2646 1149 valuerit,
2688 1085 2740 1140 id
2772 1086 3008 1139 maxime
3058 1098 3246 1153 agens,
3285 1094 3346 1138 u-t
3383 1083 3633 1153 probam.

2041 1175 2419 1243 integramque
2459 1170 2700 1226 auctoris
2731 1169 2904 1225 nostri
2949 1179 3184 1224 mentem
3224 1178 3386 1239 atque
3429 1170 3618 1225 ortho-

2040 1265 2256 1321 doxiam
2279 1264 2610 1319 ostenderet.
2635 1262 2811 1330 Quum
2841 1261 3070 1332 provline
3087 1259 3247 1329 hujus
3269 1260 3638 1330 praefationis

2040 1353 2206 1409 nimis
2235 1353 2448 1422 longum
2481 1351 2642 1415 foret,
2675 1353 2812 1406 si-ex
2837 1352 3118 1421 praedicto
3137 1350 3297 1416 libro,
3327 1349 3423 1420 qui
3445 1359 3622 1420 syste-

2040 1445 2202 1500 matis
2247 1443 2400 1498 Scoti
2448 1443 2670 1497 uberius
2718 1452 2772 1498 et
2811 1443 3054 1512 plenius,
3122 1456 3284 1510 quam
3344 1440 3620 1509 hucusque

2041 1542 2305 1591 tentatum
2335 1540 2442 1597 est,
2471 1532 2946 1602 repraesentandiv,
2977 1531 3129 1601 quasi
3162 1531 3482 1600 prodromus
3517 1529 3616 1583 ha-

2041 1625 2259 1680 bendus.
2287 1632 2616 1698 estnomnes
2660 1623 2880 1676 maximi
2927 1620 3338 1693 gravissimique
3365 1619 3621 1673 momenti

2043 1715 2192 1771 locos
2223 1715 2390 1770 etiam
2417 1729 2480 1768 ex
2518 1721 2674 1784 parte
2705 1721 2911 1768 tantum
2943 1712 3033 1767 hic
3077 1712 3298 1766 laudare
3342 1707 3620 1773 vellemus,

349 1814 474 1854 rem
501 1798 828 1857 litterariam
867 1807 1289 1873 promovendam
1329 1809 1694 1878 pertinebant,
1743 1810 1940 1866 doetis-
1971 1795 2015 1853 Β
2043 1807 2356 1862 universum
2399 1813 2536 1875 opus
2577 1804 2850 1869 omnibus,
2895 1804 2986 1874 qui
3028 1803 3154 1858 huic
3201 1802 3279 1857 rei
3312 1800 3644 1870 diligentius.

352 1888 498 1943 sime
524 1889 637 1961 agit
665 1899 721 1947 et
745 1892 1011 1964 Erigenae
1039 1904 1228 1950 narrat
1250 1897 1436 1952 vitam.
1461 1898 1643 1954 Altera
1669 1915 1798 1970 pars
1828 1907 1940 1956 tota

350 1980 410 2034 in
437 1983 758 2050 exponendo
790 1983 1169 2056 philosophice
1198 1987 1462 2058 Erigenae
1510 1997 1802 2059 systemate
1851 2003 1942 2044 oc-

348 2080 550 2140 cupata
569 2080 675 2137 est,
697 2073 969 2144 idemque,
995 2077 1246 2146 quamvis
1272 2077 1509 2133 breviter
1529 2087 1584 2135 et
1604 2080 1939 2144 summatim,

349 2171 542 2218 tamen
569 2163 615 2218 si
648 2173 820 2220 totum
849 2167 1133 2235 respicias,
1174 2167 1320 2224 clare
1350 2179 1606 2240 recteque
1652 2171 1943 2226 adumbrao

353 2262 472 2308 tum
509 2255 772 2310 continet.
800 2255 856 2311 In
895 2258 1049 2312 tertia
1093 2268 1250 2329 parte
1274 2260 1615 2332 philosophia
1645 2262 1943 2318 christiana

351 2359 464 2413 qua
495 2345 704 2402 ratione
733 2348 910 2402 media
939 2357 1117 2404 aetate
1145 2365 1241 2420 per
1281 2351 1636 2408 scholasticos
1687 2354 1944 2410 doctores

353 2443 414 2488 et
451 2433 910 2504 subsequentibus
945 2439 1144 2495 seculis
1189 2456 1289 2510 per
1332 2443 1665 2497 recentiores
1707 2442 1946 2512 philoso-

353 2528 498 2595 phos
518 2527 584 2581 ad
608 2535 852 2583 nostrum
874 2545 1044 2598 usque
1059 2545 1255 2586 aevum
1276 2532 1489 2587 exculta
1504 2533 1597 2599 sit,
1618 2533 1942 2602 explicatur,

354 2628 414 2672 et
463 2627 734 2684 sanctum,
787 2621 931 2690 quod
961 2622 1156 2677 sortita
1193 2632 1278 2678 est
1320 2639 1537 2689 munus,
1597 2625 1940 2695 proponitur.

357 2709 640 2779 Scriptor,
707 2710 975 2768 Hamanni
1023 2715 1362 2786 Baaderique
1423 2716 1673 2782 amicus,
1727 2717 1782 2771 in
1842 2725 1950 2771 tra.

356 2803 559 2858 ctanda
608 2803 978 2874 philosophiae
1027 2807 1259 2862 historia
1307 2824 1377 2863 ex
1421 2817 1578 2879 parte
1604 2809 1943 2864 dialecticam

359 2889 570 2962 llegelii
603 2904 866 2962 sequutus
909 2903 994 2950 est
1043 2896 1378 2952 methodum.
1417 2897 1616 2964 Quanti
1645 2913 1784 2954 vero,
1825 2897 1946 2953 Eri-

359 2999 504 3054 gena
556 2985 944 3055 philosophans
991 3003 1181 3045 sacrae
1247 2987 1564 3060 Scripturae
1618 2998 1675 3046 et
1723 2989 1944 3045 Patrum

361 3076 747 3130 auctoritatem
773 3076 1002 3142 fecerit,
1039 3079 1210 3134 eidem
1241 3078 1420 3148 probe
1438 3089 1494 3134 et
1519 3094 1586 3135 ex
1608 3080 1835 3136 veritate
1854 3095 1946 3136 co-

363 3165 580 3234 gnitum
624 3173 791 3236 atque
835 3166 1166 3224 intellectum
1202 3141 1398 3234 fuisse,
1431 3169 1581 3234 loco,
1609 3184 1718 3240 quo
1742 3171 1808 3226 de
1842 3171 1946 3226 hac
1972 3141 2017 3203 (ἶ

366 3270 429 3310 re
463 3255 830 3326 pulcherrime
855 3258 988 3330 agit,
1019 3259 1154 3314 satis
1178 3267 1423 3329 apparet.
1460 3259 1545 3316 Cf.
1571 3277 1691 3332 pag.
1719 3260 1786 3314 47
1828 3277 1945 3332 seq.

363 3347 522 3413 Quod
551 3348 597 3403 si
637 3347 882 3419 Hjortum
923 3349 1109 3412 audis,
1150 3349 1413 3422 Erigenae
1433 3350 1629 3421 placita
1669 3351 1803 3406 nihil
1843 3351 1949 3406 nisi

363 3439 796 3510 philosophicam
853 3441 980 3497 ﬁdei
1023 3441 1356 3496 christianae
1400 3441 1662 3496 exhibent
1714 3441 1951 3512 explica-

367 3533 609 3598 tionem,
662 3533 878 3588 ratione
910 3551 930 3586 ι
965 3541 1135 3600 recte,
1176 3533 1262 3605 pie
1297 3543 1355 3590 et
1397 3533 1666 3590 catholice
1709 3533 1950 3604 philoso-

369 3623 592 3693 phantis
624 3642 646 3677 ι
681 3633 975 3694 repertam.

443 3712 607 3785 (Pag.
651 3713 808 3784 Vill.)
859 3714 1054 3770 Verum
1102 3715 1272 3771 multo
1322 3715 1716 3786 praestantiora
1765 3727 1955 3770 conse-

371 3815 576 3876 quutus
626 3815 710 3862 est
767 3808 852 3862 vir
900 3807 1128 3864 illustris
1185 3809 1450 3864 Antonius
1513 3807 1950 3871 Staudenntaier,

373 3897 678 3970 theologiae
707 3899 1002 3955 catholicae
1051 3915 1196 3954 nunc
1233 3900 1286 3954 in
1323 3897 1677 3954 universitate
1723 3897 1946 3953 Fribur-

372 3988 527 4059 gensi
575 3987 866 4058 professor.
915 3988 1015 4056 Qui
1065 3990 1118 4044 in
1168 3988 1306 4045 libro
1354 3989 1466 4060 jam
1515 4002 1675 4058 supra
1725 3987 1943 4042 laudato

401 4101 526 4183 ⁸ης)
559 4098 782 4180 Joannis
831 4099 975 4182 Scott'
1021 4099 1282 4183 Erigenac-
1329 4100 1393 4154 de
1435 4098 1688 4180 divisione
1740 4107 1961 4152 naturae

374 4170 499 4226 Irim
549 4187 775 4226 quinque
800 4211 816 4226 .
863 4171 956 4224 diu
995 4171 1340 4226 desiderati...
1373 4169 1565 4225 Oxonn
1597 4183 1649 4221 a.
1681 4168 1839 4223 1681.
1869 4166 1954 4223 Cf.

376 4187 499 4226 mm
549 4187 775 4240 qumque
800 4211 816 4234 ,
863 4187 956 4224 am
995 4187 1340 4226 αεειαεναιι...
1373 4187 1565 4225 UXOIIII
1597 4187 1649 4221 2.
1681 4187 1839 4223 1061.
1869 4187 1954 4223 ω.

376 4241 512 4296 ξιιῑιι.
536 4255 589 4307 p.
615 4240 648 4294 8
675 4240 1105 4294 testimoniorum
1131 4241 1186 4294 in
1215 4240 1364 4296 Galei
1397 4238 1749 4308 praefatione.

448 4304 728 4379 (b)_Johnn
753 4308 941 4379 Scelus
969 4309 1222 4379 Erigena,
1249 4309 1375 4364 oder
1395 4304 1492 4379 bon
1523 4308 1640 4379 dem
1685 4304 1962 4379 Ursprung

373 4375 524 4436 aliter
577 4378 910 4433 clrristliclren
962 4375 1297 4448 PhilosOplu'e
1352 4378 1460 4432 und
1523 4377 1688 4430 ihrem
1739 4375 1962 4447 lteiligeit

2044 1899 2279 1963 student,
2319 1898 2601 1968 legendum
2633 1897 2878 1966 apprime
2904 1896 3311 1951 commendasse
3335 1892 3583 1948 sufﬁciat.

2116 1989 2404 2060 Eleganter
2447 1997 2504 2044 et
2547 1989 2696 2043 brevi
2729 2000 2978 2042 sermone
3015 1994 3212 2041 cuncta
3260 1984 3646 2054 complectens.

2044 2080 2208 2136 etiam
2250 2078 2504 2133 Albertus
2559 2077 2898 2146 Kreutzhage
2924 2115 2939 2140 ,
2979 2075 3032 2128 in
3081 2075 3220 2128 alma
3266 2071 3644 2128 universitate

2043 2172 2384 2243 Gottingensi
2409 2169 2575 2240 judex
2601 2168 2966 2243 academ‘icus,
3000 2166 3234 2235 scriptor
3267 2173 3374 2219 tam
3405 2162 3626 2232 ingenio
3705 2151 3708 2154 ’

2044 2279 2206 2336 quam
2237 2239 2372 2333 pura
2413 2239 2611 2316 mentis
2637 2239 2934 2314 intentione
2968 2258 3033 2312 de
3052 2255 3391 2326 philosophia
3419 2255 3646 2324 optime

2044 2354 2285 2416 meritus,
2317 2353 2371 2406 in
2400 2353 2541 2406 lihro
2569 2352 2634 2404 ad
2664 2350 2960 2420 marginem
3010 2348 3228 2402 laudato
3265 2347 3337 2418 (c)
3381 2346 3622 2416 singulas

2045 2458 2290 2516 quasque
2315 2441 2629 2512 Philosophi
2671 2440 2841 2494 nostri
2869 2439 3122 2503 virtutes,
3149 2445 3406 2508 tanquam
3432 2433 3624 2492 altiore

2045 2536 2276 2608 quodam
2309 2535 2502 2604 spiritu
2534 2533 2778 2598 adlatus,
2808 2532 2986 2602 dignis
3015 2531 3264 2586 laudibus
3309 2528 3466 2584 ell‘ert
3497 2545 3510 2582 :
3545 2529 3625 2582 in-

2047 2628 2222 2685 dolem
2263 2627 2492 2682 dicimus
2535 2625 2800 2694 Erigenae
2848 2623 3086 2678 nativam
3131 2631 3186 2678 et
3227 2620 3580 2675 inventricem
3610 2659 3626 2682 ,

2047 2734 2296 2784 acumen,
2320 2715 2766 2787 profunditatem,
2792 2714 3194 2784 philosophiam
3221 2727 3348 2767 vere
3373 2710 3628 2766 christia-

2046 2825 2194 2874 nam,
2230 2807 2495 2863 sermonis
2530 2805 2981 2876 pulchritudinem
3005 2805 3477 2872 altitudinemque,
3499 2817 3626 2857 eru-

2046 2900 2327 2963 ditionem,
2371 2911 2562 2953 sensus
2606 2895 2896 2966 puritatem
2920 2903 2976 2950 et
2997 2893 3336 2952 divinitatem
3366 2893 3630 2962 Spirilua-

2047 2987 2205 3042 lismo
2219 2985 2492 3058 propriam
2507 2983 2632 3056 (qua
2663 2984 2752 3038 ille
2773 2983 2988 3052 quidem
3011 2982 3364 3038 celeberrimo
3385 2981 3628 3035 omnium

2045 3088 2272 3150 poetae,
2328 3078 2538 3143 Dante,
2579 3077 2698 3132 viro
2726 3091 2832 3131 non
2863 3076 3072 3130 minore
3099 3115 3113 3139 ,
3153 3090 3314 3145 quam
3363 3087 3502 3143 quae
3551 3073 3629 3126 illi

2049 3172 2308 3244 contigit,
2359 3169 2558 3241 injuria
2598 3183 2695 3239 per
2733 3169 2952 3238 longum
2985 3175 3198 3237 tempus
3242 3167 3427 3236 inique
3469 3165 3633 3219 aesti-

2051 3270 2198 3318 mato
2249 3276 2314 3316 ac
2359 3259 2605 3330 neglecto
2651 3258 2941 3314 assimilari
2990 3256 3236 3330 potest);
3298 3265 3628 3326 postremum

2051 3363 2288 3425 systema
2350 3350 2756 3422 pantheismum-
2793 3348 3039 3418 quamvis
3095 3347 3394 3417 attingens,
3453 3351 3630 3396 tamen

2051 3443 2417 3502 creatianismi
2459 3441 2594 3496 lines
2621 3440 2765 3495 haud
2793 3437 3213 3510 transgrediens,
3243 3451 3417 3506 neque
3443 3432 3633 3489 discri-

2053 3551 2198 3602 men,
2242 3534 2386 3604 quod
2417 3533 2558 3588 inter
2578 3531 2893 3586 Creatorem
2936 3538 2990 3585 et
3028 3537 3332 3584 creaturam
3363 3526 3590 3580 interest
3617 3565 3630 3586 .

2054 3627 2162 3682 ullo
2208 3625 2368 3679 modo
2410 3621 2708 3678 resolvens.
2761 3621 2962 3676 Verum
2995 3620 3139 3675 enim
3176 3635 3306 3674 vero
3356 3617 3471 3688 ipsa
3519 3616 3635 3687 ejus
3669 3691 3674 3696 ι

2054 3719 2258 3784 verba,
2313 3732 2540 3789 quorum
2604 3715 2924 3784 elegantiam
2978 3713 3142 3766 latine
3213 3711 3516 3780 exprimere
3582 3721 3631 3761 et

2057 3812 2278 3868 omnino
2321 3807 2546 3864 reddere
2579 3807 2667 3861 vix
2697 3805 2910 3878 possis,
2957 3805 3117 3859 liceat
3171 3803 3324 3858 nobis
3364 3802 3468 3856 hoc
3513 3799 3634 3855 loco

2059 3904 2297 3958 inserere
2317 3903 2349 3936 ⁸
2375 3918 2390 3954 :
2737 3959 2748 3966 ,
2848 3940 2854 3945 .

2135 4012 2154 4046 ι
2188 3991 2381 4056 ﬂente,
2408 3991 2551 4046 meiu
2575 3990 2742 4046 lieber
2763 3987 3149 4054 Freund,habe
3178 3987 3262 4042 ich
3285 3987 3391 4042 den
3419 3985 3633 4042 kleinen

2060 4104 2245 4174 Beruf.
2282 4102 2392 4158 Von
2452 4101 2572 4174 Dr.
2599 4101 2769 4174 Peder
2798 4101 2970 4174 lljort,
3019 4099 3182 4174 Prpr
3206 4099 3302 4155 der
3339 4097 3657 4154 deutschen

2061 4170 2335 4230 Literatur
2364 4174 2416 4227 in
2445 4172 2603 4226 Soré.
2638 4171 3022 4241 Kopenhagen,
3050 4170 3206 4241 1825.

2135 4245 2204 4316 (ε)
2241 4243 2645 4316 Mitthrilungen
2674 4236 2798 4316 tilicr
2839 4236 2953 4316 den
2979 4239 3230 4316 Eia/luas.
3260 4236 3634 4316 der_l_’__hiloso-

2097 4305 2302 4382 hie'auf
2316 4313 2400 4366 die
2424 4305 2812 4382 Enlft'vifltclung
2832 4305 3124 4382 decimauit
3139 4307 3355 4363 Lebena.
3373 4305 3638 4372 Miluster,

2101 4386 2151 4441 ei
2176 4380 2482 4452 Theissing,
2515 4380 2646 4436 1851
2681 4380 2800 4450 pag.
2834 4380 2938 4433 216
2965 4394 3080 4449 seq,

444 4492 484 4530 ἰ
505 4491 585 4547 En
609 4492 766 4546 istius
788 4491 1044 4558 epistolae
1083 4491 1384 4546 versionem
1412 4491 1656 4562 latinam,
1685 4502 1791 4559 qua
1828 4503 1956 4544 sen-
1983 4489 2035 4547 D
2063 4499 2116 4553 in
2141 4496 2234 4551 Dei
2257 4503 2506 4550 naturam
2533 4491 2954 4562 intelligendam,
2969 4491 3102 4546 etin
3117 4491 3492 4558 explicandam
3517 4507 3640 4546 sen-

377 4577 502 4618 sum
528 4562 768 4617 auctoris
795 4562 948 4616 nobis
973 4561 1208 4615 assecuti
1230 4575 1349 4615 esse
1379 4560 1627 4614 videmur
1655 4577 1667 4612 :

457 4650 479 4684 c
508 4631 698 4696 Hodie,
745 4632 916 4685 amice
969 4631 1268 4692 carissime,
1303 4630 1450 4685 Scoti
1476 4629 1739 4699 Erigenae
1773 4629 1838 4682 de
1863 4627 1961 4682 Di-

380 4703 579 4758 uisione
625 4712 848 4754 naturae
887 4701 1136 4755 volumen
1167 4700 1395 4763 absolvi,
1425 4698 1591 4768 atque
1619 4698 1777 4754 laudo
1805 4712 1961 4768 prae-

382 4775 616 4841 diooque
641 4785 848 4841 casum,
873 4773 964 4841 qui
995 4771 1124 4824 mihi
1152 4767 1649 4841 praecla‘rum'illud
1671 4777 1734 4841 _et
1775 4782 1959 4821 rarum

381 4837 744 4912 opusobviam
769 4837 986 4912 objecit.
1013 4841 1066 4893 ln
1090 4837 1404 4912 perlegenda
1431 4837 1810 4912 disputatione,
1827 4851 1966 4906 quae

379 4909 472 4966 est
513 4911 580 4964 de
613 4909 1053 4979 primordialibus
1097 4910 1295 4970 causis,
1337 4909 1531 4979 iterum
1576 4916 1736 4975 atque
1769 4909 1963 4960 iterum

380 4978 650 5052 agnoscas
685 4993 912 5052 necesse
938 4989 1042 5042 est,
1075 4979 1347 5052 contineri
1365 4979 1416 5032 in
1452 4978 1553 5033 hoc
1580 4992 1742 5052 opere
1772 4991 1966 5052 causas

383 5046 770 5121 primordiales
795 5049 1268 5121 innumerabilium
1297 5046 1966 5121 idearumphilosophica-

385 5115 532 5184 rnm,
563 5135 704 5187 quae
723 5128 910 5188 postea
946 5117 1186 5189 singulae
1218 5117 1439 5187 integris
1466 5115 1838 5189 philosophiae
1880 5129 1968 5189 sy-

385 5184 638 5244 stematis
684 5184 898 5242 animae
942 5184 1190 5255 aequasi
1242 5184 1428 5240 contra
1467 5184 1758 5240 institere.
1802 5184 1965 5255 Quin,

385 5260 432 5312 si
458 5260 789 5313 recentiores
809 5257 1026 5327 quidam
1049 5253 1346 5326 philosophi
1368 5256 1582 5327 candidi
1610 5269 1729 5327 esse
1747 5253 1964 5327 vellent,

387 5327 567 5396 palam
602 5321 1008 5397 profiterentur,
1039 5321 1636 5397 opinor,'principalem
1659 5321 1760 5379 ςιΙὴ
1792 5324 1968 5397 ideam

385 5395 460 5477 ab
481 5395 716 5477 .Er'tg'ena
745 5396 1094 5477 subministra
1103 5404 1208 5477 tarn
1219 5435 1233 5459 ,
1247 5405 1410 5477 atque
1423 5411 1498 5477 ,νει
1507 5395 1635 5477 rios,
1649 5409 1784 5463 quas
1800 5395 1968 5474 iniere

387 5467 494 5536 ipsi
522 5463 662 5536 vias,
682 5482 786 5536 ope
815 5465 1126 5536 Erigeniani
1161 5463 1359 5534 ingenii
1388 5465 1635 5520 altissimi
1670 5474 1724 5520 ct
1763 5463 1966 5519 acutis-

387 5535 517 5592 simi
549 5535 652 5589 sibi
684 5535 985 5603 patefactae
1011 5548 1156 5590 esse.
1681 5602 1684 5603 ν
1915 5545 1920 5550 ’

471 5622 492 5655 ς
525 5602 968 5675 Fundamentum
1013 5604 1447 5675 disputationum
1483 5602 1854 5675 recentiorum
1891 5604 1962 5659 de

391 5683 582 5730 mente
599 5675 683 5728 sui
706 5693 720 5722 ι
737 5673 925 5728 onscia
940 5672 1117 5741 deque
1137 5675 1334 5744 triplici
1351 5675 1511 5744 hujus
1533 5672 1729 5744 tuentis
1751 5684 1876 5744 natu
1887 5689 1964 5737 ra.

389 5755 558 5814 atque
595 5743 815 5798 altiores
846 5743 1220 5814 cognitiones,
1241 5759 1380 5815 quae
1412 5743 1539 5800 inde
1595 5743 1968 5800 redundarunt

2062 4567 2282 4624 tentiam
2305 4561 2760 4636 gravissimorum
2806 4563 3144 4636 quorundam
3180 4561 3524 4636 Christianae
3557 4578 3644 4636 re-

2061 4637 2277 4709 ligionis
2303 4631 2663 4709 decretorum,
2697 4633 2956 4709 denique,
2980 4641 3037 4709 ut
3064 4633 3298 4709 breviter
3323 4631 3638 4709 dicam,_in-

2065 4701 2282 4762 véntum
2334 4704 2650 4758 recentioris
2699 4703 3066 4772 pl‘iilosophiac
3119 4701 3288 4772 facile
3323 4701 3642 4772 primarium

2060 4777 2172 4848 jam
2208 4776 2414 4846 pridem
2453 4773 2682 4848 Erigena
2700 4769 2988 4848 proposuit
3035 4771 3212 4826 verbis
3231 4769 3335 4848 his
3373 4788 3385 4824 :
3437 4789 3455 4822 ι
3494 4769 3668 4848 Mens.

2067 4841 2265 4903 elerum
2301 4854 2366 4898 et.
2384 4843 2627 4898 notitiam
2659 4841 2742 4896 sui
2769 4841 2960 4912 gignit,
2993 4851 3047 4896 et
3071 4857 3100 4912 a
3145 4856 3204 4895 se
3231 4841 3344 4910 ipsa
3374 4855 3529 4912 amor
3559 4843 3662 4912 sui.

2067 4925 2124 4973 et
2165 4915 2355 4971 notitia
2403 4913 2488 4966 sui
2538 4911 2799 4982 procedit,
2834 4911 2958 4982 quo.
2993 4919 3058 4966 et.
3091 4911 3204 4980 ipsa
3233 4920 3289 4966 et
3315 4911 3505 4966 notitia
3554 4911 3640 4966 sui

2069 4986 2512 5057 coniunguntur:
2527 5022 2540 5035 .

2146 5047 2384 5124 (Neque
2417 5052 2595 5107 minus
2637 5051 2967 5128 admirabile
2993 5051 3206 5106 dicendi
3255 5047 3642 5128 gerulisErigc-

2070 5119 2318 5188 nianum,
2337 5137 2601 5190 nusquam
2630 5137 2735 5176 non
2760 5123 3034 5184 entheum,
3072 5137 3248 5175 raram
3270 5119 3526 5190 altissimi
3559 5119 3644 5190 in-

2139 5195 2216 5250 nii
2241 5187 2364 5248 cum
2394 5187 2706 5247 acutissimo
2727 5193 3156 5258 conjunctionem
3179 5205 3309 5259 prae
3335 5204 3396 5259 se
3423 5188 3546 5240 fert.
3577 5187 3648 5244 Ut

2139 5211 2216 5250 IIII
2241 5211 2364 5248 Clllll
2394 5211 2706 5247 acuussrmo
2727 5211 3156 5258 conjuncuonem
3179 5211 3309 5259 prae
3335 5211 3394 5243 SC
3423 5211 3546 5240 ICI'I.
3578 5211 3642 5244 Ut

2069 5211 2295 5335 Fecgendo
2317 5262 2472 5335 quasi
2498 5263 2672 5335 abripi
2695 5262 3000 5335 videarisjn
3035 5263 3289 5330 templum
3322 5258 3403 5312 vel
3425 5272 3642 5312 sacrum

2072 5331 2276 5398 lucum,
2315 5331 2480 5387 miris.
2501 5331 2821 5402 imaginibus
2867 5331 3144 5393 refertum,
3193 5337 3671 5402 resonantemqne-

2075 5404 2274 5463 divinis
2313 5402 2554 5465 vocibus,
2605 5398 2792 5455 intima
2839 5402 2979 5455 vitae
3023 5407 3228 5454 secreta
3267 5398 3668 5468 pandentibus..

2075 5477 2252 5549 Atque
2275 5473 2334 5549 in
2355 5472 2664 5549 universum
2695 5471 2988 5549 spiritualis
3017 5468 3384 5549 philosophiae
3404 5468 3670 5549 studium.

2077 5545 2128 5602 id
2153 5537 2334 5607 éﬂicit,
2368 5551 2426 5598 ut
2451 5541 2682 5612 primum
2709 5537 2877 5610 magis
2898 5537 3172 5612 magisque
3189 5537 3670 5612 debilitetur_.cnm,

2075 5614 2371 5670 materialis
2419 5609 2552 5675 vita,
2591 5619 2701 5664 tum
2743 5609 3082 5677 principium,
3131 5609 3351 5676 quodin
3397 5625 3460 5662 ea
3495 5609 3644 5669 latet.

2077 5684 2306 5756 negandi
2355 5683 2730 5748 abstracthnc
2775 5679 3152 5750 cognoscendi,
3197 5681 3488 5736 obscurum
3520 5679 3668 5732 illud.
