  <div class='ocr_page' id='page_1' title='image "/cluster/home/n/w/nwhite01/storage/ocr_20150623/122/hvd.32044054759840/093.png"; bbox 0 0 4002 6148; ppageno 0'>
   <div class='ocr_carea' id='block_1_1' title="bbox 373 303 462 354">
    <p class='ocr_par' dir='ltr' id='par_1_1' title="bbox 373 303 462 354">
     <span class='ocr_line' id='line_1_1' title="bbox 373 303 462 354; baseline 0.045 -4"><span class='ocrx_word' id='word_1_1' title='bbox 373 303 462 354; x_wconf 85' lang='lat' dir='ltr'><strong>Ill</strong></span> 
     </span>
    </p>
   </div>
   <div class='ocr_carea' id='block_1_2' title="bbox 1479 299 2522 357">
    <p class='ocr_par' dir='ltr' id='par_1_2' title="bbox 1479 299 2522 357">
     <span class='ocr_line' id='line_1_2' title="bbox 1479 299 2522 357; baseline 0.001 -1"><span class='ocrx_word' id='word_1_2' title='bbox 1479 300 1540 356; x_wconf 88' lang='lat' dir='ltr'><strong>C.</strong></span> <span class='ocrx_word' id='word_1_3' title='bbox 1581 299 1641 355; x_wconf 87' lang='grc' dir='ltr'><strong>Β.</strong></span> <span class='ocrx_word' id='word_1_4' title='bbox 1684 299 2116 357; x_wconf 77' lang='lat' dir='ltr'><strong>SCHLUETERI</strong></span> <span class='ocrx_word' id='word_1_5' title='bbox 2155 299 2522 357; x_wconf 66' lang='lat' dir='ltr'><strong>PREFATIO</strong></span> 
     </span>
    </p>
   </div>
   <div class='ocr_carea' id='block_1_3' title="bbox 3512 302 3610 357">
    <p class='ocr_par' dir='ltr' id='par_1_3' title="bbox 3512 302 3610 357">
     <span class='ocr_line' id='line_1_3' title="bbox 3512 302 3610 357; baseline 0.01 -1"><span class='ocrx_word' id='word_1_6' title='bbox 3512 302 3610 357; x_wconf 69' lang='grc'><strong>112</strong></span> 
     </span>
    </p>
   </div>
   <div class='ocr_carea' id='block_1_4' title="bbox 356 387 3610 462">
    <p class='ocr_par' dir='ltr' id='par_1_4' title="bbox 356 387 3610 462">
     <span class='ocr_line' id='line_1_4' title="bbox 356 387 3610 462; baseline 0.002 -19"><span class='ocrx_word' id='word_1_7' title='bbox 356 387 510 445; x_wconf 81' lang='lat' dir='ltr'><strong>libris</strong></span> <span class='ocrx_word' id='word_1_8' title='bbox 539 390 603 444; x_wconf 84' lang='lat' dir='ltr'><strong>de</strong></span> <span class='ocrx_word' id='word_1_9' title='bbox 626 387 898 446; x_wconf 84' lang='lat' dir='ltr'><strong>Divisione</strong></span> <span class='ocrx_word' id='word_1_10' title='bbox 926 389 1150 461; x_wconf 88' lang='lat' dir='ltr'><strong>vestigia</strong></span> <span class='ocrx_word' id='word_1_11' title='bbox 1188 397 1242 444; x_wconf 92' lang='lat' dir='ltr'><strong>et</strong></span> <span class='ocrx_word' id='word_1_12' title='bbox 1283 389 1581 460; x_wconf 85' lang='lat' dir='ltr'><strong>fragmenta</strong></span> <span class='ocrx_word' id='word_1_13' title='bbox 1627 391 1939 462; x_wconf 88' lang='lat' dir='ltr'><strong>systematis</strong></span> <span class='ocrx_word' id='word_1_14' title='bbox 1969 394 2017 453; x_wconf 79' lang='grc' dir='ltr'><strong>Α</strong></span> <span class='ocrx_word' id='word_1_15' title='bbox 2047 391 2242 446; x_wconf 83' lang='lat' dir='ltr'><strong>Verum</strong></span> <span class='ocrx_word' id='word_1_16' title='bbox 2291 406 2610 462; x_wconf 80' lang='lat' dir='ltr'><strong>magnopere</strong></span> <span class='ocrx_word' id='word_1_17' title='bbox 2669 391 2918 446; x_wconf 90' lang='lat' dir='ltr'><strong>admirati</strong></span> <span class='ocrx_word' id='word_1_18' title='bbox 2957 405 3164 455; x_wconf 92' lang='lat' dir='ltr'><strong>sumus,</strong></span> <span class='ocrx_word' id='word_1_19' title='bbox 3211 392 3350 461; x_wconf 89' lang='lat' dir='ltr'><strong>quod</strong></span> <span class='ocrx_word' id='word_1_20' title='bbox 3396 392 3610 448; x_wconf 90' lang='lat' dir='ltr'><strong>doctum</strong></span> 
     </span>
    </p>
   </div>
   <div class='ocr_carea' id='block_1_5' title="bbox 363 479 1945 552">
    <p class='ocr_par' dir='ltr' id='par_1_5' title="bbox 363 479 1945 552">
     <span class='ocr_line' id='line_1_5' title="bbox 363 479 1945 552; baseline 0.003 -18"><span class='ocrx_word' id='word_1_21' title='bbox 363 481 646 548; x_wconf 76' lang='lat' dir='ltr'><strong>cujusdam</strong></span> <span class='ocrx_word' id='word_1_22' title='bbox 671 479 828 552; x_wconf 88' lang='lat' dir='ltr'><strong>logiei</strong></span> <span class='ocrx_word' id='word_1_23' title='bbox 861 496 1043 551; x_wconf 89' lang='lat' dir='ltr'><strong>sparsa</strong></span> <span class='ocrx_word' id='word_1_24' title='bbox 1068 480 1288 549; x_wconf 88' lang='lat' dir='ltr'><strong>reperit,</strong></span> <span class='ocrx_word' id='word_1_25' title='bbox 1304 481 1446 549; x_wconf 89' lang='lat' dir='ltr'><strong>quod</strong></span> <span class='ocrx_word' id='word_1_26' title='bbox 1472 481 1578 535; x_wconf 89' lang='lat' dir='ltr'><strong>late</strong></span> <span class='ocrx_word' id='word_1_27' title='bbox 1597 489 1788 552; x_wconf 90' lang='lat' dir='ltr'><strong>patens</strong></span> <span class='ocrx_word' id='word_1_28' title='bbox 1809 482 1945 538; x_wconf 90' lang='lat' dir='ltr'><strong>alte-</strong></span> 
     </span>
    </p>
   </div>
   <div class='ocr_carea' id='block_1_6' title="bbox 371 570 1944 643">
    <p class='ocr_par' dir='ltr' id='par_1_6' title="bbox 371 570 1944 643">
     <span class='ocr_line' id='line_1_6' title="bbox 371 570 1944 643; baseline 0.004 -22"><span class='ocrx_word' id='word_1_29' title='bbox 371 571 438 626; x_wconf 89' lang='lat' dir='ltr'><strong>ri.</strong></span> <span class='ocrx_word' id='word_1_30' title='bbox 471 578 695 623; x_wconf 91' lang='lat' dir='ltr'><strong>naturae</strong></span> <span class='ocrx_word' id='word_1_31' title='bbox 725 570 932 624; x_wconf 76' lang='lat' dir='ltr'><strong>scilicet</strong></span> <span class='ocrx_word' id='word_1_32' title='bbox 963 571 1259 638; x_wconf 80' lang='lat' dir='ltr'><strong>systemati,</strong></span> <span class='ocrx_word' id='word_1_33' title='bbox 1295 573 1690 640; x_wconf 91' lang='lat' dir='ltr'><strong>quodammodo</strong></span> <span class='ocrx_word' id='word_1_34' title='bbox 1717 587 1944 643; x_wconf 90' lang='lat' dir='ltr'><strong>respon-</strong></span> 
     </span>
    </p>
   </div>
   <div class='ocr_carea' id='block_1_7' title="bbox 383 659 1944 730">
    <p class='ocr_par' dir='ltr' id='par_1_7' title="bbox 383 659 1944 730">
     <span class='ocr_line' id='line_1_7' title="bbox 383 659 1944 730; baseline 0.004 -18"><span class='ocrx_word' id='word_1_35' title='bbox 383 661 524 713; x_wconf 91' lang='lat' dir='ltr'><strong>deat.</strong></span> <span class='ocrx_word' id='word_1_36' title='bbox 553 660 796 719; x_wconf 89' lang='lat' dir='ltr'><strong>Dictione</strong></span> <span class='ocrx_word' id='word_1_37' title='bbox 819 675 983 730; x_wconf 87' lang='lat' dir='ltr'><strong>prope</strong></span> <span class='ocrx_word' id='word_1_38' title='bbox 1005 659 1316 715; x_wconf 90' lang='lat' dir='ltr'><strong>mechanica</strong></span> <span class='ocrx_word' id='word_1_39' title='bbox 1349 673 1503 717; x_wconf 90' lang='lat' dir='ltr'><strong>utens</strong></span> <span class='ocrx_word' id='word_1_40' title='bbox 1539 663 1673 718; x_wconf 87' lang='lat' dir='ltr'><strong>duas</strong></span> <span class='ocrx_word' id='word_1_41' title='bbox 1715 663 1944 719; x_wconf 85' lang='lat' dir='ltr'><strong>affirmat</strong></span> 
     </span>
    </p>
   </div>
   <div class='ocr_carea' id='block_1_8' title="bbox 368 748 1938 822">
    <p class='ocr_par' dir='ltr' id='par_1_8' title="bbox 368 748 1938 822">
     <span class='ocr_line' id='line_1_8' title="bbox 368 748 1938 822; baseline 0.003 -20"><span class='ocrx_word' id='word_1_42' title='bbox 368 751 611 802; x_wconf 84' lang='lat' dir='ltr'><strong>idearum</strong></span> <span class='ocrx_word' id='word_1_43' title='bbox 641 749 824 811; x_wconf 88' lang='lat' dir='ltr'><strong>series,</strong></span> <span class='ocrx_word' id='word_1_44' title='bbox 851 748 1272 819; x_wconf 82' lang='lat' dir='ltr'><strong>philosophicam</strong></span> <span class='ocrx_word' id='word_1_45' title='bbox 1299 750 1418 804; x_wconf 90' lang='lat' dir='ltr'><strong>dico</strong></span> <span class='ocrx_word' id='word_1_46' title='bbox 1449 759 1503 805; x_wconf 92' lang='lat' dir='ltr'><strong>et</strong></span> <span class='ocrx_word' id='word_1_47' title='bbox 1549 751 1900 822; x_wconf 77' lang='lat' dir='ltr'><strong>theologicam</strong></span> <span class='ocrx_word' id='word_1_48' title='bbox 1922 791 1938 816; x_wconf 93' lang='lat'><strong>,</strong></span> 
     </span>
    </p>
   </div>
   <div class='ocr_carea' id='block_1_9' title="bbox 369 837 1942 912">
    <p class='ocr_par' dir='ltr' id='par_1_9' title="bbox 369 837 1942 912">
     <span class='ocr_line' id='line_1_9' title="bbox 369 837 1942 912; baseline 0.004 -21"><span class='ocrx_word' id='word_1_49' title='bbox 369 839 524 908; x_wconf 84' lang='lat' dir='ltr'><strong>quasi</strong></span> <span class='ocrx_word' id='word_1_50' title='bbox 561 837 786 893; x_wconf 78' lang='lat' dir='ltr'><strong>diﬂissas</strong></span> <span class='ocrx_word' id='word_1_51' title='bbox 815 838 1038 892; x_wconf 89' lang='lat' dir='ltr'><strong>alteram</strong></span> <span class='ocrx_word' id='word_1_52' title='bbox 1061 838 1214 907; x_wconf 82' lang='lat' dir='ltr'><strong>juxta</strong></span> <span class='ocrx_word' id='word_1_53' title='bbox 1245 838 1469 894; x_wconf 88' lang='lat' dir='ltr'><strong>alteram</strong></span> <span class='ocrx_word' id='word_1_54' title='bbox 1496 856 1590 911; x_wconf 89' lang='lat' dir='ltr'><strong>per</strong></span> <span class='ocrx_word' id='word_1_55' title='bbox 1611 850 1780 896; x_wconf 91' lang='lat' dir='ltr'><strong>totum</strong></span> <span class='ocrx_word' id='word_1_56' title='bbox 1810 857 1942 912; x_wconf 92' lang='lat' dir='ltr'><strong>opus</strong></span> 
     </span>
    </p>
   </div>
   <div class='ocr_carea' id='block_1_10' title="bbox 366 927 1941 997">
    <p class='ocr_par' dir='ltr' id='par_1_10' title="bbox 366 927 1941 997">
     <span class='ocr_line' id='line_1_10' title="bbox 366 927 1941 997; baseline 0.004 -17"><span class='ocrx_word' id='word_1_57' title='bbox 366 929 439 980; x_wconf 91' lang='lat' dir='ltr'><strong>ita</strong></span> <span class='ocrx_word' id='word_1_58' title='bbox 469 927 694 996; x_wconf 81' lang='lat' dir='ltr'><strong>porrigi,</strong></span> <span class='ocrx_word' id='word_1_59' title='bbox 735 936 790 980; x_wconf 87' lang='grc' dir='ltr'><strong>ιιι</strong></span> <span class='ocrx_word' id='word_1_60' title='bbox 822 927 874 979; x_wconf 92' lang='lat' dir='ltr'><strong>in</strong></span> <span class='ocrx_word' id='word_1_61' title='bbox 904 927 1272 997; x_wconf 84' lang='lat' dir='ltr'><strong>phiIOSOphica</strong></span> <span class='ocrx_word' id='word_1_62' title='bbox 1319 930 1716 997; x_wconf 89' lang='lat' dir='ltr'><strong>pantheismum</strong></span> <span class='ocrx_word' id='word_1_63' title='bbox 1752 939 1941 986; x_wconf 90' lang='lat' dir='ltr'><strong>auctor</strong></span> 
     </span>
    </p>
   </div>
   <div class='ocr_carea' id='block_1_11' title="bbox 365 1015 1942 1089">
    <p class='ocr_par' dir='ltr' id='par_1_11' title="bbox 365 1015 1942 1089">
     <span class='ocr_line' id='line_1_11' title="bbox 365 1015 1942 1089; baseline 0.005 -21"><span class='ocrx_word' id='word_1_64' title='bbox 365 1017 507 1070; x_wconf 85' lang='lat' dir='ltr'><strong>haud</strong></span> <span class='ocrx_word' id='word_1_65' title='bbox 538 1015 774 1086; x_wconf 74' lang='lat' dir='ltr'><strong>effugiat,</strong></span> <span class='ocrx_word' id='word_1_66' title='bbox 813 1031 974 1086; x_wconf 89' lang='lat' dir='ltr'><strong>quem</strong></span> <span class='ocrx_word' id='word_1_67' title='bbox 1003 1026 1181 1072; x_wconf 86' lang='lat' dir='ltr'><strong>tamen</strong></span> <span class='ocrx_word' id='word_1_68' title='bbox 1219 1019 1272 1072; x_wconf 91' lang='lat' dir='ltr'><strong>in</strong></span> <span class='ocrx_word' id='word_1_69' title='bbox 1304 1018 1600 1089; x_wconf 81' lang='lat' dir='ltr'><strong>theologica</strong></span> <span class='ocrx_word' id='word_1_70' title='bbox 1648 1021 1942 1077; x_wconf 87' lang='lat' dir='ltr'><strong>immutans</strong></span> 
     </span>
    </p>
   </div>
   <div class='ocr_carea' id='block_1_12' title="bbox 367 1107 1940 1179">
    <p class='ocr_par' dir='ltr' id='par_1_12' title="bbox 367 1107 1940 1179">
     <span class='ocr_line' id='line_1_12' title="bbox 367 1107 1940 1179; baseline 0.004 -18"><span class='ocrx_word' id='word_1_71' title='bbox 367 1117 529 1178; x_wconf 87' lang='lat' dir='ltr'><strong>atque</strong></span> <span class='ocrx_word' id='word_1_72' title='bbox 557 1107 837 1163; x_wconf 73' lang='lat' dir='ltr'><strong>inflectens</strong></span> <span class='ocrx_word' id='word_1_73' title='bbox 871 1108 1108 1179; x_wconf 83' lang='lat' dir='ltr'><strong>dogmati</strong></span> <span class='ocrx_word' id='word_1_74' title='bbox 1162 1111 1567 1165; x_wconf 91' lang='lat' dir='ltr'><strong>accommodare</strong></span> <span class='ocrx_word' id='word_1_75' title='bbox 1617 1110 1846 1167; x_wconf 88' lang='lat' dir='ltr'><strong>studeat.</strong></span> <span class='ocrx_word' id='word_1_76' title='bbox 1884 1113 1940 1168; x_wconf 90' lang='lat' dir='ltr'><strong>Si</strong></span> 
     </span>
    </p>
   </div>
   <div class='ocr_carea' id='block_1_13' title="bbox 371 1199 1940 1268">
    <p class='ocr_par' dir='ltr' id='par_1_13' title="bbox 371 1199 1940 1268">
     <span class='ocr_line' id='line_1_13' title="bbox 371 1199 1940 1268; baseline 0.004 -16"><span class='ocrx_word' id='word_1_77' title='bbox 371 1214 460 1254; x_wconf 91' lang='lat' dir='ltr'><strong>res</strong></span> <span class='ocrx_word' id='word_1_78' title='bbox 515 1199 681 1254; x_wconf 91' lang='lat' dir='ltr'><strong>seculi</strong></span> <span class='ocrx_word' id='word_1_79' title='bbox 719 1199 911 1254; x_wconf 89' lang='lat' dir='ltr'><strong>decimi</strong></span> <span class='ocrx_word' id='word_1_80' title='bbox 951 1200 1198 1268; x_wconf 90' lang='lat' dir='ltr'><strong>publicae</strong></span> <span class='ocrx_word' id='word_1_81' title='bbox 1238 1201 1417 1257; x_wconf 89' lang='lat' dir='ltr'><strong>minus</strong></span> <span class='ocrx_word' id='word_1_82' title='bbox 1453 1202 1790 1258; x_wconf 87' lang='lat' dir='ltr'><strong>turbulentae</strong></span> <span class='ocrx_word' id='word_1_83' title='bbox 1827 1205 1940 1259; x_wconf 86' lang='lat' dir='ltr'><strong>ani-</strong></span> 
     </span>
    </p>
   </div>
   <div class='ocr_carea' id='block_1_14' title="bbox 375 1289 1942 1359">
    <p class='ocr_par' dir='ltr' id='par_1_14' title="bbox 375 1289 1942 1359">
     <span class='ocr_line' id='line_1_14' title="bbox 375 1289 1942 1359; baseline 0.003 -16"><span class='ocrx_word' id='word_1_84' title='bbox 375 1291 583 1359; x_wconf 87' lang='lat' dir='ltr'><strong>misque</strong></span> <span class='ocrx_word' id='word_1_85' title='bbox 609 1290 663 1344; x_wconf 91' lang='lat' dir='ltr'><strong>in</strong></span> <span class='ocrx_word' id='word_1_86' title='bbox 713 1289 902 1344; x_wconf 90' lang='lat' dir='ltr'><strong>altiora</strong></span> <span class='ocrx_word' id='word_1_87' title='bbox 933 1290 1109 1344; x_wconf 88' lang='lat' dir='ltr'><strong>studia</strong></span> <span class='ocrx_word' id='word_1_88' title='bbox 1133 1291 1421 1355; x_wconf 85' lang='lat' dir='ltr'><strong>elevandis</strong></span> <span class='ocrx_word' id='word_1_89' title='bbox 1462 1292 1639 1346; x_wconf 90' lang='lat' dir='ltr'><strong>minus</strong></span> <span class='ocrx_word' id='word_1_90' title='bbox 1685 1292 1942 1347; x_wconf 85' lang='lat' dir='ltr'><strong>adversae</strong></span> 
     </span>
    </p>
   </div>
   <div class='ocr_carea' id='block_1_15' title="bbox 367 1379 1941 1450">
    <p class='ocr_par' dir='ltr' id='par_1_15' title="bbox 367 1379 1941 1450">
     <span class='ocr_line' id='line_1_15' title="bbox 367 1379 1941 1450; baseline 0.002 -17"><span class='ocrx_word' id='word_1_91' title='bbox 367 1382 616 1444; x_wconf 80' lang='lat' dir='ltr'><strong>fuissent,</strong></span> <span class='ocrx_word' id='word_1_92' title='bbox 666 1379 903 1434; x_wconf 86' lang='lat' dir='ltr'><strong>scholam</strong></span> <span class='ocrx_word' id='word_1_93' title='bbox 964 1379 1239 1434; x_wconf 78' lang='lat' dir='ltr'><strong>existimat</strong></span> <span class='ocrx_word' id='word_1_94' title='bbox 1289 1380 1419 1435; x_wconf 89' lang='lat' dir='ltr'><strong>oriri</strong></span> <span class='ocrx_word' id='word_1_95' title='bbox 1480 1381 1752 1450; x_wconf 89' lang='lat' dir='ltr'><strong>potuisse,</strong></span> <span class='ocrx_word' id='word_1_96' title='bbox 1803 1396 1941 1450; x_wconf 90' lang='lat' dir='ltr'><strong>quae</strong></span> 
     </span>
    </p>
   </div>
   <div class='ocr_carea' id='block_1_16' title="bbox 299 1468 1941 1541">
    <p class='ocr_par' dir='ltr' id='par_1_16' title="bbox 299 1468 1941 1541">
     <span class='ocr_line' id='line_1_16' title="bbox 299 1468 1941 1541; baseline 0.002 -19"><span class='ocrx_word' id='word_1_97' title='bbox 299 1535 301 1537; x_wconf 18' lang='grc' dir='ltr'><strong><em>ι</em></strong></span> <span class='ocrx_word' id='word_1_98' title='bbox 367 1470 550 1524; x_wconf 88' lang='lat' dir='ltr'><strong>vitatis</strong></span> <span class='ocrx_word' id='word_1_99' title='bbox 585 1468 845 1541; x_wconf 89' lang='lat' dir='ltr'><strong>Erigenae</strong></span> <span class='ocrx_word' id='word_1_100' title='bbox 869 1471 1144 1525; x_wconf 87' lang='lat' dir='ltr'><strong>erroribus</strong></span> <span class='ocrx_word' id='word_1_101' title='bbox 1187 1471 1253 1525; x_wconf 92' lang='lat' dir='ltr'><strong>ad</strong></span> <span class='ocrx_word' id='word_1_102' title='bbox 1283 1471 1586 1525; x_wconf 90' lang='lat' dir='ltr'><strong>intuitivam</strong></span> <span class='ocrx_word' id='word_1_103' title='bbox 1622 1472 1941 1528; x_wconf 88' lang='lat' dir='ltr'><strong>accessisset</strong></span> 
     </span>
    </p>
   </div>
   <div class='ocr_carea' id='block_1_17' title="bbox 373 1561 1516 1618">
    <p class='ocr_par' dir='ltr' id='par_1_17' title="bbox 373 1561 1516 1618">
     <span class='ocr_line' id='line_1_17' title="bbox 373 1561 1516 1618; baseline -0.002 -2"><span class='ocrx_word' id='word_1_104' title='bbox 373 1561 726 1616; x_wconf 87' lang='lat' dir='ltr'><strong>Orientalium</strong></span> <span class='ocrx_word' id='word_1_105' title='bbox 757 1561 1036 1616; x_wconf 86' lang='lat' dir='ltr'><strong>scientiam</strong></span> <span class='ocrx_word' id='word_1_106' title='bbox 1071 1570 1126 1615; x_wconf 91' lang='lat' dir='ltr'><strong>et</strong></span> <span class='ocrx_word' id='word_1_107' title='bbox 1153 1562 1433 1618; x_wconf 91' lang='lat' dir='ltr'><strong>rationem.</strong></span> <span class='ocrx_word' id='word_1_108' title='bbox 1511 1598 1516 1602; x_wconf 84' lang='lat'><strong>-</strong></span> 
     </span>
    </p>
   </div>
   <div class='ocr_carea' id='block_1_18' title="bbox 438 1653 1940 1723">
    <p class='ocr_par' dir='ltr' id='par_1_18' title="bbox 438 1653 1940 1723">
     <span class='ocr_line' id='line_1_18' title="bbox 438 1653 1940 1723; baseline -0.001 -15"><span class='ocrx_word' id='word_1_109' title='bbox 438 1655 574 1709; x_wconf 86' lang='lat' dir='ltr'><strong>Cum</strong></span> <span class='ocrx_word' id='word_1_110' title='bbox 597 1653 827 1709; x_wconf 85' lang='lat' dir='ltr'><strong>Gerbeto</strong></span> <span class='ocrx_word' id='word_1_111' title='bbox 849 1663 958 1708; x_wconf 91' lang='lat' dir='ltr'><strong>tres</strong></span> <span class='ocrx_word' id='word_1_112' title='bbox 980 1654 1560 1723; x_wconf 80' lang='lat' dir='ltr'><strong>praestantissimorum</strong></span> <span class='ocrx_word' id='word_1_113' title='bbox 1584 1655 1635 1708; x_wconf 93' lang='lat' dir='ltr'><strong>in</strong></span> <span class='ocrx_word' id='word_1_114' title='bbox 1651 1653 1940 1709; x_wconf 86' lang='lat' dir='ltr'><strong>Germania</strong></span> 
     </span>
    </p>
   </div>
   <div class='ocr_carea' id='block_1_19' title="bbox 2046 480 3612 551">
    <p class='ocr_par' dir='ltr' id='par_1_19' title="bbox 2046 480 3612 551">
     <span class='ocr_line' id='line_1_19' title="bbox 2046 480 3612 551; baseline 0.001 -16"><span class='ocrx_word' id='word_1_115' title='bbox 2046 480 2342 551; x_wconf 87' lang='lat' dir='ltr'><strong>Hegelium,</strong></span> <span class='ocrx_word' id='word_1_116' title='bbox 2375 481 2464 550; x_wconf 93' lang='lat' dir='ltr'><strong>qui</strong></span> <span class='ocrx_word' id='word_1_117' title='bbox 2491 482 2630 537; x_wconf 91' lang='lat' dir='ltr'><strong>idem</strong></span> <span class='ocrx_word' id='word_1_118' title='bbox 2655 481 2954 547; x_wconf 90' lang='lat' dir='ltr'><strong>dialectico,</strong></span> <span class='ocrx_word' id='word_1_119' title='bbox 2979 491 3039 536; x_wconf 93' lang='lat' dir='ltr'><strong>ut</strong></span> <span class='ocrx_word' id='word_1_120' title='bbox 3065 482 3166 536; x_wconf 89' lang='lat' dir='ltr'><strong>hoc</strong></span> <span class='ocrx_word' id='word_1_121' title='bbox 3187 490 3402 536; x_wconf 89' lang='lat' dir='ltr'><strong>utamur</strong></span> <span class='ocrx_word' id='word_1_122' title='bbox 3423 483 3612 546; x_wconf 89' lang='lat' dir='ltr'><strong>verbo,</strong></span> 
     </span>
    </p>
   </div>
   <div class='ocr_carea' id='block_1_20' title="bbox 2044 572 3614 643">
    <p class='ocr_par' dir='ltr' id='par_1_20' title="bbox 2044 572 3614 643">
     <span class='ocr_line' id='line_1_20' title="bbox 2044 572 3614 643; baseline 0.001 -17"><span class='ocrx_word' id='word_1_123' title='bbox 2044 573 2310 628; x_wconf 88' lang='lat' dir='ltr'><strong>monismo</strong></span> <span class='ocrx_word' id='word_1_124' title='bbox 2356 589 2454 628; x_wconf 92' lang='lat' dir='ltr'><strong>suo</strong></span> <span class='ocrx_word' id='word_1_125' title='bbox 2496 582 2604 628; x_wconf 89' lang='lat' dir='ltr'><strong>tam</strong></span> <span class='ocrx_word' id='word_1_126' title='bbox 2653 572 2945 628; x_wconf 91' lang='lat' dir='ltr'><strong>multifarie</strong></span> <span class='ocrx_word' id='word_1_127' title='bbox 2989 574 3304 628; x_wconf 86' lang='lat' dir='ltr'><strong>memoriam</strong></span> <span class='ocrx_word' id='word_1_128' title='bbox 3350 573 3614 643; x_wconf 87' lang='lat' dir='ltr'><strong>Erigenae</strong></span> 
     </span>
    </p>
   </div>
   <div class='ocr_carea' id='block_1_21' title="bbox 2043 661 3618 732">
    <p class='ocr_par' dir='ltr' id='par_1_21' title="bbox 2043 661 3618 732">
     <span class='ocr_line' id='line_1_21' title="bbox 2043 661 3618 732; baseline 0.001 -17"><span class='ocrx_word' id='word_1_129' title='bbox 2043 661 2214 726; x_wconf 78' lang='lat' dir='ltr'><strong>affert,</strong></span> <span class='ocrx_word' id='word_1_130' title='bbox 2244 670 2447 717; x_wconf 90' lang='lat' dir='ltr'><strong>tantum</strong></span> <span class='ocrx_word' id='word_1_131' title='bbox 2491 678 2558 717; x_wconf 87' lang='lat' dir='ltr'><strong>ex</strong></span> <span class='ocrx_word' id='word_1_132' title='bbox 2605 663 2790 716; x_wconf 89' lang='lat' dir='ltr'><strong>auditu</strong></span> <span class='ocrx_word' id='word_1_133' title='bbox 2829 662 2912 717; x_wconf 86' lang='lat' dir='ltr'><strong>vel</strong></span> <span class='ocrx_word' id='word_1_134' title='bbox 2963 663 3208 732; x_wconf 87' lang='lat' dir='ltr'><strong>abruptis</strong></span> <span class='ocrx_word' id='word_1_135' title='bbox 3253 679 3320 718; x_wconf 79' lang='lat' dir='ltr'><strong>ex</strong></span> <span class='ocrx_word' id='word_1_136' title='bbox 3369 663 3618 732; x_wconf 87' lang='lat' dir='ltr'><strong>partibus</strong></span> 
     </span>
    </p>
   </div>
   <div class='ocr_carea' id='block_1_22' title="bbox 2044 751 3614 822">
    <p class='ocr_par' dir='ltr' id='par_1_22' title="bbox 2044 751 3614 822">
     <span class='ocr_line' id='line_1_22' title="bbox 2044 751 3614 822; baseline -0.001 -16"><span class='ocrx_word' id='word_1_137' title='bbox 2044 751 2305 822; x_wconf 88' lang='lat' dir='ltr'><strong>Erigenae</strong></span> <span class='ocrx_word' id='word_1_138' title='bbox 2345 767 2507 821; x_wconf 84' lang='lat' dir='ltr'><strong>Opera</strong></span> <span class='ocrx_word' id='word_1_139' title='bbox 2561 761 2832 822; x_wconf 89' lang='lat' dir='ltr'><strong>comperta</strong></span> <span class='ocrx_word' id='word_1_140' title='bbox 2873 752 3072 807; x_wconf 88' lang='lat' dir='ltr'><strong>habere</strong></span> <span class='ocrx_word' id='word_1_141' title='bbox 3110 751 3442 806; x_wconf 82' lang='lat' dir='ltr'><strong>videbamus.</strong></span> <span class='ocrx_word' id='word_1_142' title='bbox 3493 751 3614 805; x_wconf 83' lang='lat' dir='ltr'><strong>Alia</strong></span> 
     </span>
    </p>
   </div>
   <div class='ocr_carea' id='block_1_23' title="bbox 2021 841 3618 916">
    <p class='ocr_par' dir='ltr' id='par_1_23' title="bbox 2021 841 3618 916">
     <span class='ocr_line' id='line_1_23' title="bbox 2021 841 3618 916; baseline -0.003 -18"><span class='ocrx_word' id='word_1_143' title='bbox 2021 844 2186 903; x_wconf 87' lang='lat' dir='ltr'><strong>enim</strong></span> <span class='ocrx_word' id='word_1_144' title='bbox 2213 843 2420 898; x_wconf 88' lang='lat' dir='ltr'><strong>ratione</strong></span> <span class='ocrx_word' id='word_1_145' title='bbox 2449 841 2564 898; x_wconf 88' lang='lat' dir='ltr'><strong>fieri</strong></span> <span class='ocrx_word' id='word_1_146' title='bbox 2614 857 2720 896; x_wconf 92' lang='lat' dir='ltr'><strong>non</strong></span> <span class='ocrx_word' id='word_1_147' title='bbox 2747 842 2940 912; x_wconf 89' lang='lat' dir='ltr'><strong>potuit,</strong></span> <span class='ocrx_word' id='word_1_148' title='bbox 2968 850 3029 896; x_wconf 90' lang='lat' dir='ltr'><strong>ut</strong></span> <span class='ocrx_word' id='word_1_149' title='bbox 3059 851 3165 916; x_wconf 85' lang='lat' dir='ltr'><strong>tam</strong></span> <span class='ocrx_word' id='word_1_150' title='bbox 3209 841 3384 896; x_wconf 88' lang='lat' dir='ltr'><strong>obiter</strong></span> <span class='ocrx_word' id='word_1_151' title='bbox 3408 849 3462 894; x_wconf 85' lang='lat' dir='ltr'><strong>et</strong></span> <span class='ocrx_word' id='word_1_152' title='bbox 3509 849 3618 894; x_wconf 87' lang='lat' dir='ltr'><strong>tam</strong></span> 
     </span>
    </p>
   </div>
   <div class='ocr_carea' id='block_1_24' title="bbox 2041 929 3621 1001">
    <p class='ocr_par' dir='ltr' id='par_1_24' title="bbox 2041 929 3621 1001">
     <span class='ocr_line' id='line_1_24' title="bbox 2041 929 3621 1001; baseline -0.003 -15"><span class='ocrx_word' id='word_1_153' title='bbox 2041 931 2302 1001; x_wconf 90' lang='lat' dir='ltr'><strong>profunda</strong></span> <span class='ocrx_word' id='word_1_154' title='bbox 2318 932 2534 987; x_wconf 87' lang='lat' dir='ltr'><strong>levitate</strong></span> <span class='ocrx_word' id='word_1_155' title='bbox 2550 931 2697 985; x_wconf 91' lang='lat' dir='ltr'><strong>illum</strong></span> <span class='ocrx_word' id='word_1_156' title='bbox 2717 931 3043 994; x_wconf 89' lang='lat' dir='ltr'><strong>tractaverit,</strong></span> <span class='ocrx_word' id='word_1_157' title='bbox 3068 945 3173 999; x_wconf 90' lang='lat' dir='ltr'><strong>qua</strong></span> <span class='ocrx_word' id='word_1_158' title='bbox 3203 930 3256 984; x_wconf 91' lang='lat' dir='ltr'><strong>id</strong></span> <span class='ocrx_word' id='word_1_159' title='bbox 3277 929 3476 984; x_wconf 88' lang='lat' dir='ltr'><strong>factum</strong></span> <span class='ocrx_word' id='word_1_160' title='bbox 3499 942 3621 984; x_wconf 88' lang='lat' dir='ltr'><strong>esse</strong></span> 
     </span>
    </p>
   </div>
   <div class='ocr_carea' id='block_1_25' title="bbox 2043 1018 3616 1091">
    <p class='ocr_par' dir='ltr' id='par_1_25' title="bbox 2043 1018 3616 1091">
     <span class='ocr_line' id='line_1_25' title="bbox 2043 1018 3616 1091; baseline -0.003 -17"><span class='ocrx_word' id='word_1_161' title='bbox 2043 1035 2231 1076; x_wconf 87' lang='lat' dir='ltr'><strong>revera</strong></span> <span class='ocrx_word' id='word_1_162' title='bbox 2253 1021 2553 1091; x_wconf 88' lang='lat' dir='ltr'><strong>reperimus</strong></span> <span class='ocrx_word' id='word_1_163' title='bbox 2593 1019 2647 1074; x_wconf 90' lang='lat' dir='ltr'><strong>in</strong></span> <span class='ocrx_word' id='word_1_164' title='bbox 2695 1020 2812 1090; x_wconf 83' lang='lat' dir='ltr'><strong>ejus</strong></span> <span class='ocrx_word' id='word_1_165' title='bbox 2861 1019 3086 1074; x_wconf 88' lang='lat' dir='ltr'><strong>historia</strong></span> <span class='ocrx_word' id='word_1_166' title='bbox 3131 1018 3495 1088; x_wconf 87' lang='lat' dir='ltr'><strong>philosophiae</strong></span> <span class='ocrx_word' id='word_1_167' title='bbox 3524 1018 3616 1088; x_wconf 86' lang='lat' dir='ltr'><strong>(e).</strong></span> 
     </span>
    </p>
   </div>
   <div class='ocr_carea' id='block_1_26' title="bbox 2041 1106 3620 1178">
    <p class='ocr_par' dir='ltr' id='par_1_26' title="bbox 2041 1106 3620 1178">
     <span class='ocr_line' id='line_1_26' title="bbox 2041 1106 3620 1178; baseline -0.004 -14"><span class='ocrx_word' id='word_1_168' title='bbox 2041 1111 2288 1164; x_wconf 86' lang='lat' dir='ltr'><strong>Attamen</strong></span> <span class='ocrx_word' id='word_1_169' title='bbox 2339 1123 2462 1164; x_wconf 92' lang='lat' dir='ltr'><strong>cum</strong></span> <span class='ocrx_word' id='word_1_170' title='bbox 2524 1108 2752 1178; x_wconf 89' lang='lat' dir='ltr'><strong>Erigena</strong></span> <span class='ocrx_word' id='word_1_171' title='bbox 2809 1122 2992 1161; x_wconf 86' lang='lat' dir='ltr'><strong>veram</strong></span> <span class='ocrx_word' id='word_1_172' title='bbox 3060 1106 3456 1178; x_wconf 89' lang='lat' dir='ltr'><strong>philosophiam</strong></span> <span class='ocrx_word' id='word_1_173' title='bbox 3516 1106 3620 1159; x_wconf 87' lang='lat' dir='ltr'><strong>ini-</strong></span> 
     </span>
    </p>
   </div>
   <div class='ocr_carea' id='block_1_27' title="bbox 2041 1197 3623 1272">
    <p class='ocr_par' dir='ltr' id='par_1_27' title="bbox 2041 1197 3623 1272">
     <span class='ocr_line' id='line_1_27' title="bbox 2041 1197 3623 1272; baseline -0.006 -16"><span class='ocrx_word' id='word_1_174' title='bbox 2041 1202 2175 1256; x_wconf 93' lang='lat' dir='ltr'><strong>tium</strong></span> <span class='ocrx_word' id='word_1_175' title='bbox 2202 1202 2407 1272; x_wconf 89' lang='lat' dir='ltr'><strong>cepisse</strong></span> <span class='ocrx_word' id='word_1_176' title='bbox 2435 1200 2706 1272; x_wconf 81' lang='lat' dir='ltr'><strong>agnoscit;</strong></span> <span class='ocrx_word' id='word_1_177' title='bbox 2752 1205 3076 1255; x_wconf 81' lang='lat' dir='ltr'><strong>sectatorem</strong></span> <span class='ocrx_word' id='word_1_178' title='bbox 3113 1197 3623 1269; x_wconf 79' lang='lat' dir='ltr'><strong>Neoplatonicorum</strong></span> 
     </span>
    </p>
   </div>
   <div class='ocr_carea' id='block_1_28' title="bbox 2041 1285 3622 1362">
    <p class='ocr_par' dir='ltr' id='par_1_28' title="bbox 2041 1285 3622 1362">
     <span class='ocr_line' id='line_1_28' title="bbox 2041 1285 3622 1362; baseline -0.004 -16"><span class='ocrx_word' id='word_1_179' title='bbox 2041 1301 2095 1346; x_wconf 90' lang='lat' dir='ltr'><strong>et</strong></span> <span class='ocrx_word' id='word_1_180' title='bbox 2146 1291 2384 1362; x_wconf 83' lang='lat' dir='ltr'><strong>Dionysii</strong></span> <span class='ocrx_word' id='word_1_181' title='bbox 2433 1290 2786 1360; x_wconf 80' lang='lat' dir='ltr'><strong>Areopagitae</strong></span> <span class='ocrx_word' id='word_1_182' title='bbox 2837 1290 3007 1359; x_wconf 91' lang='lat' dir='ltr'><strong>ipsum</strong></span> <span class='ocrx_word' id='word_1_183' title='bbox 3067 1287 3315 1356; x_wconf 86' lang='lat' dir='ltr'><strong>appellat.</strong></span> <span class='ocrx_word' id='word_1_184' title='bbox 3377 1285 3622 1340; x_wconf 82' lang='lat' dir='ltr'><strong>Philoso-</strong></span> 
     </span>
    </p>
   </div>
   <div class='ocr_carea' id='block_1_29' title="bbox 2041 1375 3625 1453">
    <p class='ocr_par' dir='ltr' id='par_1_29' title="bbox 2041 1375 3625 1453">
     <span class='ocr_line' id='line_1_29' title="bbox 2041 1375 3625 1453; baseline -0.006 -16"><span class='ocrx_word' id='word_1_185' title='bbox 2041 1383 2225 1453; x_wconf 88' lang='lat' dir='ltr'><strong>phiam</strong></span> <span class='ocrx_word' id='word_1_186' title='bbox 2279 1381 2395 1450; x_wconf 88' lang='lat' dir='ltr'><strong>ejus</strong></span> <span class='ocrx_word' id='word_1_187' title='bbox 2442 1381 2763 1450; x_wconf 83' lang='lat' dir='ltr'><strong>profundam</strong></span> <span class='ocrx_word' id='word_1_188' title='bbox 2815 1387 3124 1448; x_wconf 87' lang='lat' dir='ltr'><strong>rectamque</strong></span> <span class='ocrx_word' id='word_1_189' title='bbox 3165 1392 3283 1432; x_wconf 90' lang='lat' dir='ltr'><strong>esse</strong></span> <span class='ocrx_word' id='word_1_190' title='bbox 3329 1375 3476 1438; x_wconf 88' lang='lat' dir='ltr'><strong>dicit,</strong></span> <span class='ocrx_word' id='word_1_191' title='bbox 3528 1375 3625 1429; x_wconf 89' lang='lat' dir='ltr'><strong>sed</strong></span> 
     </span>
    </p>
   </div>
   <div class='ocr_carea' id='block_1_30' title="bbox 2043 1466 3620 1546">
    <p class='ocr_par' dir='ltr' id='par_1_30' title="bbox 2043 1466 3620 1546">
     <span class='ocr_line' id='line_1_30' title="bbox 2043 1466 3620 1546; baseline -0.006 -17"><span class='ocrx_word' id='word_1_192' title='bbox 2043 1476 2208 1546; x_wconf 90' lang='lat' dir='ltr'><strong>(quod</strong></span> <span class='ocrx_word' id='word_1_193' title='bbox 2252 1474 2528 1545; x_wconf 78' lang='lat' dir='ltr'><strong>llegelium</strong></span> <span class='ocrx_word' id='word_1_194' title='bbox 2572 1471 2911 1528; x_wconf 66' lang='lat' dir='ltr'><strong>contendisse</strong></span> <span class='ocrx_word' id='word_1_195' title='bbox 2941 1471 3119 1525; x_wconf 87' lang='lat' dir='ltr'><strong>animo</strong></span> <span class='ocrx_word' id='word_1_196' title='bbox 3151 1469 3237 1522; x_wconf 79' lang='lat' dir='ltr'><strong>vix</strong></span> <span class='ocrx_word' id='word_1_197' title='bbox 3264 1466 3472 1536; x_wconf 91' lang='lat' dir='ltr'><strong>concipi</strong></span> <span class='ocrx_word' id='word_1_198' title='bbox 3523 1481 3620 1535; x_wconf 89' lang='lat' dir='ltr'><strong>po-</strong></span> 
     </span>
    </p>
   </div>
   <div class='ocr_carea' id='block_1_31' title="bbox 2043 1558 3620 1637">
    <p class='ocr_par' dir='ltr' id='par_1_31' title="bbox 2043 1558 3620 1637">
     <span class='ocr_line' id='line_1_31' title="bbox 2043 1558 3620 1637; baseline -0.006 -15"><span class='ocrx_word' id='word_1_199' title='bbox 2043 1569 2168 1636; x_wconf 90' lang='lat' dir='ltr'><strong>test)</strong></span> <span class='ocrx_word' id='word_1_200' title='bbox 2193 1566 2406 1637; x_wconf 84' lang='lat' dir='ltr'><strong>exegesi</strong></span> <span class='ocrx_word' id='word_1_201' title='bbox 2440 1574 2495 1620; x_wconf 93' lang='lat' dir='ltr'><strong>et</strong></span> <span class='ocrx_word' id='word_1_202' title='bbox 2519 1565 2740 1618; x_wconf 88' lang='lat' dir='ltr'><strong>Patrum</strong></span> <span class='ocrx_word' id='word_1_203' title='bbox 2761 1562 3080 1617; x_wconf 90' lang='lat' dir='ltr'><strong>auctoritate</strong></span> <span class='ocrx_word' id='word_1_204' title='bbox 3104 1559 3246 1614; x_wconf 89' lang='lat' dir='ltr'><strong>haud</strong></span> <span class='ocrx_word' id='word_1_205' title='bbox 3273 1559 3474 1624; x_wconf 82' lang='lat' dir='ltr'><strong>nixam,</strong></span> <span class='ocrx_word' id='word_1_206' title='bbox 3509 1558 3620 1612; x_wconf 91' lang='lat' dir='ltr'><strong>imo</strong></span> 
     </span>
    </p>
   </div>
   <div class='ocr_carea' id='block_1_32' title="bbox 2046 1651 3036 1727">
    <p class='ocr_par' dir='ltr' id='par_1_32' title="bbox 2046 1651 3036 1727">
     <span class='ocr_line' id='line_1_32' title="bbox 2046 1651 3036 1727; baseline -0.005 -17"><span class='ocrx_word' id='word_1_207' title='bbox 2046 1669 2216 1726; x_wconf 89' lang='lat' dir='ltr'><strong>prope</strong></span> <span class='ocrx_word' id='word_1_208' title='bbox 2239 1655 2655 1727; x_wconf 83' lang='lat' dir='ltr'><strong>syncretismum</strong></span> <span class='ocrx_word' id='word_1_209' title='bbox 2686 1651 3036 1706; x_wconf 80' lang='lat' dir='ltr'><strong>referentem!</strong></span> 
     </span>
    </p>
   </div>
   <div class='ocr_carea' id='block_1_33' title="bbox 370 1733 3623 1816">
    <p class='ocr_par' dir='ltr' id='par_1_33' title="bbox 370 1733 3623 1816">
     <span class='ocr_line' id='line_1_33' title="bbox 370 1733 3623 1816; baseline -0.003 -16"><span class='ocrx_word' id='word_1_210' title='bbox 370 1746 813 1816; x_wconf 90' lang='lat' dir='ltr'><strong>philosophorum</strong></span> <span class='ocrx_word' id='word_1_211' title='bbox 852 1744 1187 1799; x_wconf 89' lang='lat' dir='ltr'><strong>Fridericnm</strong></span> <span class='ocrx_word' id='word_1_212' title='bbox 1228 1760 1256 1798; x_wconf 90' lang='lat' dir='ltr'><strong>a</strong></span> <span class='ocrx_word' id='word_1_213' title='bbox 1287 1744 1548 1815; x_wconf 83' lang='lat' dir='ltr'><strong>Schlegel,</strong></span> <span class='ocrx_word' id='word_1_214' title='bbox 1594 1743 1946 1799; x_wconf 87' lang='lat' dir='ltr'><strong>Franciscum</strong></span> <span class='ocrx_word' id='word_1_215' title='bbox 1977 1733 2022 1791; x_wconf 82' lang='grc' dir='ltr'><strong>Β</strong></span> <span class='ocrx_word' id='word_1_216' title='bbox 2118 1746 2262 1801; x_wconf 91' lang='lat' dir='ltr'><strong>Inter</strong></span> <span class='ocrx_word' id='word_1_217' title='bbox 2285 1760 2380 1800; x_wconf 90' lang='lat' dir='ltr'><strong>eos</strong></span> <span class='ocrx_word' id='word_1_218' title='bbox 2405 1760 2537 1800; x_wconf 87' lang='lat' dir='ltr'><strong>vero</strong></span> <span class='ocrx_word' id='word_1_219' title='bbox 2571 1743 2950 1806; x_wconf 89' lang='lat' dir='ltr'><strong>recentiorum,</strong></span> <span class='ocrx_word' id='word_1_220' title='bbox 3000 1739 3092 1811; x_wconf 87' lang='lat' dir='ltr'><strong>qui</strong></span> <span class='ocrx_word' id='word_1_221' title='bbox 3143 1755 3248 1794; x_wconf 88' lang='lat' dir='ltr'><strong>non</strong></span> <span class='ocrx_word' id='word_1_222' title='bbox 3291 1737 3461 1794; x_wconf 88' lang='lat' dir='ltr'><strong>solum</strong></span> <span class='ocrx_word' id='word_1_223' title='bbox 3500 1753 3623 1792; x_wconf 90' lang='lat' dir='ltr'><strong>cum</strong></span> 
     </span>
    </p>
   </div>
   <div class='ocr_carea' id='block_1_34' title="bbox 373 1833 1945 1905">
    <p class='ocr_par' dir='ltr' id='par_1_34' title="bbox 373 1833 1945 1905">
     <span class='ocr_line' id='line_1_34' title="bbox 373 1833 1945 1905; baseline -0.002 -16"><span class='ocrx_word' id='word_1_224' title='bbox 373 1854 402 1889; x_wconf 89' lang='lat' dir='ltr'><strong>a</strong></span> <span class='ocrx_word' id='word_1_225' title='bbox 433 1836 660 1901; x_wconf 84' lang='lat' dir='ltr'><strong>Baader,</strong></span> <span class='ocrx_word' id='word_1_226' title='bbox 684 1843 738 1890; x_wconf 92' lang='lat' dir='ltr'><strong>et</strong></span> <span class='ocrx_word' id='word_1_227' title='bbox 765 1835 1054 1890; x_wconf 88' lang='lat' dir='ltr'><strong>Antonium</strong></span> <span class='ocrx_word' id='word_1_228' title='bbox 1082 1835 1327 1890; x_wconf 79' lang='lat' dir='ltr'><strong>Gunther</strong></span> <span class='ocrx_word' id='word_1_229' title='bbox 1350 1836 1595 1890; x_wconf 89' lang='lat' dir='ltr'><strong>conferre</strong></span> <span class='ocrx_word' id='word_1_230' title='bbox 1617 1842 1798 1905; x_wconf 91' lang='lat' dir='ltr'><strong>aptum</strong></span> <span class='ocrx_word' id='word_1_231' title='bbox 1820 1833 1945 1888; x_wconf 87' lang='lat' dir='ltr'><strong>erit.</strong></span> 
     </span>
    </p>
   </div>
   <div class='ocr_carea' id='block_1_35' title="bbox 375 1921 1950 1996">
    <p class='ocr_par' dir='ltr' id='par_1_35' title="bbox 375 1921 1950 1996">
     <span class='ocr_line' id='line_1_35' title="bbox 375 1921 1950 1996; baseline -0.002 -16"><span class='ocrx_word' id='word_1_232' title='bbox 375 1928 613 1994; x_wconf 82' lang='lat' dir='ltr'><strong>Quorum</strong></span> <span class='ocrx_word' id='word_1_233' title='bbox 636 1926 843 1996; x_wconf 92' lang='lat' dir='ltr'><strong>primus</strong></span> <span class='ocrx_word' id='word_1_234' title='bbox 873 1940 978 1980; x_wconf 94' lang='lat' dir='ltr'><strong>non</strong></span> <span class='ocrx_word' id='word_1_235' title='bbox 1009 1925 1236 1989; x_wconf 85' lang='lat' dir='ltr'><strong>dubitat,</strong></span> <span class='ocrx_word' id='word_1_236' title='bbox 1269 1924 1395 1993; x_wconf 90' lang='lat' dir='ltr'><strong>quin</strong></span> <span class='ocrx_word' id='word_1_237' title='bbox 1435 1924 1594 1979; x_wconf 90' lang='lat' dir='ltr'><strong>medii</strong></span> <span class='ocrx_word' id='word_1_238' title='bbox 1635 1923 1751 1978; x_wconf 85' lang='lat' dir='ltr'><strong>aevi</strong></span> <span class='ocrx_word' id='word_1_239' title='bbox 1778 1921 1950 1992; x_wconf 90' lang='lat' dir='ltr'><strong>philo-</strong></span> 
     </span>
    </p>
   </div>
   <div class='ocr_carea' id='block_1_36' title="bbox 375 2009 1948 2086">
    <p class='ocr_par' dir='ltr' id='par_1_36' title="bbox 375 2009 1948 2086">
     <span class='ocr_line' id='line_1_36' title="bbox 375 2009 1948 2086; baseline -0.004 -15"><span class='ocrx_word' id='word_1_240' title='bbox 375 2017 562 2086; x_wconf 86' lang='lat' dir='ltr'><strong>sophia</strong></span> <span class='ocrx_word' id='word_1_241' title='bbox 588 2030 895 2070; x_wconf 87' lang='lat' dir='ltr'><strong>successum</strong></span> <span class='ocrx_word' id='word_1_242' title='bbox 923 2014 1196 2068; x_wconf 90' lang='lat' dir='ltr'><strong>habuisset</strong></span> <span class='ocrx_word' id='word_1_243' title='bbox 1224 2013 1522 2073; x_wconf 86' lang='lat' dir='ltr'><strong>laetiorem.</strong></span> <span class='ocrx_word' id='word_1_244' title='bbox 1564 2013 1608 2067; x_wconf 91' lang='lat' dir='ltr'><strong>si</strong></span> <span class='ocrx_word' id='word_1_245' title='bbox 1652 2020 1864 2082; x_wconf 91' lang='lat' dir='ltr'><strong>praeter</strong></span> <span class='ocrx_word' id='word_1_246' title='bbox 1889 2009 1948 2066; x_wconf 91' lang='lat' dir='ltr'><strong>S.</strong></span> 
     </span>
    </p>
   </div>
   <div class='ocr_carea' id='block_1_37' title="bbox 375 2099 1953 2172">
    <p class='ocr_par' dir='ltr' id='par_1_37' title="bbox 375 2099 1953 2172">
     <span class='ocr_line' id='line_1_37' title="bbox 375 2099 1953 2172; baseline -0.003 -13"><span class='ocrx_word' id='word_1_247' title='bbox 375 2103 769 2168; x_wconf 87' lang='lat' dir='ltr'><strong>Bernhardum,</strong></span> <span class='ocrx_word' id='word_1_248' title='bbox 790 2103 1120 2168; x_wconf 88' lang='lat' dir='ltr'><strong>Anselmum,</strong></span> <span class='ocrx_word' id='word_1_249' title='bbox 1145 2102 1401 2171; x_wconf 90' lang='lat' dir='ltr'><strong>aliosque,</strong></span> <span class='ocrx_word' id='word_1_250' title='bbox 1433 2101 1715 2172; x_wconf 89' lang='lat' dir='ltr'><strong>Erigenam</strong></span> <span class='ocrx_word' id='word_1_251' title='bbox 1739 2099 1953 2170; x_wconf 85' lang='lat' dir='ltr'><strong>potissi-</strong></span> 
     </span>
    </p>
   </div>
   <div class='ocr_carea' id='block_1_38' title="bbox 376 2185 1951 2266">
    <p class='ocr_par' dir='ltr' id='par_1_38' title="bbox 376 2185 1951 2266">
     <span class='ocr_line' id='line_1_38' title="bbox 376 2185 1951 2266; baseline -0.003 -14"><span class='ocrx_word' id='word_1_252' title='bbox 376 2214 544 2264; x_wconf 90' lang='lat' dir='ltr'><strong>mum,</strong></span> <span class='ocrx_word' id='word_1_253' title='bbox 571 2211 729 2266; x_wconf 92' lang='lat' dir='ltr'><strong>quem</strong></span> <span class='ocrx_word' id='word_1_254' title='bbox 758 2185 1129 2266; x_wconf 77' lang='lat' dir='ltr'><strong>philOsophum</strong></span> <span class='ocrx_word' id='word_1_255' title='bbox 1159 2195 1520 2251; x_wconf 87' lang='lat' dir='ltr'><strong>Christianum</strong></span> <span class='ocrx_word' id='word_1_256' title='bbox 1549 2208 1717 2262; x_wconf 89' lang='lat' dir='ltr'><strong>aeque</strong></span> <span class='ocrx_word' id='word_1_257' title='bbox 1743 2193 1951 2264; x_wconf 84' lang='lat' dir='ltr'><strong>perspi-</strong></span> 
     </span>
    </p>
   </div>
   <div class='ocr_carea' id='block_1_39' title="bbox 375 2284 1952 2359">
    <p class='ocr_par' dir='ltr' id='par_1_39' title="bbox 375 2284 1952 2359">
     <span class='ocr_line' id='line_1_39' title="bbox 375 2284 1952 2359; baseline -0.007 -12"><span class='ocrx_word' id='word_1_258' title='bbox 375 2306 535 2348; x_wconf 91' lang='lat' dir='ltr'><strong>cuum</strong></span> <span class='ocrx_word' id='word_1_259' title='bbox 588 2300 642 2344; x_wconf 90' lang='lat' dir='ltr'><strong>et</strong></span> <span class='ocrx_word' id='word_1_260' title='bbox 699 2289 997 2359; x_wconf 89' lang='lat' dir='ltr'><strong>simplicem</strong></span> <span class='ocrx_word' id='word_1_261' title='bbox 1053 2296 1214 2357; x_wconf 91' lang='lat' dir='ltr'><strong>atque</strong></span> <span class='ocrx_word' id='word_1_262' title='bbox 1267 2289 1335 2342; x_wconf 89' lang='lat' dir='ltr'><strong>ab</strong></span> <span class='ocrx_word' id='word_1_263' title='bbox 1380 2285 1527 2342; x_wconf 91' lang='lat' dir='ltr'><strong>omni</strong></span> <span class='ocrx_word' id='word_1_264' title='bbox 1577 2284 1714 2340; x_wconf 85' lang='lat' dir='ltr'><strong>falso</strong></span> <span class='ocrx_word' id='word_1_265' title='bbox 1771 2298 1952 2338; x_wconf 91' lang='lat' dir='ltr'><strong>rerum</strong></span> 
     </span>
    </p>
   </div>
   <div class='ocr_carea' id='block_1_40' title="bbox 376 2373 1954 2443">
    <p class='ocr_par' dir='ltr' id='par_1_40' title="bbox 376 2373 1954 2443">
     <span class='ocr_line' id='line_1_40' title="bbox 376 2373 1954 2443; baseline -0.005 -7"><span class='ocrx_word' id='word_1_266' title='bbox 376 2380 738 2436; x_wconf 89' lang='lat' dir='ltr'><strong>rimandarum</strong></span> <span class='ocrx_word' id='word_1_267' title='bbox 776 2379 954 2434; x_wconf 89' lang='lat' dir='ltr'><strong>studio</strong></span> <span class='ocrx_word' id='word_1_268' title='bbox 1000 2377 1266 2441; x_wconf 90' lang='lat' dir='ltr'><strong>alienum,</strong></span> <span class='ocrx_word' id='word_1_269' title='bbox 1318 2383 1375 2431; x_wconf 91' lang='lat' dir='ltr'><strong>et</strong></span> <span class='ocrx_word' id='word_1_270' title='bbox 1407 2374 1628 2429; x_wconf 91' lang='lat' dir='ltr'><strong>meliore</strong></span> <span class='ocrx_word' id='word_1_271' title='bbox 1647 2388 1744 2428; x_wconf 92' lang='lat' dir='ltr'><strong>suo</strong></span> <span class='ocrx_word' id='word_1_272' title='bbox 1788 2373 1954 2443; x_wconf 91' lang='lat' dir='ltr'><strong>ipsius</strong></span> 
     </span>
    </p>
   </div>
   <div class='ocr_carea' id='block_1_41' title="bbox 372 2463 1952 2543">
    <p class='ocr_par' dir='ltr' id='par_1_41' title="bbox 372 2463 1952 2543">
     <span class='ocr_line' id='line_1_41' title="bbox 372 2463 1952 2543; baseline -0.004 -20"><span class='ocrx_word' id='word_1_273' title='bbox 372 2471 573 2543; x_wconf 87' lang='lat' dir='ltr'><strong>judicio</strong></span> <span class='ocrx_word' id='word_1_274' title='bbox 595 2477 851 2534; x_wconf 86' lang='lat' dir='ltr'><strong>utentem,</strong></span> <span class='ocrx_word' id='word_1_275' title='bbox 882 2467 1132 2539; x_wconf 84' lang='lat' dir='ltr'><strong>appellat,</strong></span> <span class='ocrx_word' id='word_1_276' title='bbox 1172 2475 1396 2536; x_wconf 89' lang='lat' dir='ltr'><strong>sequuta</strong></span> <span class='ocrx_word' id='word_1_277' title='bbox 1437 2464 1625 2519; x_wconf 80' lang='lat' dir='ltr'><strong>fuisset</strong></span> <span class='ocrx_word' id='word_1_278' title='bbox 1654 2464 1751 2535; x_wconf 81' lang='lat' dir='ltr'><strong>(a).</strong></span> <span class='ocrx_word' id='word_1_279' title='bbox 1780 2463 1952 2528; x_wconf 87' lang='lat' dir='ltr'><strong>Alter,</strong></span> 
     </span>
    </p>
   </div>
   <div class='ocr_carea' id='block_1_42' title="bbox 378 2551 1955 2624">
    <p class='ocr_par' dir='ltr' id='par_1_42' title="bbox 378 2551 1955 2624">
     <span class='ocr_line' id='line_1_42' title="bbox 378 2551 1955 2624; baseline -0.008 -8"><span class='ocrx_word' id='word_1_280' title='bbox 378 2562 470 2616; x_wconf 87' lang='lat' dir='ltr'><strong>Fr.</strong></span> <span class='ocrx_word' id='word_1_281' title='bbox 502 2577 531 2616; x_wconf 90' lang='lat' dir='ltr'><strong>a</strong></span> <span class='ocrx_word' id='word_1_282' title='bbox 551 2558 782 2624; x_wconf 88' lang='lat' dir='ltr'><strong>Baader,</strong></span> <span class='ocrx_word' id='word_1_283' title='bbox 809 2557 893 2612; x_wconf 90' lang='lat' dir='ltr'><strong>vir</strong></span> <span class='ocrx_word' id='word_1_284' title='bbox 919 2557 1272 2619; x_wconf 84' lang='lat' dir='ltr'><strong>clarissimus,</strong></span> <span class='ocrx_word' id='word_1_285' title='bbox 1297 2554 1408 2623; x_wconf 89' lang='lat' dir='ltr'><strong>jam</strong></span> <span class='ocrx_word' id='word_1_286' title='bbox 1449 2567 1590 2616; x_wconf 81' lang='lat' dir='ltr'><strong>anno</strong></span> <span class='ocrx_word' id='word_1_287' title='bbox 1639 2551 1800 2615; x_wconf 69' lang='grc'><strong>1824,</strong></span> <span class='ocrx_word' id='word_1_288' title='bbox 1825 2559 1879 2607; x_wconf 92' lang='lat' dir='ltr'><strong>et</strong></span> <span class='ocrx_word' id='word_1_289' title='bbox 1901 2552 1955 2604; x_wconf 92' lang='lat' dir='ltr'><strong>in</strong></span> 
     </span>
    </p>
   </div>
   <div class='ocr_carea' id='block_1_43' title="bbox 378 2640 1958 2721">
    <p class='ocr_par' dir='ltr' id='par_1_43' title="bbox 378 2640 1958 2721">
     <span class='ocr_line' id='line_1_43' title="bbox 378 2640 1958 2721; baseline -0.006 -16"><span class='ocrx_word' id='word_1_290' title='bbox 378 2653 536 2716; x_wconf 90' lang='lat' dir='ltr'><strong>libro,</strong></span> <span class='ocrx_word' id='word_1_291' title='bbox 561 2663 721 2721; x_wconf 91' lang='lat' dir='ltr'><strong>quem</strong></span> <span class='ocrx_word' id='word_1_292' title='bbox 745 2646 1031 2702; x_wconf 87' lang='lat' dir='ltr'><strong>Fermenta</strong></span> <span class='ocrx_word' id='word_1_293' title='bbox 1060 2645 1380 2717; x_wconf 78' lang='lat' dir='ltr'><strong>cognitionis</strong></span> <span class='ocrx_word' id='word_1_294' title='bbox 1425 2643 1728 2711; x_wconf 88' lang='lat' dir='ltr'><strong>inscripsit,</strong></span> <span class='ocrx_word' id='word_1_295' title='bbox 1760 2648 1814 2695; x_wconf 92' lang='lat' dir='ltr'><strong>et</strong></span> <span class='ocrx_word' id='word_1_296' title='bbox 1838 2640 1958 2695; x_wconf 91' lang='lat' dir='ltr'><strong>aliis</strong></span> 
     </span>
    </p>
   </div>
   <div class='ocr_carea' id='block_1_44' title="bbox 381 2731 1956 2802">
    <p class='ocr_par' dir='ltr' id='par_1_44' title="bbox 381 2731 1956 2802">
     <span class='ocr_line' id='line_1_44' title="bbox 381 2731 1956 2802; baseline -0.006 -8"><span class='ocrx_word' id='word_1_297' title='bbox 381 2741 516 2796; x_wconf 90' lang='lat' dir='ltr'><strong>locis</strong></span> <span class='ocrx_word' id='word_1_298' title='bbox 541 2740 801 2794; x_wconf 89' lang='lat' dir='ltr'><strong>lectorum</strong></span> <span class='ocrx_word' id='word_1_299' title='bbox 850 2751 1069 2792; x_wconf 88' lang='lat' dir='ltr'><strong>suorum</strong></span> <span class='ocrx_word' id='word_1_300' title='bbox 1115 2735 1322 2790; x_wconf 88' lang='lat' dir='ltr'><strong>animos</strong></span> <span class='ocrx_word' id='word_1_301' title='bbox 1351 2733 1416 2788; x_wconf 90' lang='lat' dir='ltr'><strong>ad</strong></span> <span class='ocrx_word' id='word_1_302' title='bbox 1444 2731 1797 2802; x_wconf 86' lang='lat' dir='ltr'><strong>speculativas</strong></span> <span class='ocrx_word' id='word_1_303' title='bbox 1826 2743 1956 2799; x_wconf 83' lang='lat' dir='ltr'><strong>ope-</strong></span> 
     </span>
    </p>
   </div>
   <div class='ocr_carea' id='block_1_45' title="bbox 385 2822 1955 2901">
    <p class='ocr_par' dir='ltr' id='par_1_45' title="bbox 385 2822 1955 2901">
     <span class='ocr_line' id='line_1_45' title="bbox 385 2822 1955 2901; baseline -0.009 -15"><span class='ocrx_word' id='word_1_304' title='bbox 385 2847 504 2886; x_wconf 88' lang='lat' dir='ltr'><strong>rum</strong></span> <span class='ocrx_word' id='word_1_305' title='bbox 542 2831 801 2901; x_wconf 87' lang='lat' dir='ltr'><strong>Erigenae</strong></span> <span class='ocrx_word' id='word_1_306' title='bbox 832 2826 1128 2883; x_wconf 89' lang='lat' dir='ltr'><strong>sententias</strong></span> <span class='ocrx_word' id='word_1_307' title='bbox 1150 2824 1400 2879; x_wconf 89' lang='lat' dir='ltr'><strong>advertit.</strong></span> <span class='ocrx_word' id='word_1_308' title='bbox 1446 2822 1782 2892; x_wconf 81' lang='lat' dir='ltr'><strong>Saepiusque</strong></span> <span class='ocrx_word' id='word_1_309' title='bbox 1809 2834 1955 2883; x_wconf 91' lang='lat' dir='ltr'><strong>eum,</strong></span> 
     </span>
    </p>
   </div>
   <div class='ocr_carea' id='block_1_46' title="bbox 381 2912 1960 2991">
    <p class='ocr_par' dir='ltr' id='par_1_46' title="bbox 381 2912 1960 2991">
     <span class='ocr_line' id='line_1_46' title="bbox 381 2912 1960 2991; baseline -0.006 -16"><span class='ocrx_word' id='word_1_310' title='bbox 381 2923 469 2977; x_wconf 90' lang='lat' dir='ltr'><strong>ubi</strong></span> <span class='ocrx_word' id='word_1_311' title='bbox 502 2923 615 2991; x_wconf 89' lang='lat' dir='ltr'><strong>ipse</strong></span> <span class='ocrx_word' id='word_1_312' title='bbox 654 2936 777 2976; x_wconf 94' lang='lat' dir='ltr'><strong>cum</strong></span> <span class='ocrx_word' id='word_1_313' title='bbox 808 2919 897 2975; x_wconf 92' lang='lat' dir='ltr'><strong>illo</strong></span> <span class='ocrx_word' id='word_1_314' title='bbox 933 2917 1230 2982; x_wconf 89' lang='lat' dir='ltr'><strong>consentit,</strong></span> <span class='ocrx_word' id='word_1_315' title='bbox 1272 2917 1478 2981; x_wconf 89' lang='lat' dir='ltr'><strong>citans,</strong></span> <span class='ocrx_word' id='word_1_316' title='bbox 1516 2915 1658 2969; x_wconf 90' lang='lat' dir='ltr'><strong>haud</strong></span> <span class='ocrx_word' id='word_1_317' title='bbox 1699 2912 1960 2968; x_wconf 83' lang='lat' dir='ltr'><strong>infitiatur</strong></span> 
     </span>
    </p>
   </div>
   <div class='ocr_carea' id='block_1_47' title="bbox 384 3002 1958 3084">
    <p class='ocr_par' dir='ltr' id='par_1_47' title="bbox 384 3002 1958 3084">
     <span class='ocr_line' id='line_1_47' title="bbox 384 3002 1958 3084; baseline -0.006 -18"><span class='ocrx_word' id='word_1_318' title='bbox 384 3013 618 3084; x_wconf 83' lang='lat' dir='ltr'><strong>quidem,</strong></span> <span class='ocrx_word' id='word_1_319' title='bbox 663 3011 948 3078; x_wconf 84' lang='lat' dir='ltr'><strong>Erigenam</strong></span> <span class='ocrx_word' id='word_1_320' title='bbox 979 3009 1069 3064; x_wconf 92' lang='lat' dir='ltr'><strong>hic</strong></span> <span class='ocrx_word' id='word_1_321' title='bbox 1112 3007 1222 3063; x_wconf 90' lang='lat' dir='ltr'><strong>illic</strong></span> <span class='ocrx_word' id='word_1_322' title='bbox 1257 3006 1651 3078; x_wconf 86' lang='lat' dir='ltr'><strong>pantheismum</strong></span> <span class='ocrx_word' id='word_1_323' title='bbox 1693 3002 1958 3074; x_wconf 89' lang='lat' dir='ltr'><strong>attigisse,</strong></span> 
     </span>
    </p>
   </div>
   <div class='ocr_carea' id='block_1_48' title="bbox 2050 1826 3628 1907">
    <p class='ocr_par' dir='ltr' id='par_1_48' title="bbox 2050 1826 3628 1907">
     <span class='ocr_line' id='line_1_48' title="bbox 2050 1826 3628 1907; baseline -0.008 -16"><span class='ocrx_word' id='word_1_324' title='bbox 2050 1836 2268 1906; x_wconf 82' lang='lat' dir='ltr'><strong>Hegelio</strong></span> <span class='ocrx_word' id='word_1_325' title='bbox 2290 1836 2572 1907; x_wconf 86' lang='lat' dir='ltr'><strong>Erigenam</strong></span> <span class='ocrx_word' id='word_1_326' title='bbox 2618 1848 2784 1904; x_wconf 89' lang='lat' dir='ltr'><strong>pr0pe</strong></span> <span class='ocrx_word' id='word_1_327' title='bbox 2826 1831 3158 1902; x_wconf 91' lang='lat' dir='ltr'><strong>ignorarunt,</strong></span> <span class='ocrx_word' id='word_1_328' title='bbox 3190 1828 3273 1883; x_wconf 89' lang='lat' dir='ltr'><strong>vel</strong></span> <span class='ocrx_word' id='word_1_329' title='bbox 3319 1843 3438 1882; x_wconf 89' lang='lat' dir='ltr'><strong>cum</strong></span> <span class='ocrx_word' id='word_1_330' title='bbox 3487 1826 3628 1880; x_wconf 89' lang='lat' dir='ltr'><strong>fastu</strong></span> 
     </span>
    </p>
   </div>
   <div class='ocr_carea' id='block_1_49' title="bbox 2050 1915 3629 2000">
    <p class='ocr_par' dir='ltr' id='par_1_49' title="bbox 2050 1915 3629 2000">
     <span class='ocr_line' id='line_1_49' title="bbox 2050 1915 3629 2000; baseline -0.009 -16"><span class='ocrx_word' id='word_1_331' title='bbox 2050 1930 2417 2000; x_wconf 87' lang='lat' dir='ltr'><strong>neglexerunt,</strong></span> <span class='ocrx_word' id='word_1_332' title='bbox 2462 1927 2556 1982; x_wconf 91' lang='lat' dir='ltr'><strong>sed</strong></span> <span class='ocrx_word' id='word_1_333' title='bbox 2593 1926 2754 1981; x_wconf 87' lang='lat' dir='ltr'><strong>etiam</strong></span> <span class='ocrx_word' id='word_1_334' title='bbox 2796 1923 3038 1994; x_wconf 87' lang='lat' dir='ltr'><strong>priorum</strong></span> <span class='ocrx_word' id='word_1_335' title='bbox 3067 1930 3364 1989; x_wconf 90' lang='lat' dir='ltr'><strong>temporum</strong></span> <span class='ocrx_word' id='word_1_336' title='bbox 3413 1915 3629 1986; x_wconf 89' lang='lat' dir='ltr'><strong>injusti-</strong></span> 
     </span>
    </p>
   </div>
   <div class='ocr_carea' id='block_1_50' title="bbox 2054 2009 3628 2090">
    <p class='ocr_par' dir='ltr' id='par_1_50' title="bbox 2054 2009 3628 2090">
     <span class='ocr_line' id='line_1_50' title="bbox 2054 2009 3628 2090; baseline -0.011 -13"><span class='ocrx_word' id='word_1_337' title='bbox 2054 2023 2182 2078; x_wconf 90' lang='lat' dir='ltr'><strong>tiam</strong></span> <span class='ocrx_word' id='word_1_338' title='bbox 2209 2020 2444 2090; x_wconf 86' lang='lat' dir='ltr'><strong>sequuti,</strong></span> <span class='ocrx_word' id='word_1_339' title='bbox 2502 2019 2590 2088; x_wconf 92' lang='lat' dir='ltr'><strong>pie</strong></span> <span class='ocrx_word' id='word_1_340' title='bbox 2652 2031 2813 2087; x_wconf 87' lang='lat' dir='ltr'><strong>agere</strong></span> <span class='ocrx_word' id='word_1_341' title='bbox 2875 2028 2993 2069; x_wconf 87' lang='lat' dir='ltr'><strong>sese</strong></span> <span class='ocrx_word' id='word_1_342' title='bbox 3046 2011 3443 2072; x_wconf 85' lang='lat' dir='ltr'><strong>existimarunt,</strong></span> <span class='ocrx_word' id='word_1_343' title='bbox 3497 2009 3628 2062; x_wconf 90' lang='lat' dir='ltr'><strong>dum</strong></span> 
     </span>
    </p>
   </div>
   <div class='ocr_carea' id='block_1_51' title="bbox 2053 2101 3626 2177">
    <p class='ocr_par' dir='ltr' id='par_1_51' title="bbox 2053 2101 3626 2177">
     <span class='ocr_line' id='line_1_51' title="bbox 2053 2101 3626 2177; baseline -0.011 -9"><span class='ocrx_word' id='word_1_344' title='bbox 2053 2113 2414 2168; x_wconf 82' lang='lat' dir='ltr'><strong>inveteratum</strong></span> <span class='ocrx_word' id='word_1_345' title='bbox 2483 2111 2549 2165; x_wconf 92' lang='lat' dir='ltr'><strong>de</strong></span> <span class='ocrx_word' id='word_1_346' title='bbox 2603 2108 2695 2163; x_wconf 89' lang='lat' dir='ltr'><strong>illo</strong></span> <span class='ocrx_word' id='word_1_347' title='bbox 2738 2103 3125 2177; x_wconf 89' lang='lat' dir='ltr'><strong>praejudicium</strong></span> <span class='ocrx_word' id='word_1_348' title='bbox 3165 2101 3203 2139; x_wconf 71' lang='lat'><strong><em>&quot;</em></strong></span> <span class='ocrx_word' id='word_1_349' title='bbox 3267 2102 3442 2155; x_wconf 90' lang='lat' dir='ltr'><strong>denuo</strong></span> <span class='ocrx_word' id='word_1_350' title='bbox 3499 2115 3626 2152; x_wconf 87' lang='lat' dir='ltr'><strong>con-</strong></span> 
     </span>
    </p>
   </div>
   <div class='ocr_carea' id='block_1_52' title="bbox 2052 2191 3628 2271">
    <p class='ocr_par' dir='ltr' id='par_1_52' title="bbox 2052 2191 3628 2271">
     <span class='ocr_line' id='line_1_52' title="bbox 2052 2191 3628 2271; baseline -0.011 -10"><span class='ocrx_word' id='word_1_351' title='bbox 2052 2205 2336 2260; x_wconf 80' lang='lat' dir='ltr'><strong>firmarent</strong></span> <span class='ocrx_word' id='word_1_352' title='bbox 2374 2210 2756 2271; x_wconf 90' lang='lat' dir='ltr'><strong>acuerentque,</strong></span> <span class='ocrx_word' id='word_1_353' title='bbox 2809 2195 3092 2253; x_wconf 91' lang='lat' dir='ltr'><strong>nonnullos</strong></span> <span class='ocrx_word' id='word_1_354' title='bbox 3122 2193 3502 2263; x_wconf 89' lang='lat' dir='ltr'><strong>conspicimus,</strong></span> <span class='ocrx_word' id='word_1_355' title='bbox 3534 2191 3628 2260; x_wconf 90' lang='lat' dir='ltr'><strong>qui</strong></span> 
     </span>
    </p>
   </div>
   <div class='ocr_carea' id='block_1_53' title="bbox 2056 2287 3630 2368">
    <p class='ocr_par' dir='ltr' id='par_1_53' title="bbox 2056 2287 3630 2368">
     <span class='ocr_line' id='line_1_53' title="bbox 2056 2287 3630 2368; baseline -0.008 -16"><span class='ocrx_word' id='word_1_356' title='bbox 2056 2300 2248 2354; x_wconf 89' lang='lat' dir='ltr'><strong>timore</strong></span> <span class='ocrx_word' id='word_1_357' title='bbox 2272 2298 2466 2368; x_wconf 89' lang='lat' dir='ltr'><strong>partim</strong></span> <span class='ocrx_word' id='word_1_358' title='bbox 2489 2295 2737 2351; x_wconf 89' lang='lat' dir='ltr'><strong>laudabili</strong></span> <span class='ocrx_word' id='word_1_359' title='bbox 2760 2293 2901 2350; x_wconf 92' lang='lat' dir='ltr'><strong>ducti</strong></span> <span class='ocrx_word' id='word_1_360' title='bbox 2929 2333 2944 2359; x_wconf 94' lang='lat'><strong>,</strong></span> <span class='ocrx_word' id='word_1_361' title='bbox 2969 2306 3036 2346; x_wconf 91' lang='lat' dir='ltr'><strong>ne</strong></span> <span class='ocrx_word' id='word_1_362' title='bbox 3054 2289 3414 2346; x_wconf 88' lang='lat' dir='ltr'><strong>Christianum</strong></span> <span class='ocrx_word' id='word_1_363' title='bbox 3438 2287 3630 2358; x_wconf 87' lang='lat' dir='ltr'><strong>dogma</strong></span> 
     </span>
    </p>
   </div>
   <div class='ocr_carea' id='block_1_54' title="bbox 2055 2379 3632 2460">
    <p class='ocr_par' dir='ltr' id='par_1_54' title="bbox 2055 2379 3632 2460">
     <span class='ocr_line' id='line_1_54' title="bbox 2055 2379 3632 2460; baseline -0.008 -15"><span class='ocrx_word' id='word_1_364' title='bbox 2055 2400 2109 2445; x_wconf 92' lang='lat' dir='ltr'><strong>et</strong></span> <span class='ocrx_word' id='word_1_365' title='bbox 2133 2390 2312 2460; x_wconf 93' lang='lat' dir='ltr'><strong>opinio</strong></span> <span class='ocrx_word' id='word_1_366' title='bbox 2339 2390 2403 2446; x_wconf 90' lang='lat' dir='ltr'><strong>de</strong></span> <span class='ocrx_word' id='word_1_367' title='bbox 2437 2389 2701 2460; x_wconf 91' lang='lat' dir='ltr'><strong>scriptore</strong></span> <span class='ocrx_word' id='word_1_368' title='bbox 2723 2394 2907 2440; x_wconf 91' lang='lat' dir='ltr'><strong>nostro</strong></span> <span class='ocrx_word' id='word_1_369' title='bbox 2933 2383 3082 2454; x_wconf 91' lang='lat' dir='ltr'><strong>quasi</strong></span> <span class='ocrx_word' id='word_1_370' title='bbox 3111 2380 3403 2450; x_wconf 91' lang='lat' dir='ltr'><strong>antiquitus</strong></span> <span class='ocrx_word' id='word_1_371' title='bbox 3431 2379 3632 2433; x_wconf 84' lang='lat' dir='ltr'><strong>tradita</strong></span> 
     </span>
    </p>
   </div>
   <div class='ocr_carea' id='block_1_55' title="bbox 2047 2468 3634 2545">
    <p class='ocr_par' dir='ltr' id='par_1_55' title="bbox 2047 2468 3634 2545">
     <span class='ocr_line' id='line_1_55' title="bbox 2047 2468 3634 2545; baseline -0.008 -10"><span class='ocrx_word' id='word_1_372' title='bbox 2047 2481 2396 2545; x_wconf 90' lang='lat' dir='ltr'><strong>laederetur,</strong></span> <span class='ocrx_word' id='word_1_373' title='bbox 2445 2480 2500 2534; x_wconf 91' lang='lat' dir='ltr'><strong>in</strong></span> <span class='ocrx_word' id='word_1_374' title='bbox 2558 2477 2912 2545; x_wconf 88' lang='lat' dir='ltr'><strong>dijudicandis</strong></span> <span class='ocrx_word' id='word_1_375' title='bbox 2967 2475 3227 2544; x_wconf 84' lang='lat' dir='ltr'><strong>Erigenae</strong></span> <span class='ocrx_word' id='word_1_376' title='bbox 3273 2471 3508 2533; x_wconf 90' lang='lat' dir='ltr'><strong>meritis,</strong></span> <span class='ocrx_word' id='word_1_377' title='bbox 3553 2468 3634 2522; x_wconf 87' lang='lat' dir='ltr'><strong>fas</strong></span> 
     </span>
    </p>
   </div>
   <div class='ocr_carea' id='block_1_56' title="bbox 2059 2559 3630 2642">
    <p class='ocr_par' dir='ltr' id='par_1_56' title="bbox 2059 2559 3630 2642">
     <span class='ocr_line' id='line_1_56' title="bbox 2059 2559 3630 2642; baseline -0.011 -15"><span class='ocrx_word' id='word_1_378' title='bbox 2059 2573 2497 2642; x_wconf 89' lang='lat' dir='ltr'><strong>aequitatemque</strong></span> <span class='ocrx_word' id='word_1_379' title='bbox 2543 2575 2979 2638; x_wconf 90' lang='lat' dir='ltr'><strong>postposuerunt.</strong></span> <span class='ocrx_word' id='word_1_380' title='bbox 3031 2563 3126 2618; x_wconf 86' lang='lat' dir='ltr'><strong>His</strong></span> <span class='ocrx_word' id='word_1_381' title='bbox 3169 2561 3430 2616; x_wconf 88' lang='lat' dir='ltr'><strong>accedunt</strong></span> <span class='ocrx_word' id='word_1_382' title='bbox 3492 2559 3630 2623; x_wconf 90' lang='lat' dir='ltr'><strong>alii,</strong></span> 
     </span>
    </p>
   </div>
   <div class='ocr_carea' id='block_1_57' title="bbox 2059 2649 3637 2733">
    <p class='ocr_par' dir='ltr' id='par_1_57' title="bbox 2059 2649 3637 2733">
     <span class='ocr_line' id='line_1_57' title="bbox 2059 2649 3637 2733; baseline -0.007 -19"><span class='ocrx_word' id='word_1_383' title='bbox 2059 2677 2287 2733; x_wconf 88' lang='lat' dir='ltr'><strong>quorum</strong></span> <span class='ocrx_word' id='word_1_384' title='bbox 2319 2661 2587 2729; x_wconf 87' lang='lat' dir='ltr'><strong>ingenium</strong></span> <span class='ocrx_word' id='word_1_385' title='bbox 2619 2699 2632 2722; x_wconf 94' lang='lat'><strong>,</strong></span> <span class='ocrx_word' id='word_1_386' title='bbox 2681 2673 2803 2713; x_wconf 89' lang='lat' dir='ltr'><strong>cum</strong></span> <span class='ocrx_word' id='word_1_387' title='bbox 2861 2670 2974 2710; x_wconf 90' lang='lat' dir='ltr'><strong>rem</strong></span> <span class='ocrx_word' id='word_1_388' title='bbox 3015 2652 3372 2708; x_wconf 87' lang='lat' dir='ltr'><strong>Christianam</strong></span> <span class='ocrx_word' id='word_1_389' title='bbox 3426 2649 3637 2703; x_wconf 82' lang='lat' dir='ltr'><strong>ratione</strong></span> 
     </span>
    </p>
   </div>
   <div class='ocr_carea' id='block_1_58' title="bbox 2061 2743 3634 2821">
    <p class='ocr_par' dir='ltr' id='par_1_58' title="bbox 2061 2743 3634 2821">
     <span class='ocr_line' id='line_1_58' title="bbox 2061 2743 3634 2821; baseline -0.011 -12"><span class='ocrx_word' id='word_1_390' title='bbox 2061 2769 2208 2809; x_wconf 90' lang='lat' dir='ltr'><strong>mere</strong></span> <span class='ocrx_word' id='word_1_391' title='bbox 2234 2752 2488 2807; x_wconf 89' lang='lat' dir='ltr'><strong>historica</strong></span> <span class='ocrx_word' id='word_1_392' title='bbox 2512 2747 2670 2821; x_wconf 87' lang='lat' dir='ltr'><strong>(Pag.</strong></span> <span class='ocrx_word' id='word_1_393' title='bbox 2701 2747 2840 2818; x_wconf 77' lang='lat' dir='ltr'><strong>XIV)</strong></span> <span class='ocrx_word' id='word_1_394' title='bbox 2868 2755 3098 2802; x_wconf 90' lang='lat' dir='ltr'><strong>tractare</strong></span> <span class='ocrx_word' id='word_1_395' title='bbox 3127 2743 3376 2815; x_wconf 88' lang='lat' dir='ltr'><strong>gestiant,</strong></span> <span class='ocrx_word' id='word_1_396' title='bbox 3399 2755 3634 2804; x_wconf 90' lang='lat' dir='ltr'><strong>omnem,</strong></span> 
     </span>
    </p>
   </div>
   <div class='ocr_carea' id='block_1_59' title="bbox 2065 2831 3634 2914">
    <p class='ocr_par' dir='ltr' id='par_1_59' title="bbox 2065 2831 3634 2914">
     <span class='ocr_line' id='line_1_59' title="bbox 2065 2831 3634 2914; baseline -0.01 -15"><span class='ocrx_word' id='word_1_397' title='bbox 2065 2860 2202 2914; x_wconf 90' lang='lat' dir='ltr'><strong>quae</strong></span> <span class='ocrx_word' id='word_1_398' title='bbox 2231 2859 2463 2914; x_wconf 88' lang='lat' dir='ltr'><strong>unquam</strong></span> <span class='ocrx_word' id='word_1_399' title='bbox 2491 2842 2730 2905; x_wconf 89' lang='lat' dir='ltr'><strong>emersit,</strong></span> <span class='ocrx_word' id='word_1_400' title='bbox 2757 2838 3140 2910; x_wconf 89' lang='lat' dir='ltr'><strong>speculativam</strong></span> <span class='ocrx_word' id='word_1_401' title='bbox 3171 2833 3437 2905; x_wconf 88' lang='lat' dir='ltr'><strong>dogmatis</strong></span> <span class='ocrx_word' id='word_1_402' title='bbox 3481 2831 3634 2885; x_wconf 89' lang='lat' dir='ltr'><strong>inda-</strong></span> 
     </span>
    </p>
   </div>
   <div class='ocr_carea' id='block_1_60' title="bbox 2061 2923 3636 3006">
    <p class='ocr_par' dir='ltr' id='par_1_60' title="bbox 2061 2923 3636 3006">
     <span class='ocr_line' id='line_1_60' title="bbox 2061 2923 3636 3006; baseline -0.009 -17"><span class='ocrx_word' id='word_1_403' title='bbox 2061 2937 2329 3006; x_wconf 90' lang='lat' dir='ltr'><strong>gationem</strong></span> <span class='ocrx_word' id='word_1_404' title='bbox 2377 2944 2432 2988; x_wconf 89' lang='lat' dir='ltr'><strong>et</strong></span> <span class='ocrx_word' id='word_1_405' title='bbox 2482 2933 2892 3002; x_wconf 78' lang='lat' dir='ltr'><strong>explicationem</strong></span> <span class='ocrx_word' id='word_1_406' title='bbox 2959 2927 3356 3000; x_wconf 80' lang='lat' dir='ltr'><strong>profundiorem</strong></span> <span class='ocrx_word' id='word_1_407' title='bbox 3411 2923 3636 2994; x_wconf 89' lang='lat' dir='ltr'><strong>spernit.</strong></span> 
     </span>
    </p>
   </div>
   <div class='ocr_carea' id='block_1_61' title="bbox 2064 3013 3642 3091">
    <p class='ocr_par' dir='ltr' id='par_1_61' title="bbox 2064 3013 3642 3091">
     <span class='ocr_line' id='line_1_61' title="bbox 2064 3013 3642 3091; baseline -0.009 -13"><span class='ocrx_word' id='word_1_408' title='bbox 2064 3024 2168 3078; x_wconf 82' lang='lat' dir='ltr'><strong>Alii</strong></span> <span class='ocrx_word' id='word_1_409' title='bbox 2202 3023 2452 3091; x_wconf 90' lang='lat' dir='ltr'><strong>denique,</strong></span> <span class='ocrx_word' id='word_1_410' title='bbox 2486 3021 2842 3076; x_wconf 88' lang='lat' dir='ltr'><strong>recentiorum</strong></span> <span class='ocrx_word' id='word_1_411' title='bbox 2887 3026 3260 3090; x_wconf 88' lang='lat' dir='ltr'><strong>systematum,</strong></span> <span class='ocrx_word' id='word_1_412' title='bbox 3290 3028 3451 3068; x_wconf 90' lang='lat' dir='ltr'><strong>verae</strong></span> <span class='ocrx_word' id='word_1_413' title='bbox 3479 3013 3642 3067; x_wconf 84' lang='lat' dir='ltr'><strong>liber-</strong></span> 
     </span>
    </p>
   </div>
   <div class='ocr_carea' id='block_1_62' title="bbox 387 3082 1961 3177">
    <p class='ocr_par' dir='ltr' id='par_1_62' title="bbox 387 3082 1960 3165">
     <span class='ocr_line' id='line_1_62' title="bbox 387 3082 1960 3165; baseline -0.008 -7"><span class='ocrx_word' id='word_1_414' title='bbox 387 3082 555 3158; x_wconf 79' lang='lat' dir='ltr'><strong>solam</strong></span> <span class='ocrx_word' id='word_1_415' title='bbox 584 3111 759 3157; x_wconf 86' lang='lat' dir='ltr'><strong>tamen</strong></span> <span class='ocrx_word' id='word_1_416' title='bbox 811 3100 930 3155; x_wconf 86' lang='lat' dir='ltr'><strong>Mali</strong></span> <span class='ocrx_word' id='word_1_417' title='bbox 967 3100 1236 3155; x_wconf 91' lang='lat' dir='ltr'><strong>notionem</strong></span> <span class='ocrx_word' id='word_1_418' title='bbox 1267 3099 1332 3152; x_wconf 90' lang='lat' dir='ltr'><strong>ab</strong></span> <span class='ocrx_word' id='word_1_419' title='bbox 1359 3111 1424 3152; x_wconf 91' lang='lat' dir='ltr'><strong>eo</strong></span> <span class='ocrx_word' id='word_1_420' title='bbox 1450 3094 1777 3165; x_wconf 89' lang='lat' dir='ltr'><strong>propositam</strong></span> <span class='ocrx_word' id='word_1_421' title='bbox 1819 3093 1960 3147; x_wconf 82' lang='lat' dir='ltr'><strong>vitu-</strong></span> 
     </span>
    </p>
   </div>
   <div class='ocr_carea' id='block_1_63' title="bbox 2067 3082 3638 3177">
    <p class='ocr_par' dir='ltr' id='par_1_63' title="bbox 2067 3082 3638 3177">
     <span class='ocr_line' id='line_1_63' title="bbox 2067 3082 3638 3177; baseline -0.01 -11"><span class='ocrx_word' id='word_1_422' title='bbox 2067 3111 2162 3166; x_wconf 91' lang='lat' dir='ltr'><strong>tati</strong></span> <span class='ocrx_word' id='word_1_423' title='bbox 2205 3109 2546 3165; x_wconf 87' lang='lat' dir='ltr'><strong>Christianae</strong></span> <span class='ocrx_word' id='word_1_424' title='bbox 2611 3082 2989 3177; x_wconf 80' lang='lat' dir='ltr'><strong>speculationis</strong></span> <span class='ocrx_word' id='word_1_425' title='bbox 3052 3106 3227 3160; x_wconf 91' lang='lat' dir='ltr'><strong>minus</strong></span> <span class='ocrx_word' id='word_1_426' title='bbox 3298 3101 3638 3165; x_wconf 85' lang='lat' dir='ltr'><strong>faventium,</strong></span> 
     </span>
    </p>
   </div>
   <div class='ocr_carea' id='block_1_64' title="bbox 386 3183 1967 3268">
    <p class='ocr_par' dir='ltr' id='par_1_64' title="bbox 386 3183 1967 3268">
     <span class='ocr_line' id='line_1_64' title="bbox 386 3183 1967 3268; baseline -0.009 -17"><span class='ocrx_word' id='word_1_427' title='bbox 386 3204 560 3268; x_wconf 90' lang='lat' dir='ltr'><strong>perat,</strong></span> <span class='ocrx_word' id='word_1_428' title='bbox 589 3208 697 3265; x_wconf 90' lang='lat' dir='ltr'><strong>qua</strong></span> <span class='ocrx_word' id='word_1_429' title='bbox 726 3193 778 3247; x_wconf 94' lang='lat' dir='ltr'><strong>in</strong></span> <span class='ocrx_word' id='word_1_430' title='bbox 804 3191 1136 3262; x_wconf 89' lang='lat' dir='ltr'><strong>neologicam</strong></span> <span class='ocrx_word' id='word_1_431' title='bbox 1171 3187 1589 3242; x_wconf 91' lang='lat' dir='ltr'><strong>abstractionem</strong></span> <span class='ocrx_word' id='word_1_432' title='bbox 1631 3183 1878 3239; x_wconf 92' lang='lat' dir='ltr'><strong>inciderit</strong></span> <span class='ocrx_word' id='word_1_433' title='bbox 1912 3191 1967 3237; x_wconf 94' lang='lat' dir='ltr'><strong>et</strong></span> 
     </span>
    </p>
   </div>
   <div class='ocr_carea' id='block_1_65' title="bbox 386 3276 1965 3357">
    <p class='ocr_par' dir='ltr' id='par_1_65' title="bbox 386 3276 1965 3357">
     <span class='ocr_line' id='line_1_65' title="bbox 386 3276 1965 3357; baseline -0.008 -15"><span class='ocrx_word' id='word_1_434' title='bbox 386 3296 672 3357; x_wconf 87' lang='lat' dir='ltr'><strong>propterea</strong></span> <span class='ocrx_word' id='word_1_435' title='bbox 697 3298 730 3338; x_wconf 85' lang='lat' dir='ltr'><strong>a</strong></span> <span class='ocrx_word' id='word_1_436' title='bbox 757 3283 1020 3339; x_wconf 88' lang='lat' dir='ltr'><strong>catholica</strong></span> <span class='ocrx_word' id='word_1_437' title='bbox 1047 3279 1203 3353; x_wconf 88' lang='lat' dir='ltr'><strong>(Pag.</strong></span> <span class='ocrx_word' id='word_1_438' title='bbox 1227 3279 1361 3350; x_wconf 83' lang='lat' dir='ltr'><strong>Xlll)</strong></span> <span class='ocrx_word' id='word_1_439' title='bbox 1389 3277 1625 3335; x_wconf 87' lang='lat' dir='ltr'><strong>Ecclesia</strong></span> <span class='ocrx_word' id='word_1_440' title='bbox 1649 3277 1842 3332; x_wconf 91' lang='lat' dir='ltr'><strong>merito</strong></span> <span class='ocrx_word' id='word_1_441' title='bbox 1861 3276 1965 3331; x_wconf 88' lang='lat' dir='ltr'><strong>im-</strong></span> 
     </span>
    </p>
   </div>
   <div class='ocr_carea' id='block_1_66' title="bbox 391 3362 1969 3447">
    <p class='ocr_par' dir='ltr' id='par_1_66' title="bbox 391 3362 1969 3447">
     <span class='ocr_line' id='line_1_66' title="bbox 391 3362 1969 3447; baseline -0.005 -15"><span class='ocrx_word' id='word_1_442' title='bbox 391 3379 646 3447; x_wconf 84' lang='lat' dir='ltr'><strong>probatus</strong></span> <span class='ocrx_word' id='word_1_443' title='bbox 673 3375 741 3430; x_wconf 89' lang='lat' dir='ltr'><strong>sit</strong></span> <span class='ocrx_word' id='word_1_444' title='bbox 756 3373 850 3446; x_wconf 92' lang='lat' dir='ltr'><strong>(b).</strong></span> <span class='ocrx_word' id='word_1_445' title='bbox 871 3374 962 3428; x_wconf 91' lang='lat' dir='ltr'><strong>Dr.</strong></span> <span class='ocrx_word' id='word_1_446' title='bbox 989 3375 1053 3428; x_wconf 85' lang='lat' dir='ltr'><strong>A.</strong></span> <span class='ocrx_word' id='word_1_447' title='bbox 1077 3362 1322 3429; x_wconf 75' lang='lat' dir='ltr'><strong>Gunther</strong></span> <span class='ocrx_word' id='word_1_448' title='bbox 1347 3380 1548 3438; x_wconf 91' lang='lat' dir='ltr'><strong>autem,</strong></span> <span class='ocrx_word' id='word_1_449' title='bbox 1569 3370 1656 3426; x_wconf 90' lang='lat' dir='ltr'><strong>ubi</strong></span> <span class='ocrx_word' id='word_1_450' title='bbox 1679 3371 1744 3426; x_wconf 91' lang='lat' dir='ltr'><strong>de</strong></span> <span class='ocrx_word' id='word_1_451' title='bbox 1766 3367 1969 3426; x_wconf 73' lang='lat' dir='ltr'><strong>effecti—</strong></span> 
     </span>
    </p>
   </div>
   <div class='ocr_carea' id='block_1_67' title="bbox 393 3462 1967 3538">
    <p class='ocr_par' dir='ltr' id='par_1_67' title="bbox 393 3462 1967 3538">
     <span class='ocr_line' id='line_1_67' title="bbox 393 3462 1967 3538; baseline -0.004 -16"><span class='ocrx_word' id='word_1_452' title='bbox 393 3471 492 3523; x_wconf 90' lang='lat' dir='ltr'><strong>bus</strong></span> <span class='ocrx_word' id='word_1_453' title='bbox 542 3465 970 3538; x_wconf 89' lang='lat' dir='ltr'><strong>protestantismi</strong></span> <span class='ocrx_word' id='word_1_454' title='bbox 1019 3479 1322 3521; x_wconf 89' lang='lat' dir='ltr'><strong>sermonem</strong></span> <span class='ocrx_word' id='word_1_455' title='bbox 1390 3464 1519 3519; x_wconf 87' lang='lat' dir='ltr'><strong>facit</strong></span> <span class='ocrx_word' id='word_1_456' title='bbox 1560 3462 1649 3534; x_wconf 77' lang='grc' dir='ltr'><strong>(ε),</strong></span> <span class='ocrx_word' id='word_1_457' title='bbox 1693 3463 1967 3538; x_wconf 81' lang='lat' dir='ltr'><strong>antiquam</strong></span> 
     </span>
    </p>
   </div>
   <div class='ocr_carea' id='block_1_68' title="bbox 393 3534 1965 3624">
    <p class='ocr_par' dir='ltr' id='par_1_68' title="bbox 393 3534 1965 3624">
     <span class='ocr_line' id='line_1_68' title="bbox 393 3534 1965 3624; baseline -0.005 -11"><span class='ocrx_word' id='word_1_458' title='bbox 393 3534 788 3613; x_wconf 79' lang='lat' dir='ltr'><strong>Catholicorum</strong></span> <span class='ocrx_word' id='word_1_459' title='bbox 818 3557 869 3610; x_wconf 92' lang='lat' dir='ltr'><strong>in</strong></span> <span class='ocrx_word' id='word_1_460' title='bbox 893 3555 1056 3610; x_wconf 89' lang='lat' dir='ltr'><strong>rebus</strong></span> <span class='ocrx_word' id='word_1_461' title='bbox 1076 3554 1418 3624; x_wconf 86' lang='lat' dir='ltr'><strong>speculativis</strong></span> <span class='ocrx_word' id='word_1_462' title='bbox 1439 3553 1743 3608; x_wconf 89' lang='lat' dir='ltr'><strong>libertatem</strong></span> <span class='ocrx_word' id='word_1_463' title='bbox 1764 3534 1965 3615; x_wconf 70' lang='lat' dir='ltr'><strong>laudat,</strong></span> 
     </span>
    </p>
   </div>
   <div class='ocr_carea' id='block_1_69' title="bbox 394 3643 1967 3719">
    <p class='ocr_par' dir='ltr' id='par_1_69' title="bbox 394 3643 1967 3719">
     <span class='ocr_line' id='line_1_69' title="bbox 394 3643 1967 3719; baseline -0.004 -17"><span class='ocrx_word' id='word_1_464' title='bbox 394 3665 620 3719; x_wconf 64' lang='lat' dir='ltr'><strong>namque</strong></span> <span class='ocrx_word' id='word_1_465' title='bbox 639 3665 759 3706; x_wconf 90' lang='lat' dir='ltr'><strong>cum</strong></span> <span class='ocrx_word' id='word_1_466' title='bbox 776 3648 1033 3704; x_wconf 90' lang='lat' dir='ltr'><strong>hodierna</strong></span> <span class='ocrx_word' id='word_1_467' title='bbox 1054 3646 1353 3702; x_wconf 90' lang='lat' dir='ltr'><strong>antistitum</strong></span> <span class='ocrx_word' id='word_1_468' title='bbox 1365 3643 1638 3701; x_wconf 85' lang='lat' dir='ltr'><strong>Ecclesiae</strong></span> <span class='ocrx_word' id='word_1_469' title='bbox 1664 3643 1967 3707; x_wconf 87' lang='lat' dir='ltr'><strong>timiditate,</strong></span> 
     </span>
    </p>
   </div>
   <div class='ocr_carea' id='block_1_70' title="bbox 400 3731 1971 3810">
    <p class='ocr_par' dir='ltr' id='par_1_70' title="bbox 400 3731 1971 3810">
     <span class='ocr_line' id='line_1_70' title="bbox 400 3731 1971 3810; baseline -0.006 -16"><span class='ocrx_word' id='word_1_470' title='bbox 400 3755 540 3810; x_wconf 90' lang='lat' dir='ltr'><strong>quae</strong></span> <span class='ocrx_word' id='word_1_471' title='bbox 568 3755 690 3795; x_wconf 90' lang='lat' dir='ltr'><strong>cum</strong></span> <span class='ocrx_word' id='word_1_472' title='bbox 719 3737 1159 3808; x_wconf 90' lang='lat' dir='ltr'><strong>protestantismo</strong></span> <span class='ocrx_word' id='word_1_473' title='bbox 1185 3735 1425 3800; x_wconf 89' lang='lat' dir='ltr'><strong>incessit,</strong></span> <span class='ocrx_word' id='word_1_474' title='bbox 1451 3747 1788 3804; x_wconf 90' lang='lat' dir='ltr'><strong>comparans,</strong></span> <span class='ocrx_word' id='word_1_475' title='bbox 1813 3731 1971 3787; x_wconf 91' lang='lat' dir='ltr'><strong>simul</strong></span> 
     </span>
    </p>
   </div>
   <div class='ocr_carea' id='block_1_71' title="bbox 400 3823 1971 3898">
    <p class='ocr_par' dir='ltr' id='par_1_71' title="bbox 400 3823 1971 3898">
     <span class='ocr_line' id='line_1_71' title="bbox 400 3823 1971 3898; baseline -0.004 -14"><span class='ocrx_word' id='word_1_476' title='bbox 400 3844 522 3885; x_wconf 60' lang='lat' dir='ltr'><strong>cum</strong></span> <span class='ocrx_word' id='word_1_477' title='bbox 573 3827 632 3884; x_wconf 87' lang='lat' dir='ltr'><strong>S.</strong></span> <span class='ocrx_word' id='word_1_478' title='bbox 687 3827 982 3898; x_wconf 87' lang='lat' dir='ltr'><strong>Augustino</strong></span> <span class='ocrx_word' id='word_1_479' title='bbox 1029 3826 1292 3896; x_wconf 86' lang='lat' dir='ltr'><strong>Erigenae</strong></span> <span class='ocrx_word' id='word_1_480' title='bbox 1347 3823 1650 3893; x_wconf 82' lang='lat' dir='ltr'><strong>exemplum</strong></span> <span class='ocrx_word' id='word_1_481' title='bbox 1691 3837 1758 3879; x_wconf 92' lang='lat' dir='ltr'><strong>eo</strong></span> <span class='ocrx_word' id='word_1_482' title='bbox 1796 3823 1971 3891; x_wconf 88' lang='lat' dir='ltr'><strong>aptius</strong></span> 
     </span>
    </p>
   </div>
   <div class='ocr_carea' id='block_1_72' title="bbox 398 3914 1974 3988">
    <p class='ocr_par' dir='ltr' id='par_1_72' title="bbox 398 3914 1974 3988">
     <span class='ocr_line' id='line_1_72' title="bbox 398 3914 1974 3988; baseline -0.004 -14"><span class='ocrx_word' id='word_1_483' title='bbox 398 3919 589 3976; x_wconf 73' lang='lat' dir='ltr'><strong>:iﬂerre</strong></span> <span class='ocrx_word' id='word_1_484' title='bbox 619 3919 809 3988; x_wconf 89' lang='lat' dir='ltr'><strong>potuit,</strong></span> <span class='ocrx_word' id='word_1_485' title='bbox 833 3933 940 3988; x_wconf 92' lang='lat' dir='ltr'><strong>quo</strong></span> <span class='ocrx_word' id='word_1_486' title='bbox 960 3917 1246 3972; x_wconf 87' lang='lat' dir='ltr'><strong>incertiora</strong></span> <span class='ocrx_word' id='word_1_487' title='bbox 1267 3915 1447 3970; x_wconf 90' lang='lat' dir='ltr'><strong>omnia</strong></span> <span class='ocrx_word' id='word_1_488' title='bbox 1469 3923 1612 3980; x_wconf 91' lang='lat' dir='ltr'><strong>sunt,</strong></span> <span class='ocrx_word' id='word_1_489' title='bbox 1628 3929 1767 3984; x_wconf 89' lang='lat' dir='ltr'><strong>quae</strong></span> <span class='ocrx_word' id='word_1_490' title='bbox 1784 3914 1974 3985; x_wconf 86' lang='lat' dir='ltr'><strong>primis</strong></span> 
     </span>
    </p>
   </div>
   <div class='ocr_carea' id='block_1_73' title="bbox 400 4006 1972 4084">
    <p class='ocr_par' dir='ltr' id='par_1_73' title="bbox 400 4006 1972 4084">
     <span class='ocr_line' id='line_1_73' title="bbox 400 4006 1972 4084; baseline -0.005 -16"><span class='ocrx_word' id='word_1_491' title='bbox 400 4021 522 4084; x_wconf 90' lang='lat' dir='ltr'><strong>post</strong></span> <span class='ocrx_word' id='word_1_492' title='bbox 569 4011 854 4083; x_wconf 87' lang='lat' dir='ltr'><strong>Erigenam</strong></span> <span class='ocrx_word' id='word_1_493' title='bbox 909 4009 1104 4066; x_wconf 90' lang='lat' dir='ltr'><strong>seculis</strong></span> <span class='ocrx_word' id='word_1_494' title='bbox 1150 4010 1406 4064; x_wconf 90' lang='lat' dir='ltr'><strong>adversus</strong></span> <span class='ocrx_word' id='word_1_495' title='bbox 1437 4022 1558 4063; x_wconf 91' lang='lat' dir='ltr'><strong>eum</strong></span> <span class='ocrx_word' id='word_1_496' title='bbox 1631 4008 1699 4062; x_wconf 92' lang='lat' dir='ltr'><strong>ab</strong></span> <span class='ocrx_word' id='word_1_497' title='bbox 1736 4006 1972 4062; x_wconf 88' lang='lat' dir='ltr'><strong>Ecclesia</strong></span> 
     </span>
    </p>
   </div>
   <div class='ocr_carea' id='block_1_74' title="bbox 403 4105 966 4162">
    <p class='ocr_par' dir='ltr' id='par_1_74' title="bbox 403 4105 966 4162">
     <span class='ocr_line' id='line_1_74' title="bbox 403 4105 966 4162; baseline -0.005 -3"><span class='ocrx_word' id='word_1_498' title='bbox 403 4114 522 4162; x_wconf 85' lang='lat' dir='ltr'><strong>acta</strong></span> <span class='ocrx_word' id='word_1_499' title='bbox 547 4120 668 4161; x_wconf 91' lang='lat' dir='ltr'><strong>esse</strong></span> <span class='ocrx_word' id='word_1_500' title='bbox 697 4105 966 4160; x_wconf 90' lang='lat' dir='ltr'><strong>dicuntur.</strong></span> 
     </span>
    </p>
   </div>
   <div class='ocr_carea' id='block_1_75' title="bbox 472 4189 1978 4261">
    <p class='ocr_par' dir='ltr' id='par_1_75' title="bbox 472 4189 1978 4261">
     <span class='ocr_line' id='line_1_75' title="bbox 472 4189 1978 4261; baseline -0.006 -10"><span class='ocrx_word' id='word_1_501' title='bbox 472 4194 583 4251; x_wconf 86' lang='lat' dir='ltr'><strong>Nec</strong></span> <span class='ocrx_word' id='word_1_502' title='bbox 621 4195 800 4250; x_wconf 88' lang='lat' dir='ltr'><strong>minus</strong></span> <span class='ocrx_word' id='word_1_503' title='bbox 827 4194 1016 4249; x_wconf 90' lang='lat' dir='ltr'><strong>doctus</strong></span> <span class='ocrx_word' id='word_1_504' title='bbox 1053 4192 1311 4248; x_wconf 91' lang='lat' dir='ltr'><strong>historiae</strong></span> <span class='ocrx_word' id='word_1_505' title='bbox 1351 4189 1719 4261; x_wconf 89' lang='lat' dir='ltr'><strong>philosophiae</strong></span> <span class='ocrx_word' id='word_1_506' title='bbox 1747 4189 1978 4258; x_wconf 87' lang='lat' dir='ltr'><strong>scriptor</strong></span> 
     </span>
    </p>
   </div>
   <div class='ocr_carea' id='block_1_76' title="bbox 403 4277 1976 4354">
    <p class='ocr_par' dir='ltr' id='par_1_76' title="bbox 403 4277 1976 4354">
     <span class='ocr_line' id='line_1_76' title="bbox 403 4277 1976 4354; baseline -0.006 -16"><span class='ocrx_word' id='word_1_507' title='bbox 403 4282 607 4339; x_wconf 76' lang='lat' dir='ltr'><strong>Rixner</strong></span> <span class='ocrx_word' id='word_1_508' title='bbox 633 4283 710 4354; x_wconf 78' lang='grc' dir='ltr'><strong>(ά)</strong></span> <span class='ocrx_word' id='word_1_509' title='bbox 741 4281 1025 4354; x_wconf 85' lang='lat' dir='ltr'><strong>Erigenam</strong></span> <span class='ocrx_word' id='word_1_510' title='bbox 1052 4280 1427 4351; x_wconf 91' lang='lat' dir='ltr'><strong>philosophum</strong></span> <span class='ocrx_word' id='word_1_511' title='bbox 1472 4293 1743 4349; x_wconf 85' lang='lat' dir='ltr'><strong>magnum,</strong></span> <span class='ocrx_word' id='word_1_512' title='bbox 1797 4277 1976 4347; x_wconf 85' lang='lat' dir='ltr'><strong>singu-</strong></span> 
     </span>
    </p>
   </div>
   <div class='ocr_carea' id='block_1_77' title="bbox 405 4366 1972 4444">
    <p class='ocr_par' dir='ltr' id='par_1_77' title="bbox 405 4366 1972 4444">
     <span class='ocr_line' id='line_1_77' title="bbox 405 4366 1972 4444; baseline -0.004 -17"><span class='ocrx_word' id='word_1_513' title='bbox 405 4373 594 4440; x_wconf 90' lang='lat' dir='ltr'><strong>larem,</strong></span> <span class='ocrx_word' id='word_1_514' title='bbox 622 4373 898 4429; x_wconf 89' lang='lat' dir='ltr'><strong>dialectica</strong></span> <span class='ocrx_word' id='word_1_515' title='bbox 921 4388 984 4428; x_wconf 89' lang='lat' dir='ltr'><strong>ac</strong></span> <span class='ocrx_word' id='word_1_516' title='bbox 1002 4372 1226 4444; x_wconf 82' lang='lat' dir='ltr'><strong>mystica</strong></span> <span class='ocrx_word' id='word_1_517' title='bbox 1249 4380 1364 4426; x_wconf 89' lang='lat' dir='ltr'><strong>arte</strong></span> <span class='ocrx_word' id='word_1_518' title='bbox 1387 4379 1442 4426; x_wconf 91' lang='lat' dir='ltr'><strong>et</strong></span> <span class='ocrx_word' id='word_1_519' title='bbox 1460 4369 1686 4425; x_wconf 89' lang='lat' dir='ltr'><strong>scientia</strong></span> <span class='ocrx_word' id='word_1_520' title='bbox 1707 4366 1972 4438; x_wconf 90' lang='lat' dir='ltr'><strong>insignem</strong></span> 
     </span>
    </p>
   </div>
   <div class='ocr_carea' id='block_1_78' title="bbox 400 4457 1978 4532">
    <p class='ocr_par' dir='ltr' id='par_1_78' title="bbox 400 4457 1978 4532">
     <span class='ocr_line' id='line_1_78' title="bbox 400 4457 1978 4532; baseline -0.003 -16"><span class='ocrx_word' id='word_1_521' title='bbox 400 4479 501 4532; x_wconf 91' lang='lat' dir='ltr'><strong>pro</strong></span> <span class='ocrx_word' id='word_1_522' title='bbox 516 4463 777 4531; x_wconf 84' lang='lat' dir='ltr'><strong>dignitate</strong></span> <span class='ocrx_word' id='word_1_523' title='bbox 805 4464 1077 4529; x_wconf 89' lang='lat' dir='ltr'><strong>aestimat,</strong></span> <span class='ocrx_word' id='word_1_524' title='bbox 1111 4471 1167 4516; x_wconf 90' lang='lat' dir='ltr'><strong>et</strong></span> <span class='ocrx_word' id='word_1_525' title='bbox 1190 4462 1485 4532; x_wconf 91' lang='lat' dir='ltr'><strong>pleniorem</strong></span> <span class='ocrx_word' id='word_1_526' title='bbox 1507 4474 1728 4531; x_wconf 90' lang='lat' dir='ltr'><strong>operum</strong></span> <span class='ocrx_word' id='word_1_527' title='bbox 1757 4459 1822 4514; x_wconf 91' lang='lat' dir='ltr'><strong>de</strong></span> <span class='ocrx_word' id='word_1_528' title='bbox 1847 4457 1978 4512; x_wconf 88' lang='lat' dir='ltr'><strong>divi-</strong></span> 
     </span>
    </p>
   </div>
   <div class='ocr_carea' id='block_1_79' title="bbox 403 4548 1976 4620">
    <p class='ocr_par' dir='ltr' id='par_1_79' title="bbox 403 4548 1976 4620">
     <span class='ocr_line' id='line_1_79' title="bbox 403 4548 1976 4620; baseline -0.003 -14"><span class='ocrx_word' id='word_1_529' title='bbox 403 4554 556 4608; x_wconf 89' lang='lat' dir='ltr'><strong>sione</strong></span> <span class='ocrx_word' id='word_1_530' title='bbox 581 4551 816 4608; x_wconf 82' lang='lat' dir='ltr'><strong>Naturae</strong></span> <span class='ocrx_word' id='word_1_531' title='bbox 863 4561 919 4607; x_wconf 88' lang='lat' dir='ltr'><strong>et</strong></span> <span class='ocrx_word' id='word_1_532' title='bbox 965 4554 1033 4608; x_wconf 90' lang='lat' dir='ltr'><strong>de</strong></span> <span class='ocrx_word' id='word_1_533' title='bbox 1065 4552 1562 4609; x_wconf 86' lang='lat' dir='ltr'><strong>Praedestinatione</strong></span> <span class='ocrx_word' id='word_1_534' title='bbox 1601 4551 1874 4620; x_wconf 89' lang='lat' dir='ltr'><strong>epitomen</strong></span> <span class='ocrx_word' id='word_1_535' title='bbox 1919 4548 1976 4603; x_wconf 93' lang='lat' dir='ltr'><strong>in</strong></span> 
     </span>
    </p>
   </div>
   <div class='ocr_carea' id='block_1_80' title="bbox 408 4637 1976 4713">
    <p class='ocr_par' dir='ltr' id='par_1_80' title="bbox 408 4637 1976 4713">
     <span class='ocr_line' id='line_1_80' title="bbox 408 4637 1976 4713; baseline -0.003 -17"><span class='ocrx_word' id='word_1_536' title='bbox 408 4643 514 4698; x_wconf 79' lang='lat' dir='ltr'><strong>fine</strong></span> <span class='ocrx_word' id='word_1_537' title='bbox 567 4642 697 4698; x_wconf 89' lang='lat' dir='ltr'><strong>tomi</strong></span> <span class='ocrx_word' id='word_1_538' title='bbox 753 4643 972 4698; x_wconf 90' lang='lat' dir='ltr'><strong>secundi</strong></span> <span class='ocrx_word' id='word_1_539' title='bbox 1021 4642 1281 4698; x_wconf 87' lang='lat' dir='ltr'><strong>historiae</strong></span> <span class='ocrx_word' id='word_1_540' title='bbox 1335 4641 1708 4713; x_wconf 86' lang='lat' dir='ltr'><strong>philosophiae</strong></span> <span class='ocrx_word' id='word_1_541' title='bbox 1757 4637 1976 4708; x_wconf 85' lang='lat' dir='ltr'><strong>adjecit.</strong></span> 
     </span>
    </p>
   </div>
   <div class='ocr_carea' id='block_1_81' title="bbox 479 4831 1975 4906">
    <p class='ocr_par' dir='ltr' id='par_1_81' title="bbox 479 4831 1975 4906">
     <span class='ocr_line' id='line_1_81' title="bbox 479 4831 1975 4906; baseline -0.001 -19"><span class='ocrx_word' id='word_1_542' title='bbox 479 4834 554 4906; x_wconf 90' lang='lat' dir='ltr'><strong>(a)</strong></span> <span class='ocrx_word' id='word_1_543' title='bbox 586 4831 918 4906; x_wconf 68' lang='lat' dir='ltr'><strong>Phifosophie</strong></span> <span class='ocrx_word' id='word_1_544' title='bbox 946 4835 1039 4888; x_wconf 84' lang='lat' dir='ltr'><strong>der</strong></span> <span class='ocrx_word' id='word_1_545' title='bbox 1065 4832 1642 4906; x_wconf 35' lang='lat' dir='ltr'><strong>GeschichteaTomJl,</strong></span> <span class='ocrx_word' id='word_1_546' title='bbox 1663 4847 1726 4906; x_wconf 60' lang='grc' dir='ltr'><strong>ρ.</strong></span> <span class='ocrx_word' id='word_1_547' title='bbox 1755 4831 1876 4906; x_wconf 58' lang='grc' dir='ltr'><strong>ιὸρ.</strong></span> <span class='ocrx_word' id='word_1_548' title='bbox 1895 4831 1975 4906; x_wconf 71' lang='lat' dir='ltr'><strong>Cf.</strong></span> 
     </span>
    </p>
   </div>
   <div class='ocr_carea' id='block_1_82' title="bbox 408 4899 1986 4974">
    <p class='ocr_par' dir='ltr' id='par_1_82' title="bbox 408 4899 1986 4974">
     <span class='ocr_line' id='line_1_82' title="bbox 408 4899 1986 4974; baseline -0.002 -16"><span class='ocrx_word' id='word_1_549' title='bbox 408 4899 566 4974; x_wconf 72' lang='lat' dir='ltr'><strong>litigo</strong></span> <span class='ocrx_word' id='word_1_550' title='bbox 599 4920 649 4958; x_wconf 76' lang='lat' dir='ltr'><strong>v.</strong></span> <span class='ocrx_word' id='word_1_551' title='bbox 683 4904 765 4974; x_wconf 60' lang='lat' dir='ltr'><strong>St.</strong></span> <span class='ocrx_word' id='word_1_552' title='bbox 803 4899 1007 4974; x_wconf 78' lang='lat' dir='ltr'><strong>Victor,</strong></span> <span class='ocrx_word' id='word_1_553' title='bbox 1039 4919 1143 4958; x_wconf 89' lang='lat' dir='ltr'><strong>von</strong></span> <span class='ocrx_word' id='word_1_554' title='bbox 1171 4903 1262 4974; x_wconf 79' lang='lat' dir='ltr'><strong>Dr.</strong></span> <span class='ocrx_word' id='word_1_555' title='bbox 1297 4903 1560 4974; x_wconf 87' lang='lat' dir='ltr'><strong>Liebener</strong></span> <span class='ocrx_word' id='word_1_556' title='bbox 1581 4899 1714 4974; x_wconf 83' lang='lat' dir='ltr'><strong>p._7.</strong></span> <span class='ocrx_word' id='word_1_557' title='bbox 1739 4909 1794 4956; x_wconf 93' lang='lat' dir='ltr'><strong>et</strong></span> <span class='ocrx_word' id='word_1_558' title='bbox 1821 4899 1986 4955; x_wconf 85' lang='lat' dir='ltr'><strong>Ueber</strong></span> 
     </span>
    </p>
   </div>
   <div class='ocr_carea' id='block_1_83' title="bbox 409 4969 1986 5033">
    <p class='ocr_par' dir='ltr' id='par_1_83' title="bbox 409 4969 1986 5033">
     <span class='ocr_line' id='line_1_83' title="bbox 409 4969 1986 5033; baseline -0.001 -6"><span class='ocrx_word' id='word_1_559' title='bbox 409 4969 679 5033; x_wconf 43' lang='lat' dir='ltr'><strong>die&#39;myst.</strong></span> <span class='ocrx_word' id='word_1_560' title='bbox 710 4973 888 5028; x_wconf 82' lang='lat' dir='ltr'><strong>Theol.</strong></span> <span class='ocrx_word' id='word_1_561' title='bbox 925 4973 1016 5028; x_wconf 80' lang='lat' dir='ltr'><strong>des</strong></span> <span class='ocrx_word' id='word_1_562' title='bbox 1049 4974 1173 5027; x_wconf 85' lang='lat' dir='ltr'><strong>Joh.</strong></span> <span class='ocrx_word' id='word_1_563' title='bbox 1211 4972 1449 5027; x_wconf 85' lang='lat' dir='ltr'><strong>Charlier</strong></span> <span class='ocrx_word' id='word_1_564' title='bbox 1474 4969 1598 5025; x_wconf 52' lang='lat' dir='ltr'><strong>von&#39;</strong></span> <span class='ocrx_word' id='word_1_565' title='bbox 1618 4969 1846 5033; x_wconf 84' lang='lat' dir='ltr'><strong>Gerson,</strong></span> <span class='ocrx_word' id='word_1_566' title='bbox 1881 4986 1986 5025; x_wconf 87' lang='lat' dir='ltr'><strong>von</strong></span> 
     </span>
    </p>
   </div>
   <div class='ocr_carea' id='block_1_84' title="bbox 408 5039 1983 5113">
    <p class='ocr_par' dir='ltr' id='par_1_84' title="bbox 408 5039 1983 5113">
     <span class='ocr_line' id='line_1_84' title="bbox 408 5039 1983 5113; baseline -0.003 -15"><span class='ocrx_word' id='word_1_567' title='bbox 408 5047 501 5098; x_wconf 79' lang='lat' dir='ltr'><strong>llr.</strong></span> <span class='ocrx_word' id='word_1_568' title='bbox 553 5039 910 5113; x_wconf 79' lang='lat' dir='ltr'><strong>Hundshagen</strong></span> <span class='ocrx_word' id='word_1_569' title='bbox 937 5059 964 5113; x_wconf 13' lang='lat'><strong>;7</strong></span> <span class='ocrx_word' id='word_1_570' title='bbox 1010 5043 1316 5113; x_wconf 77' lang='lat' dir='ltr'><strong>Illgen&#39;sche</strong></span> <span class='ocrx_word' id='word_1_571' title='bbox 1350 5039 1650 5111; x_wconf 79' lang='lat' dir='ltr'><strong>Zeitschrift</strong></span> <span class='ocrx_word' id='word_1_572' title='bbox 1685 5041 1771 5111; x_wconf 75' lang='grc' dir='ltr'><strong>[ἅν</strong></span> <span class='ocrx_word' id='word_1_573' title='bbox 1799 5040 1983 5095; x_wconf 82' lang='lat' dir='ltr'><strong>histor.</strong></span> 
     </span>
    </p>
   </div>
   <div class='ocr_carea' id='block_1_85' title="bbox 411 5112 1488 5182">
    <p class='ocr_par' dir='ltr' id='par_1_85' title="bbox 411 5112 1488 5182">
     <span class='ocr_line' id='line_1_85' title="bbox 411 5112 1488 5182; baseline -0.003 -15"><span class='ocrx_word' id='word_1_574' title='bbox 411 5112 590 5167; x_wconf 85' lang='lat' dir='ltr'><strong>Theol.</strong></span> <span class='ocrx_word' id='word_1_575' title='bbox 623 5113 717 5166; x_wconf 86' lang='lat' dir='ltr'><strong>Bd.</strong></span> <span class='ocrx_word' id='word_1_576' title='bbox 747 5112 835 5166; x_wconf 79' lang='lat' dir='ltr'><strong>IV.</strong></span> <span class='ocrx_word' id='word_1_577' title='bbox 867 5112 989 5167; x_wconf 84' lang='lat' dir='ltr'><strong>Heft</strong></span> <span class='ocrx_word' id='word_1_578' title='bbox 1017 5115 1069 5172; x_wconf 81' lang='lat' dir='ltr'><strong>l,</strong></span> <span class='ocrx_word' id='word_1_579' title='bbox 1099 5129 1218 5182; x_wconf 90' lang='lat' dir='ltr'><strong>pag.</strong></span> <span class='ocrx_word' id='word_1_580' title='bbox 1251 5112 1339 5176; x_wconf 70' lang='lat'><strong>82,</strong></span> <span class='ocrx_word' id='word_1_581' title='bbox 1375 5127 1488 5180; x_wconf 89' lang='lat' dir='ltr'><strong>seq.</strong></span> 
     </span>
    </p>
   </div>
   <div class='ocr_carea' id='block_1_86' title="bbox 443 5129 1986 5262">
    <p class='ocr_par' dir='ltr' id='par_1_86' title="bbox 443 5129 1986 5262">
     <span class='ocr_line' id='line_1_86' title="bbox 455 5129 1488 5234; baseline -0.003 -67"><span class='ocrx_word' id='word_1_582' title='bbox 455 5129 590 5167; x_wconf 83' lang='lat' dir='ltr'><strong>neat.</strong></span> <span class='ocrx_word' id='word_1_583' title='bbox 625 5129 717 5166; x_wconf 73' lang='lat' dir='ltr'><strong>rso.</strong></span> <span class='ocrx_word' id='word_1_584' title='bbox 749 5129 835 5166; x_wconf 79' lang='lat' dir='ltr'><strong>tv.</strong></span> <span class='ocrx_word' id='word_1_585' title='bbox 867 5129 989 5167; x_wconf 81' lang='lat' dir='ltr'><strong>neu</strong></span> <span class='ocrx_word' id='word_1_586' title='bbox 1017 5129 1069 5172; x_wconf 75' lang='grc' dir='ltr'><strong>ι,</strong></span> <span class='ocrx_word' id='word_1_587' title='bbox 1099 5129 1218 5234; x_wconf 69' lang='lat' dir='ltr'><strong>pag.</strong></span> <span class='ocrx_word' id='word_1_588' title='bbox 1251 5129 1339 5176; x_wconf 70' lang='lat' dir='ltr'><strong>az,</strong></span> <span class='ocrx_word' id='word_1_589' title='bbox 1375 5129 1488 5180; x_wconf 89' lang='lat' dir='ltr'><strong>seq.</strong></span> 
     </span>
     <span class='ocr_line' id='line_1_87' title="bbox 443 5179 1986 5262; baseline -0.002 -27"><span class='ocrx_word' id='word_1_590' title='bbox 443 5252 452 5262; x_wconf 81' lang='lat'>_</span> <span class='ocrx_word' id='word_1_591' title='bbox 487 5183 563 5262; x_wconf 70' lang='grc' dir='ltr'><strong>(ὁ)</strong></span> <span class='ocrx_word' id='word_1_592' title='bbox 600 5183 780 5262; x_wconf 56' lang='lat' dir='ltr'><strong>Ferri).</strong></span> <span class='ocrx_word' id='word_1_593' title='bbox 809 5183 1010 5262; x_wconf 66' lang='lat' dir='ltr'><strong>cognit.</strong></span> <span class='ocrx_word' id='word_1_594' title='bbox 1036 5181 1170 5262; x_wconf 51' lang='lat' dir='ltr'><strong>Vl.”</strong></span> <span class='ocrx_word' id='word_1_595' title='bbox 1196 5182 1364 5262; x_wconf 72' lang='lat' dir='ltr'><strong>as_eic_.</strong></span> <span class='ocrx_word' id='word_1_596' title='bbox 1385 5196 1504 5262; x_wconf 65' lang='lat' dir='ltr'><strong>pag.</strong></span> <span class='ocrx_word' id='word_1_597' title='bbox 1536 5197 1680 5262; x_wconf 53' lang='lat' dir='ltr'><strong>353m:</strong></span> <span class='ocrx_word' id='word_1_598' title='bbox 1713 5180 1796 5262; x_wconf 61' lang='lat' dir='ltr'><strong>Cf.</strong></span> <span class='ocrx_word' id='word_1_599' title='bbox 1823 5179 1986 5262; x_wconf 68' lang='lat' dir='ltr'><strong>etiam</strong></span> 
     </span>
    </p>
   </div>
   <div class='ocr_carea' id='block_1_87' title="bbox 409 5245 1987 5323">
    <p class='ocr_par' dir='ltr' id='par_1_87' title="bbox 409 5245 1987 5323">
     <span class='ocr_line' id='line_1_88' title="bbox 409 5245 1987 5323; baseline -0.003 -17"><span class='ocrx_word' id='word_1_600' title='bbox 409 5245 650 5320; x_wconf 75' lang='lat' dir='ltr'><strong>ejusdem</strong></span> <span class='ocrx_word' id='word_1_601' title='bbox 699 5245 1203 5323; x_wconf 49' lang='grc' dir='ltr'><strong>8ῳ8.”υοςηιριὶ1ς,</strong></span> <span class='ocrx_word' id='word_1_602' title='bbox 1249 5245 1506 5323; x_wconf 63' lang='grc' dir='ltr'><strong>ΠετιῚῂ</strong></span> <span class='ocrx_word' id='word_1_603' title='bbox 1548 5250 1700 5323; x_wconf 76' lang='lat' dir='ltr'><strong>_Vorl._</strong></span> <span class='ocrx_word' id='word_1_604' title='bbox 1751 5250 1830 5323; x_wconf 84' lang='lat'><strong>9._</strong></span> <span class='ocrx_word' id='word_1_605' title='bbox 1861 5245 1987 5323; x_wconf 53' lang='lat' dir='ltr'><strong>Ven}</strong></span> 
     </span>
    </p>
   </div>
   <div class='ocr_carea' id='block_1_88' title="bbox 416 5317 1995 5394">
    <p class='ocr_par' dir='ltr' id='par_1_88' title="bbox 416 5317 1995 5394">
     <span class='ocr_line' id='line_1_89' title="bbox 416 5317 1995 5394; baseline -0.004 -18"><span class='ocrx_word' id='word_1_606' title='bbox 416 5317 585 5394; x_wconf 59' lang='lat' dir='ltr'><strong>Segeit</strong></span> <span class='ocrx_word' id='word_1_607' title='bbox 609 5317 910 5394; x_wconf 15' lang='lat' dir='ltr'><strong>undrFluch</strong></span> <span class='ocrx_word' id='word_1_608' title='bbox 935 5317 1028 5394; x_wconf 56' lang='lat' dir='ltr'><strong>de&#39;r</strong></span> <span class='ocrx_word' id='word_1_609' title='bbox 1053 5319 1306 5394; x_wconf 71' lang='lat' dir='ltr'><strong>Creatur;</strong></span> <span class='ocrx_word' id='word_1_610' title='bbox 1328 5317 1629 5394; x_wconf 71' lang='lat' dir='ltr'><strong>et_:_Ueber</strong></span> <span class='ocrx_word' id='word_1_611' title='bbox 1659 5320 1765 5394; x_wconf 84' lang='lat' dir='ltr'><strong>_dcn</strong></span> <span class='ocrx_word' id='word_1_612' title='bbox 1791 5317 1995 5394; x_wconf 64' lang='lat' dir='ltr'><strong>Begri/f</strong></span> 
     </span>
    </p>
   </div>
   <div class='ocr_carea' id='block_1_89' title="bbox 411 5385 1986 5462">
    <p class='ocr_par' dir='ltr' id='par_1_89' title="bbox 411 5385 1986 5462">
     <span class='ocr_line' id='line_1_90' title="bbox 411 5385 1986 5462; baseline -0.003 -18"><span class='ocrx_word' id='word_1_613' title='bbox 411 5385 511 5446; x_wconf 77' lang='grc' dir='ltr'><em>άεέ</em></span> <span class='ocrx_word' id='word_1_614' title='bbox 532 5392 796 5462; x_wconf 82' lang='lat' dir='ltr'><strong>Gut-oder</strong></span> <span class='ocrx_word' id='word_1_615' title='bbox 840 5391 1161 5462; x_wconf 54' lang='lat' dir='ltr'><strong>positio-alid</strong></span> <span class='ocrx_word' id='word_1_616' title='bbox 1197 5389 1286 5442; x_wconf 85' lang='lat' dir='ltr'><strong>des</strong></span> <span class='ocrx_word' id='word_1_617' title='bbox 1329 5385 1728 5459; x_wconf 82' lang='lat' dir='ltr'><strong>Nichtgut-oder</strong></span> <span class='ocrx_word' id='word_1_618' title='bbox 1757 5385 1986 5457; x_wconf 63' lang='lat' dir='ltr'><strong>negativ-</strong></span> 
     </span>
    </p>
   </div>
   <div class='ocr_carea' id='block_1_90' title="bbox 412 5456 1286 5530">
    <p class='ocr_par' dir='ltr' id='par_1_90' title="bbox 412 5456 1286 5530">
     <span class='ocr_line' id='line_1_91' title="bbox 412 5456 1286 5530; baseline -0.002 -16"><span class='ocrx_word' id='word_1_619' title='bbox 412 5461 749 5530; x_wconf 83' lang='lat' dir='ltr'><strong>gewordenen</strong></span> <span class='ocrx_word' id='word_1_620' title='bbox 771 5456 1041 5517; x_wconf 73' lang='lat' dir='ltr'><strong>endlichen</strong></span> <span class='ocrx_word' id='word_1_621' title='bbox 1070 5456 1286 5513; x_wconf 76' lang='lat' dir='ltr'><strong>Geistes.</strong></span> 
     </span>
    </p>
   </div>
   <div class='ocr_carea' id='block_1_91' title="bbox 487 5611 1986 5683">
    <p class='ocr_par' dir='ltr' id='par_1_91' title="bbox 487 5611 1986 5683">
     <span class='ocr_line' id='line_1_92' title="bbox 487 5611 1986 5683; baseline -0.003 -17"><span class='ocrx_word' id='word_1_622' title='bbox 487 5615 515 5646; x_wconf 64' lang='lat'><strong>“</strong></span> <span class='ocrx_word' id='word_1_623' title='bbox 543 5611 874 5683; x_wconf 76' lang='lat' dir='ltr'><strong>Praejudicio</strong></span> <span class='ocrx_word' id='word_1_624' title='bbox 898 5629 1029 5669; x_wconf 90' lang='lat' dir='ltr'><strong>sane</strong></span> <span class='ocrx_word' id='word_1_625' title='bbox 1049 5613 1194 5669; x_wconf 93' lang='lat' dir='ltr'><strong>ducti</strong></span> <span class='ocrx_word' id='word_1_626' title='bbox 1217 5626 1321 5667; x_wconf 92' lang='lat' dir='ltr'><strong>non</strong></span> <span class='ocrx_word' id='word_1_627' title='bbox 1343 5625 1461 5666; x_wconf 90' lang='lat' dir='ltr'><strong>esse</strong></span> <span class='ocrx_word' id='word_1_628' title='bbox 1486 5611 1986 5683; x_wconf 74' lang='lat' dir='ltr'><strong>videnturvetercs,</strong></span> 
     </span>
    </p>
   </div>
   <div class='ocr_carea' id='block_1_92' title="bbox 415 5680 1983 5754">
    <p class='ocr_par' dir='ltr' id='par_1_92' title="bbox 415 5680 1983 5754">
     <span class='ocr_line' id='line_1_93' title="bbox 415 5680 1983 5754; baseline -0.005 -16"><span class='ocrx_word' id='word_1_629' title='bbox 415 5684 504 5753; x_wconf 89' lang='lat' dir='ltr'><strong>qui</strong></span> <span class='ocrx_word' id='word_1_630' title='bbox 545 5682 592 5737; x_wconf 85' lang='lat' dir='ltr'><strong>J.</strong></span> <span class='ocrx_word' id='word_1_631' title='bbox 643 5680 788 5738; x_wconf 85' lang='lat' dir='ltr'><strong>Scoti</strong></span> <span class='ocrx_word' id='word_1_632' title='bbox 819 5684 982 5740; x_wconf 84' lang='lat' dir='ltr'><strong>falsas</strong></span> <span class='ocrx_word' id='word_1_633' title='bbox 1032 5684 1311 5754; x_wconf 89' lang='lat' dir='ltr'><strong>opiniones</strong></span> <span class='ocrx_word' id='word_1_634' title='bbox 1349 5682 1610 5738; x_wconf 84' lang='lat' dir='ltr'><strong>acerrime</strong></span> <span class='ocrx_word' id='word_1_635' title='bbox 1643 5680 1983 5752; x_wconf 84' lang='lat' dir='ltr'><strong>judicarunt;</strong></span> 
     </span>
    </p>
   </div>
   <div class='ocr_carea' id='block_1_93' title="bbox 2065 3194 3637 3273">
    <p class='ocr_par' dir='ltr' id='par_1_93' title="bbox 2065 3194 3637 3273">
     <span class='ocr_line' id='line_1_94' title="bbox 2065 3194 3637 3273; baseline -0.009 -14"><span class='ocrx_word' id='word_1_636' title='bbox 2065 3218 2294 3273; x_wconf 90' lang='lat' dir='ltr'><strong>eamque</strong></span> <span class='ocrx_word' id='word_1_637' title='bbox 2344 3203 2486 3257; x_wconf 91' lang='lat' dir='ltr'><strong>inter</strong></span> <span class='ocrx_word' id='word_1_638' title='bbox 2529 3202 2663 3255; x_wconf 84' lang='lat' dir='ltr'><strong>fines</strong></span> <span class='ocrx_word' id='word_1_639' title='bbox 2710 3199 2871 3255; x_wconf 92' lang='lat' dir='ltr'><strong>nimis</strong></span> <span class='ocrx_word' id='word_1_640' title='bbox 2915 3205 3168 3268; x_wconf 86' lang='lat' dir='ltr'><strong>angustos</strong></span> <span class='ocrx_word' id='word_1_641' title='bbox 3221 3194 3637 3256; x_wconf 88' lang='lat' dir='ltr'><strong>coarctantium,</strong></span> 
     </span>
    </p>
   </div>
   <div class='ocr_carea' id='block_1_94' title="bbox 2065 3287 3640 3364">
    <p class='ocr_par' dir='ltr' id='par_1_94' title="bbox 2065 3287 3640 3364">
     <span class='ocr_line' id='line_1_95' title="bbox 2065 3287 3640 3364; baseline -0.008 -15"><span class='ocrx_word' id='word_1_642' title='bbox 2065 3292 2404 3364; x_wconf 90' lang='lat' dir='ltr'><strong>praejudiciis</strong></span> <span class='ocrx_word' id='word_1_643' title='bbox 2438 3291 2681 3360; x_wconf 92' lang='lat' dir='ltr'><strong>impliciti</strong></span> <span class='ocrx_word' id='word_1_644' title='bbox 2729 3288 3012 3344; x_wconf 90' lang='lat' dir='ltr'><strong>admodum</strong></span> <span class='ocrx_word' id='word_1_645' title='bbox 3052 3287 3266 3358; x_wconf 90' lang='lat' dir='ltr'><strong>quidem</strong></span> <span class='ocrx_word' id='word_1_646' title='bbox 3307 3292 3520 3349; x_wconf 87' lang='lat' dir='ltr'><strong>cavent,</strong></span> <span class='ocrx_word' id='word_1_647' title='bbox 3571 3298 3640 3337; x_wconf 91' lang='lat' dir='ltr'><strong>ne</strong></span> 
     </span>
    </p>
   </div>
   <div class='ocr_carea' id='block_1_95' title="bbox 2068 3373 3639 3448">
    <p class='ocr_par' dir='ltr' id='par_1_95' title="bbox 2068 3373 3639 3448">
     <span class='ocr_line' id='line_1_96' title="bbox 2068 3373 3639 3448; baseline -0.008 -12"><span class='ocrx_word' id='word_1_648' title='bbox 2068 3383 2210 3438; x_wconf 89' lang='lat' dir='ltr'><strong>Deus</strong></span> <span class='ocrx_word' id='word_1_649' title='bbox 2236 3396 2358 3437; x_wconf 89' lang='lat' dir='ltr'><strong>cum</strong></span> <span class='ocrx_word' id='word_1_650' title='bbox 2385 3388 2633 3435; x_wconf 88' lang='lat' dir='ltr'><strong>creatura</strong></span> <span class='ocrx_word' id='word_1_651' title='bbox 2665 3391 2811 3432; x_wconf 92' lang='lat' dir='ltr'><strong>more</strong></span> <span class='ocrx_word' id='word_1_652' title='bbox 2831 3377 3106 3448; x_wconf 91' lang='lat' dir='ltr'><strong>gentilium</strong></span> <span class='ocrx_word' id='word_1_653' title='bbox 3127 3373 3478 3446; x_wconf 88' lang='lat' dir='ltr'><strong>pantheistice</strong></span> <span class='ocrx_word' id='word_1_654' title='bbox 3505 3386 3639 3425; x_wconf 83' lang='lat' dir='ltr'><strong>con—</strong></span> 
     </span>
    </p>
   </div>
   <div class='ocr_carea' id='block_1_96' title="bbox 2069 3462 3642 3540">
    <p class='ocr_par' dir='ltr' id='par_1_96' title="bbox 2069 3462 3642 3540">
     <span class='ocr_line' id='line_1_97' title="bbox 2069 3462 3642 3540; baseline -0.01 -13"><span class='ocrx_word' id='word_1_655' title='bbox 2069 3472 2360 3535; x_wconf 86' lang='lat' dir='ltr'><strong>fundatur,</strong></span> <span class='ocrx_word' id='word_1_656' title='bbox 2423 3484 2760 3540; x_wconf 87' lang='lat' dir='ltr'><strong>nequaquam</strong></span> <span class='ocrx_word' id='word_1_657' title='bbox 2810 3482 2939 3522; x_wconf 90' lang='lat' dir='ltr'><strong>vero</strong></span> <span class='ocrx_word' id='word_1_658' title='bbox 2988 3466 3239 3537; x_wconf 86' lang='lat' dir='ltr'><strong>abyssum</strong></span> <span class='ocrx_word' id='word_1_659' title='bbox 3297 3463 3364 3534; x_wconf 74' lang='lat' dir='ltr'><strong>(f)</strong></span> <span class='ocrx_word' id='word_1_660' title='bbox 3418 3462 3642 3524; x_wconf 89' lang='lat' dir='ltr'><strong>timent,</strong></span> 
     </span>
    </p>
   </div>
   <div class='ocr_carea' id='block_1_97' title="bbox 2069 3549 3645 3630">
    <p class='ocr_par' dir='ltr' id='par_1_97' title="bbox 2069 3549 3645 3630">
     <span class='ocr_line' id='line_1_98' title="bbox 2069 3549 3645 3630; baseline -0.008 -14"><span class='ocrx_word' id='word_1_661' title='bbox 2069 3562 2210 3617; x_wconf 90' lang='lat' dir='ltr'><strong>inter</strong></span> <span class='ocrx_word' id='word_1_662' title='bbox 2234 3569 2519 3630; x_wconf 86' lang='lat' dir='ltr'><strong>utrumque</strong></span> <span class='ocrx_word' id='word_1_663' title='bbox 2539 3560 2731 3614; x_wconf 90' lang='lat' dir='ltr'><strong>iterum</strong></span> <span class='ocrx_word' id='word_1_664' title='bbox 2753 3557 3012 3620; x_wconf 91' lang='lat' dir='ltr'><strong>hiantem,</strong></span> <span class='ocrx_word' id='word_1_665' title='bbox 3032 3570 3191 3625; x_wconf 90' lang='lat' dir='ltr'><strong>quem</strong></span> <span class='ocrx_word' id='word_1_666' title='bbox 3219 3562 3354 3608; x_wconf 90' lang='lat' dir='ltr'><strong>teste</strong></span> <span class='ocrx_word' id='word_1_667' title='bbox 3381 3551 3440 3605; x_wconf 91' lang='lat' dir='ltr'><strong>S.</strong></span> <span class='ocrx_word' id='word_1_668' title='bbox 3476 3549 3645 3604; x_wconf 88' lang='lat' dir='ltr'><strong>Paulo</strong></span> 
     </span>
    </p>
   </div>
   <div class='ocr_carea' id='block_1_98' title="bbox 2070 3639 3647 3722">
    <p class='ocr_par' dir='ltr' id='par_1_98' title="bbox 2070 3639 3647 3722">
     <span class='ocr_line' id='line_1_99' title="bbox 2070 3639 3647 3722; baseline -0.008 -15"><span class='ocrx_word' id='word_1_669' title='bbox 2070 3653 2158 3722; x_wconf 91' lang='lat' dir='ltr'><strong>(ad</strong></span> <span class='ocrx_word' id='word_1_670' title='bbox 2181 3651 2441 3721; x_wconf 89' lang='lat' dir='ltr'><strong>Ephesios</strong></span> <span class='ocrx_word' id='word_1_671' title='bbox 2469 3649 2529 3706; x_wconf 91' lang='lat' dir='ltr'><strong>C.</strong></span> <span class='ocrx_word' id='word_1_672' title='bbox 2561 3649 2622 3715; x_wconf 91' lang='lat' dir='ltr'><strong>ll,</strong></span> <span class='ocrx_word' id='word_1_673' title='bbox 2655 3666 2710 3704; x_wconf 94' lang='lat' dir='ltr'><strong>v.</strong></span> <span class='ocrx_word' id='word_1_674' title='bbox 2756 3650 2844 3714; x_wconf 77' lang='lat'><strong>13,</strong></span> <span class='ocrx_word' id='word_1_675' title='bbox 2881 3663 2995 3718; x_wconf 87' lang='lat' dir='ltr'><strong>seq.</strong></span> <span class='ocrx_word' id='word_1_676' title='bbox 3037 3656 3092 3702; x_wconf 88' lang='lat' dir='ltr'><strong>et</strong></span> <span class='ocrx_word' id='word_1_677' title='bbox 3132 3645 3199 3702; x_wconf 91' lang='lat' dir='ltr'><strong>ad</strong></span> <span class='ocrx_word' id='word_1_678' title='bbox 3240 3644 3444 3701; x_wconf 85' lang='lat' dir='ltr'><strong>Coloss.</strong></span> <span class='ocrx_word' id='word_1_679' title='bbox 3493 3641 3551 3697; x_wconf 90' lang='lat' dir='ltr'><strong>C.</strong></span> <span class='ocrx_word' id='word_1_680' title='bbox 3600 3639 3647 3707; x_wconf 90' lang='lat' dir='ltr'><strong>l,</strong></span> 
     </span>
    </p>
   </div>
   <div class='ocr_carea' id='block_1_99' title="bbox 2067 3730 3650 3813">
    <p class='ocr_par' dir='ltr' id='par_1_99' title="bbox 2067 3730 3650 3813">
     <span class='ocr_line' id='line_1_100' title="bbox 2067 3730 3650 3813; baseline -0.006 -17"><span class='ocrx_word' id='word_1_681' title='bbox 2067 3760 2123 3797; x_wconf 89' lang='lat' dir='ltr'><strong>v.</strong></span> <span class='ocrx_word' id='word_1_682' title='bbox 2162 3743 2250 3813; x_wconf 81' lang='grc'><strong>19)</strong></span> <span class='ocrx_word' id='word_1_683' title='bbox 2281 3741 2527 3798; x_wconf 88' lang='lat' dir='ltr'><strong>Salvator</strong></span> <span class='ocrx_word' id='word_1_684' title='bbox 2571 3749 2754 3796; x_wconf 90' lang='lat' dir='ltr'><strong>noster</strong></span> <span class='ocrx_word' id='word_1_685' title='bbox 2782 3740 2855 3793; x_wconf 90' lang='lat' dir='ltr'><strong>ita</strong></span> <span class='ocrx_word' id='word_1_686' title='bbox 2893 3737 3106 3803; x_wconf 89' lang='lat' dir='ltr'><strong>clausit,</strong></span> <span class='ocrx_word' id='word_1_687' title='bbox 3148 3744 3208 3790; x_wconf 92' lang='lat' dir='ltr'><strong>ut</strong></span> <span class='ocrx_word' id='word_1_688' title='bbox 3249 3754 3268 3787; x_wconf 82' lang='grc'><strong>‹</strong></span> <span class='ocrx_word' id='word_1_689' title='bbox 3309 3743 3534 3803; x_wconf 88' lang='lat' dir='ltr'><strong>utraque</strong></span> <span class='ocrx_word' id='word_1_690' title='bbox 3569 3730 3650 3786; x_wconf 82' lang='lat' dir='ltr'><strong>fa-</strong></span> 
     </span>
    </p>
   </div>
   <div class='ocr_carea' id='block_1_100' title="bbox 2071 3821 3652 3900">
    <p class='ocr_par' dir='ltr' id='par_1_100' title="bbox 2071 3821 3652 3900">
     <span class='ocr_line' id='line_1_101' title="bbox 2071 3821 3652 3900; baseline -0.01 -9"><span class='ocrx_word' id='word_1_691' title='bbox 2071 3846 2215 3891; x_wconf 87' lang='lat' dir='ltr'><strong>ceret</strong></span> <span class='ocrx_word' id='word_1_692' title='bbox 2240 3850 2402 3889; x_wconf 92' lang='lat' dir='ltr'><strong>unum</strong></span> <span class='ocrx_word' id='word_1_693' title='bbox 2443 3853 2488 3887; x_wconf 71' lang='grc' dir='ltr'><strong>ι.</strong></span> <span class='ocrx_word' id='word_1_694' title='bbox 2544 3833 2690 3888; x_wconf 88' lang='lat' dir='ltr'><strong>Inter</strong></span> <span class='ocrx_word' id='word_1_695' title='bbox 2717 3829 2978 3900; x_wconf 88' lang='lat' dir='ltr'><strong>ejusmodi</strong></span> <span class='ocrx_word' id='word_1_696' title='bbox 3004 3828 3150 3884; x_wconf 92' lang='lat' dir='ltr'><strong>viros</strong></span> <span class='ocrx_word' id='word_1_697' title='bbox 3201 3823 3522 3881; x_wconf 89' lang='lat' dir='ltr'><strong>numerandi</strong></span> <span class='ocrx_word' id='word_1_698' title='bbox 3570 3821 3652 3875; x_wconf 88' lang='lat' dir='ltr'><strong>vi-</strong></span> 
     </span>
    </p>
   </div>
   <div class='ocr_carea' id='block_1_101' title="bbox 2072 3911 3651 3994">
    <p class='ocr_par' dir='ltr' id='par_1_101' title="bbox 2072 3911 3651 3994">
     <span class='ocr_line' id='line_1_102' title="bbox 2072 3911 3651 3994; baseline -0.013 -12"><span class='ocrx_word' id='word_1_699' title='bbox 2072 3927 2267 3982; x_wconf 90' lang='lat' dir='ltr'><strong>dentur</strong></span> <span class='ocrx_word' id='word_1_700' title='bbox 2311 3925 2603 3994; x_wconf 89' lang='lat' dir='ltr'><strong>scriptores</strong></span> <span class='ocrx_word' id='word_1_701' title='bbox 2644 3921 2908 3977; x_wconf 83' lang='lat' dir='ltr'><strong>historiae</strong></span> <span class='ocrx_word' id='word_1_702' title='bbox 2951 3917 3286 3973; x_wconf 87' lang='lat' dir='ltr'><strong>Francorum</strong></span> <span class='ocrx_word' id='word_1_703' title='bbox 3329 3911 3651 3974; x_wconf 88' lang='lat' dir='ltr'><strong>litterariae,</strong></span> 
     </span>
    </p>
   </div>
   <div class='ocr_carea' id='block_1_102' title="bbox 2075 4003 3654 4081">
    <p class='ocr_par' dir='ltr' id='par_1_102' title="bbox 2075 4003 3654 4081">
     <span class='ocr_line' id='line_1_103' title="bbox 2075 4003 3654 4081; baseline -0.009 -10"><span class='ocrx_word' id='word_1_704' title='bbox 2075 4016 2322 4081; x_wconf 83' lang='lat' dir='ltr'><strong>Maurini,</strong></span> <span class='ocrx_word' id='word_1_705' title='bbox 2351 4015 2588 4071; x_wconf 88' lang='lat' dir='ltr'><strong>Thomas</strong></span> <span class='ocrx_word' id='word_1_706' title='bbox 2634 4013 2815 4068; x_wconf 83' lang='lat' dir='ltr'><strong>Moore</strong></span> <span class='ocrx_word' id='word_1_707' title='bbox 2861 4019 2916 4066; x_wconf 91' lang='lat' dir='ltr'><strong>et</strong></span> <span class='ocrx_word' id='word_1_708' title='bbox 2960 4011 3053 4065; x_wconf 88' lang='lat' dir='ltr'><strong>Dr.</strong></span> <span class='ocrx_word' id='word_1_709' title='bbox 3096 4008 3156 4065; x_wconf 89' lang='lat' dir='ltr'><strong>C.</strong></span> <span class='ocrx_word' id='word_1_710' title='bbox 3203 4005 3266 4062; x_wconf 87' lang='lat' dir='ltr'><strong>F.</strong></span> <span class='ocrx_word' id='word_1_711' title='bbox 3328 4003 3499 4068; x_wconf 80' lang='lat' dir='ltr'><strong>Hock,</strong></span> <span class='ocrx_word' id='word_1_712' title='bbox 3547 4003 3654 4057; x_wconf 89' lang='lat' dir='ltr'><strong>viri</strong></span> 
     </span>
    </p>
   </div>
   <div class='ocr_carea' id='block_1_103' title="bbox 2075 4094 3652 4176">
    <p class='ocr_par' dir='ltr' id='par_1_103' title="bbox 2075 4094 3652 4176">
     <span class='ocr_line' id='line_1_104' title="bbox 2075 4094 3652 4176; baseline -0.009 -16"><span class='ocrx_word' id='word_1_713' title='bbox 2075 4121 2197 4160; x_wconf 90' lang='lat' dir='ltr'><strong>cum</strong></span> <span class='ocrx_word' id='word_1_714' title='bbox 2232 4113 2453 4176; x_wconf 88' lang='lat' dir='ltr'><strong>propter</strong></span> <span class='ocrx_word' id='word_1_715' title='bbox 2482 4102 2739 4165; x_wconf 88' lang='lat' dir='ltr'><strong>indolem,</strong></span> <span class='ocrx_word' id='word_1_716' title='bbox 2767 4109 2878 4156; x_wconf 92' lang='lat' dir='ltr'><strong>tum</strong></span> <span class='ocrx_word' id='word_1_717' title='bbox 2909 4106 3129 4170; x_wconf 90' lang='lat' dir='ltr'><strong>propter</strong></span> <span class='ocrx_word' id='word_1_718' title='bbox 3175 4094 3378 4168; x_wconf 91' lang='lat' dir='ltr'><strong>ingenii</strong></span> <span class='ocrx_word' id='word_1_719' title='bbox 3423 4107 3652 4148; x_wconf 91' lang='lat' dir='ltr'><strong>acumen</strong></span> 
     </span>
    </p>
   </div>
   <div class='ocr_carea' id='block_1_104' title="bbox 2076 4185 3656 4264">
    <p class='ocr_par' dir='ltr' id='par_1_104' title="bbox 2076 4185 3656 4264">
     <span class='ocr_line' id='line_1_105' title="bbox 2076 4185 3656 4264; baseline -0.008 -16"><span class='ocrx_word' id='word_1_720' title='bbox 2076 4195 2483 4264; x_wconf 90' lang='lat' dir='ltr'><strong>doctrinamque</strong></span> <span class='ocrx_word' id='word_1_721' title='bbox 2530 4193 2672 4247; x_wconf 91' lang='lat' dir='ltr'><strong>haud</strong></span> <span class='ocrx_word' id='word_1_722' title='bbox 2719 4205 2885 4262; x_wconf 89' lang='lat' dir='ltr'><strong>parvo</strong></span> <span class='ocrx_word' id='word_1_723' title='bbox 2916 4186 3256 4244; x_wconf 91' lang='lat' dir='ltr'><strong>aestimandi.</strong></span> <span class='ocrx_word' id='word_1_724' title='bbox 3298 4185 3495 4238; x_wconf 81' lang='lat' dir='ltr'><strong>Verum</strong></span> <span class='ocrx_word' id='word_1_725' title='bbox 3529 4196 3656 4236; x_wconf 90' lang='lat' dir='ltr'><strong>cum</strong></span> 
     </span>
    </p>
   </div>
   <div class='ocr_carea' id='block_1_105' title="bbox 2079 4272 3659 4353">
    <p class='ocr_par' dir='ltr' id='par_1_105' title="bbox 2079 4272 3659 4353">
     <span class='ocr_line' id='line_1_106' title="bbox 2079 4272 3659 4353; baseline -0.011 -13"><span class='ocrx_word' id='word_1_726' title='bbox 2079 4285 2162 4340; x_wconf 88' lang='lat' dir='ltr'><strong>his</strong></span> <span class='ocrx_word' id='word_1_727' title='bbox 2185 4299 2290 4339; x_wconf 91' lang='lat' dir='ltr'><strong>non</strong></span> <span class='ocrx_word' id='word_1_728' title='bbox 2317 4282 2665 4353; x_wconf 89' lang='lat' dir='ltr'><strong>litigahimus,</strong></span> <span class='ocrx_word' id='word_1_729' title='bbox 2691 4280 2815 4350; x_wconf 89' lang='lat' dir='ltr'><strong>quia</strong></span> <span class='ocrx_word' id='word_1_730' title='bbox 2844 4295 2951 4343; x_wconf 92' lang='lat' dir='ltr'><strong>res,</strong></span> <span class='ocrx_word' id='word_1_731' title='bbox 2984 4278 3048 4332; x_wconf 93' lang='lat' dir='ltr'><strong>de</strong></span> <span class='ocrx_word' id='word_1_732' title='bbox 3070 4291 3175 4346; x_wconf 89' lang='lat' dir='ltr'><strong>qua</strong></span> <span class='ocrx_word' id='word_1_733' title='bbox 3202 4272 3504 4344; x_wconf 90' lang='lat' dir='ltr'><strong>quaeritur,</strong></span> <span class='ocrx_word' id='word_1_734' title='bbox 3528 4285 3659 4340; x_wconf 80' lang='lat' dir='ltr'><strong>pro-</strong></span> 
     </span>
    </p>
   </div>
   <div class='ocr_carea' id='block_1_106' title="bbox 2078 4363 3661 4444">
    <p class='ocr_par' dir='ltr' id='par_1_106' title="bbox 2078 4363 3661 4444">
     <span class='ocr_line' id='line_1_107' title="bbox 2078 4363 3661 4444; baseline -0.009 -16"><span class='ocrx_word' id='word_1_735' title='bbox 2078 4384 2200 4444; x_wconf 84' lang='lat' dir='ltr'><strong>pter</strong></span> <span class='ocrx_word' id='word_1_736' title='bbox 2221 4371 2566 4443; x_wconf 85' lang='lat' dir='ltr'><strong>singularem,</strong></span> <span class='ocrx_word' id='word_1_737' title='bbox 2597 4385 2756 4440; x_wconf 91' lang='lat' dir='ltr'><strong>quam</strong></span> <span class='ocrx_word' id='word_1_738' title='bbox 2784 4368 2861 4423; x_wconf 92' lang='lat' dir='ltr'><strong>illi</strong></span> <span class='ocrx_word' id='word_1_739' title='bbox 2889 4374 3187 4436; x_wconf 90' lang='lat' dir='ltr'><strong>sequuntur</strong></span> <span class='ocrx_word' id='word_1_740' title='bbox 3220 4365 3275 4419; x_wconf 89' lang='lat' dir='ltr'><strong>in</strong></span> <span class='ocrx_word' id='word_1_741' title='bbox 3319 4363 3480 4418; x_wconf 89' lang='lat' dir='ltr'><strong>rebus</strong></span> <span class='ocrx_word' id='word_1_742' title='bbox 3505 4376 3661 4416; x_wconf 84' lang='lat' dir='ltr'><strong>scru-</strong></span> 
     </span>
    </p>
   </div>
   <div class='ocr_carea' id='block_1_107' title="bbox 2081 4455 3663 4535">
    <p class='ocr_par' dir='ltr' id='par_1_107' title="bbox 2081 4455 3663 4535">
     <span class='ocr_line' id='line_1_108' title="bbox 2081 4455 3663 4535; baseline -0.009 -15"><span class='ocrx_word' id='word_1_743' title='bbox 2081 4465 2257 4520; x_wconf 90' lang='lat' dir='ltr'><strong>tandis</strong></span> <span class='ocrx_word' id='word_1_744' title='bbox 2280 4472 2333 4521; x_wconf 91' lang='lat' dir='ltr'><strong>et</strong></span> <span class='ocrx_word' id='word_1_745' title='bbox 2361 4462 2718 4535; x_wconf 89' lang='lat' dir='ltr'><strong>dijudicandis</strong></span> <span class='ocrx_word' id='word_1_746' title='bbox 2744 4460 3078 4526; x_wconf 89' lang='lat' dir='ltr'><strong>methodum,</strong></span> <span class='ocrx_word' id='word_1_747' title='bbox 3099 4459 3204 4513; x_wconf 91' lang='lat' dir='ltr'><strong>hoc</strong></span> <span class='ocrx_word' id='word_1_748' title='bbox 3223 4457 3342 4512; x_wconf 93' lang='lat' dir='ltr'><strong>loco</strong></span> <span class='ocrx_word' id='word_1_749' title='bbox 3361 4455 3451 4510; x_wconf 78' lang='lat' dir='ltr'><strong>vix</strong></span> <span class='ocrx_word' id='word_1_750' title='bbox 3477 4459 3663 4524; x_wconf 87' lang='lat' dir='ltr'><strong>posset</strong></span> 
     </span>
    </p>
   </div>
   <div class='ocr_carea' id='block_1_108' title="bbox 2078 4555 2302 4611">
    <p class='ocr_par' dir='ltr' id='par_1_108' title="bbox 2078 4555 2302 4611">
     <span class='ocr_line' id='line_1_109' title="bbox 2078 4555 2302 4611; baseline -0.009 -1"><span class='ocrx_word' id='word_1_751' title='bbox 2078 4555 2302 4611; x_wconf 91' lang='lat' dir='ltr'><strong>absolvi.</strong></span> 
     </span>
    </p>
   </div>
   <div class='ocr_carea' id='block_1_109' title="bbox 2151 4629 3664 4709">
    <p class='ocr_par' dir='ltr' id='par_1_109' title="bbox 2151 4629 3664 4709">
     <span class='ocr_line' id='line_1_110' title="bbox 2151 4629 3664 4709; baseline -0.008 -10"><span class='ocrx_word' id='word_1_752' title='bbox 2151 4644 2270 4701; x_wconf 85' lang='lat' dir='ltr'><strong>Jam</strong></span> <span class='ocrx_word' id='word_1_753' title='bbox 2292 4657 2420 4699; x_wconf 92' lang='lat' dir='ltr'><strong>vero</strong></span> <span class='ocrx_word' id='word_1_754' title='bbox 2453 4656 2574 4698; x_wconf 91' lang='lat' dir='ltr'><strong>cum</strong></span> <span class='ocrx_word' id='word_1_755' title='bbox 2620 4640 2746 4708; x_wconf 89' lang='lat' dir='ltr'><strong>alio,</strong></span> <span class='ocrx_word' id='word_1_756' title='bbox 2787 4640 2833 4696; x_wconf 88' lang='lat' dir='ltr'><strong>si</strong></span> <span class='ocrx_word' id='word_1_757' title='bbox 2864 4654 2971 4696; x_wconf 93' lang='lat' dir='ltr'><strong>non</strong></span> <span class='ocrx_word' id='word_1_758' title='bbox 2998 4638 3278 4709; x_wconf 85' lang='lat' dir='ltr'><strong>Erigeuae,</strong></span> <span class='ocrx_word' id='word_1_759' title='bbox 3315 4641 3494 4689; x_wconf 88' lang='lat' dir='ltr'><strong>tamen</strong></span> <span class='ocrx_word' id='word_1_760' title='bbox 3543 4629 3664 4699; x_wconf 84' lang='lat' dir='ltr'><strong>ejus</strong></span> 
     </span>
    </p>
   </div>
   <div class='ocr_carea' id='block_1_110' title="bbox 2155 4817 3662 4956">
    <p class='ocr_par' dir='ltr' id='par_1_110' title="bbox 2155 4817 3662 4956">
     <span class='ocr_line' id='line_1_111' title="bbox 2155 4817 3662 4956; baseline -0.012 -67"><span class='ocrx_word' id='word_1_761' title='bbox 2155 4833 2226 4956; x_wconf 60' lang='grc' dir='ltr'><strong>(ςῖ</strong></span> <span class='ocrx_word' id='word_1_762' title='bbox 2253 4831 2335 4888; x_wconf 88' lang='lat' dir='ltr'><strong>Cf.</strong></span> <span class='ocrx_word' id='word_1_763' title='bbox 2373 4828 2658 4912; x_wconf 76' lang='lat' dir='ltr'><strong>Vorschule</strong></span> <span class='ocrx_word' id='word_1_764' title='bbox 2689 4843 2784 4882; x_wconf 80' lang='lat' dir='ltr'><strong>zur</strong></span> <span class='ocrx_word' id='word_1_765' title='bbox 2823 4824 3076 4910; x_wconf 65' lang='lat' dir='ltr'><strong>spekulat.</strong></span> <span class='ocrx_word' id='word_1_766' title='bbox 3113 4820 3388 4892; x_wconf 88' lang='lat' dir='ltr'><strong>Theologie</strong></span> <span class='ocrx_word' id='word_1_767' title='bbox 3408 4861 3423 4884; x_wconf 92' lang='lat'><strong>,</strong></span> <span class='ocrx_word' id='word_1_768' title='bbox 3453 4817 3520 4874; x_wconf 82' lang='lat' dir='ltr'><strong>ll.</strong></span> <span class='ocrx_word' id='word_1_769' title='bbox 3550 4817 3662 4872; x_wconf 87' lang='lat' dir='ltr'><strong>Ab-</strong></span> 
     </span>
     <span class='ocr_line' id='line_1_112' title="bbox 2155 4895 3482 4956; baseline -0.011 0"><span class='ocrx_word' id='word_1_770' title='bbox 2155 4919 2197 4956; x_wconf 77' lang='lat' dir='ltr'><strong>BI</strong></span> <span class='ocrx_word' id='word_1_771' title='bbox 2223 4941 2264 4956; x_wconf 92' lang='lat'><strong>..</strong></span> <span class='ocrx_word' id='word_1_772' title='bbox 2292 4899 2900 4956; x_wconf 73' lang='lat' dir='ltr'><strong>Incarnataons-theone,</strong></span> <span class='ocrx_word' id='word_1_773' title='bbox 2927 4895 3195 4956; x_wconf 82' lang='lat' dir='ltr'><strong>Vorwort,</strong></span> <span class='ocrx_word' id='word_1_774' title='bbox 3223 4906 3346 4956; x_wconf 87' lang='lat' dir='ltr'><strong>pag.</strong></span> <span class='ocrx_word' id='word_1_775' title='bbox 3385 4905 3482 4944; x_wconf 82' lang='lat' dir='ltr'><strong>xu.</strong></span> 
     </span>
    </p>
   </div>
   <div class='ocr_carea' id='block_1_111' title="bbox 2089 4895 3482 4968">
    <p class='ocr_par' dir='ltr' id='par_1_111' title="bbox 2089 4895 3482 4968">
     <span class='ocr_line' id='line_1_113' title="bbox 2089 4895 3482 4968; baseline -0.012 -9"><span class='ocrx_word' id='word_1_776' title='bbox 2089 4895 2264 4968; x_wconf 83' lang='lat' dir='ltr'><strong>theil.,</strong></span> <span class='ocrx_word' id='word_1_777' title='bbox 2292 4895 2900 4961; x_wconf 78' lang='lat' dir='ltr'><strong>fncarnations-theorie,</strong></span> <span class='ocrx_word' id='word_1_778' title='bbox 2927 4895 3195 4957; x_wconf 82' lang='lat' dir='ltr'><strong>Vorwort,</strong></span> <span class='ocrx_word' id='word_1_779' title='bbox 3223 4906 3346 4960; x_wconf 90' lang='lat' dir='ltr'><strong>pag.</strong></span> <span class='ocrx_word' id='word_1_780' title='bbox 3385 4905 3482 4944; x_wconf 73' lang='grc' dir='ltr'>χιι.</span> 
     </span>
    </p>
   </div>
   <div class='ocr_carea' id='block_1_112' title="bbox 2156 4975 3663 5063">
    <p class='ocr_par' dir='ltr' id='par_1_112' title="bbox 2156 4975 3663 5063">
     <span class='ocr_line' id='line_1_114' title="bbox 2156 4975 3663 5063; baseline -0.011 -18"><span class='ocrx_word' id='word_1_781' title='bbox 2156 4991 2249 5063; x_wconf 48' lang='grc' dir='ltr'><strong>(ἀλ</strong></span> <span class='ocrx_word' id='word_1_782' title='bbox 2279 4983 3072 5063; x_wconf 38' lang='lat' dir='ltr'><strong>HandbuchﬁeqAGesc‘hichte</strong></span> <span class='ocrx_word' id='word_1_783' title='bbox 3140 4981 3235 5063; x_wconf 59' lang='lat' dir='ltr'><strong>der</strong></span> <span class='ocrx_word' id='word_1_784' title='bbox 3305 4975 3663 5063; x_wconf 45' lang='lat' dir='ltr'><strong>Philagri/rite.</strong></span> 
     </span>
    </p>
   </div>
   <div class='ocr_carea' id='block_1_113' title="bbox 2089 5044 3657 5128">
    <p class='ocr_par' dir='ltr' id='par_1_113' title="bbox 2089 5044 3657 5128">
     <span class='ocr_line' id='line_1_115' title="bbox 2089 5044 3657 5128; baseline -0.013 -11"><span class='ocrx_word' id='word_1_785' title='bbox 2089 5044 2389 5124; x_wconf 51' lang='lat' dir='ltr'><strong>n.&quot;&#39;Tom.,</strong></span> <span class='ocrx_word' id='word_1_786' title='bbox 2411 5073 2532 5128; x_wconf 86' lang='lat' dir='ltr'><strong>pag.</strong></span> <span class='ocrx_word' id='word_1_787' title='bbox 2565 5055 2791 5112; x_wconf 68' lang='lat'><strong>40—16.</strong></span> <span class='ocrx_word' id='word_1_788' title='bbox 2849 5051 2932 5107; x_wconf 86' lang='lat' dir='ltr'><strong>cr.</strong></span> <span class='ocrx_word' id='word_1_789' title='bbox 2970 5050 3270 5121; x_wconf 80' lang='lat' dir='ltr'><strong>Appendix,</strong></span> <span class='ocrx_word' id='word_1_790' title='bbox 3313 5062 3435 5116; x_wconf 86' lang='lat' dir='ltr'><strong>pag.</strong></span> <span class='ocrx_word' id='word_1_791' title='bbox 3459 5044 3657 5099; x_wconf 67' lang='lat'><strong>5—10.</strong></span> 
     </span>
    </p>
   </div>
   <div class='ocr_carea' id='block_1_114' title="bbox 2163 5135 3658 5274">
    <p class='ocr_par' dir='ltr' id='par_1_114' title="bbox 2163 5135 3658 5274">
     <span class='ocr_line' id='line_1_116' title="bbox 2163 5135 3658 5274; baseline -0.011 -69"><span class='ocrx_word' id='word_1_792' title='bbox 2163 5151 2246 5274; x_wconf 37' lang='lat' dir='ltr'><strong>(ej.</strong></span> <span class='ocrx_word' id='word_1_793' title='bbox 2272 5148 2627 5215; x_wconf 75' lang='lat' dir='ltr'><strong>Vorlesungen</strong></span> <span class='ocrx_word' id='word_1_794' title='bbox 2665 5145 2788 5198; x_wconf 74' lang='lat' dir='ltr'><strong>iiber</strong></span> <span class='ocrx_word' id='word_1_795' title='bbox 2817 5141 3118 5198; x_wconf 77' lang='lat' dir='ltr'><strong>Geschichte</strong></span> <span class='ocrx_word' id='word_1_796' title='bbox 3162 5140 3257 5194; x_wconf 77' lang='lat' dir='ltr'><strong>der</strong></span> <span class='ocrx_word' id='word_1_797' title='bbox 3298 5135 3658 5206; x_wconf 69' lang='lat' dir='ltr'><strong>Philosophia.</strong></span> 
     </span>
     <span class='ocr_line' id='line_1_117' title="bbox 2163 5213 2798 5274; baseline -0.014 0"><span class='ocrx_word' id='word_1_798' title='bbox 2163 5261 2176 5274; x_wconf 92' lang='lat'><strong>.</strong></span> <span class='ocrx_word' id='word_1_799' title='bbox 2250 5232 2461 5274; x_wconf 83' lang='lat' dir='ltr'><strong>om..D.</strong></span> <span class='ocrx_word' id='word_1_800' title='bbox 2499 5213 2798 5270; x_wconf 73' lang='grc'><strong>159-161.</strong></span> 
     </span>
    </p>
   </div>
   <div class='ocr_carea' id='block_1_115' title="bbox 2089 5213 2798 5284">
    <p class='ocr_par' dir='ltr' id='par_1_115' title="bbox 2089 5213 2798 5284">
     <span class='ocr_line' id='line_1_118' title="bbox 2089 5213 2798 5284; baseline -0.016 -8"><span class='ocrx_word' id='word_1_801' title='bbox 2089 5213 2181 5278; x_wconf 64' lang='grc' dir='ltr'><strong>ΙΙΙΣ</strong></span> <span class='ocrx_word' id='word_1_802' title='bbox 2206 5213 2386 5279; x_wconf 80' lang='lat' dir='ltr'><strong>Tom.,</strong></span> <span class='ocrx_word' id='word_1_803' title='bbox 2407 5232 2461 5284; x_wconf 94' lang='lat' dir='ltr'><strong>p.</strong></span> <span class='ocrx_word' id='word_1_804' title='bbox 2499 5213 2798 5270; x_wconf 67' lang='grc'><strong>139-161.</strong></span> 
     </span>
    </p>
   </div>
   <div class='ocr_carea' id='block_1_116' title="bbox 2163 5262 3684 5380">
    <p class='ocr_par' dir='ltr' id='par_1_116' title="bbox 2163 5262 3684 5380">
     <span class='ocr_line' id='line_1_119' title="bbox 2163 5262 3684 5380; baseline -0.012 -16"><span class='ocrx_word' id='word_1_805' title='bbox 2163 5262 2237 5380; x_wconf 49' lang='lat' dir='ltr'><strong>if)-</strong></span> <span class='ocrx_word' id='word_1_806' title='bbox 2251 5262 2701 5380; x_wconf 40' lang='lat' dir='ltr'><strong>&quot;Ero-ffin&#39;avnns</strong></span> <span class='ocrx_word' id='word_1_807' title='bbox 2715 5262 2958 5380; x_wconf 34' lang='lat' dir='ltr'><strong>iorhgvlle</strong></span> <span class='ocrx_word' id='word_1_808' title='bbox 2984 5317 3092 5380; x_wconf 45' lang='lat' dir='ltr'><strong>aur.</strong></span> <span class='ocrx_word' id='word_1_809' title='bbox 3111 5262 3684 5380; x_wconf 32' lang='lat' dir='ltr'><strong>spelfyla‘tip‘en‘fLehlrc.</strong></span> 
     </span>
    </p>
   </div>
   <div class='ocr_carea' id='block_1_117' title="bbox 2092 5363 3662 5452">
    <p class='ocr_par' dir='ltr' id='par_1_117' title="bbox 2092 5363 3662 5452">
     <span class='ocr_line' id='line_1_120' title="bbox 2092 5363 3662 5452; baseline -0.011 -18"><span class='ocrx_word' id='word_1_810' title='bbox 2092 5363 2274 5452; x_wconf 52' lang='grc' dir='ltr'><strong>ξιῖἇξα</strong></span> <span class='ocrx_word' id='word_1_811' title='bbox 2293 5372 2812 5452; x_wconf 52' lang='lat' dir='ltr'><strong>Baader‘snpag.67.</strong></span> <span class='ocrx_word' id='word_1_812' title='bbox 2853 5370 3019 5425; x_wconf 81' lang='lat' dir='ltr'><strong>Ueber</strong></span> <span class='ocrx_word' id='word_1_813' title='bbox 3057 5363 3155 5424; x_wconf 64' lang='lat' dir='ltr'><strong>das</strong></span> <span class='ocrx_word' id='word_1_814' title='bbox 3207 5364 3527 5434; x_wconf 73' lang='lat' dir='ltr'><strong>Verhdltnifs</strong></span> <span class='ocrx_word' id='word_1_815' title='bbox 3573 5363 3662 5417; x_wconf 64' lang='lat' dir='ltr'><strong>de:</strong></span> 
     </span>
    </p>
   </div>
   <div class='ocr_carea' id='block_1_118' title="bbox 2095 5440 2937 5505">
    <p class='ocr_par' dir='ltr' id='par_1_118' title="bbox 2095 5440 2937 5505">
     <span class='ocr_line' id='line_1_121' title="bbox 2095 5440 2937 5505; baseline -0.013 0"><span class='ocrx_word' id='word_1_816' title='bbox 2095 5449 2363 5505; x_wconf 75' lang='lat' dir='ltr'><strong>Theismus</strong></span> <span class='ocrx_word' id='word_1_817' title='bbox 2389 5459 2509 5499; x_wconf 82' lang='lat' dir='ltr'><strong>zum</strong></span> <span class='ocrx_word' id='word_1_818' title='bbox 2531 5440 2937 5497; x_wconf 76' lang='lat' dir='ltr'><strong>Christenthum.</strong></span> 
     </span>
    </p>
   </div>
   <div class='ocr_carea' id='block_1_119' title="bbox 2089 5589 3657 5663">
    <p class='ocr_par' dir='ltr' id='par_1_119' title="bbox 2089 5589 3657 5663">
     <span class='ocr_line' id='line_1_122' title="bbox 2089 5589 3657 5663; baseline -0.003 -12"><span class='ocrx_word' id='word_1_819' title='bbox 2089 5609 2216 5651; x_wconf 86' lang='lat' dir='ltr'><strong>nam</strong></span> <span class='ocrx_word' id='word_1_820' title='bbox 2277 5592 2446 5648; x_wconf 84' lang='lat' dir='ltr'><strong>multa</strong></span> <span class='ocrx_word' id='word_1_821' title='bbox 2495 5592 2588 5648; x_wconf 89' lang='lat' dir='ltr'><strong>ille</strong></span> <span class='ocrx_word' id='word_1_822' title='bbox 2627 5592 2834 5659; x_wconf 88' lang='lat' dir='ltr'><strong>docuit,</strong></span> <span class='ocrx_word' id='word_1_823' title='bbox 2892 5607 3029 5663; x_wconf 87' lang='lat' dir='ltr'><strong>quae</strong></span> <span class='ocrx_word' id='word_1_824' title='bbox 3064 5589 3282 5648; x_wconf 83' lang='lat' dir='ltr'><strong>veritati</strong></span> <span class='ocrx_word' id='word_1_825' title='bbox 3347 5605 3456 5647; x_wconf 92' lang='lat' dir='ltr'><strong>non</strong></span> <span class='ocrx_word' id='word_1_826' title='bbox 3519 5605 3657 5650; x_wconf 83' lang='lat' dir='ltr'><strong>con-</strong></span> 
     </span>
    </p>
   </div>
   <div class='ocr_carea' id='block_1_120' title="bbox 2090 5664 2785 5736">
    <p class='ocr_par' dir='ltr' id='par_1_120' title="bbox 2090 5664 2785 5736">
     <span class='ocr_line' id='line_1_123' title="bbox 2090 5664 2785 5736; baseline -0.003 -17"><span class='ocrx_word' id='word_1_827' title='bbox 2090 5674 2303 5736; x_wconf 87' lang='lat' dir='ltr'><strong>gruant.</strong></span> <span class='ocrx_word' id='word_1_828' title='bbox 2343 5665 2607 5731; x_wconf 73' lang='lat' dir='ltr'><strong>ANIIIADV,</strong></span> <span class='ocrx_word' id='word_1_829' title='bbox 2635 5664 2785 5718; x_wconf 82' lang='lat' dir='ltr'><strong>Emr.</strong></span> 
     </span>
    </p>
   </div>
  </div>
