3952 6152
283 344 371 402 113
1268 336 1334 395 IN
1369 339 1626 398 LIBRUM
1670 341 1759 397 DE
1799 341 2136 399 DIVISIO-NE
2169 342 2500 408 NA'I‘URE,

3422 347 3522 403 ΙΝ

277 455 536 513 doctrinae
565 451 883 509 adversario
915 451 967 507 in
995 461 1271 510 certamen
1317 456 1732 519 descendamus,
1755 455 1846 524 qui
1877 459 1922 517 Α
1952 455 2223 520 methodo,
2255 456 2379 511 licet
2409 457 2580 525 magis
2617 455 2956 523 scholastice,
2987 465 3270 525 tractasse,
3298 468 3523 516 conten-

277 555 372 603 tam
398 541 810 615 mythologiam,
849 556 1012 611 quam
1054 543 1333 598 historiam
1366 545 1707 615 percognitas
1751 544 1842 598 ha-

275 635 410 697 bens,
435 647 538 688 nec
563 632 746 688 minus
767 631 1110 688 Christianae
1135 634 1520 704 speculationis
1566 633 1844 703 profundi-

279 736 427 782 tatem
477 725 732 791 edoctus,
783 725 1120 795 eandemque
1163 727 1499 796 perspiciens
1554 734 1610 781 et
1657 738 1845 780 amore

276 815 613 886 amplectens,
641 824 978 886 postremum
1009 817 1216 886 integre
1255 816 1374 872 sine
1427 816 1606 871 studio
1650 822 1706 870 et
1742 814 1842 884 ira,

275 915 419 976 atque
441 921 506 961 ex
535 906 784 976 autopsia
825 906 1070 975 judicare
1121 906 1312 962 solitus
1338 937 1411 948 -—
1457 921 1600 961 nunc
1639 914 1843 968 tamen,

275 997 399 1067 quod
439 997 664 1062 mirum,
722 997 778 1052 in
830 997 948 1053 acie
983 997 1166 1053 hostili
1208 998 1557 1068 conspicitur.
1605 996 1845 1052 Dicimus

274 1086 314 1143 l.
342 1086 565 1151 Gérres,
599 1087 964 1157 professorem
1013 1087 1284 1143 Monachii
1331 1088 1636 1152 docentem,
1665 1089 1843 1142 virum

273 1182 564 1239 eruditione
609 1191 665 1238 et
705 1182 906 1238 mentis
949 1181 1199 1237 acumine
1251 1182 1536 1252 insignem,
1570 1180 1726 1249 cujus
1778 1181 1846 1235 de

273 1275 486 1345 Erigena
518 1273 845 1328 sententiam
875 1273 1126 1329 consulto
1152 1287 1321 1342 usque
1343 1274 1410 1328 ad
1437 1274 1598 1328 linem
1631 1273 1845 1328 citatio—

272 1379 384 1418 num
409 1371 728 1420 nostrarum
777 1363 1102 1429 distulimus,
1134 1372 1196 1418 ut
1239 1363 1357 1434 ejus
1400 1364 1467 1419 de
1495 1363 1636 1418 illius
1668 1364 1850 1418 ortho-

271 1455 412 1509 doxia
425 1454 669 1524 placitis,
691 1454 890 1524 quippe
911 1454 978 1508 ad
1003 1467 1145 1524 quae
1174 1454 1336 1508 etiam
1365 1465 1670 1510 ceterorum
1709 1453 1849 1508 vitu-

272 1548 400 1619 p‘eria
457 1562 635 1618 paene
689 1548 869 1602 omnia
919 1547 1188 1612 redeant,
1261 1546 1465 1617 aliquot
1527 1555 1847 1616 argumenta

274 1640 494 1694 maxime
517 1655 590 1695 ex
615 1638 733 1709 ipso
756 1639 982 1709 Erigena
1027 1639 1191 1708 petita
1220 1652 1638 1708 opponeremus,
1674 1646 1728 1693 et
1757 1653 1846 1704 ea,

273 1746 360 1800 qua
387 1730 567 1792 decet,
595 1729 920 1794 reverentia,
949 1737 1003 1784 et
1031 1728 1133 1797 ipsi
1160 1737 1214 1783 et
1237 1729 1511 1793 omnibus,
1534 1728 1625 1798 qui
1651 1728 1719 1783 de
1745 1726 1849 1782 hac

1948 562 2082 617 tum,
2105 552 2394 607 dummodo
2414 551 2649 605 divinam
2681 560 2900 622 urgeret
2925 552 3205 608 unitatem.
3237 551 3523 609 Creantem

1946 655 2122 701 autem
2145 646 2320 701 creari
2345 653 2591 699 naturam
2612 661 2731 700 eam
2754 646 2823 700 ob
2849 661 2960 701 rem
2988 643 3056 710 ab
3076 644 3304 715 Erigena
3322 642 3525 708 doceri,

1945 736 2069 806 quia
2095 736 2235 790 Deus
2258 734 2722 804 supercssentialis
2748 742 2804 788 et
2842 733 3370 804 superqualitativus,
3397 731 3528 786 dum

1945 843 2014 883 ex
2054 827 2361 882 aonomasia
2408 826 2462 880 in
2516 826 2980 894 pantonomasiam
3031 841 3126 895 per
3175 823 3531 893 theophanias

1946 919 2101 988 quasi
2153 917 2431 987 procedat,
2466 931 2562 985 per
2612 916 2752 970 hanc
2793 915 3192 985 processionem
3240 912 3528 984 (quatenus

1945 1024 2043 1080 per
2068 1009 2236 1073 ideas,
2268 1007 2381 1062 sive
2410 1009 2520 1062 θεῖα
2547 1007 2801 1076 etiam"
2845 1005 2960 1060 sive
3006 1005 3364 1083 προορίσματα
3412 1003 3530 1057 sive

1945 1099 2257 1176 πρωτότυπα
2273 1111 2392 1152 sese
2405 1096 2655 1165 explicet)
2670 1096 3064 1164 quodammodo
3077 1093 3256 1149 omnia
3279 1094 3331 1147 in
3353 1093 3533 1147 omni-

1947 1191 2050 1245 bus
2090 1188 2202 1241 iiat.
2248 1186 2586 1241 Postremum
2633 1194 2803 1249 notat,
2847 1183 3078 1238 eundem
3127 1183 3193 1236 de
3229 1177 3531 1252 septifortui

1893 1325 1896 1328 .
1948 1279 2122 1334 reditu
2147 1286 2371 1332 naturae
2399 1286 2615 1332 creatae
2646 1293 2750 1332 non
2785 1275 3022 1332 creantis
3051 1275 3116 1338 ,in
3151 1273 3342 1337 Deum,
3367 1280 3422 1327 et
3463 1273 3530 1328 de

1947 1369 2180 1424 transitu
2234 1367 2552 1423 inferiorum
2597 1367 2650 1421 in
2698 1365 2978 1436 superiora
3007 1405 3020 1427 ,
3073 1372 3130 1418 et
3175 1363 3415 1418 omnium
3472 1362 3530 1418 in

1948 1458 2140 1524 Deum,
2170 1459 2262 1527 qui
2292 1458 2504 1512 tandem
2527 1457 2672 1512 solus
2697 1466 2968 1526 superstes
2997 1455 3086 1516 sit,
3119 1462 3278 1508 acute
3303 1463 3359 1509 et
3386 1454 3532 1524 inge-

1949 1549 2102 1605 niose
2134 1557 2388 1613 tractare,
2419 1549 2514 1604 sed
2543 1549 2706 1604 etiam
2738 1549 2839 1604 hoc
2867 1549 2983 1604 loco
3011 1546 3336 1618 pantheismi
3377 1561 3534 1603 erro-

1951 1653 2065 1694 rem
2095 1655 2200 1694 non
2226 1637 2498 1710 ell'ugisse.

2021 1729 2138 1784 Jam
2179 1730 2222 1784 si
2246 1729 2378 1783 haec
2405 1728 2472 1782 de
2489 1727 2665 1797 pretio
2693 1726 2927 1783 decretis
2951 1725 3238 1796 Erigenae,
3265 1733 3538 1794 quatenus

274 1837 324 1876 re
341 1820 590 1889 judicare
614 1829 862 1891 possunt,
899 1821 1223 1889 scriptorum
1250 1821 1514 1890 Erigenae
1539 1819 1847 1890 relegendo-
1876 1813 1920 1871 B
1947 1823 2143 1894 dogma
2199 1829 2445 1891 spectant
2493 1831 2654 1889 atque
2695 1820 3000 1883 scientiam,
3047 1818 3332 1873 tribuendo
3376 1818 3537 1872 modo

274 1929 374 1968 rum
393 1927 593 1968 ansam
615 1913 1027 1983 praeberemus.
1054 1911 1311 1978 Quamvis
1326 1912 1468 1966 enim
1484 1911 1658 1982 parati
1675 1911 1844 1965 simus

275 2003 330 2058 ad
363 2003 742 2072 accipiendum
791 2001 1168 2071 responsiones
1213 2001 1548 2073 argumentis
1593 2000 1847 2071 probatas

273 2110 442 2150 eorum
473 2093 740 2160 omnium,
771 2093 862 2162 qui
890 2093 1052 2148 etiam
1092 2101 1226 2157 tum,
1257 2108 1422 2163 quum
1450 2100 1618 2148 totum
1659 2091 1846 2160 Erige-

273 2201 358 2240 nae
379 2201 520 2255 opus
543 2184 894 2254 perlegerint,
921 2183 1119 2253 placita
1144 2183 1261 2253 ejus
1289 2183 1491 2238 absona
1519 2197 1640 2238 esse
1670 2197 1701 2236 a
1741 2182 1848 2237 ﬁde

275 2275 568 2331 Christiana
603 2275 965 2339 contendent;
1018 2274 1157 2328 bona
1207 2282 1385 2329 tamen
1447 2283 1503 2328 et
1553 2282 1701 2329 certa
1754 2287 1849 2342 spe

278 2365 536 2430 ducimur,
608 2364 751 2430 fore,
809 2374 869 2419 ut
922 2365 1025 2420 hac
1086 2364 1172 2418 via
1227 2362 1433 2433 judicio
1491 2365 1559 2418 de
1617 2363 1848 2434 Erigena

275 2453 484 2510 ferendo
519 2455 737 2521 laetior,
767 2469 928 2524 quam
955 2454 1236 2524 hucusque
1264 2452 1466 2509 factum
1495 2462 1597 2520 est,
1630 2462 1851 2523 paretur

275 2545 460 2602 exitus.

331 2635 374 2692 .l.
406 2636 617 2694 Gorres
638 2637 823 2692 laudat
843 2637 1058 2706 quidem
1083 2637 1368 2708 Erigenam
1399 2636 1495 2708 (a),
1525 2636 1614 2706 qui
1643 2637 1850 2705 primus

274 2726 558 2782 scientillca
587 2727 797 2782 ratione
816 2725 1069 2782 Genesim
1089 2727 1419 2796 exposuerit,
1441 2735 1496 2781 et
1524 2727 1663 2781 hanc
1685 2741 1851 2796 expo-

277 2805 516 2871 sitionem
574 2815 736 2888 (Pag.
786 2815 906 2886 XV)
935 2831 1060 2871 cum
1111 2831 1307 2887 magno
1359 2817 1556 2871 mentis
1601 2817 1852 2872 acumine

243 2907 440 2979 ‘usque
473 2909 538 2963 ad
584 2908 794 2980 singula
842 2922 1088 2978 quaeque
1138 2908 1461 2964 mirabiliter
1515 2909 1846 2978 perduxerit.

276 2996 369 3054 Nec
395 3000 582 3054 minus
615 2988 1040 3069 profunditatem
1065 2998 1186 3068 ejus
1215 3008 1270 3053 et
1299 2999 1608 3054 audentiam
1636 2997 1847 3069 probat,

275 3092 512 3146 conantis
543 3090 796 3161 progredi
827 3091 966 3145 ultra
997 3091 1306 3161 systematis
1343 3091 1707 3161 Areopagitici
1749 3100 1852 3144 ter-

1949 1914 2094 1967 dicta
2117 1912 2353 1967 breviter
2376 1909 2797 1980 conspiciamus,
2817 1915 3033 1971 cuncta,
3059 1920 3196 1975 quae
3219 1905 3454 1962 Goerres
3477 1907 3534 1960 in
3565 1969 3574 1976 _

1949 2002 2040 2057 illo
2061 2000 2413 2072 vituperanda
2443 2009 2498 2054 et
2525 1998 2875 2069 improbanda
2915 2004 3120 2060 censet,
3152 1996 3220 2050 ad
3259 1995 3394 2050 haec
3431 1994 3536 2049 tria

1950 2091 2174 2146 redeunt
2197 2108 2210 2144 :

2021 2185 2072 2238 l.
2097 2183 2326 2254 Erigena
2355 2183 2620 2236 humanae
2641 2179 2837 2233 rationi
2866 2177 3091 2232 nimium
3122 2175 3289 2242 dedit,
3318 2183 3538 2244 etquae

1947 2275 2174 2329 rationis
2203 2282 2348 2337 sunt,
2380 2289 2506 2328 cum
2541 2271 2738 2326 divinis
2761 2271 2999 2330 miscens
3026 2267 3271 2338 eloquiis,
3325 2265 3535 2322 revela-

1951 2363 2149 2418 tionem
2179 2363 2340 2433 (Pag.
2368 2361 2508 2431 XVI)
2538 2376 2641 2415 non
2677 2360 2811 2415 satis
2839 2375 2870 2413 a
2903 2358 3246 2429 philosophia
3269 2357 3535 2421 distinxit,

1949 2453 2230 2508 declarans
2252 2466 2431 2505 veram
2449 2450 2838 2520 philosophiam
2856 2462 3037 2502 veram
3052 2462 3174 2502 esse
3193 2446 3534 2516 religionem,

1949 2555 2003 2597 ct
2031 2557 2212 2597 veram
2241 2540 2552 2610 religionem
2580 2553 2700 2593 esse
2731 2551 2912 2591 veram
2939 2535 3352 2606 philosophiam.
3382 2533 3538 2601 Quod

1953 2635 2118 2690 etiam
2151 2633 2500 2687 Tennemann
2536 2628 2790 2694 aﬂirmat,
2835 2627 2930 2684 sed
2974 2627 3240 2698 Erigenae
3290 2627 3343 2682 iu
3378 2625 3536 2680 laude

1950 2724 2104 2796 ponit
2129 2723 2226 2794 (b).

2019 2813 2074 2866 2.
2100 2811 2502 2866 Pantheismum
2548 2809 2830 2880 profitetur
2856 2827 2869 2862 :
2903 2822 2955 2862 a.
2983 2823 3148 2878 quum
3175 2807 3344 2881 λόγον,
3371 2806 3538 2861 Deum

1953 2905 2140 2968 lilium,
2166 2912 2508 2960 emanautem
2535 2919 2564 2956 a
2586 2901 2764 2966 Patre,
2785 2911 3091 2956 creaturam
3116 2901 3292 2956 Patris
3313 2917 3432 2956 esse
3453 2900 3538 2955 af-

1953 2996 2149 3050 ﬁrmet.
2173 2997 2246 3063 ει).
2265 3010 2430 3064 quum
2453 3009 2642 3050 omnes
2663 3001 2944 3048 creaturas
2965 2993 3018 3046 in
3043 2992 3332 3047 universali
3357 3009 3537 3047 rerum

1953 3085 2310 3156 apocatastasi
2347 3099 2444 3154 per
2475 3084 2663 3150 Deum,
2699 3099 2860 3137 unam
2901 3083 3109 3138 scilicet
3154 3085 3538 3149 substantiam,

278 3184 456 3246 minos,
484 3160 614 3236 dum
639 3181 881 3237 Platonis
903 3160 1240 3236 dialecticam
1279 3196 1403 3236 cum
1448 3160 1616 3252 logica
1643 3181 1851 3236 Aristo-
1877 3160 1924 3222 ε
1954 3177 2147 3232 doceat
2176 3175 2474 3230 absorberi.

280 3270 390 3325 telis
430 3270 746 3341 coniungat.
778 3269 1124 3326 Evolventem
1166 3285 1296 3326 vero
1334 3271 1576 3342 Dionysii
1605 3271 1848 3340 Areopa-

280 3361 404 3428 gitae
431 3361 582 3416 ideas
605 3375 669 3416 ac
708 3361 981 3426 notiones,
1019 3377 1142 3416 eum
1186 3363 1264 3416 ait
1303 3363 1496 3417 iterum
1533 3363 1853 3418 necessitate

278 3451 496 3521 quadam
525 3459 682 3506 vetus
729 3451 1027 3521 periculum
1054 3453 1378 3521 pantheismi
1428 3453 1728 3518 incurrere,
1758 3453 1850 3524 qui

281 3539 327 3594 in
345 3541 560 3612 scriptis
576 3542 956 3614 Areopagitae,
984 3552 1190 3598 tantum
1215 3552 1440 3614 propter
1459 3545 1852 3616 expositionem

280 3646 446 3688 rerum
474 3633 924 3690 universaliorem
953 3643 1010 3690 et
1043 3637 1220 3691 minus
1246 3651 1580 3706 expressam,
1611 3637 1848 3704 latuerit,

282 3731 348 3790 et,
372 3734 429 3780 ut
455 3735 568 3782 tum
593 3727 854 3797 temporis
891 3727 981 3782 vix
1025 3729 1264 3798 potuerit
1316 3729 1529 3795 evitari,
1575 3730 1715 3800 apud
1749 3745 1852 3785 no-

284 3823 436 3868 strum
473 3823 757 3871 auctorem
797 3817 994 3872 mentis
1029 3818 1257 3886 quadam
1285 3819 1595 3890 integritate
1616 3831 1671 3875 et
1696 3820 1852 3875 inno-

284 3906 444 3960 rentia
492 3907 776 3977 prodierit.
803 3906 954 3963 Hanc
976 3917 1258 3964 creaturae
1283 3924 1407 3964 cum
1434 3909 1545 3966 Deo
1574 3910 1850 3967 confusio-

285 4008 392 4050 nem
440 3995 554 4065 jam
591 3998 646 4052 in
688 3997 842 4053 initio
898 3998 1019 4054 libri
1077 3999 1145 4056 de
1193 3999 1536 4056 Eucharistia
1579 4001 1730 4072 (puta
1786 4002 1851 4058 de

285 4081 789 4158 Praedestinatione)
836 4102 1118 4158 apparere,
1173 4090 1261 4146 ubi
1306 4105 1492 4146 veram
1538 4091 1850 4162 religionem

285 4185 333 4230 et
358 4191 536 4233 veram
578 4179 975 4250 philosophiam
1011 4196 1172 4236 unam
1203 4183 1538 4252 eandemque
1585 4197 1700 4237 rem
1730 4197 1851 4239 esse

283 4268 579 4322 contendat.
614 4266 787 4324 Aﬂ'ert
817 4255 1010 4325 deinde
1029 4277 1210 4326 notam
1246 4271 1512 4342 Erigenae
1539 4273 1854 4342 quadripar-

286 4355 426 4411 titam
463 4367 688 4412 naturae
716 4358 1057 4423 divisionem,
1095 4360 1149 4416 in
1178 4376 1282 4432 qua
1331 4372 1579 4417 naturam
1610 4373 1851 4418 creatam

284 4455 332 4499 et
359 4458 628 4504 creantem
675 4448 725 4505 J.
766 4447 968 4506 Gérres
994 4449 1140 4528 λὸγόν
1167 4467 1286 4508 esse
1312 4451 1565 4519 alﬁrmat,
1613 4454 1848 4510 medium

285 4536 479 4593 scilicet
527 4540 672 4594 inter
734 4549 982 4596 naturam
1039 4558 1144 4597 non
1189 4552 1430 4599 creatam
1479 4554 1535 4600 et
1573 4555 1848 4600 creantem

286 4627 486 4697 (Deum)
497 4638 551 4684 et
562 4639 812 4685 naturam
827 4641 1064 4688 creatam
1080 4649 1183 4688 non
1197 4649 1360 4690 crean
1368 4645 1472 4690 tem
1489 4635 1646 4706 (Crea
1653 4646 1706 4691 tu
1713 4636 1850 4707 ram)

286 4717 525 4784 positum.
552 4718 740 4790 Itaque
765 4721 935 4774 Deum
981 4722 1180 4777 trinum
1234 4738 1356 4778 cum
1400 4735 1650 4780 creatura
1693 4726 1742 4782 ei
1795 4742 1854 4782 se

287 4804 570 4872 miscuisse,
599 4809 834 4879 indeque
853 4818 1096 4866 coactum
1127 4811 1294 4869 fuisse
1335 4814 1646 4886 Erigenam,
1676 4825 1734 4871 ut
1759 4815 1855 4871 Fi-

289 4891 407 4948 lium
433 4895 607 4954 Patris
633 4908 940 4966 creaturam
960 4917 1080 4957 esse
1108 4903 1426 4961 declararet.
1459 4907 1686 4978 Propter
1713 4909 1856 4964 hunc

286 4998 516 5042 errorem
537 4990 769 5045 eundem
801 4991 940 5046 ultra
981 4992 1339 5066 Areopagitae
1383 5006 1619 5068 systema
1669 4999 1852 5054 termi-

288 5091 515 5150 numque
540 5097 645 5137 non
697 5083 856 5154 longe
888 5087 1135 5156 progredi
1163 5089 1424 5157 potuisse.
1469 5089 1654 5159 Neque
1709 5091 1854 5147 enim

285 5182 426 5228 arm.
454 5173 502 5234 ω
530 5173 676 5239 quod
724 5177 1046 5248 AreOpagita
1092 5177 1406 5248 neglexerit,
1458 5181 1750 5236 trinitatem
1797 5184 1852 5236 in

289 5261 627 5328 mysticarum
696 5280 880 5320 rerum
944 5267 1366 5336 speculationem
1417 5270 1778 5326 introduxisse
1835 5289 1850 5326 :

288 5361 467 5405 verum
517 5363 832 5423 sequentem
883 5357 1104 5427 vestigia
1147 5358 1506 5429 Areopagitae
1554 5369 1610 5416 et
1659 5360 1854 5416 librum

289 5437 400 5504 ejus
419 5443 484 5494 de
513 5443 708 5499 divinis
735 5443 1078 5511 Nominibus,
1097 5463 1266 5517 aeque
1291 5459 1452 5520 atque
1475 5450 1621 5504 illum
1650 5460 1856 5506 tantum

2022 3268 2076 3321 5.
2111 3263 2260 3320 Ultra
2282 3265 2588 3336 systematis
2614 3263 3142 3336 Areopagiticiglines
3179 3263 3402 3334 ejusque
3449 3280 3540 3319 su-

1951 3358 2412 3428 peressentialem,
2440 3357 2622 3414 omnia
2647 3369 2991 3428 superantem
3015 3358 3251 3413 divinam
3277 3358 3534 3414 unitatem

1953 3469 2058 3509 non
2080 3454 2368 3523 processit,
2389 3462 2443 3509 et
2467 3455 2824 3524 dogmaticam
2853 3453 2912 3509 S.
2939 3454 3222 3510 Trinitatis
3265 3456 3538 3511 notionem

1952 3545 2006 3601 iu
2035 3543 2386 3616 ,Theologiam
2436 3544 2722 3616 mysticam
2766 3553 2821 3599 et
2855 3543 3240 3615 speculativam
3283 3545 3540 3602 inducere

1952 3638 2154 3694 omisit.

2025 3728 2120 3783 His
2149 3727 2496 3796 tribus,quae
2522 3725 2758 3784 Goerres
2778 3729 2830 3784 in
2863 3728 3125 3799 Erigenae
3155 3729 3538 3798 reprehensio-

1953 3835 2078 3876 nem
2110 3829 2282 3887 notat,
2309 3819 2532 3875 accedat
2561 3829 2836 3892 quartum,
2881 3821 3022 3890 quod
3043 3819 3196 3874 multi
3225 3820 3282 3875 in
3308 3819 3539 3874 eundem

1953 3911 2450 3967 animadverterunt
2482 3929 2496 3964 :

2021 4000 2077 4054 ι.
2129 3999 2253 4054 Mali
2293 4001 2458 4056 ethici
2500 4009 2750 4056 naturam
2802 4008 2966 4070 atque
3018 3999 3338 4071 gravitatem
3393 3999 3535 4053 haud

1953 4093 2193 4165 agnovit,
2227 4092 2393 4148 immo
2419 4093 2470 4147 in
2506 4092 2796 4147 universali
2824 4107 3003 4146 rerum
3052 4089 3408 4160 apocatastasi
3456 4089 3540 4143 in-

1953 4183 2177 4242 femalia
2203 4186 2462 4256 supplicia
2494 4185 2654 4240 linem
2678 4185 2894 4254 assequi
2921 4183 3126 4240 docuit.

2024 4279 2108 4334 Ad
2127 4278 2167 4333 Ι.
2200 4279 2608 4348 respondemus,
2642 4275 3066 4346 propositionem
3095 4290 3121 4326 :'
3145 4292 3164 4324 ‹
3188 4271 3338 4326 Nera
3366 4271 3541 4342 philo-

1953 4367 2145 4437 s0phia
2173 4375 2256 4422 est
2284 4381 2410 4420 vera
2443 4365 2649 4435 religio,
2677 4374 2734 4419 et
2773 4380 2824 4416 v.
2848 4379 2900 4416 v.
2933 4377 3058 4417 vera
3087 4360 3274 4432 religio
3302 4369 3386 4416 est
3412 4375 3540 4414 vera

1953 4456 2288 4529 philosophia
2324 4475 2371 4520 ι,
2422 4454 2620 4524 duplici
2673 4462 2726 4508 et
2755 4453 2967 4508 diverso
3013 4467 3173 4507 sensu
3200 4465 3358 4522 posse
3385 4449 3543 4504 intel-

1957 4549 2071 4618 ligi,
2123 4547 2218 4603 sed
2257 4546 2483 4600 eandem
2537 4544 2590 4597 in
2626 4543 2866 4599 auctoris
2896 4542 3066 4598 nostri
3107 4557 3199 4598 ore
3233 4557 3338 4596 non
3371 4541 3542 4611 magis

1959 4654 2080 4696 esse
2099 4646 2422 4708 suspectam,
2451 4651 2611 4706 quam
2654 4636 2730 4699 id,
2763 4635 2904 4704 quod
2954 4649 3120 4704 prope
3151 4647 3340 4688 omnes
3368 4632 3541 4688 sancti

1962 4730 2151 4784 Patres
2191 4727 2406 4792 docent,
2465 4723 2849 4779 revelationem
2907 4723 3116 4785 scilicet
3161 4722 3360 4798 Christi
3419 4736 3542 4776 esse

1961 4832 2228 4874 summam
2263 4815 2583 4884 sapientiam
2630 4823 2792 4882 atque
2819 4826 3034 4890 omnem
3065 4809 3342 4866 continere
3371 4808 3544 4878 philo-

1963 4909 2227 4979 sophiam.
2255 4907 2335 4961 Ex
2359 4920 2466 4976 quo
2489 4905 2734 4975 sequitur
2752 4917 2803 4955 v.
2832 4918 2884 4954 v.
2915 4902 3100 4966 etiam,
3133 4916 3318 4955 veram
3371 4900 3542 4969 philo-

1955 5001 2197 5070 sOphiam
2254 4981 2478 5053 eandem
2528 5010 2648 5050 esse
2698 5009 2765 5048 ac
2811 5009 2995 5048 veram
3051 4991 3387 5064 religionem,
3445 5006 3543 5045 nec

1955 5094 2096 5147 hanc
2125 5091 2283 5144 aliam
2310 5098 2366 5143 et
2387 5088 2455 5143 ab
2484 5087 2572 5142 illa
2599 5093 2907 5156 separatam
2932 5083 3204 5139 involvere
3234 5083 3538 5138 veritatem.

1954 5185 2240 5254 Erigenam
2264 5197 2391 5236 vero
2426 5195 2526 5236 nec
2553 5194 2765 5235 sacram
2800 5176 3158 5247 Scripturaut,
3188 5188 3361 5242 neque
3392 5172 3543 5226 testi-

1956 5275 2133 5328 monia
2164 5273 2385 5326 Patrum
2413 5269 2820 5340 contempsisse,
2855 5276 2963 5322 tam
2993 5266 3143 5320 multi
3177 5265 3278 5318 loci
3309 5263 3361 5316 iu
3389 5261 3544 5317 libris

1958 5365 2024 5419 dc
2053 5363 2318 5418 divisione
2351 5361 2601 5432 probant,
2650 5367 2708 5412 ut
2757 5356 3040 5412 ridiculum
3069 5353 3227 5418 foret,
3265 5352 3366 5405 hoc
3407 5350 3542 5405 locis

1956 5455 2269 5525 singillatim
2294 5453 2574 5508 laudandis
2595 5453 2812 5508 uberius
2835 5449 3155 5520 approbare.
3177 5443 3318 5499 Duos
3336 5452 3543 5499 tantum

289 5525 352 5580 de
393 5531 540 5586 unica
569 5533 664 5588 Dei
709 5538 965 5602 essentia,
1003 5539 1191 5593 eadem
1228 5539 1342 5595 fere
1393 5541 1860 5613 contemplationis
1957 5547 2105 5604 locos
2129 5545 2437 5609 aﬂeramus,
2459 5560 2688 5614 quorum
2727 5543 2865 5597 alter
2892 5539 3249 5594 humilitatem
3291 5545 3539 5596 testatur,

356 5647 433 5717 (μ)
471 5647 546 5704 Cf.
575 5649 882 5708 Christliclte
905 5650 1116 5723 Mysttk,
1147 5664 1278 5713 tom.
1301 5645 1343 5718 Ι,
1371 5661 1500 5722 pag.
1521 5653 1648 5712 255.

2032 5655 2108 5722 (ὁ)
2141 5653 2442 5708 Geschichte
2484 5652 2578 5708 der
2609 5649 2964 5722 Philosophie,
2995 5657 3123 5704 tom.
3156 5647 3288 5715 VIII,
3333 5653 3466 5702 sect.
3503 5645 3544 5712 l,

1964 5741 2017 5796 p.
2049 5725 2140 5793 72,
2169 5725 2238 5781 cf.
2274 5740 2325 5796 p.
2375 5724 2462 5779 53.
