4002 6148
249 351 357 405 117

1237 357 1303 413 ΙΝ
1339 357 1600 414 LIBRUM
1641 359 1734 414 DE
1773 357 2112 416 DlVlSlONE
2151 358 2482 416 NA'I'URE.

3416 363 3514 418 ll8

248 470 426 528 Filius
467 486 567 526 non
614 478 798 535 esset;
845 469 1080 540 alioquin
1152 487 1258 526 non
1327 472 1380 526 in
1437 472 1554 542 ipso
1616 471 1815 526 eoude-
1850 475 1892 532 Λ
1924 481 2103 526 mente
2129 471 2782 542 seines'cigeneuLebens
2799 472 3126 542 begcgnet»?
3151 475 3213 508 "
3231 475 3342 545 Age
3361 491 3512 545 ergo.

251 573 334 617 ret
366 584 412 617 ι.
439 563 534 633 (α).

323 654 384 707 Si
407 669 527 708 vero
545 651 772 724 Erigena
791 650 912 705 aliis
932 649 1064 705 locis
1077 664 1141 704 ex
1167 650 1260 706 cit.
1284 650 1376 706 lib.
1402 651 1488 713 Ill,
1506 669 1557 721 p.
1577 651 1684 706 245
1707 653 1825 721 seq.

246 737 450 814 (lll.l8)
474 744 531 799 8.
555 742 737 797 Basilii
765 741 968 806 verbis,
990 740 1315 811 qui(IIomil.
1336 742 1388 805 8,
1409 743 1460 796 in
1482 741 1646 813 Gen.)
1663 743 1826 797 dicit:

258 857 275 888 ι
308 837 551 890 Divinum
599 834 823 888 verbum
869 841 1063 887 natura
1111 843 1196 887 est
1240 847 1462 898 eorum,
1505 850 1644 904 quae
1687 835 1829 890 facta

252 937 422 981 sunt»
456 945 471 980 :
501 924 800 981 secundum
847 939 1064 978 sensum
1112 923 1185 977 ibi
1231 933 1589 978 memoratum
1645 938 1832 978 assen-

252 1023 393 1075 tiens
431 1019 746 1074 contendit:
784 1037 804 1070 ι
839 1018 1007 1071 Deum
1035 1017 1209 1071 creari
1257 1018 1312 1072 in
1353 1019 1609 1073 omnibus
1632 1038 1680 1083 ι,
1717 1019 1832 1074 sive

253 1135 272 1166 ι
295 1114 457 1169 Deum
481 1127 606 1167 esse
629 1115 681 1165 in
709 1125 787 1174 se,
814 1110 928 1164 ﬁeri
955 1111 1006 1164 in
1029 1110 1293 1164 creaturis
1315 1129 1361 1174 ι,
1391 1111 1531 1165 idem
1561 1121 1620 1164 ut
1643 1117 1830 1180 postea

247 1203 292 1259 Ι.
323 1204 608 1265 Tauterus,
639 1199 696 1256 S.
728 1199 867 1255 Suso
899 1199 1160 1270 multique
1197 1200 1290 1255 alii
1321 1199 1512 1255 Patres
1545 1201 1830 1255 lectionem

248 1302 454 1346 tantum
508 1291 756 1362 sequitur
805 1289 863 1344 S.
911 1289 1174 1345 Johannis
1244 1290 1504 1361 Theologi
1555 1291 1831 1363 (Evange-

248 1385 420 1455 listae)
449 1399 498 1438 ε.
531 1385 584 1436 1.
616 1399 665 1436 v.
705 1384 758 1436 ’5.
784 1382 834 1435 4.
875 1381 1152 1450 antiquam
1203 1391 1259 1435 et
1304 1381 1593 1436 admodum
1643 1383 1830 1454 vulga-

248 1485 354 1528 tam
381 1493 392 1528 :
427 1493 445 1526 ι
474 1472 848 1541 Quodcunque
883 1471 1083 1526 laetum
1109 1481 1213 1535 est,
1244 1471 1296 1524 in
1340 1472 1457 1540 ipso
1493 1471 1600 1525 vita
1633 1481 1834 1526 eratet

249 1567 355 1618 vita
385 1575 502 1619 erat
531 1565 623 1617 lux
654 1564 931 1618 hominum
959 1582 1003 1616 ι.
1035 1561 1299 1618 Similiter
1331 1561 1493 1627 Sdso,
1526 1577 1650 1634 pag.
1683 1563 1788 1618 164
1815 1583 1826 1620 :

253 1673 271 1704 ι
302 1654 415 1708 A‘lle
441 1654 751 1708 Kreaturen
791 1654 928 1706 nacb
971 1652 1118 1706 ibrer
1150 1651 1596 1707 innebleibenden
1626 1653 1832 1724 Ausge-

247 1745 555 1801 [Iussenbeit
585 1746 708 1800 siml
749 1744 996 1816 ewiglicb
1023 1744 1075 1798 in
1114 1744 1233 1798 dem
1264 1743 1454 1808 Eiuen,
1496 1746 1636 1798 nach
1675 1742 1829 1798 Gott-

1931 560 2096 615 etiam
2123 561 2388 630 Erigenae
2413 561 2808 631 indulgeamus,
2833 563 3030 617 dicenti
3061 582 3073 616 :
3113 583 3131 610 ι
3163 565 3305 619 Deus
3331 575 3415 620 est
3458 567 3511 619 in

1935 664 2017 715 se,
2051 653 2108 704 lit
2137 651 2188 705 in
2227 652 2492 706 creaturis
2513 672 2559 716 ι,
2588 668 2752 722 quum
2785 664 3006 723 propter
3030 654 3313 709 Paulinum
3343 655 3468 710 illud
3494 671 3511 710 :

1939 759 1959 793 ι
1990 741 2082 810 qui
2126 750 2209 796 est
2239 757 2335 812 per
2357 741 2538 796 omnia
2567 750 2620 795 et
2656 742 2707 796 in
2737 745 2987 798 omnibus
3011 762 3057 808 ι,
3089 745 3319 799 alterum
3363 745 3513 816 ejus-

1933 833 2055 886 dem
2098 833 2339 902 Apostoli
2373 852 2386 887 :
2426 853 2444 884 ι
2476 833 2575 900 Qui
2621 844 2705 888 est
2739 851 2898 905 supra
2939 838 3118 892 omnia
3151 857 3198 905 ι,
3247 855 3512 909 nusquam

1934 922 2250 992 neglexerit.
2280 924 2358 995 (d)
2404 925 2742 980 Postremum
2773 941 2902 980 vero
2939 943 3153 992 caveas,
3184 945 3252 985 ne
3295 941 3516 1000 quatere

1933 1015 2145 1069 narium
2191 1024 2436 1082 naturae,
2478 1031 2618 1086 quae
2664 1017 2881 1082 dicitur,
2923 1022 3064 1088 apud
3098 1020 3382 1092 Erigenam
3430 1031 3519 1077 ut-

1932 1112 2058 1174 pote
2107 1103 2386 1160 formalem
2459 1119 2579 1160 cum
2653 1116 2839 1161 sancto
2903 1107 3166 1163 Ternario
3224 1110 3518 1182 dogmatis,"

1932 1212 2093 1268 quem
2121 1201 2393 1268 expressis
2420 1201 2598 1255 verbis
2641 1200 2800 1256 docet
2840 1211 3003 1271 atque
3047 1205 3357 1272 conﬁrmat,
3405 1208 3517 1262 ullo

1934 1291 2094 1344 modo
2137 1307 2302 1344 unum
2352 1292 2602 1361 idemque
2645 1309 2767 1348 esse
2820 1295 3121 1352 existimes.
3171 1297 3290 1352 .lam
3344 1299 3515 1368 ipsius

1935 1380 2197 1451 Erigenae
2241 1383 2536 1438 declaratio
2562 1384 2628 1438 de
2665 1394 2854 1454 quarta
2888 1393 2944 1439 et
2993 1388 3059 1440 de
3087 1386 3263 1457 prima
3299 1398 3516 1448 natura.

1933 1473 2046 1528 sive
2079 1473 2146 1528 de
2183 1482 2374 1528 natura
2412 1490 2518 1528 non
2550 1484 2734 1530 creata
2767 1491 2941 1545 neque
2971 1487 3216 1543 creante,
3244 1487 3299 1533 et
3325 1479 3390 1533 de
3423 1495 3517 1533 ua-

1932 1569 2052 1616 tura
2096 1578 2202 1616 non
2244 1572 2428 1618 creata
2473 1573 2530 1618 et
2571 1573 2812 1628 creante,
2859 1574 3147 1635 utramque
3183 1583 3344 1620 unam
3388 1583 3518 1621 ean-

1931 1655 2162 1723 demque
2190 1669 2310 1710 esse
2351 1665 2624 1718 naturam,
2670 1655 2739 1727 (e)
2797 1657 3092 1711 secundum
3125 1657 3393 1710 diversum
3438 1673 3519 1712 re-

1931 1754 2176 1815 spectum
2215 1748 2576 1816 processiouis
2621 1756 2676 1802 et
2718 1748 2923 1802 reditus
2967 1763 3168 1813 rerum,
3220 1749 3298 1804 sic
3329 1750 3518 1818 appel-

250 1842 530 1905 lebender,
575 1841 1033 1905 Gottvsissender,
1091 1840 1504 1896 Gottwesendcr
1553 1840 1825 1911 lstigkeit,
1858 1831 1901 1888 B
1930 1835 2114 1899 latam,
2159 1837 2292 1892 satis
2319 1837 2679 1903 demonstrat,
2707 1838 2848 1892 hanc
2889 1839 3206 1893 divisionem
3251 1853 3315 1892 ex
3357 1848 3518 1908 parte

248 1933 350 1987 vrie
385 1933 479 1985 das
509 1933 861 2004 Evangelium
893 1933 946 1986 in
978 1931 1243 2003 principio
1287 1941 1406 2001 sagt
1441 1949 1454 1985 :
1485 1932 1578 1986 das
1609 1933 1826 1986 worden

247 2027 332 2088 ist,
357 2027 452 2080 das
481 2028 549 2080 ist
576 2026 628 2080 in
656 2027 765 2080 ibm
781 2024 1026 2096 ewiglich
1045 2039 1290 2092 gewesen
1309 2025 1405 2080 das
1426 2024 1604 2080 Lebcn
1631 2045 1672 2078 ι.
1700 2025 1776 2095 (ιι)
1797 2024 1830 2062 ⁸

249 2116 386 2172 Sane
442 2115 704 2182 iniustum
751 2113 922 2177 foret,
985 2123 1205 2184 propter
1251 2115 1385 2169 haec
1453 2122 1509 2168 et
1563 2115 1827 2184 ejusmodi

249 2207 407 2260 verba
438 2205 524 2260 vel
560 2203 827 2260 Susonem
868 2203 951 2257 vel
985 2203 1271 2272 Erigonam
1316 2205 1643 2272 pautbeismi
1672 2219 1831 2258 aecu-

249 2300 394 2350 sare!
423 2295 619 2351 Nonne
660 2298 825 2352 etiam
870 2296 1068 2365 pictor,
1101 2294 1193 2364 qui
1237 2295 1380 2364 regis
1419 2295 1706 2366 imaginem
1739 2310 1832 2349 co-

249 2387 450 2442 loribus
485 2387 751 2456 depingit,
799 2385 1080 2454 quaerenti
1113 2385 1240 2454 quid
1283 2384 1464 2448 faciat,
1497 2385 1826 2453 respondet:

249 2477 330 2530 Fit
361 2479 488 2531 rex!
522 2477 615 2532 Sic
640 2478 806 2531 etiam
864 2475 925 2532 S.
971 2475 1305 2545 Augustinus
1337 2491 1352 2530 :
1390 2495 1408 2528 ι
1436 2476 1658 2532 Crescat
1700 2493 1830 2548 ergo

249 2570 419 2631 Deus,
470 2569 563 2638 qui
613 2581 827 2637 semper
871 2565 1147 2635 perfectus
1203 2575 1320 2630 est,
1377 2577 1588 2622 crescat
1645 2568 1696 2621 iu
1755 2577 1824 2621 te.

247 2659 458 2724 Quanto
487 2657 631 2712 enim
661 2657 830 2728 magis
853 2655 1108 2727 intelligis
1130 2657 1318 2721 Deum,
1346 2666 1401 2711 et
1429 2668 1632 2727 quanto
1662 2658 1830 2727 magis

247 2752 420 2821 capis,
453 2751 669 2804 videtur
706 2751 758 2804 in
801 2759 853 2805 te
880 2764 1129 2805 crescere
1161 2751 1319 2804 Deus.
1349 2750 1468 2819 Ipse
1511 2759 1690 2804 autem
1724 2765 1829 2804 non

245 2843 468 2909 crescit,
511 2844 601 2897 sed
647 2857 858 2911 semper
886 2840 1157 2910 perfectus
1191 2849 1294 2895 est.
1327 2839 1666 2911 Intelligebas
1714 2841 1828 2895 beri

249 2937 557 2998 modicum,
604 2934 856 3003 intelligis
901 2934 1059 2987 hodie
1101 2933 1354 3003 amplius.
1405 2933 1672 3003 intelliges
1707 2949 1831 2988 cras

247 3025 419 3078 multo
434 3024 691 3093 amplius:
711 3025 888 3077 lumen
913 3025 1084 3092 ipsum
1104 3023 1194 3077 Dei
1219 3023 1417 3078 crescit
1434 3023 1486 3076 in
1510 3032 1582 3086 te,
1599 3023 1670 3075 ita
1688 3021 1830 3076 velut

245 3116 390 3170 Deus
424 3115 643 3180 crescit,
666 3117 756 3184 qui
789 3130 1003 3182 semper
1031 3113 1304 3183 perlectus
1333 3121 1533 3167 manet.
1561 3111 1826 3178 Quemad-

1934 1941 1993 1985 ut
2036 1931 2382 2000 subjectivam
2443 1941 2648 1988 tantum
2695 1944 2749 1989 et
2798 1934 3075 1989 formalem
3145 1936 3516 2005 accipiendam

1932 2037 2073 2078 esse.
2141 2023 2329 2091 Quod,
2394 2040 2562 2094 quum
2634 2025 2897 2094 Erigenae
2952 2025 3020 2080 de
3088 2025 3354 2080 Trinitate
3418 2027 3515 2080 do-

1931 2114 2105 2168 ctrina
2176 2115 2419 2184 exposita
2495 2114 2696 2180 fuerit,
2759 2115 3063 2171 evidentius
3113 2116 3278 2170 etiam
3351 2131 3515 2186 appa-

1931 2203 2089 2258 rebit.
3323 2214 3331 2220 '

2002 2294 2058 2348 b.
2091 2291 2264 2348 Simili
2311 2295 2470 2350 modo
2515 2293 2720 2364 aliquot
2767 2295 2904 2350 alios
2949 2294 3132 2365 operis
3158 2294 3224 2348 de
3254 2295 3517 2349 divisione

1932 2385 2101 2450 locos,
2128 2387 2218 2438 ubi
2246 2386 2311 2440 de
2349 2386 2640 2441 universali
2687 2401 2864 2440 rerum
2911 2386 3301 2439 instauratione
3345 2387 3394 2438 in
3437 2386 3517 2439 al-

1934 2484 2051 2529 tero
2085 2476 2286 2530 Christi
2311 2477 2542 2531 adventu
2574 2476 2753 2531 futura
2780 2486 2835 2532 et
2864 2479 2930 2532 de
2965 2477 3152 2531 ultimo
3171 2475 3378 2545 judicio
3404 2478 3517 2548 agi-

1934 2579 2039 2632 tur,
2080 2569 2260 2624 minus
2289 2571 2584 2624 attendenti
2616 2579 2668 2624 et
2712 2570 3098 2640 cogitationum
3139 2570 3361 2634 seriem,
3394 2585 3512 2624 ver-

1932 2659 2228 2727 borumque
2273 2659 2383 2712 vim
2435 2659 2790 2729 negligentius
2838 2659 3194 2728 perpendenti
3235 2661 3512 2730 pantbeis-

1932 2759 2077 2797 mum
2127 2761 2317 2814 sapere
2368 2762 2524 2816 posse
2593 2763 2699 2801 non
2751 2762 3030 2817 negamus.
3079 2748 3280 2803 Verum
3331 2759 3511 2802 tamen

1933 2835 2100 2888 uudto
2130 2835 2310 2902 plures
2337 2835 2462 2900 loci,
2489 2837 2578 2905 qui
2608 2829 2942 2893 contrarium
2970 2836 3257 2904 aﬂirmant,
3285 2848 3340 2894 et
3365 2839 3519 2908 quiu-

1932 2935 2018 2982 tus
2063 2925 2307 2993 ejusdem
2360 2929 2540 2998 operis
2599 2928 2736 2983 liber
2786 2944 2959 2999 paene
3009 2937 3153 2984 totus
3199 2930 3516 2999 prudentem

1931 3032 2199 3086 quemque
2243 3017 2498 3073 lectorem
2543 3019 2764 3073 omnino
2810 3019 3162 3083 convincent,
3211 3021 3514 3074 doctrinam

1933 3106 1998 3160 de
2029 3108 2321 3162 universali
2373 3125 2552 3164 rerum
2578 3111 2818 3165 omnium
2852 3127 2948 3180 per
2976 3112 3144 3165 Deum
3183 3113 3235 3166 in
3264 3128 3517 3167 consum-

248 3209 476 3262 modum
508 3207 548 3260 si
575 3215 831 3260 curentur
860 3205 1138 3273 cujusdam
1175 3205 1313 3259 oculi
1345 3221 1410 3259 ex
1451 3205 1677 3274 pristina
1709 3220 1828 3259 cae-
1857 3178 1901 3237 (ἶ
1936 3198 2174 3253 matione
2219 3199 2387 3253 seculi
2430 3201 2799 3269 absorptione,
2835 3217 2939 3270 qua
2968 3203 3215 3266 intereat,
3249 3219 3354 3256 non
3386 3219 3515 3258 vero

246 3300 434 3358 citate.
469 3307 526 3351 et
547 3298 800 3366 inciperet
832 3297 1013 3350 videre
1042 3295 1314 3365 paululum
1346 3296 1498 3354 lucis.
1533 3304 1588 3350 et
1613 3295 1716 3350 alia
1737 3296 1832 3350 die

247 3391 369 3460 plus
415 3389 628 3443 videret
665 3399 720 3444 et
749 3390 906 3443 tertia
933 3389 1019 3444 die
1054 3388 1283 3458 amplius
1323 3405 1337 3442 :
1372 3389 1584 3443 videtur
1626 3388 1700 3442 illi
1741 3388 1830 3442 lux

247 3496 530 3536 crescere:
546 3479 634 3534 lux
659 3489 835 3534 tamen
860 3478 1095 3550 perfecta
1114 3479 1344 3542 est,sive
1366 3479 1480 3549 ipse
1503 3480 1698 3544 videat,
1719 3480 1832 3534 sive

249 3589 354 3626 non
383 3573 588 3626 videat.
621 3568 711 3626 Sic
751 3581 834 3625 est
874 3580 928 3625 et
963 3571 1189 3624 interior
1230 3570 1393 3624 homo
1427 3584 1442 3622 :
1473 3568 1686 3639 prolicit
1713 3569 1832 3638 qui-

249 3666 370 3718 dem
406 3665 462 3717 in
504 3663 610 3717 Deo
639 3672 693 3718 et
731 3663 874 3717 Deus
916 3661 968 3716 in
1017 3660 1108 3716 illo
1151 3660 1363 3714 videtur
1405 3673 1686 3723 crescere;
1718 3659 1832 3727 ipse

250 3765 434 3810 tamen
460 3753 743 3820 minuitur,
765 3761 876 3807 uta
901 3753 1065 3823 gloria
1089 3767 1184 3807 sua
1208 3751 1420 3806 decidat
1443 3758 1497 3805 et
1523 3751 1576 3804 in
1605 3750 1832 3821 gloriam

251 3843 348 3897 Dei
391 3851 652 3913 surgat».
699 3843 768 3914 (ε)
823 3841 934 3896 Νεε
978 3841 1157 3896 minus
1203 3841 1268 3894 A.
1296 3839 1544 3895 Giinther
1587 3841 1638 3894 in
1691 3839 1831 3894 libro

247 3933 491 3986 Thomas
514 3949 543 3986 a
573 3932 854 4002 Scrupulis
884 3947 935 4001 p.
959 3931 1097 3986 223:
1129 3951 1147 3982 ε
1178 3930 1296 3986 liud
1323 3945 1434 3984 was
1462 3930 1660 3985 konnte
1685 3932 1831 3986 diese

247 4016 644 4078 Liebe'andres
671 4024 806 4083 sein,
837 4021 1080 4090 alsjene,
1121 4021 1219 4076 mit
1253 4021 1350 4076 der
1377 4021 1494 4076 sich
1539 4021 1664 4075 Gett
1691 4022 1830 4075 auch

247 4115 300 4166 in
333 4114 433 4166 der
461 4111 693 4165 Kreatur
723 4112 880 4174 liebt,
915 4111 1030 4165 weil
1060 4126 1123 4166 er
1169 4111 1222 4165 iu
1265 4109 1352 4164 ihr
1390 4111 1575 4166 seinen
1623 4111 1828 4180 evvigen

244 4202 542 4258 Cedanken
569 4200 724 4272 (Pag.
750 4201 870 4274 XX)
898 4200 1290 4268 wiederﬁndet,
1313 4202 1366 4256 in
1397 4203 1485 4255 ihr
1507 4203 1681 4256 einem
1722 4201 1832 4257 Mo-

320 4353 721 4437 ηυρλ-ιι,
749 4370 806 4437 ρ.
831 4355 933 4436 I22
967 4354 1078 4437 in.
1105 4355 1198 4428 22)
1241 4355 1372 4437 c-Ad
1400 4355 1529 4426 quid
1557 4375 1577 4408 ι
1612 4365 1746 4421 cet.,
1775 4364 1831 4411 et

241 4442 296 4496 p.
326 4423 434 4480 12‘
465 4425 552 4492 (II,
577 4425 667 4494 22)
699 4444 718 4475 ι
745 4423 936 4480 Omnia
966 4423 1309 4495 igituri'cet.

316 4522 390 4588 (b)
425 4518 510 4574 Cf.
550 4517 823 4588 Heinrich,
849 4517 1025 4573 διεςοέ
1067 4528 1293 4588 θξηαηηι
1337 4518 1608 4572 Amandus
1652 4518 1826 4588 Leben
1856 4527 1905 4587 ι)

244 4587 356 4642 and
383 4588 768 4659 Scliriftenmon
800 4587 1466 4659 Melchior'Diepenbrock.
1493 4589 1527 4642 2
1557 4587 1692 4642 Auﬂ.
1723 4587 1828 4644 Re-

243 4663 536 4730 gensburg.
565 4657 722 4711 1857.

317 4750 389 4816 (r)
422 4747 509 4802 Cf.
536 4747 752 4818 Gi'tgler,
786 4745 1186 4818 IleiligeiKunst
1214 4748 1308 4800 der
1338 4746 1592 4818 Ilebrtier.
1629 4750 1745 4804 Vol.
1784 4750 1823 4804 Ι.

244 4836 297 4889 p.
338 4820 429 4874 36.
462 4818 592 4871 Item
619 4820 686 4872 de
717 4817 831 4871 Div.
874 4817 964 4889 lib.
993 4817 1082 4882 IV,
1113 4834 1167 4887 p.
1192 4818 1297 4872 552
1323 4817 1435 4886 (IV,
1460 4820 1514 4876 7)
1550 4839 1568 4868 ι
1603 4821 1735 4874 llinc
1765 4821 1823 4874 8.

238 4888 617 4958 Augustinus:
673 4897 807 4950 (ειη
857 4888 945 4958 ubi
992 4889 1405 4958 S.Augustinus
1450 4890 1602 4943 miris
1652 4891 1828 4944 verbis

237 4957 467 5012 ouunino
498 4959 636 5012 idem
675 4958 818 5027 quod
864 4957 1090 5028 Erigena
1120 4957 1296 5012 decet.
1340 4957 1470 5011 Item
1503 4976 1554 5028 p.
1580 4959 1674 5013 5U
1713 4959 1824 5025 (IV,

238 5031 292 5100 Et)
332 5047 351 5079 ε
379 5028 724 5100 Quapropter
750 5028 833 5100 de
882 5027 1152 5100 intellectu
1205 5038 1356 5100 poet.
1385 5027 1516 5083 Item
1547 5029 1640 5085 lib.
1675 5028 1737 5082 V.
1774 5047 1825 5100 p.

237 5098 348 5152 475
373 5098 469 5168 (V.
490 5097 582 5169 24)
616 5116 635 5148 ι
661 5098 798 5162 Quid
826 5098 967 5152 enim
994 5099 1254 5166 sapientia
1279 5117 1296 5148 ι
1329 5109 1434 5153 cet.

313 5189 396 5257 (ἀ)
426 5189 512 5244 Ct‘.
545 5190 638 5242 lib.
663 5189 755 5249 IV.
789 5205 840 5258 p.
865 5188 970 5242 320
999 5188 1106 5258 (IV,
1134 5189 1189 5254 5)
1224 5209 1242 5240 ι
1266 5190 1432 5245 Miror
1457 5207 1556 5246 cur
1575 5212 1594 5245 ι
1627 5201 1733 5246 εει.

312 5263 384 5330 (e)
433 5259 519 5315 Cl’.
577 5259 670 5314 lib.
717 5260 802 5323 Ill,
857 5275 910 5330 p.
956 5259 1062 5314 248
1119 5259 1236 5330 (Ill,
1292 5261 1394 5332 25)
1458 5282 1475 5313 ι
1516 5262 1622 5318 Sed
1685 5263 1829 5332 quod

241 5332 409 5386 tbeol.
434 5351 453 5382 ι
487 5339 573 5386 εει

330 5461 361 5491 ³⁸
385 5457 579 5510 Latine
608 5458 688 5512 sic
715 5429 1051 5522 reddiposse
1074 5436 1330 5513 videntur
1353 5476 1368 5514 :
1401 5477 1419 5510 ι
1449 5457 1648 5513 Omnes
1675 5477 1833 5514 crea-

254 5541 441 5590 turae,
474 5537 660 5593 utpote
685 5543 826 5597 quae
845 5527 1102 5599 eﬂltuere
1126 5530 1460 5599 eaedemque
1489 5530 1832 5599 immaust-re,

1933 3288 2264 3358 gloriﬁcetur
2286 3298 2343 3344 et
2371 3290 2542 3360 magis
2563 3289 2801 3345 salvetur
2829 3301 3101 3355 creatura,
3125 3308 3157 3345 a
3188 3302 3368 3346 mente
3400 3292 3518 3345 Eri-

1932 3397 2102 3452 genae
2127 3397 2350 3450 prorsus
2375 3382 2605 3437 alienam
2631 3383 2817 3438 fuisse.
2849 3384 3134 3454 Expressis
3158 3385 3301 3438 enim
3331 3383 3516 3440 verbis

1933 3487 2040 3527 non
2069 3471 2240 3526 solum
2274 3471 2456 3540 plures
2501 3471 2555 3526 in
2581 3484 2801 3528 aeterna
2845 3473 3180 3529 beatitudine
3206 3475 3406 3545 gradus
3429 3473 3516 3542 ju-

1931 3570 2141 3617 storum
2186 3562 2396 3627 statuit,
2428 3561 2498 3632 (f)
2542 3563 2636 3632 qui
2682 3563 2736 3618 in
2778 3563 2903 3619 Iesu
2955 3580 3053 3633 pro
3079 3580 3268 3618 eorum
3303 3566 3516 3620 meritis

1931 3654 2163 3725 praevisi
2205 3663 2260 3710 et
2296 3655 2708 3723 praedestinati,
2745 3657 2998 3725 deinceps
3039 3657 3156 3711 sine
3198 3656 3304 3710 line
3346 3658 3513 3710 Deum

1930 3745 2211 3811 videbunt,
2248 3760 2435 3799 verum
2467 3745 2632 3800 etiam
2662 3754 2871 3800 certum
2924 3761 3204 3800 numerum
3252 3747 3514 3817 singulari

1933 3836 2103 3906 gratia
2135 3836 2188 3888 in
2210 3835 2607 3890 deiﬁcationcm
2629 3851 2789 3906 supra
2815 3851 3028 3891 omnem
3056 3836 3216 3907 (Pag.
3244 3835 3386 3906 XXI)
3419 3853 3515 3891 na-

1933 3927 2160 3981 turalem
2190 3927 2446 3980 virtutem
2471 3927 2767 3982 electorum
2793 3943 2913 3982 esse
2941 3929 3097 3982 docet
3119 3937 3284 3997 atque
3313 3929 3514 3982 descri-

1931 4015 2038 4081 bit;
2071 4017 2180 4071 imo
2205 4017 2477 4071 funestum
2508 4018 2654 4072 illum
2682 4033 2947 4082 errorem,
2975 4035 3080 4088 quo
3111 4029 3290 4074 creata
3331 4021 3514 4074 omnia

1931 4109 1984 4163 in
2012 4109 2123 4163 Deo
2169 4119 2398 4179 pereunt
2425 4118 2480 4164 et
2506 4125 2629 4163 cum
2659 4109 2771 4164 Deo
2812 4127 2920 4164 uno
2951 4111 3240 4178 superstite
3286 4109 3511 4165 confun-

1930 4201 2154 4269 duntur,
2180 4202 2296 4274 ipse
2321 4203 2638 4258 nominatim
2666 4203 2923 4273 reprobat
2943 4211 2997 4258 et
3028 4210 3368 4271 aspernatur.
3393 4199 3510 4256 Jam

2004 4360 2072 4430 (Γ)
2122 4360 2206 4416 Cl'.
2249 4359 2342 4415 lib.
2373 4360 2417 4424 I,
2451 4375 2506 4430 p.
2536 4362 2568 4416 8
2600 4361 2662 4430 (l.
2691 4361 2768 4431 8).
2802 4380 2820 4411 ‹
2848 4359 2980 4414 Nam
3019 4359 3408 4431 unusquisque,
3456 4370 3516 4414 ut

1930 4432 2196 4493 diximus,
2246 4431 2504 4501 unigeniti
2536 4431 2693 4485 Verbi
2729 4430 2834 4483 Dei
2883 4431 3128 4484 notitiam
3176 4430 3229 4483 in
3284 4444 3343 4484 se
3396 4432 3512 4499 ipso

1929 4501 2248 4571 possidebit,
2289 4510 2547 4571 quantum
2592 4501 2638 4553 ei
2687 4501 2861 4569 gratia
2913 4501 3267 4571 donabitur...
3302 4501 3514 4566 Quotus

1931 4569 2072 4625 enim
2101 4585 2358 4624 numerus
2386 4569 2702 4631 electorum,
2738 4579 2814 4622 tot
2847 4570 2951 4624 erit
2983 4585 3242 4625 numerus
3276 4571 3512 4624 mansio-

1933 4656 2092 4702 num;
2125 4651 2324 4708 quanta
2357 4639 2518 4693 fuerit
2556 4648 2864 4694 sanctarum
2909 4641 3210 4694 animarum
3253 4641 3512 4709 multipli-

1930 4711 2094 4770 catio,
2141 4718 2286 4764 tanta
2324 4710 2431 4764 erit
2473 4710 2772 4762 divinarum
2812 4711 3259 4778 tbeopbaniarum
3299 4727 3513 4779 posses-

1930 4782 2011 4834 sio
2034 4799 2077 4833 ›.
2123 4779 2187 4833 Et
2233 4779 2324 4832 lib.
2356 4781 2418 4850 V,
2450 4779 2636 4850 p.586
2680 4781 2767 4850 (V,
2796 4780 2884 4842 58)
2913 4798 2966 4834 ει
2998 4780 3220 4846 Quaado
3263 4781 3366 4833 erit
3405 4796 3512 4834 non

1930 4850 2103 4903 solum
2150 4849 2403 4919 generale
2441 4849 2724 4904 sabbatum
2769 4851 2820 4903 in
2865 4853 3114 4904 omnibus
3153 4850 3350 4904 divinis
3383 4863 3511 4918 ope-

1932 4919 2111 4982 ribus;
2147 4934 2331 4972 verum
2368 4921 2530 4974 etiam
2577 4929 2631 4973 et
2675 4920 2908 4987 speciale
2937 4922 3220 4974 sabbatum
3260 4921 3547 4974 sabbato-'

1933 5004 2051 5041 rum
2076 4991 2124 5041 in
2157 4990 2358 5043 sanctis
2388 4988 2591 5056 angelis
2621 4990 2927 5058 sanctisque
2957 4990 3291 5054 hominibus;
3322 5001 3376 5044 et
3413 4990 3513 5043 im-

1931 5058 2164 5126 plebitur
2189 5063 2378 5111 domus
2409 5059 2525 5120 Dei,
2559 5060 2610 5112 in
2641 5075 2743 5128 qua
2775 5060 3160 5129 unusquisque,
3190 5061 3380 5114 ordine
3406 5060 3509 5112 sibi

1932 5143 2193 5199 congruo,
2237 5129 2595 5199 constituetur
2637 5146 2650 5181 :
2695 5129 2781 5182 alii
2817 5129 3059 5194 inferius,
3105 5131 3194 5184 alii
3242 5130 3506 5199 superius,

1932 5197 2020 5270 alii
2055 5199 2106 5250 in
2143 5198 2472 5270 sublimitate
2512 5207 2758 5270 naturae,
2785 5200 2872 5252 alii
2918 5215 3079 5270 super
3108 5197 3322 5255 oumeui
3352 5206 3508 5270 natu:

1935 5267 2100 5338 ralem
2131 5268 2386 5321 virtutem
2405 5270 2560 5338 circa
2608 5268 2779 5336 ipsum
2831 5267 2997 5324 Deuui
3025 5290 3068 5324 ι.
3102 5271 3274 5324 Etiam
3304 5284 3356 5338 p.
3403 5267 3512 5322 5l5

1933 5335 2024 5409 (ν,
2050 5337 2141 5410 δι)
2167 5346 2217 5392 et
2245 5338 2348 5391 474
2379 5337 2465 5410 (ν,
2488 5339 2579 5408 at)
2605 5335 2657 5394 et
2684 5339 2788 5394 550
2818 5341 2907 5412 (ν,
2934 5340 3046 5414 56).

1996 5469 2062 5503 ⁸*
2091 5468 2283 5523 Latine
2309 5471 2386 5523 sic
2408 5471 2542 5525 verti
2572 5487 2727 5540 posse
2748 5473 2998 5525 videntur
3021 5491 3033 5523 :
3059 5491 3076 5521 ι
3103 5472 3166 5524 Ει
3185 5471 3271 5526 bic
3292 5469 3510 5540 quidem

1924 5553 2080 5592 amor
2113 5541 2358 5611 quisnam
2384 5542 2518 5594 alius
2537 5559 2657 5596 esse
2683 5552 2856 5611 potest
2886 5543 2986 5595 nisi
3022 5542 3128 5604 ille,
3155 5557 3261 5610 quo
3287 5545 3422 5594 Deus
3449 5559 3511 5597 se

257 5604 317 5652 in
347 5613 457 5651 uno
489 5608 909 5679 aeternaesupt.
931 5598 1171 5679 viventes
1195 5599 1404 5679 ηιμ-0,.
1426 5597 1591 5679 Deum
1633 5597 1836 5679 cogito;
1925 5617 2090 5671 amat,
2114 5597 2167 5662 et
2194 5610 2244 5662 iu
2272 5612 2555 5676 creaturis,
2581 5613 2631 5665 in
2656 5597 2849 5679 quibus
2876 5597 3510 5667 aeternami'dealnsuam

257 5683 507 5729 scemes,
540 5667 697 5734 quasi
729 5667 1030 5739 deiﬁcatae.
1073 5679 1129 5720 ut
1159 5670 1355 5736 legitur
1394 5670 1447 5721 in
1492 5667 1781 5739 EVangelio
1813 5684 1828 5722 :

261 5739 416 5803 Quod
451 5741 650 5807 factum
681 5747 774 5802 est,
813 5738 865 5789 in
891 5738 1000 5805 ipso
1027 5739 1129 5792 vita
1153 5749 1261 5792 erat
1289 5758 1332 5793 ι.
1386 5742 1462 5792 ΛΝ
1489 5738 1660 5793 tum.
1684 5741 1830 5793 lion.

1925 5680 2142 5801 peperit.
2177 5692 2502 5802 uiomeuttxn
2530 5684 2682 5752 quasi
2714 5683 2960 5751 propriae
2991 5684 3128 5737 vitae
3157 5683 3376 5739 olI'cndit
3417 5686 3474 5737 p?

1925 5791 1936 5801 .
1970 5764 2184 5802 δηίων,
2228 5765 2362 5802 amr.

1923 5764 2184 5803 ANIMADV.
2209 5764 2362 5804 ΙέΛητ.
