4002 6148
437 328 536 383 119

1541 327 1605 386 C.
1644 325 1703 383 Β.
1746 326 2175 384 SCIlLUETlﬁRl
2215 325 2580 418 PlHiliATlO

3566 307 3667 360 1‘20

435 444 480 498 si
511 443 576 497 ad
603 441 798 496 multas
835 441 1195 512 pulchrasque
1239 439 1506 511 respicere
1534 441 1668 496 velis
1714 441 2003 510 analogias,
2037 448 2084 505 Α
2178 442 2232 494 2.
2268 441 2570 494 Humanam
2594 438 2921 492 voluntatem
2978 449 3098 490 esse
3125 434 3350 488 liberam
3381 431 3448 484 ad
3477 432 3676 501 eligen-

435 535 629 602 quibus
655 533 880 603 Erigcna
914 532 1080 586 utitur
1107 532 1173 586 ad
1223 533 1360 586 hanc
1399 531 1564 586 futuri
1607 532 1772 587 seculi
1807 533 2004 586 θείωσιν

435 622 824 691 quodammodo
865 619 1232 689 explicandam
1276 629 1437 689 atque
1476 620 1894 684 dilucidandam,
1938 619 2006 674 de

438 725 538 764 nac
572 726 629 763 re
665 709 906 777 protinus
962 708 1182 762 minimo
1226 709 1514 764 dubitabis.
1565 709 1678 765 Hae
1728 710 2007 780 analogiae

435 806 588 862 sunt,
620 797 846 866 exempli
887 798 1081 867 gratia,
1112 797 1178 852 de
1209 797 1350 852 ferro
1388 798 1442 852 in
1479 798 1599 868 igne
1629 801 2003 863 candescente,

432 889 594 957 quod,
629 888 974 958 totum-ignis
1002 888 1234 953 factum,
1275 889 1620 944 nihilominus
1661 906 1768 944 non
1810 881 2009 944 desinit

431 989 550 1028 esse
575 975 808 1040 ferrum;
835 977 900 1030 de
924 989 1050 1031 aere
1070 977 1390 1042 illuminato,
1413 979 1504 1046 qui
1535 987 1675 1033 totus
1698 978 1790 1032 lux
1813 978 2007 1033 solaris

433 1061 630 1126 factus,
676 1071 852 1116 tamen
892 1079 985 1118 aer
1032 1074 1242 1132 manet;
1287 1066 1354 1120 de
1383 1066 1576 1131 stellis,
1617 1081 1756 1136 quae
1793 1067 2006 1121 oriente

430 1155 542 1210 sole
581 1165 913 1210 evanescunt
951 1165 1004 1212 et
1034 1166 1212 1212 tamen
1245 1174 1349 1214 non
1392 1158 1646 1212 desinunt
1673 1173 1814 1214 esse.
1859 1158 2009 1224 Quae

431 1247 809 1302 similitudines
849 1247 988 1316 apud
1037 1263 1224 1303 omnes
1265 1248 1380 1303 fere
1423 1250 1678 1318 probatos
1733 1249 2010 1320 theologos

435 1337 730 1407 primorum
786 1338 1088 1392 seculorum
1136 1339 1448 1408 mediaeque
1514 1341 1710 1394 aetatis
1760 1339 2008 1409 specula-

437 1429 575 1482 tivos
608 1437 834 1497 possunt
868 1429 1116 1497 reperiri,
1143 1443 1242 1482 nec
1266 1429 1473 1484 scilicet
1514 1428 1883 1484 confusionem
1914 1429 2010 1485 Dei

433 1533 556 1574 cum
581 1527 851 1582 creatura,
885 1519 1049 1572 immo
1075 1519 1500 1588 penetrationem
1531 1533 1626 1573 seu
1663 1518 2013 1574 inhabitatio-

435 1625 558 1664 nem
601 1618 656 1663 et
687 1608 1086 1663 inexistentiam
1131 1608 1408 1662 amborum
1458 1606 1757 1662 clarissime
1802 1608 2009 1678 signiﬁ-

432 1708 577 1754 cant.
607 1699 683 1769 (a)
707 1699 777 1752 At
807 1707 940 1754 teste
963 1699 1022 1753 S.
1079 1698 1242 1753 Paulo
1267 1699 1448 1763 homo,
1476 1700 1565 1768 qui
1597 1700 1704 1754 Deo
1731 1701 2006 1766 adhaeret,

2106 532 2231 585 dum
2259 532 2341 586 vel
2387 532 2583 586 bonum
2614 528 2697 584 vel
2727 527 2944 592 malum,
2991 535 3047 581 et
3089 540 3257 596 genus
3283 524 3571 576 humanum
3619 523 3675 575 in

2104 622 2309 676 Adamo
2339 621 2762 691 praevaricatum
2808 617 3074 686 mortique
3112 614 3402 670 obnoxium
3448 613 3675 676 factum,

2107 712 2160 765 in
2187 711 2404 766 Christo
2429 719 2484 764 et
2513 725 2608 780 per
2634 708 2913 764 Christum
2959 704 3224 761 salvatum
3279 716 3400 758 esse
3447 712 3503 756 et
3529 701 3676 756 vitae

2108 810 2358 855 aeternae
2381 801 2645 855 redditum
2675 798 2770 869 (ε).

2177 890 2231 944 5.
2261 889 2580 959 Superbiam
2611 885 2868 951 Luciferi,
2899 887 2988 954 qui
3018 899 3114 939 sua
3143 883 3342 936 virtute
3369 881 3510 936 Deus
3557 893 3680 934 esse

2109 979 2375 1049 cupiebat,
2403 978 2774 1033 detestandum
2803 975 3006 1030 crimen
3037 973 3222 1027 fuisse.
3254 971 3336 1026 Cf.
3363 969 3455 1025 lib.
3485 969 3552 1024 V.

2177 1070 2231 1123 4.
2265 1068 2430 1123 Deum
2461 1067 2692 1132 ellicere,
2731 1074 2788 1119 ut
2813 1064 2976 1119 multa
3007 1073 3160 1119 extra
3189 1076 3524 1118 communem
3577 1074 3676 1118 na-

2110 1170 2262 1216 turae
2291 1161 2531 1216 ordinem
2559 1159 2830 1222 eveniant,
2858 1172 2964 1226 quo
2988 1155 3250 1219 ostendat,
3280 1168 3339 1208 se
3364 1153 3534 1208 solum
3555 1166 3684 1208 esse

2107 1252 2420 1314 Dominum,
2451 1264 2624 1319 neque
2657 1248 2824 1302 alium
2848 1247 3113 1317 quendam
3144 1276 3217 1285 —
3239 1253 3292 1298 et
3343 1257 3681 1312 consequen-

2111 1350 2215 1408 ter,
2257 1341 2515 1396 miracula
2544 1355 2700 1410 posse
2742 1338 2879 1393 ﬁeri.
2916 1358 2933 1389 ι
2971 1337 3142 1392 Nullis
3174 1335 3438 1406 “inquit,
3475 1353 3496 1386 ι
3553 1349 3686 1389 con-

2102 1430 2327 1500 jecturis
2355 1431 2518 1484 animi
2543 1428 2946 1498 inquirendum,
2975 1443 3072 1482 cur
3093 1458 3164 1467 —
3189 1440 3277 1481 res
3317 1424 3588 1479 naturales
3608 1455 3682 1465 —

2110 1535 2176 1575 ex
2206 1520 2564 1575 invisibilibus
2587 1519 2766 1574 causis
2794 1519 2849 1572 in
2892 1519 2945 1572 vi
2974 1515 3237 1573 seminum
3280 1515 3443 1572 semel
3473 1515 3682 1570 consti-

2111 1611 2241 1665 tutis
2269 1625 2373 1664 non
2401 1609 2578 1672 simul,
2612 1609 2706 1663 sed
2733 1609 2989 1678 temporis
3016 1607 3312 1663 intervallis
3340 1614 3392 1663 et
3413 1607 3680 1668 locorum,

2113 1700 2166 1755 in
2205 1700 2407 1754 formas
2452 1699 2733 1755 sensibiles
2777 1700 2972 1754 debent
3018 1700 3326 1770 procedere,
3373 1698 3528 1768 quasi
3572 1714 3684 1750 non

434 1804 572 1844 unus
601 1804 722 1843 cum
764 1789 873 1843 Deo
901 1788 960 1842 ﬁt
1002 1789 1240 1858 spiritus.
1273 1787 1383 1860 Nec
1418 1789 1700 1858 quisquam
1736 1791 2004 1844 veteribus
2036 1783 2077 1840 Β
2107 1789 2266 1845 aliter
2291 1789 2408 1845 ﬁeri
2441 1797 2682 1859 possent,
2711 1790 2762 1845 si.
2782 1789 2994 1844 divinae
3039 1788 3302 1844 voluntati
3355 1788 3510 1841 aliter
3559 1787 3684 1841 ﬁeri

435 1878 696 1948 theologis
727 1879 779 1932 in
807 1879 1132 1948 vituperiuni
1165 1879 1355 1943 vertit,
1398 1879 1786 1934 enthusiastice
1844 1881 2008 1949 proli-

439 1970 692 2032 tentibus,
723 1985 844 2025 eum
873 1971 925 2024 in
954 1969 1111 2025 finem
1139 1972 1306 2024 Deum
1337 1971 1539 2026 factum
1564 1985 1683 2027 esse
1711 1972 2005 2036 hominem,

435 2071 494 2116 ut
522 2050 724 2117 homini
764 2071 1005 2131 potestas
1030 2062 1367 2128 redderetur,
1404 2078 1506 2132 qua
1540 2064 1680 2118 Deus
1713 2064 1883 2127 ﬁeret,
1914 2079 2009 2118 seu

436 2151 814 2206 tleilicaretur:
852 2170 869 2202 ι
898 2154 1086 2208 Τούτου
1127 2155 1225 2225 γὰρ
1264 2155 1403 2226 γένος
1447 2152 1601 2224 ἔσμεν
1629 2170 1683 2218 ›;
1730 2153 1850 2208 cf.I
1884 2153 2006 2208 Cor.

441 2240 524 2305 Vl,
551 2241 637 2296 1⁵1.
662 2241 912 2296 Ceterum
935 2241 1103 2308 locos,
1125 2244 1320 2313 quibus
1343 2235 1750 2313 pantheisticam
1771 2244 1863 2299 Dei
1889 2260 2010 2298 eum

435 2341 677 2386 creatura
705 2331 979 2397 unionem,
1015 2348 1120 2402 qua
1151 2341 1396 2388 creatura
1427 2334 1782 2388 absorbeatur
1808 2342 1862 2389 et
1892 2349 2012 2402 per-

435 2430 542 2486 eat,
579 2430 768 2476 auctor
813 2432 998 2478 noster
1022 2423 1378 2479 determinate
1417 2433 1754 2494 aspernatur,
1794 2424 1894 2480 hos
1933 2423 2013 2479 af-

441 2512 584 2566 ferre
611 2511 837 2568 sutliciat.
860 2530 874 2566 :

510 2601 632 2656 Lib.
657 2601 740 2667 ιιι,
773 2617 826 2670 ρ.
854 2601 958 2658 243
988 2602 1095 2674 (ιιι,
1131 2603 1242 2675 ao).
1277 2603 1360 2659 cr.
1391 2612 1445 2660 et
1471 2604 1562 2659 lib.
1586 2603 1629 2658 v
1659 2605 1777 2659 init.

515 2732 533 2763 ι
568 2713 794 2768 Mutatio
819 2713 1000 2784 itaque
1049 2716 1316 2771 humanae
1343 2726 1570 2772 naturae
1600 2717 1656 2772 in
1683 2717 1875 2782 Deum,
1906 2731 2012 2771 non

443 2804 497 2858 in
521 2803 859 2859 substantiae
888 2805 1110 2860 interitu
1141 2806 1469 2861 aestimanda
1490 2815 1593 2872 est,
1623 2807 1719 2862 sed
1752 2808 1805 2862 in
1833 2807 2014 2877 pristi-

441 2909 571 2946 num
601 2902 819 2958 statum,
849 2909 1007 2963 quem
1033 2895 1452 2965 praevaricando
1493 2897 1820 2966 perdiderat,
1846 2897 2014 2950 mira-

440 2985 562 3040 bilis
589 2995 642 3040 et
675 2986 956 3041 inell'ahilis
1000 2987 1236 3042 reversio
1272 3007 1320 3042 ι.
1346 3018 1419 3028 —
1458 2988 1629 3067 Item:
1680 3007 1698 3039 ι
1726 2989 1841 3043 Non
1869 2989 2012 3043 enim

441 3089 568 3129 vera
598 3074 734 3128 ratio
758 3075 888 3130 sinit
915 3077 1192 3145 superiora
1224 3075 1568 3132 inferioribus
1612 3077 1696 3133 vel
1719 3078 2004 3142 contineri,

442 3165 523 3220 vel
555 3165 778 3230 attrahi,
807 3167 891 3220 vel
913 3167 1176 3222 consumi.
1207 3167 1466 3222 lnferiora
1490 3183 1621 3223 vero
1657 3185 1687 3221 a
1717 3169 2009 3238 superiori-

445 3259 544 3311 bus
598 3256 920 3310 naturaliter
951 3258 1295 3310 attrahuntur
1343 3265 1396 3312 et
1439 3259 1816 3325 absorbentur,
1867 3275 2010 3325 non,

444 3356 504 3400 ut
547 3363 652 3401 non
701 3348 830 3412 sint,
881 3349 975 3404 sed
1020 3357 1078 3402 ut
1123 3349 1177 3402 in
1211 3349 1290 3404 eis
1311 3349 1431 3419 plus
1468 3351 1744 3406 salventur
1785 3361 1842 3408 et
1884 3354 2012 3409 sub-

443 3440 634 3496 sistant
659 3447 714 3493 et
737 3455 902 3493 unum
931 3439 1040 3494 sint
1067 3457 1111 3493 ι.
1149 3439 1302 3505 ltem,
1330 3449 1391 3494 ut
1410 3438 1503 3493 lib.
1530 3439 1576 3494 V
1598 3441 1761 3495 etiam
1788 3453 1970 3498 monet
1994 3461 2008 3498 :

450 3547 467 3578 ι
504 3526 621 3582 Non
657 3537 860 3593 autem,
909 3536 969 3581 ut
1018 3542 1180 3598 saepe
1227 3529 1478 3593 diximus,
1509 3531 1868 3585 essentiarum
1919 3541 2015 3587 aut

445 3619 865 3672 snlstantiarum
914 3617 1229 3674 confusione
1275 3629 1369 3674 aut
1422 3620 1641 3676 interitu
1692 3639 1740 3676 ι.
1773 3621 2014 3692 Denique

443 3707 605 3764 etiam
629 3725 682 3780 p.
711 3708 815 3765 559
838 3707 923 3782 (V,
950 3710 1062 3781 57).

514 3819 740 3893 Gregor.
780 3821 1051 3894 Nyssenus
1077 3822 1206 3878 ibid.
1240 3841 1257 3880 :

522 3951 541 3984 ι
580 3931 812 3989 Omnino
841 3942 1082 4002 tempore
1109 3935 1542 4000 resurrectionis,
1566 3938 1858 3992 secundum
1881 3939 2017 3994 bene

452 4018 686 4075 futuram
713 4022 1120 4077 conversionem
1153 4023 1204 4076 in
1254 4021 1456 4099 Spiritu
1493 4032 1697 4091 sancto,
1748 4040 1845 4096 per
1895 4041 2019 4097 gra-

450 4115 581 4166 tiam
611 4113 874 4168 incarnati
904 4113 1024 4178 Dei,
1052 4113 1425 4169 absorbebitur
1467 4130 1595 4171 caro
1639 4116 1706 4172 ab
1755 4116 1932 4171 anima
1962 4117 2017 4172 in

445 4204 661 4273 spiritu,
691 4205 867 4259 anima
892 4220 1020 4260 vero
1051 4205 1103 4259 in
1127 4205 1237 4260 Deo
1263 4205 1335 4277 (b)
1373 4224 1418 4260 ι.

526 4293 684 4367 (Ραο.
704 4295 872 4367 XXII)
885 4295 1124 4366 Denique
1137 4296 1179 4351 si
1196 4295 1422 4366 Erigena
1439 4296 1832 4366 pantheismum
1848 4306 2020 4354 secta-

453 4391 619 4449 retur,
650 4386 842 4441 docere
863 4402 968 4442 non
999 4395 1200 4457 posset,
1237 4401 1375 4457 quae
1404 4385 1560 4442 docet
1587 4404 1600 4438 :

524 4497 574 4550 1.
608 4497 776 4551 Deum
825 4513 943 4553 esse
995 4513 1213 4554 causam
1260 4499 1497 4553 omnium
1544 4513 1706 4568 super
1753 4498 2018 4554 essentia-
2046 4477 2097 4537 Β

454 4594 558 4643 km
589 4587 682 4656 (ο),
711 4601 812 4642 nec
853 4589 1176 4656 categoriam
1215 4591 1484 4646 essentiae
1534 4591 1647 4646 sive
1692 4591 1886 4656 οὐσίας,
1917 4605 2036 4646 nec.

451 4688 659 4736 ceteras
737 4693 927 4734 novem
1003 4681 1305 4750 categorias
1372 4682 1426 4734 in
1503 4680 1669 4736 Deum
1734 4696 1890 4750 posse
1935 4696 2021 4736 ca-

406 4827 413 4833 _
452 4775 578 4827 dere
607 4772 703 4841 (ά).
1354 4803 1379 4827 ο

524 4917 599 4986 (τι)
630 4915 709 4971 cr.
734 4915 825 4970 lib.
851 4916 936 4980 ιιι,
963 4933 1014 4988 ρ.
1043 4916 1148 4972 243
1174 4917 1275 4990 (Ill,
1302 4918 1412 4989 20).
1447 4937 1464 4971 ‹
1495 4918 1696 4974 Deinde
1743 4934 1874 4988 per»
1905 4931 2013 4978 cet.

524 4985 712 5054 (ωιοι.
743 4996 852 5040 ιιοι.
885 4987 924 5054 r.

523 4994 712 5054 (lover.
743 4996 852 5040 not.
885 4994 924 5054 f.

524 4989 574 5054 (b
606 4989 712 5040 va.
743 4996 852 5040 not.
885 4989 924 5054 γ’.
1186 4989 1189 4990 ⁷

524 4989 597 5128 (οἷ
619 5055 701 5128 Cf.
735 5056 995 5128 lib.lll.ﬂt
1030 5053 1196 5112 Nemo
1233 5065 1409 5113 tamen
1441 5067 1523 5113 est
1563 5059 1647 5126 pie
1682 5061 2015 5117 credentium

453 5125 820 5199 etverttatem
837 5125 1264 5199 intelligentium,
1290 5128 1377 5196 qui
1410 5144 1514 5183 non
1537 5125 1790 5199 continuo
1813 5132 2016 5199 absque

453 5197 558 5250 ulla
589 5195 929 5252 cunctatione
955 5195 1239 5260 exclamet,
1271 5195 1486 5251 causam
1538 5198 1701 5255 totius
1749 5195 2014 5254 universi-

455 5267 581 5338 tatis
610 5265 943 5330 creatriccm,
973 5267 1430 5335 supernaturalem
1455 5282 1573 5321 esse
1599 5278 1653 5321 et
1668 5286 2015 5338 superessen-

457 5336 635 5389 Iialem
660 5344 713 5390 et
737 5351 894 5405 supra
928 5350 1140 5390 omnem
1171 5338 1353 5400 vitam,
1385 5344 1437 5390 et
1471 5336 1787 5406 sapientiam
1809 5349 1864 5393 et
1906 5341 2014 5393 vir-

457 5413 643 5466 tutem.
675 5414 727 5457 ct
754 5421 910 5475 supra
943 5405 1142 5468 omnia,
1171 5421 1307 5474 quae
1334 5405 1606 5470 dicuntur,
1649 5407 2017 5475 intelliguntur

455 5485 511 5527 et
531 5475 674 5528 omni
701 5490 858 5529 sensu
883 5475 1265 5544 percipiuntur,
1299 5475 1422 5544 dum
1451 5476 1520 5528 sit
1550 5477 1738 5530 horum
1779 5477 2015 5532 omnium

461 5544 778 5614 principium
811 5543 1047 5607 caus-ale,
1098 5551 1152 5598 et
1199 5543 1432 5598 medium
1484 5545 1709 5614 implens
1737 5547 2021 5601 essentiale

459 5623 512 5663 et
539 5612 660 5683 titiis
693 5628 1072 5669 consummatis
1119 5629 1436 5683 omnemque
1476 5612 1676 5668 motum
1723 5616 2024 5671 stabilitatis

462 5679 805 5750 quietumque
830 5683 1048 5750 faciens,
1074 5693 1126 5739 et
1165 5679 1393 5739 ambitus
1417 5684 1594 5743 omnia
1623 5701 1759 5754 quae
1801 5695 1922 5741 sunt
1972 5695 2026 5738 et

2106 1880 2425 1946 videretur,
2481 1894 2623 1948 quae
2690 1879 2835 1934 nulla
2903 1879 3018 1951 lege
3085 1879 3487 1950 constringitur.
3543 1877 3684 1930 Nam

2107 1979 2162 2026 et
2215 1985 2374 2040 saepe
2413 1979 2600 2026 contra
2655 1980 2972 2027 consuetum
3016 1979 3237 2025 naturae
3277 1983 3492 2024 cursum
3541 1967 3685 2023 mul-

2109 2068 2160 2114 ta
2195 2060 2367 2116 solent
2412 2060 2556 2124 fieri,
2617 2068 2676 2114 ut
2723 2061 2877 2116 nobis
2927 2061 3263 2125 ostendatur,
3298 2059 3441 2129 quod
3497 2057 3682 2112 divina

2108 2151 2444 2220 providentia
2490 2167 2597 2206 non
2646 2166 2776 2216 uno,
2829 2151 2924 2206 sed
2980 2150 3258 2220 multiplici
3316 2148 3473 2204 modo
3517 2156 3685 2216 atque

2111 2241 2320 2296 inﬁnito
2342 2251 2517 2311 potest
2543 2242 2722 2298 omnia
2773 2240 3149 2296 administrare
3177 2259 3219 2294 ι.
3258 2237 3340 2294 Cf.
3370 2236 3462 2292 lib.
3494 2235 3578 2301 lll,
3618 2251 3675 2307 p.

2108 2332 2212 2388 229
2234 2333 2340 2403 (ιιι,
2381 2333 2484 2404 l6).

2182 2424 2236 2478 5.
2266 2423 2549 2478 Notionem
2578 2422 2806 2479 classics
2853 2422 3210 2492 dogmaticam
3240 2419 3485 2476 Ternarii
3507 2420 3690 2475 sancti

2113 2528 2218 2567 non
2249 2515 2518 2583 potuisset
2545 2515 2796 2570 omnibus
2819 2513 2954 2569 locis
2983 2513 3219 2568 retinere
3240 2523 3490 2582 recteque
3510 2511 3683 2580 expli—

2110 2619 2257 2660 care.
2289 2604 2483 2660 Verum
2511 2615 2571 2660 ut
2599 2607 2741 2662 hanc
2763 2620 2876 2660 rem
2906 2605 3122 2660 uberius
3143 2619 3491 2675 exponamus,
3519 2604 3684 2659 simul

2113 2696 2446 2766 accingimur
2472 2694 2536 2750 ad
2570 2696 2812 2761 tertiam,
2838 2708 2998 2764 quam
3030 2708 3192 2764 supra
3235 2693 3560 2761 notavimus,
3583 2692 3688 2750 ob-

2107 2783 2396 2855 jectionem
2430 2782 2788 2839 refutandam.

2182 2875 2264 2930 Ad
2293 2875 2379 2930 lll.
2408 2873 2550 2930 Sane
2579 2874 2810 2944 Erigena
2833 2885 3093 2932 'sanctam
3123 2876 3440 2932 Trinitatem
3471 2877 3524 2932 in
3553 2891 3683 2946 spe-

2114 2965 2400 3021 culativam
2448 2965 2769 3034 theologiam
2799 2965 3094 3021 introduxit
3130 2974 3185 3020 et
3231 2967 3454 3021 eandem
3485 2981 3683 3021 secun-

2115 3057 2240 3110 dum
2269 3055 2567 3126 symbolum
2594 3053 3041 3121 Athanasianum,
3068 3063 3124 3110 et
3153 3056 3426 3111 notionem
3467 3054 3534 3111 ab
3559 3055 3687 3108 uni-

2110 3158 2266 3199 versa
2323 3142 2568 3198 Ecclesia
2618 3151 2889 3213 receptam
2944 3158 3040 3214 per
3099 3143 3448 3213 sextuplicem
3490 3141 3683 3196 analo-

2110 3234 2252 3304 giam
2281 3233 2590 3304 explicavit.
2615 3233 2760 3301 Quas
2785 3233 3160 3290 similitudines
3179 3234 3491 3304 plerumque
3505 3232 3691 3302 ipsius

2112 3323 2377 3395 dogmatis
2394 3322 2574 3379 verbis
2587 3324 2832 3394 proponit
2845 3334 2898 3378 et
2909 3324 3313 3393 interpretatur,
3327 3323 3512 3377 eadem
3527 3321 3689 3375 ratio-

2111 3430 2199 3480 ne,
2214 3429 2319 3484 qua
2333 3413 2391 3469 S.
2405 3412 2866 3480 Bonaventura,S.
2882 3413 3222 3469 Bernhardus
3240 3411 3612 3484 (Pag.XXlll),
3627 3421 3686 3466 et

2107 3501 2219 3572 jam
2243 3512 2369 3558 ante
2401 3518 2495 3559 eos
2513 3509 2567 3557 et
2586 3502 2891 3572 Erigenam,
2909 3502 2967 3556 S.
2991 3503 3319 3572 Augustinus
3356 3500 3684 3571 analogiam,

2115 3602 2346 3648 sumtam
2373 3594 2440 3649 de
2468 3592 2744 3656 memoria,
2778 3591 3047 3646 intellectu
3081 3601 3136 3646 et
3163 3591 3435 3646 voluntate
3475 3590 3688 3644 animae

2114 3685 2399 3751 humanae,
2413 3699 2550 3756 quae
2577 3685 2632 3739 in
2652 3700 2710 3740 se
2730 3699 2836 3740 una
2856 3693 2938 3739 est
2959 3693 3118 3754 atque
3145 3684 3367 3755 simplex
3394 3691 3522 3748 cet.,
3545 3697 3688 3738 eun-

2115 3774 2236 3830 dem
2263 3775 2316 3828 in
2349 3775 2509 3828 tinem
2533 3773 2916 3828 adhibuerunt.
2946 3772 3173 3843 Erigena
3201 3772 3414 3841 quidem
3445 3787 3461 3825 :

2187 3865 2238 3918 l.
2263 3863 2679 3920 Similitudinem
2696 3863 2928 3918 all‘ertde
2955 3861 3225 3917 communi
3253 3862 3490 3917 omnium
3504 3876 3692 3916 rerum

2116 3963 2423 4009 creatarum
2445 3961 2637 4008 natura
2663 3961 2915 4015 sumtam,
2938 3967 3035 4007 eae
3057 3951 3171 4006 sive
3193 3950 3536 4005 rationabiles
3555 3950 3688 4015 sint,

2118 4041 2232 4097 sive
2254 4042 2670 4098 irrationabiles.
2705 4041 2906 4096 Omnes
2945 4041 3085 4095 enim
3123 4040 3177 4093 in
3210 4039 3310 4094 hoc
3335 4037 3687 4104 conveniunt,

2118 4131 2259 4201 quod
2313 4131 2367 4185 in
2415 4131 2494 4186 eis
2543 4130 2681 4185 haec
2732 4145 2897 4184 unum
2948 4137 3073 4183 sunt
3121 4147 3133 4183 :
3182 4128 3448 4192 Essentia,
3501 4126 3691 4181 Virtus

2117 4231 2175 4277 et
2221 4222 2504 4292 Operatio,
2559 4222 2776 4292 (οὐσία,
2837 4219 3080 4292 δύναμις,
3135 4221 3400 4296 ἐνέργειαι,
3453 4232 3688 4288 quorum

2118 4313 2351 4382 primum
2403 4312 2607 4380 absque
2665 4311 3033 4365 intercedente
3086 4317 3324 4379 tempore
3392 4306 3692 4362 secundum

2121 4413 2393 4474 tamquam
2423 4403 2622 4474 gignit;
2674 4403 2892 4457 tertium
2933 4417 3062 4457 vero
3087 4416 3152 4457 ex
3194 4402 3391 4472 primo,
3421 4399 3697 4456 mediante

2123 4497 2376 4562 secundo,
2403 4495 2645 4565 procedit
2673 4503 2950 4564 totumque
2978 4493 3288 4548 manifestat
3315 4491 3406 4561 (f).

2193 4591 2248 4644 2.
2278 4589 2477 4653 Altera,
2509 4603 2647 4656 quae
2675 4586 2840 4642 etiam
2883 4586 3018 4656 apud
3047 4585 3330 4641 nonnullos
3356 4593 3537 4655 patres
3563 4593 3697 4638 ante

2128 4679 2410 4750 Erigonam
2454 4678 2752 4746 reperitur,
2810 4675 3054 4747 analogia
3101 4683 3189 4730 est
3239 4691 3253 4728 :
3303 4673 3469 4738 Esse,
3513 4672 3694 4738 velle,

2127 4767 2295 4834 scire;
2367 4782 2504 4836 quae
2583 4768 2651 4822 ab
2703 4765 2936 4834 Erigena
2988 4765 3055 4819 ad
3103 4765 3341 4834 priorem
3382 4762 3694 4828 reducitur;

2126 4937 2264 4994 quae
2287 4937 2396 4994 non
2423 4929 2547 4994 sunt
2566 4920 3020 4994 _circ_t_mis_c_ribe_ns
3052 4938 3097 4973 ι.

2190 4995 2269 5063 (d)
2301 4992 2419 5047 Vid.
2448 4991 2539 5045 lib.
2565 4991 2660 5045 let
2684 4990 2774 5045 lib.
2803 4989 2866 5042 ll.
2902 5008 2920 5041 ι
2948 4989 3062 5044 Non
3090 4988 3232 5043 enim
3262 4988 3404 5043 Deus
3424 5002 3589 5058 genus
3608 5001 3705 5052 ειι

2119 5073 2399 5118 creaturae
2433 5078 2450 5111 ι
2477 5068 2585 5113 εει.

2190 5133 2259 5203 (e)
2279 5129 2482 5203 szlib.
2503 5128 2572 5203 V,
2589 5143 2646 5203 p.
2675 5128 2770 5203 δὲι
2802 5127 2874 5200 (v,
2893 5128 3008 5203 54).
3029 5146 3048 5180 ι
3081 5126 3306 5182 Videtur
3331 5126 3476 5182 enim
3506 5145 3524 5178 ι
3557 5133 3695 5189 cet.,

2116 5211 2170 5256 et
2275 5198 2378 5254 516
2400 5197 2487 5268 (V,
2514 5199 2626 5262 3t).
2659 5217 2678 5248 ι
2711 5197 2964 5263 Quamvis
2993 5217 3011 5249 ι
3060 5206 3238 5251 cet....
3266 5217 3284 5248 ι
3312 5204 3501 5277 quarta
3539 5215 3556 5246 ι
3581 5207 3695 5276 cet.

2116 5280 2172 5326 et
2221 5272 2294 5326 ib.
2335 5267 2422 5334 ιν,
2452 5283 2507 5336 p.
2557 5269 2662 5322 370
2692 5265 2802 5337 (IV,
2836 5267 2939 5336 14).
2985 5285 3003 5318 ι
3039 5265 3203 5337 Multa
3242 5273 3695 5337 petitmnpraesctt,

2116 5280 2172 5326 et
2200 5280 2294 5326 lib.
2337 5280 2422 5334 tv,
2452 5283 2507 5336 p.
2557 5280 2662 5322 om
2692 5280 2802 5337 (IV,
2836 5280 2939 5336 ιιι).
2985 5285 3003 5318 ι
3039 5280 3203 5321 Multa
3259 5281 3401 5320 enim
3441 5280 3699 5333 praesen,

2116 5355 2343 5418 quorum
2363 5352 2481 5418 1120
2513 5347 2595 5392 est
2622 5352 2783 5392 causa
2813 5356 2832 5389 ι
2867 5346 2996 5401 cet.,
3045 5345 3098 5390 et
3127 5336 3219 5390 lib.
3241 5335 3308 5402 V,
3329 5351 3383 5405 p.
3411 5334 3534 5400 555,
3565 5333 3700 5401 540,

2118 5406 2222 5466 5η
2252 5409 2341 5480 (ν,
2363 5406 2474 5476 56).

2191 5479 2257 5550 (Ῑ)
2283 5479 2364 5535 Cf.
2398 5476 2490 5550 lib.
2512 5475 2552 5530 1.
2586 5475 3004 5550 «__I_)eq§nerg_ol
3025 5483 3244 5550 c_e_t.,_et
3272 5471 3702 5550 ibid._¢_Absqtte

2122 5539 2252 5605 vero
2273 5545 2502 5604 essentia
2541 5564 2587 5612 ι,
2610 5541 2712 5598 lib.
2732 5539 2799 5608 ll,
2823 5539 3112 5617 p.'126(l|,
3142 5543 3255 5614 25).
3292 5563 3309 5594 ι
3340 5542 3463 5598 Nihi
3514 5539 3644 5594 mihi
3673 5559 3696 5593 ι

2127 5630 2206 5676 θυι
2219 5657 2231 5669 .
