4002 6148
281 219 393 282 121

1283 217 1356 278 ΙΝ
1391 220 1652 280 LIBRUM
1692 223 1780 279 DE
1819 224 2157 283 DlVISlONE
2199 223 2510 280 NATURJE

3440 229 3548 286 i2!

271 341 528 395 ostendit
573 338 742 403 enim,
780 334 923 392 Velle
970 336 1036 392 ad
1066 333 1356 403 Virtutem;
1405 335 1558 392 Scire
1587 344 1765 392 autem
1797 338 1863 393 ad
1891 341 1941 399 Α
1968 335 2062 391 sed
2086 335 2139 390 in
2170 333 2362 390 illicito
2385 341 2592 388 tantum
2623 329 2784 400 hujus
2811 331 3102 389 voluntatis
3146 342 3293 390 motu
3319 333 3543 406 ejusque

267 430 465 501 Opera
475 431 668 485 tionem
695 429 976 484 rationalis
997 438 1279 484 creaturae
1303 427 1492 483 referri
1515 428 1612 499 (α).

1970 428 2160 491 abusu,
2186 424 2507 495 sequensS.
2541 425 2914 495 Augustinum,
2954 426 3103 494 ponit
3131 425 3222 497 (ε),
3251 442 3538 496 perperam

347 521 414 575 5.
446 520 629 576 Tertia
658 537 688 574 a
717 529 964 575 creatura
1012 519 1391 585 irrationabili,
1421 535 1451 573 a
1495 520 1695 575 lumine
1720 519 1868 574 scili-
1960 515 2304 588 iudicaverit,
2340 515 2566 585 ideoque
2619 512 2744 566 mali
2777 514 3232 568 abominationcm
3265 523 3318 569 et
3366 516 3542 587 turpi-

269 621 375 667 cet
427 613 587 667 solari
633 613 840 681 petita;
895 612 984 666 Sol
1018 653 1032 677 ,
1070 613 1199 668 solis
1234 611 1457 679 Radius,
1488 621 1542 667 et
1587 611 1860 668 radiorum

269 704 554 774 wlendor
577 705 644 760 ab
667 714 894 774 utroque
921 703 1240 774 procedens.

349 796 415 850 4.
461 796 684 863 Quarta,
725 795 1044 850 rationalem
1090 804 1294 850 tantum
1338 804 1639 850 creaturam
1699 795 1863 864 respi-

265 889 458 950 ciens,
489 889 541 942 in
567 890 799 943 humana
830 889 1007 942 anima
1036 897 1088 944 et
1131 887 1371 959 ejusdem
1400 889 1634 943 motibus
1664 902 1757 943 seu
1786 889 1861 943 fa-

263 980 575 1035 cultatibus
625 979 1005 1036 manifestatur
1044 998 1058 1034 2
1097 980 1406 1036 Intellectus
1461 995 1552 1034 seu
1591 980 1816 1036 Animus
1839 1021 1857 1048 ,

264 1069 464 1133 Ratio,
513 1069 718 1126 Sensus
765 1071 994 1125 interior
1040 1069 1220 1142 (νοῦς,
1277 1071 1456 1148 λόγος,
1510 1070 1724 1141 διάνοια)
1759 1072 1852 1141 (ὁ).

343 1161 411 1215 5.
437 1159 634 1228 Quinta
676 1160 841 1216 simili
887 1162 1048 1216 modo
1077 1161 1254 1216 elucet
1278 1176 1345 1216 ex
1393 1162 1628 1232 imagine
1677 1163 1857 1219 divina

251 1251 450 1306 animi
481 1268 499 1304 τ
533 1249 698 1314 Mens,
733 1250 966 1316 Peritia,
995 1250 1304 1321 Disciplina.

340 1340 613 1397 6.1mm:
645 1341 815 1407 Mens,
867 1341 1065 1397 Notitia
1121 1343 1244 1412 sui,
1284 1344 1450 1399 Amor
1494 1344 1576 1400 sui
1632 1345 1684 1399 in
1741 1345 1857 1400 ani-

245 1451 362 1489 ma
411 1436 664 1500 humana,
717 1451 856 1506 quae
908 1437 952 1490 si
1007 1436 1072 1491 ad
1114 1437 1294 1493 lumen
1321 1439 1502 1494 omnia
1546 1440 1855 1496 illuminans

245 1528 632 1590 convertitur,
660 1526 1050 1599 perfectissima
1084 1526 1144 1582 ﬁt
1169 1526 1226 1583 8.
1266 1529 1544 1584 Trinitatis
1570 1531 1744 1599 imago
1758 1531 1850 1600 (ε).

337 1619 429 1672 Ad
455 1619 544 1672 IV.
590 1618 666 1674 De
697 1619 901 1674 theoria
935 1620 1060 1674 mali
1111 1634 1241 1676 sane
1284 1637 1391 1677 non
1442 1623 1663 1677 omnino
1694 1623 1849 1678 sum-

1968 609 2206 664 tudinem
2236 607 2534 678 negaverit,
2565 615 2728 676 atque
2777 607 2948 661 sancti
2983 607 3077 661 Dei
3125 607 3270 678 leges
3307 617 3362 662 et
3392 609 3544 663 insti-

1965 697 2198 753 tutiones
2226 697 2484 751 adversus
2505 696 2645 751 idem
2672 696 2907 750 sancitas
2926 707 2976 750 et
3002 697 3278 750 ordinatas
3295 697 3546 768 neglexe-

1963 789 2037 844 rit
2060 796 2116 843 et
2139 787 2546 858 contempserit.
2577 787 2771 841 Verum
2802 787 2846 840 si
2877 787 3087 856 eloquia
3117 788 3234 857 ejus
3258 788 3358 844 hac
3386 789 3452 844 de
3481 803 3543 846 re

1961 879 2202 935 breviter
2223 893 2287 933 ac
2304 879 2612 934 summatim
2639 879 2932 948 concipias,
2951 881 3277 934 sententiam
3303 881 3543 950 reperies

1961 987 2082 1027 cum
2110 971 2353 1027 doctrina
2383 970 2624 1042 Dionysii
2664 969 3018 1040 AreOpagitae
3059 979 3114 1024 et
3162 970 3219 1025 8.
3255 971 3538 1042 Augustini

1957 1079 2128 1135 paene
2153 1064 2374 1120 omnino
2402 1077 2717 1133 congruam.
2743 1062 2971 1132 Erigena
3014 1062 3159 1117 enim
3210 1062 3262 1116 in
3310 1063 3412 1117 hac
3453 1077 3541 1119 re-

1957 1159 2134 1230 gione,
2179 1157 2232 1212 in
2262 1170 2424 1226 quam
2467 1157 2630 1211 homo
2667 1154 3090 1224 praevaricando
3135 1153 3427 1224 (depulsus,
3478 1162 3540 1210 ut

1956 1248 2291 1320 Augustinus
2310 1247 2406 1313 ait,
2424 1262 2454 1301 a
2475 1247 2630 1302 bouis
2652 1261 2759 1300 non
2797 1245 2862 1299 ad
2886 1244 3252 1308 mala,verum
3273 1245 3339 1299 ad
3361 1246 3537 1299 minus

1955 1341 2096 1397 bona
2118 1348 2172 1395 et
2200 1354 2230 1394 e
2250 1339 2407 1394 bonis
2432 1337 2695 1407 malisque
2720 1336 2910 1404 mixta)
2934 1338 2999 1391 de
3024 1335 3152 1390 sede
3172 1335 3412 1390 Paradisi
3441 1349 3533 1389 ce-

1956 1431 2106 1495 cidit,
2121 1431 2236 1501 ipsa
2259 1431 2421 1485 etiam
2439 1429 2590 1494 vitia,
2605 1443 2745 1498 quae
2777 1427 2886 1482 Deo
2911 1426 3158 1496 quamvis
3178 1441 3282 1480 non
3303 1425 3532 1490 volente,

1954 1523 2514 1594 tamenpermittente,
2543 1522 2833 1575 humanam
2872 1529 3118 1574 naturam
3145 1535 3316 1589 usque
3353 1519 3534 1575 defor-

1955 1626 2125 1683 mant,
2139 1631 2247 1671 non
2264 1615 2478 1686 quidem
2495 1615 2816 1679 inhominis,
2834 1623 3012 1668 tamen
3043 1613 3094 1667 in
3118 1612 3394 1668 Creatoris
3418 1613 3534 1668 lau-

253 1709 474 1773 ciente,
506 1724 661 1778 quam
706 1709 952 1778 sequitur
991 1710 1244 1779 Erigena,
1287 1727 1458 1782 pauca
1508 1722 1713 1767 tantum
1761 1713 1848 1769 hic
1876 1695 1924 1755 Β
1951 1709 2072 1765 dem
2096 1707 2496 1779 quodammodo
2523 1708 2775 1760 vertenda
2793 1707 3003 1776 putavit
3030 1704 3118 1775 (Ι).
3143 1705 3354 1760 Nullum
3382 1706 3529 1761 enim

253 1798 745 1852 animadvertenda
768 1807 911 1852 sunt.
939 1797 1112 1865 Quum
1139 1800 1282 1854 enim
1313 1809 1504 1856 auctor
1527 1811 1715 1858 noster
1738 1810 1846 1857 tam

249 1888 497 1955 pietate,
533 1901 688 1955 quam
720 1887 992 1942 hilaritate
1020 1888 1267 1958 insignis,
1297 1888 1410 1944 fere
1439 1905 1545 1945 non
1573 1891 1848 1946 dissimilis

250 1977 506 2041 Adamo,
522 1976 826 2045 priusquam
844 1977 1246 2046 praevaricatus
1265 1986 1430 2044 esset,
1453 1979 1846 2049 quodammodo

253 2067 445 2121 Deum
475 2067 530 2119 in
554 2068 798 2122 omnibus
825 2077 880 2123 et
905 2069 1090 2122 omnia
1120 2069 1174 2123 in
1201 2068 1312 2124 Deo
1357 2070 1558 2135 videat,
1587 2079 1642 2125 et
1674 2085 1845 2141 usque

242 2174 598 2229 cognoscere
640 2159 852 2214 studeat
879 2176 892 2212 :
923 2175 1053 2214 sane
1081 2161 1380 2231 speculatio
1411 2161 1527 2230 ejus
1555 2164 1845 2232 praecipue

249 2251 312 2302 in
345 2249 716 2303 describendis
739 2248 916 2313 bonis,
945 2249 1084 2305 datis
1114 2250 1322 2305 scilicet
1349 2260 1403 2305 et
1434 2252 1589 2306 donis
1623 2252 1841 2318 divinis,

245 2353 364 2406 per
396 2354 535 2407 quae
555 2340 695 2395 Deus
722 2340 773 2393 in
801 2353 964 2410 opere
989 2341 1300 2405 creationis,
1336 2342 1736 2412 redemptionis,
1762 2342 1846 2397 fu-

253 2435 542 2498 turaeque
564 2429 1040 2484 consummationis
1055 2444 1112 2484 se
1128 2429 1242 2498 ipse
1265 2429 1531 2500 glorificat
1555 2440 1610 2485 et
1625 2440 1838 2486 creatu-

237 2535 386 2576 ram
411 2519 694 2583 beatiﬁeat,
711 2534 829 2574 cum
845 2516 1000 2590 (Pag.
1020 2519 1210 2591 XXIV)
1233 2520 1447 2575 sublimi
1473 2521 1842 2576 admirationis

245 2614 573 2682 amorisque
600 2612 975 2668 intellectualis
1019 2614 1215 2681 gaudio
1266 2619 1514 2668 verSatur
1539 2612 1637 2685 (d).
1669 2614 1840 2680 Quam

233 2706 324 2761 'ob
335 2719 569 2760 causam
591 2703 724 2758 nihil
748 2704 816 2759 ab
845 2719 910 2760 eo
934 2705 1107 2777 magis
1128 2705 1360 2760 alienum
1379 2705 1499 2772 fuit,
1517 2721 1674 2774 quam
1694 2706 1838 2760 Dua-

237 2797 457 2852 lismus
481 2795 586 2851 iste
630 2795 800 2852 tristis
820 2805 875 2850 et
912 2797 1064 2868 rigor
1093 2797 1528 2852 Manichaeorum
1553 2798 1835 2854 obscurus.

227 2888 520 2944 Ceterum
557 2889 738 2953 etiam,
778 2889 901 2957 quis
928 2888 1164 2958 negabit,
1214 2889 1266 2942 in
1299 2888 1630 2959 depingenda
1658 2904 1837 2944 rerum

239 2979 618 3033 universitate
647 2978 946 3033 albedinem
972 2988 1026 3033 et
1052 2978 1387 3050 nigredinem
1416 2981 1618 3049 absque
1640 2981 1837 3035 verita-

1946 1801 2140 1856 vitium
2162 1801 2398 1857 existere
2412 1808 2679 1865 autumat,
2695 1801 2836 1870 quod
2856 1816 2959 1855 non
2976 1800 3167 1854 umbra
3199 1801 3267 1854 sit
3303 1797 3530 1870 alicujus

1951 1891 2191 1956 virtutis,
2207 1899 2292 1945 uti
2317 1891 2395 1946 ira
2409 1891 3006 1955 correctionis,luxuria
3021 1891 3218 1962 quietis
3237 1910 3255 1942 ι
3269 1931 3283 1955 ,
3301 1899 3428 1953 cet.,
3443 1889 3528 1945 vel

1946 1999 2012 2039 ex
2039 1983 2196 2055 (Pag.
2212 1984 2380 2053 XXV)
2398 1985 2549 2062 cujus
2570 1985 2974 2056 comparatione
2995 1984 3238 2054 opposita
3261 1985 3307 2039 ei
3331 1985 3525 2049 virtus,

1945 2072 2100 2141 cujus
2129 2071 2370 2128 defectus
2397 2082 2451 2128 et
2479 2073 2712 2143 privatio
2731 2081 2832 2137 est,
2856 2071 3112 2140 majorem
3145 2088 3248 2126 non
3282 2073 3527 2142 acquirat

1943 2161 2158 2218 laudem
2184 2171 2240 2216 et
2266 2164 2437 2233 magis
2466 2162 2754 2217 extollatur
2779 2162 2873 2232 (g).
2917 2161 3009 2216 Sic
3047 2161 3209 2216 etiam
3241 2151 3524 2231 pulchram

1943 2253 2285 2324 phantasiam
2316 2254 2466 2318 mali,
2494 2255 2594 2309 sub
2627 2254 2806 2323 specie
2833 2253 2956 2307 boni
2992 2253 3318 2313 coloratam,
3352 2268 3383 2306 a
3415 2253 3526 2306 Deo

1945 2354 2183 2402 creatam
2207 2354 2370 2415 atque
2399 2346 2522 2400 ideo
2549 2346 2745 2399 bonam
2772 2358 2910 2410 esse,
2943 2343 3084 2397 haud
3113 2343 3370 2397 diliitetur
3407 2341 3485 2412 (Ιι)
3506 2383 3522 2407 ,

1942 2451 2050 2491 non
2076 2451 2208 2491 vero
2232 2436 2571 2494 mendacium
2601 2435 2936 2504 malumque,
2976 2433 3118 2503 quod
3151 2434 3251 2487 hac
3280 2432 3380 2488 sub
3403 2446 3526 2501 spe-

1943 2529 2026 2584 cie
2074 2527 2209 2584 latet
2252 2535 2307 2582 et
2351 2527 2515 2583 veluti
2565 2527 2791 2598 abyssus
2833 2541 2930 2595 per
2984 2525 3210 2580 eandem
3257 2524 3522 2594 operitur.

1940 2619 2112 2676 Porro
2160 2621 2214 2674 in
2277 2620 2741 2675 consummatione
2789 2618 2985 2684 seculi,
3032 2618 3248 2687 quando
3293 2627 3524 2672 cunctae

1941 2727 2030 2768 res
2061 2713 2114 2767 in
2141 2712 2311 2767 Deum
2341 2713 2616 2778 redibunt,
2659 2712 2908 2782 Deusque
2949 2711 3132 2767 omnia
3174 2711 3226 2765 in
3269 2710 3524 2765 omnibus

1940 2803 2063 2870 erit,
2109 2819 2324 2859 omnem
2354 2804 2612 2858 malitiam
2642 2804 2938 2874 perituram
2985 2818 3104 2858 esse
3147 2803 3377 2857 affirmat
3425 2802 3518 2873 (ἱ),

1938 2911 2113 2967 neque
2137 2895 2248 2951 Deo
2270 2912 2450 2952 rerum
2477 2897 2883 2952 universitatem
2908 2912 3158 2966 peccare,
3191 2897 3240 2951 id
3269 2907 3370 2960 est,
3403 2898 3523 2950 uni-

1937 3003 2155 3044 versum
2182 2990 2324 3044 hunc
2353 2992 2632 3055 mundum,
2657 2992 2756 3046 sub
2783 2991 3121 3045 aeternitatis
3149 2991 3328 3060 specie
3348 2999 3402 3045 et
3424 3007 3521 3061 per

241 3072 321 3124 tis
359 3069 716 3123 diminutione
733 3069 878 3122 varia
907 3076 1066 3138 atque
1095 3069 1307 3124 diversa
1330 3069 1539 3124 ratione
1564 3071 1831 3139 componi,
1864 3052 1907 3112 (ἶ
1939 3077 2057 3147 ejus
2097 3094 2288 3135 causas
2336 3052 2731 3135 consideralum
2761 3081 2828 3152 (i)
2866 3096 3047 3136 οοτίιῐη
3094 3052 3208 3136 Deo
3241 3082 3396 3137 valde
3424 3052 3520 3137 ίιο-

241 3158 505 3222 misceri,
531 3167 582 3211 et
606 3157 917 3212 alterutram
935 3157 1243 3228 praevalere
1262 3172 1442 3228 posse,
1469 3167 1628 3227 prout
1647 3159 1699 3212 in
1719 3159 1838 3227 phi-

240 3252 491 3319 losopho
516 3249 600 3304 vel
653 3250 814 3305 timor
840 3257 999 3320 atque
1047 3248 1156 3315 lex,
1205 3249 1287 3304 vel
1312 3249 1548 3315 dilectio,
1589 3264 1728 3319 quae
1755 3259 1838 3304 est

231 3346 394 3415 legis
419 3343 694 3414 plenitudo
720 3351 775 3397 et
820 3343 1114 3411 sapientiae
1146 3341 1433 3413 perfectio,
1479 3342 1658 3396 locum
1698 3343 1837 3396 obti-

237 3446 388 3492 neat
431 3438 734 3507 potiorem;
775 3447 936 3507 prout
975 3438 1057 3492 vel
1090 3436 1241 3492 dolor
1265 3437 1472 3508 peccati
1517 3445 1574 3492 et
1618 3437 1835 3492 tristitia

229 3537 482 3598 propter
508 3526 658 3582 nefas
705 3529 772 3582 ab
801 3528 1017 3582 homine
1068 3529 1442 3596 commissum,
1472 3527 1558 3581 vel
1583 3527 1837 3597 gaudium

241 3615 614 3671 redemtionis
656 3625 707 3670 et
752 3615 909 3670 beata
959 3617 1289 3671 conscientia
1332 3615 1596 3686 praeclari
1640 3603 1694 3671 et
1745 3615 1837 3671 ad-

237 3706 474 3770 orandi,
510 3707 650 3775 quod
680 3707 822 3762 Deus
849 3707 1012 3763 homo
1052 3708 1402 3778 perpetravit,
1429 3708 1608 3778 operis
1636 3707 1689 3761 in
1718 3707 1836 3778 ejus

244 3807 442 3852 mente
461 3799 885 3868 praeponderet?
929 3805 1000 3852 At
1024 3800 1320 3868 quaeritur,
1352 3813 1481 3853 num
1504 3798 1737 3868 Erigena
1767 3798 1836 3853 de

235 3898 382 3945 ortu
413 3888 563 3953 mali,
594 3905 754 3959 quem
776 3900 924 3945 recte
962 3906 1136 3960 neque
1183 3891 1237 3945 in
1267 3891 1380 3946 Deo
1419 3903 1597 3959 neque
1630 3889 1685 3943 in
1730 3889 1836 3944 ulla

243 3977 542 4050 principali
565 3981 798 4048 quadam
823 3994 984 4034 causa
1012 3979 1148 4034 mala
1191 3981 1259 4035 ab
1304 3987 1526 4035 aeterno
1553 3980 1831 4046 existenti,

241 4087 434 4142 neque
465 4073 523 4126 in
551 4080 818 4137 creatura,
845 4089 949 4143 qua
976 4089 1140 4144 Opere
1178 4074 1293 4132 Dei.
1320 4089 1420 4128 nec
1443 4082 1837 4144 consequenter

229 4166 304 4219 in
333 4163 572 4218 hominis
603 4163 686 4218 vel
710 4163 885 4234 angeli
930 4164 1206 4220 voluntate
1247 4179 1352 4235 qua
1405 4163 1662 4220 divinitus
1685 4164 1832 4232 data,

322 4359 403 4429 (a)
435 4357 521 4413 Cf.
540 4358 637 4430 lib.
663 4359 812 4430 V,7p.
851 4358 958 4430 509
988 4357 1075 4430 (V,
1103 4359 1214 4428 51).
1249 4378 1267 4411 ‹
1301 4359 1417 4416 Νοη
1437 4359 1596 4416 aliter
1630 4377 1653 4413 ι

245 4430 403 4484 locos
425 4443 495 4500 ej;
523 4429 821 4500 Augustino
838 4437 912 4500 et,
930 4429 1184 4500 Dionysio
1210 4431 1422 4486 citatos.

321 4500 403 4570 (ὁ)
427 4497 512 4570 Cl.
541 4499 634 4570 lib.
657 4497 722 4562 ll,
749 4499 930 4570 Eli?
959 4499 1045 4568 (ll,
1068 4497 1166 4570 '25)
1193 4508 1246 4556 et
1272 4500 1401 4570 ibid.
1441 4519 1532 4553 ι...
1562 4499 1829 4568 siquidem

245 4569 432 4641 Patris
461 4569 516 4641 in
542 4568 876 4641 ani_mo,Filii
905 4569 959 4641 in
980 4568 1216 4641 ratione,
1247 4570 1306 4629 S.
1330 4569 1565 4641 Spiritus
1588 4571 1644 4626 in
1670 4585 1832 4626 sensu

246 4639 596 4708 apertissima
625 4639 848 4708 lucescit
872 4637 1163 4708 similitudo
1197 4659 1241 4694 ι.

321 4707 396 4778 (ε)
418 4707 507 4762 Cf.
533 4708 626 4762 lib.
656 4707 720 4772 ll,
749 4725 804 4778 p.
828 4709 922 4763 161
967 4707 1054 4779 (ll,
1081 4708 1193 4776 51),
1234 4709 1324 4764 ubi
1351 4709 1513 4764 etiam
1540 4708 1597 4764 8.
1642 4709 1831 4778 Augu-

247 4779 677 4852 stinuscitatur.
710 4779 840 4852 Item
900 4779 992 4832 lib.
1034 4779 1098 4844 ll,
1125 4795 1178 4849 p.
1210 4779 1312 4834 115
1353 4779 1438 4852 (ll,
1471 4779 1581 4850 19),
1627 4787 1683 4834 et
1711 4794 1832 4834 om-

245 4853 387 4908 nino
412 4848 610 4902 librum
641 4849 954 4903 secundum.

320 4919 406 4988 (d)
431 4916 632 4990 gilii!»
660 4917 732 4990 δίε
757 4933 809 4986 p.
832 4919 940 4990 §58
988 4915 1078 4990 (V,
1102 4917 1211 4990 56).
1247 4937 1264 4968 ι
1300 4917 1344 4974 Ο
1372 4925 1631 4988 quantum
1662 4936 1680 4990 ξ
1723 4926 1830 4972 cet.

319 4987 398 5060 (ε)
427 4988 515 5043 Cf.
546 4987 638 5040 lib.
665 4987 754 5052 1V,
783 5007 801 5038 ‹
829 4989 1065 5060 Ethquia
1095 4987 1252 5060 omne
1294 4987 1495 5043 malum
1523 5002 1624 5042 nec
1663 4987 1716 5041 in
1742 5002 1832 5041 na-

249 5057 387 5116 tura
399 5072 584 5112 rerum
608 5057 1030 5112 substantialiter
1053 5058 1324 5112 invenitur
1341 5100 1355 5124 ,
1397 5073 1572 5127 neque
1595 5073 1660 5111 ex
1682 5065 1832 5111 certa

249 5145 419 5186 causa
445 5137 504 5182 et
550 5128 779 5181 naturali
806 5128 1083 5196 procedit;
1121 5142 1218 5196 per
1245 5143 1302 5182 se
1345 5129 1486 5182 enim
1523 5127 1831 5181 considera-

250 5211 371 5255 tum
400 5198 618 5253 omnino
646 5198 777 5252 nihil
811 5207 894 5252 est
933 5205 1147 5267 praeter
1175 5196 1596 5253 irrationabilem
1624 5205 1679 5250 et
1711 5211 1830 5265 per-

249 5285 472 5324 versum
491 5267 969 5336 imperfectumque
993 5268 1326 5322 rationabilis
1343 5277 1567 5321 naturae
1587 5274 1822 5320 motum:

251 5339 461 5395 nullam
514 5337 673 5390 aliam
723 5338 778 5390 in
817 5339 1066 5392 universa
1107 5347 1355 5393 creatura
1393 5337 1573 5392 sedem
1605 5336 1822 5404 reperit,

248 5411 360 5464 nisi
402 5408 492 5488 ubi
546 5405 754 5488 falsitas
783 5408 1045 5476 possidet;
1086 5409 1300 5478 propria
1346 5416 1526 5488 autem
1578 5405 1829 5488 falsitatis

249 5612 448 5687 Adam)
485 5617 834 5676 consentiens
875 5619 1114 5679 perditur
1154 5639 1171 5670 ι
1208 5627 1314 5672 cet.
1344 5623 1395 5672 et
1423 5612 1512 5669 lib.
1545 5612 1694 5684 V,’p.
1727 5613 1832 5668 514

1699 4367 1830 4427 θείη
1857 4395 1911 4457 D
1935 4355 2027 4482 ii;

1979 4427 2088 4487 lato
2116 4446 2159 4489 ι,

1917 4505 1925 4514 ⁷
2005 4497 2071 4568 (Ῑ)
2098 4494 2301 4568 ίωίιψ.
2334 4495 2400 4561 νυ
2427 4512 2478 4568 P:
2497 4495 2607 4568 .53?!
2635 4494 2997 4568 ($53255!
3017 4495 3120 4568 hoc
3143 4503 3226 4551 εει
3246 4495 3445 4551 malum
3467 4517 3516 4562 ι.

1938 3184 2065 3222 num
2092 3184 2212 3225 esse
2242 3169 2338 3240 (k),
2372 3171 2534 3225 etiam
2574 3179 2698 3241 post
2739 3172 3257 3240 praevaricationem
3285 3173 3522 3243 hominis

1935 3273 2036 3328 per
2061 3259 2260 3315 Christi
2293 3269 2522 3330 gratiam
2553 3263 2832 3332 redempti.
2868 3261 3016 3329 Quae
3044 3265 3249 3329 omnia,
3282 3263 3324 3318 si
3372 3275 3520 3319 recte

1939 3350 2248 3420 intelligas,
2300 3366 2517 3407 sensum
2568 3353 2847 3408 continent
2901 3369 3090 3408 sanum
3141 3355 3514 3424 probumque;

1937 3441 2066 3510 quin
2100 3443 2237 3512 apud
2266 3443 2578 3514 Dionysium
2602 3445 2979 3516 Areopagitam
3004 3455 3058 3500 et
3079 3444 3136 3500 S.
3160 3446 3520 3516 Augustinum

1937 3531 2137 3587 multos
2166 3533 2426 3600 ejusmodi
2463 3534 2609 3589 locos
2640 3535 2880 3604 reperire
2905 3550 3105 3604 queas,
3136 3537 3223 3603 qui
3257 3536 3521 3605 suspicio-

1936 3635 2060 3674 nem
2109 3621 2295 3674 eodem
2349 3636 2470 3675 cum
2515 3621 2639 3690 jure
2684 3631 2738 3676 et
2775 3623 2977 3693 justius
3026 3639 3244 3678 movere
3288 3625 3514 3694 possint.

1937 3709 2178 3780 Exempli
2225 3713 2422 3781 gratia,
2454 3728 2619 3782 quum
2668 3714 2757 3768 ille
2805 3731 2823 3765 α
2874 3714 3074 3769 malum
3118 3717 3340 3772 omnino
3383 3717 3519 3773 nihil

1935 3817 2056 3859 esse
2084 3823 2102 3856 ι
2137 3803 2238 3872 (ι),
2270 3805 2335 3858 ad
2359 3804 2766 3875 signiﬁcandam
2791 3807 2905 3876 ejus
2933 3807 3232 3862 absolutam
3261 3810 3522 3878 impotens

1936 3891 2067 3945 tiam
2097 3900 2148 3946 et
2177 3893 2490 3958 vanitatem,
2517 3895 2807 3948 contendat
2829 3908 2851 3960 ;·
2869 3897 2956 3950 hic
2981 3896 3296 3952 daemonem
3320 3898 3517 3968 ipsum,

1936 3981 2028 4049 qui
2056 3980 2322 4036 homicida
2349 3983 2417 4036 ab
2446 3983 2600 4037 initio
2624 3985 2963 4038 mendacium
3005 3994 3058 4040 et
3085 3987 3221 4040 dixit
3255 3996 3312 4042 et
3353 3985 3516 4052 fecit,

1936 4070 2136 4126 bonum
2167 4069 2417 4140 appellet,
2443 4081 2709 4141 quatenus
2746 4073 2846 4138 sit,
2881 4073 2993 4128 sive
3024 4091 3144 4130 esse
3189 4076 3516 4145 participet;

1930 4174 2105 4230 quum
2133 4176 2300 4232 porro
2327 4162 2530 4218 malum
2559 4163 2612 4218 in
2640 4164 2822 4220 mundi
2853 4164 3076 4220 historia
3104 4166 3367 4221 dimicans
3392 4181 3516 4220 cum

2071 4356 2184 4426 56).
2241 4355 2543 4481 Ciﬁmetiam
2599 4355 2940 4412 Ackermann
2985 4374 3005 4408 ‹
3039 4354 3392 4412 Christliches
3441 4323 3552 4412 im-

2071 4443 2159 4481 n.
2191 4442 2245 4481 υ.
2384 4467 2397 4480 .

2191 4442 2245 4496 p.
2275 4442 2397 4496 ιδλ.

1933 4564 2318 4630 οεῑῖἘιὶῠίό.,
2379 4607 2391 4619 .
2420 4564 2524 4620 522
2564 4565 2624 4630 V,
2647 4564 2767 4633 ⁷55).
2805 4585 2822 4618 ι
2846 4564 3000 4620 Aliud
3031 4566 3172 4620 enim
3209 4585 3227 4617 ι
3262 4575 3368 4620 cet.

2006 4637 2078 4690 (al
2108 4635 2191 4690 Cf.
2219 4633 2313 4688 lib.
2428 4652 2482 4690 ι).
2506 4566 2602 4690 5&1
2639 4635 2850 4690 (v.35).
2884 4653 2902 4687 ι
2921 4634 3146 4690 Videtur
3171 4637 3315 4690 enim
3343 4657 3362 4690 ι

2006 4637 2078 4708 (g)
2340 4633 2482 4716 Yz‘p.
2500 4633 2850 4716 _52_l__(V,35).
2884 4653 2902 4687 ι
2921 4634 3146 4691 Videtur
3171 4637 3315 4692 enim
3343 4657 3362 4690 ι
3406 4645 3514 4693 cet.

1933 4715 1988 4763 et
2017 4705 2070 4777 β.
2095 4705 2200 4777 552
2223 4707 2314 4777 (γ,
2345 4706 2434 4777 56)
2461 4714 2515 4777 et
2537 4705 2683 4760 alibi.

2007 4773 2084 4846 ('h)
2115 4775 2197 4832 Cf.
2220 4773 2314 4833 lib.
2340 4773 2822 4849 V,'p.540(V,36).
2845 4773 3009 4831 «Nam
3030 4775 3453 4832 luculentissime
3490 4794 3508 4828 ν

1935 4858 2067 4990 ceti)
2099 4915 2180 4972 cr.
2221 4917 2316 4974 lib.
2346 4918 2412 4983 v,
2439 4933 2494 4988 p.
2522 4916 2627 4972 516
2666 4915 2895 4989 (v.51).
2928 4935 2947 4969 ‹
2981 4915 3139 4971 Aliud
3175 4923 3259 4972 est
3313 4916 3456 4971 enim
3490 4937 3508 4968 ν

1933 4997 2082 5129 ωδ)
2110 5057 2193 5114 Cf.
2223 5057 2322 5129 lib.
2341 5055 2406 5118 V,
2436 5057 2624 5129 p.538
2649 5055 2852 5129 (V356)
2881 5067 2934 5112 et
2959 5056 3299 5112 Ackcruiann
3322 5071 3375 5127 p.
3407 5057 3518 5112 39.0

1931 5126 2108 5185 tamen
2136 5137 2189 5184 et
2219 5128 2347 5181 ibid.
2381 5142 2434 5196 p.
2463 5127 2564 5182 251
2596 5136 2650 5181 et
2678 5126 2802 5180 502.

2002 5198 2074 5268 (lt)
2099 5197 2182 5254 Cf.
2210 5198 2304 5252 lib.
2322 5198 2386 5258 V,
2411 5213 2464 5266 p.
2490 5197 2588 5268 521
2620 5198 2708 5268 (V,
2737 5196 2848 5268 55).
2871 5216 2888 5248 ι
2917 5196 3142 5251 Videtur
3190 5210 3332 5252 emm
3354 5214 3374 5248 ι
3402 5204 3514 5254 cet.

1929 5277 1985 5326 et
2009 5267 2136 5323 ibid.
2247 5268 2354 5322 522
2383 5268 2467 5337 (γ,
2494 5267 2606 5337 55).
2629 5285 2646 5317 t
2666 5267 2823 5322 Aliud
2843 5267 2986 5322 enim
3007 5285 3024 5318 ι
3055 5275 3158 5322 cet.
3439 5333 3451 5345 .

2005 5340 2025 5391 l
2041 5338 2093 5391 ll
2119 5338 2160 5391 C
2188 5379 2201 5391 .
2235 5337 2332 5391 Die
2354 5338 2555 5391 anaebl.
2591 5337 2854 5391 Schriften
2893 5337 2982 5389 des
3013 5335 3355 5391 Areonaailen
3386 5333 3448 5386 Dr

2005 5338 2093 5410 (ι)
2119 5333 2332 5415 Cl._Die
2354 5333 2573 5415 gjtgelgL'
2591 5337 2854 5415 Sghriften
2893 5337 2993 5415 des
3013 5333 3514 5415 AreOpggilennD‘io-

1931 5403 2048 5480 nys,
2074 5403 2539 5480 vonEngelhardt
2572 5408 2676 5480 vol.
2710 5403 2757 5471 l,
2778 5423 2906 5480 pag.
2927 5406 3013 5469 97,
3046 5415 3138 5459 et:
3176 5403 3513 5480 Christliehes
3548 5426 3555 5432 ι

1932 5472 2118 5604 gert
2134 5476 2278 5603 1:15.
2297 5472 2646 5549 'Pht'losopltie
2674 5472 2793 5532 von'
2814 5472 3152 5531 A'ckermann
3188 5489 3308 5544 pag.
3344 5472 3410 5528 51
3456 5483 3513 5528 et

2065 5564 2094 5604 e
2257 5587 2273 5602 .
2897 5588 2912 5602 .
