3952 6156
465 217 566 272 125

1188 212 1248 267 C.
1291 211 1350 266 Β.
1393 206 1823 265 SCIILUETERI
1863 203 2056 260 PRIEF

2161 200 2232 258 ἸΟ
2268 201 2334 256 IN
2375 202 2500 257 LIB.
2545 201 2631 258 DE
2668 199 2802 255 mv.
2845 199 3001 256 NAT.

3615 202 3710 259 I2!

462 333 604 386 bono
644 328 920 385 antithetis
951 327 1225 382 rhetorum
1268 331 1573 393 comparet,
1618 320 1815 390 quibus
1859 332 2041 373 sermo
2069 322 2114 380 Α
2143 317 2354 372 visuros
2399 333 2556 381 esse;
2591 317 2815 387 gleriam
2852 329 2984 372 vero
3010 321 3066 370 et
3092 314 3319 384 gratiam
3363 315 3724 374 deificationis

464 422 643 477 acrius
663 420 970 483 excitatur;
1001 431 1164 486 quum
1195 399 1738 479 animadvertat,'per
1759 409 1904 478 ipsos
1924 422 2040 461 ma-

464 514 547 569 los
571 513 816 569 veritatis
845 519 898 565 et
929 508 1144 563 virtutis
1170 505 1523 560 sectatoribus
1553 501 1834 556 victoriam
1864 496 2042 567 parari

468 607 728 675 majorem
759 603 834 675 (α)
863 620 877 669 ;
913 615 1076 672 quum
1126 598 1356 666 denique
1391 594 1721 649 assentiente
1745 589 2045 644 Leibnitzio

468 697 532 752 de
563 711 753 765 magna
786 692 931 757 mali,
964 689 1106 760 quod
1137 695 1384 750 vocatur,
1417 693 1594 755 parte,
1623 697 1727 737 non
1755 681 1912 735 aliter
1942 688 2048 734 tra-

465 795 595 847 ctet,
630 784 730 838 nisi
756 792 814 836 ut
845 783 908 836 de
937 780 1114 834 minus
1154 779 1296 832 bono
1328 785 1384 830 et
1425 774 1687 844 perfecto,
1723 773 1810 826 cui
1837 779 2047 825 tantum

466 875 639 944 major
668 871 807 926 desit
842 869 1078 924 realitas.
1106 867 1208 922 Vix
1254 864 1397 918 aliud
1432 863 1684 932 Erigena,
1715 861 1881 916 Deum
1909 858 2048 912 aIIir-

463 979 619 1019 mans
647 960 844 1016 nullam
875 969 1145 1020 naturam,
1171 955 1253 1009 vel
1278 953 1354 1007 nil
1380 953 1432 1006 in
1463 951 1571 1005 ulla
1604 959 1876 1012 creatura,
1905 946 2049 1016 quod

463 1055 579 1125 ipse
611 1051 823 1116 fecerit,
849 1051 1060 1120 punire,
1088 1047 1182 1103 sed
1223 1047 1364 1101 istud
1393 1055 1601 1098 tantum
1631 1041 1766 1097 nihil
1787 1049 1842 1098 et
1868 1041 2050 1094 incau-

463 1144 599 1208 sale,
629 1144 772 1212 quod
802 1157 910 1195 non
943 1138 1150 1201 fecerit,
1181 1136 1430 1206 quamvis
1456 1131 1844 1203 praesci-verit;
1887 1131 2052 1184 immo

463 1236 592 1298 hoc,
624 1233 824 1289 malum
854 1230 1095 1293 scilicet,
1138 1225 1435 1282 secundum
1477 1233 1730 1280 aeternas
1769 1231 2052 1278 creaturae

470 1323 721 1380 rationali
747 1339 775 1376 a
808 1322 920 1376 Deo
947 1320 1147 1374 inditas
1174 1318 1322 1389 leges
1347 1332 1405 1372 se
1445 1317 1618 1384 ipsum
1648 1313 1826 1384 potius
1850 1327 1945 1380 per
1975 1312 2050 1365 ir-

468 1417 790 1473 rationalem
810 1424 864 1468 et
877 1410 1233 1468 innaturalem
1250 1408 1541 1463 voluntatis
1555 1405 1713 1476 (Pag.
1731 1403 1920 1472 XXVI)
1937 1418 2053 1473 per-

464 1525 657 1564 versae
705 1517 908 1563 motum
957 1505 1181 1576 punire,
1227 1516 1393 1572 quum
1439 1514 1610 1570 usque
1661 1499 2054 1563 frustretur,et

467 1608 649 1653 tamen
696 1613 726 1652 a
771 1595 912 1650 mala
963 1593 1237 1651 voluntate
1287 1606 1394 1646 non
1433 1600 1609 1645 cesset
1653 1588 1749 1660 (ὁ).
1797 1588 2048 1643 Ceterum

2145 410 2439 465 electorum
2465 409 2756 480 justorum,
2782 423 3080 478 eorumque
3108 408 3497 463 beatitudinem
3538 423 3723 478 repro—

2145 499 2246 552 bos
2267 499 2319 553 in
2348 507 2627 553 aeternum
2661 514 2766 552 non
2794 498 3228 567 participaturos.
3259 496 3397 562 Quin
3418 497 3580 552 etiam
3603 499 3724 552 aliis

2147 589 2280 644 locis
2304 587 2558 653 aflirmat,
2585 603 2678 644 eos
2701 597 2820 658 post
2852 598 3081 643 mortem
3106 587 3260 642 vanis
3293 603 3492 650 rerum,
3524 589 3728 657 quibus

2147 681 2313 735 etiam
2347 680 2400 734 in
2431 679 2534 734 hac
2565 679 2675 734 vita
2706 679 2943 749 inquietc
2975 689 3030 734 et
3057 679 3429 734 insatiabiliter
3454 679 3729 735 inhiantes

2145 772 2669 840 circumagebantur,
2690 770 2846 841 (Pag.
2868 769 3077 842 XXVII)
3093 770 3391 840 pbantasiis
3409 780 3466 825 et
3487 771 3729 840 appetitu

2153 862 2410 917 tantalico
2456 862 2633 932 puniri
2667 861 2754 933 (Ῑ).
2787 861 3126 917 Postremum
3177 861 3606 925 animadvertas,
3643 878 3730 918 se-

2151 953 2272 1008 culo
2301 968 2443 1008 nono
2474 952 2834 1008 Christianam
2870 953 3192 1018 doctrinam,
3224 966 3366 1023 quae
3398 953 3466 1008 de
3506 953 3732 1008 damna-

2152 1053 2327 1100 torum
2356 1055 2438 1101 est
2464 1045 2758 1116 suppliciis,
2788 1047 3024 1101 nondum
3053 1055 3162 1100 tam
3183 1054 3437 1101 accurato
3457 1046 3733 1103 Ecclesiae

2151 1139 2402 1209 dogmate
2425 1139 2699 1194 definitam
2725 1148 2780 1194 et
2800 1139 3068 1193 firmatam
3092 1137 3279 1204 fuisse,
3295 1153 3455 1210 quam
3479 1140 3733 1209 deinceps

2153 1229 2334 1283 seculo
2377 1244 2475 1284 xnt
2522 1245 2618 1300 per
2646 1230 2932 1284 concilium
2971 1227 3336 1285 Lateranense
3369 1243 3624 1300 quartum
3651 1227 3732 1284 fa-

2153 1329 2300 1375 ctum
2327 1332 2432 1375 est.
2473 1319 2626 1388 Quod
2659 1336 2723 1376 ex
2753 1321 2920 1390 ipsius
2944 1321 3208 1392 Erigenae
3227 1321 3407 1377 verbis
3434 1319 3733 1378 clarissime

2154 1419 2302 1480 patet
2340 1410 2434 1482 (g).
2468 1411 2637 1466 Immo
2674 1421 2892 1480 praeter
2920 1409 3203 1480 Origenem
3233 1411 3396 1465 etiam
3442 1410 3735 1482 Gregorius

2155 1502 2447 1573 Nyssenus,
2481 1502 2774 1574 Gregorius
2799 1502 3199 1568 Nazianzenus,
3243 1503 3504 1569 Basilius,
3541 1513 3596 1559 et
3621 1505 3737 1574 ipse

2154 1593 2475 1650 Ambrosius
2493 1605 2550 1650 et
2571 1595 2928 1668 Hieronymus
2947 1596 3146 1666 passim
3171 1597 3530 1651 universalem
3554 1611 3736 1651 rerum

472 1690 702 1760 Erigena
727 1696 783 1742 et
820 1687 887 1741 de
922 1684 1173 1755 superbia
1191 1723 1204 1750 ,
1235 1698 1396 1752 quam
1429 1691 1591 1751 caput
1614 1680 1794 1736 omnis
1817 1681 2053 1735 malitiae
2086 1674 2130 1733 Β
2156 1689 2553 1756 apocatastasin
2579 1688 2897 1754 docuerunt,
2927 1689 3088 1744 simul
3114 1704 3236 1743 cum
3266 1704 3328 1744 ea
3357 1689 3516 1745 ﬁnem
3541 1690 3741 1760 suppli—

468 1790 648 1844 vocat,
699 1789 756 1835 et
802 1787 1120 1850 praesertim
1168 1776 1222 1830 in
1267 1774 1518 1831 Lucifero
1549 1775 1867 1838 detestatur,
1898 1782 1953 1827 et
1991 1773 2056 1828 de

468 1872 603 1926 falso
624 1870 1018 1938 libidinosoque
1041 1865 1331 1920 voluntatis
1355 1873 1502 1919 motu
1527 1873 1689 1932 atque
1709 1861 1944 1917 carnalis
1972 1875 2059 1916 co-

464 1961 622 2030 pulae
652 1958 913 2028 appetitu,
935 1956 1026 2027 qui
1048 1957 1102 2009 in
1123 1953 1332 2009 Adamo
1357 1953 1478 2019 fuit,
1501 1961 1556 2008 et
1582 1953 1648 2008 de
1662 1950 2058 2020 concupiscen-

466 2053 538 2106 tia
563 2049 828 2119 serpentis
853 2049 1024 2102 instar
1056 2046 1316 2108 Evam,id
1351 2055 1454 2112 est,
1493 2059 1713 2100 sensum
1752 2042 2055 2114 (αἴσθησιν),

465 2155 521 2199 et
549 2143 671 2197 dein
704 2157 802 2212 per
829 2142 967 2196 hanc
991 2140 1157 2195 etiam
1196 2139 1487 2204 Adamum,
1508 2138 1562 2192 id
1587 2145 1689 2201 est,
1725 2136 2056 2192 intellectum

466 2233 628 2304 (νοῦν)
677 2233 943 2288 alliciente
979 2241 1036 2287 et
1076 2231 1368 2286 sedueente
1400 2229 1470 2300 (c)
1492 2269 1507 2294 ,
1537 2228 1810 2284 uberrime
1837 2237 2053 2284 tractat.

467 2325 790 2397 Superbiam
829 2333 884 2379 et
911 2323 1187 2378 libidinem
1217 2321 1508 2376 maximam
1546 2320 1832 2375 stultitiam
1862 2327 2050 2383 vocat,

465 2432 641 2486 neque
671 2415 862 2478 verba,
893 2415 1088 2483 quibus
1118 2413 1276 2481 primi
1308 2419 1560 2482 parentes
1588 2419 1712 2480 post
1750 2419 2052 2481 transgres-

468 2508 678 2562 sionem
708 2504 949 2559 mandati
993 2502 1159 2557 divini
1195 2515 1316 2557 sese
1351 2515 1534 2556 coram
1569 2499 1752 2568 judice
1795 2511 2058 2554 excusare

465 2598 702 2659 student,
738 2595 845 2650 ullo
871 2594 1029 2649 modo
1058 2593 1271 2663 probat.
1320 2591 1396 2646 Ex
1439 2590 1688 2662 originali
1722 2598 1904 2645 autem
1929 2605 2058 2660 pec-

467 2700 591 2744 cato
616 2704 722 2742 non
755 2687 928 2742 solum
949 2683 1276 2756 profundam
1305 2683 1515 2739 derivat
1542 2697 1724 2738 rerum
1749 2681 2056 2738 divinarum

467 2780 827 2850 ignorantiam
850 2786 906 2833 et
927 2777 1124 2832 malam
1155 2775 1353 2831 mentis
1378 2773 1890 2844 concupiscentiam,
1916 2789 2060 2830 mor-

471 2879 596 2934 tem,
643 2877 698 2924 et
728 2877 908 2922 cetera
951 2867 1130 2931 mala,
1184 2880 1371 2920 verum
1410 2864 1572 2918 etiam
1591 2879 1800 2935 ,corpus
1825 2863 2060 2920 hominis

469 2958 768 3020 tuateriale,
801 2956 945 3026 quod
977 2955 1076 3011 sub
1103 2955 1300 3010 tunicis
1325 2953 1586 3025 pelliceis,
1622 2967 1759 3024 quas
1787 2952 1930 3009 Deus
1953 2954 2059 3024 pri-

471 3052 573 3106 mis
593 3049 915 3120 parentibus
943 3047 1091 3112 fecit,
1125 3046 1275 3101 innui
1307 3053 1494 3116 putat;
1520 3046 1684 3100 immo
1703 3053 1760 3100 et
1783 3045 2056 3100 sexualem

470 3142 697 3198 masculi
726 3150 778 3195 et
807 3140 1038 3195 feminae
1064 3136 1425 3193 differentiam
1450 3144 1507 3190 et
1525 3134 1866 3201 divisionem,
1897 3134 2059 3190 simul

470 3253 592 3291 cum
627 3236 840 3305 generis
865 3233 1086 3289 humani
1113 3233 1515 3303 propagatione,
1548 3239 1604 3285 ut
1633 3247 1777 3286 nunc
1801 3239 1904 3296 est,
1944 3233 2060 3287 ani-

477 3328 628 3391 mali,
660 3337 716 3381 et
744 3327 963 3381 homine
991 3325 1230 3396 indigna,
1255 3337 1395 3392 quae
1424 3322 1477 3377 in
1509 3321 1691 3379 futuro
1723 3324 1905 3380 seculo
1944 3339 2059 3380 ces-

473 3419 640 3482 sabit,
671 3417 887 3486 quando
913 3417 967 3471 in
992 3414 1284 3470 universali
1315 3429 1494 3469 rerum
1531 3413 1708 3468 reditu
1735 3415 1914 3470 omnis
1942 3429 2058 3469 ma-

471 3509 607 3563 teria
638 3507 800 3562 veluti
830 3505 1046 3562 foenum
1080 3506 1132 3560 in
1163 3503 1378 3558 flamma
1417 3503 1658 3570 ardebit,
1689 3511 1940 3574 totusque
1968 3505 2058 3560 hic

473 3599 708 3653 mundus
743 3597 1070 3652 destruetur.
1102 3595 1343 3665 Denique
1369 3595 1434 3650 de
1462 3593 1738 3664 suppliciis
1776 3593 2058 3648 damnato-

474 3705 616 3753 rum,
652 3688 899 3758 quamvis
926 3688 1066 3758 apud
1095 3687 1381 3757 Erigenam
1408 3686 1608 3756 passim
1639 3685 2060 3755 signiﬁcationes

473 3777 832 3846 reperiantur,
851 3775 1038 3845 quales
1054 3783 1177 3830 sunt
1193 3792 1205 3827 :
1229 3791 1249 3825 ε
1269 3781 1494 3830 aeterna
1509 3773 1791 3843 supplicia,
1806 3783 2060 3830 aeternae

472 3884 703 3940 poenae,
728 3878 948 3924 aeterna
975 3868 1282 3935 damnatio,
1319 3865 1771 3936 inexstinguibilis
1804 3864 2018 3920 ﬂamma
2040 3905 2058 3931 ,

471 3960 828 4017 irrevocabile
865 3959 1125 4029 judicium
1168 3957 1260 4012 Dei
1302 3956 1386 4028 (cf)
1419 3976 1468 4023 ι,
1511 3967 1569 4012 et
1609 3970 1751 4026 quae
1782 3956 1900 4026 ejus
1938 3963 2062 4010 sunt

472 4051 710 4121 generis,
730 4059 912 4104 tamen
944 4048 1126 4102 multis
1155 4046 1276 4102 aliis
1301 4046 1434 4102 locis
1459 4046 1730 4101 sententia
1759 4044 2057 4109 contraria,

474 4156 617 4211 quae
649 4139 856 4195 scilicet
883 4135 1264 4207 suppliciorum
1294 4134 1670 4192 aeternitatem
1697 4133 1957 4199 destruit,
1993 4133 2063 4191 ab

471 4233 662 4289 eodem
689 4230 912 4302 proponi
940 4229 1170 4283 videtur.
1201 4227 1343 4282 Dicit
1371 4225 1550 4290 enim,
1588 4225 1855 4280 neminem
1893 4240 1924 4279 a
1952 4227 2062 4280 Deo

2156 1777 2364 1832 ciorum
2395 1779 2750 1833 aeternalium
2781 1787 3104 1834 statuentes.

2226 1867 2517 1938 Postquam
2540 1869 2674 1925 haec
2699 1870 2765 1925 de
2795 1870 3058 1939 Erigenae
3082 1870 3213 1936 vita,
3243 1870 3418 1926 indole
3443 1879 3498 1926 et
3521 1871 3740 1941 scriptis

2155 1961 2722 2026 commemoravimus,
2747 1961 3016 2032 simulque
3046 1962 3352 2017 testimonia
3377 1963 3442 2017 de
3468 1978 3534 2018 eo
3563 1977 3593 2016 a
3630 1963 3741 2019 cla-

2156 2052 2390 2108 rissimis
2419 2051 2551 2106 viris
2587 2051 2868 2121 praeteriti
2911 2060 2963 2105 et
3009 2052 3182 2122 magis
3229 2052 3393 2108 etiam
3437 2053 3741 2122 praesentis

2156 2142 2416 2211 temporis
2440 2141 2546 2196 lata
2573 2141 2915 2205 adduximus,
2946 2156 3047 2197 nec
3075 2143 3254 2198 minus
3279 2144 3630 2214 gravissimas
3660 2146 3740 2200 in-

2155 2223 2463 2289 cusationes
2480 2241 2669 2289 contra
2695 2234 2812 2302 ejus
2832 2233 3025 2303 placita
3053 2233 3323 2290 factitatas
3343 2237 3739 2302 recensuitnus,

2160 2323 2346 2378 lectori
2377 2321 2638 2377 benevolo
2668 2337 2804 2392 opus
2833 2323 2936 2376 hoc
2963 2322 3322 2388 rarissimum,
3349 2324 3490 2392 quod
3527 2340 3627 2394 pro
3658 2326 3741 2379 vi-

2160 2415 2244 2470 rili
2276 2424 2430 2485 parte
2457 2429 2488 2468 a
2517 2413 2919 2486 typographicis
2944 2398 3152 2469 mendis
3179 2415 3336 2482 primi
3361 2422 3416 2469 et
3447 2415 3615 2470 solius
3644 2432 3739 2472 co-

2159 2505 2295 2560 dicis
2320 2506 2597 2574 hucusque
2621 2505 2750 2560 editi
2771 2506 2803 2540 “
2825 2504 2981 2559 nobis
3005 2519 3134 2559 cura
3160 2502 3259 2558 fuit
3288 2519 3546 2575 purgare,
3576 2507 3744 2561 tradi-

2157 2611 2302 2659 mus,
2331 2597 2668 2665 potissimum
2691 2611 2816 2651 eum
2847 2595 2900 2650 in
2931 2595 3114 2661 finem,
3156 2604 3214 2649 ut
3242 2611 3412 2650 novae
3436 2605 3492 2651 et
3517 2611 3742 2652 accura-

2159 2686 2284 2742 tiori
2317 2687 2648 2756 inquisitioni
2687 2687 2754 2742 de
2783 2687 2992 2743 meritis
3019 2687 3121 2742 viri
3154 2687 3452 2757 praeclari,
3494 2689 3588 2758 qui
3630 2698 3741 2743 tam

2161 2777 2249 2832 diu
2291 2792 2508 2832 rumore
2538 2776 2787 2848 flagravit
2829 2777 3084 2843 sinistro,
3131 2793 3317 2834 ansam
3364 2780 3744 2847 praebeamus.

2160 2865 2419 2922 Conferas
2446 2881 2593 2938 ergo,
2627 2866 2884 2922 benevole
2912 2865 3112 2932 lector,
3141 2875 3374 2938 systema
3414 2869 3480 2922 de
3506 2867 3746 2924 Naturae

2163 2955 2429 3012 divisione
2464 2957 2532 3010 ab
2562 2955 2794 3026 Erigena
2820 2957 3152 3026 propositum
3186 2971 3307 3012 cum
3346 2957 3523 3011 ethica
3554 2955 3747 3026 Spino-

2167 3061 2265 3100 zae
2289 3045 2516 3114 aliisque
2545 3046 2906 3101 recentiorum
2931 3046 3235 3117 systetnatis
3253 3045 3646 3115 pantheisticis,
3666 3055 3745 3108 et,

2165 3139 2240 3192 uti
2269 3153 2367 3192 nos
2391 3137 2610 3208 quidem
2637 3137 2950 3207 opinamur,
2979 3138 3400 3201 animadvertes,
3431 3137 3609 3207 specie
3631 3146 3748 3190 tan-

2162 3229 2439 3283 tummodo
2489 3243 2650 3285 verae
2699 3237 2756 3286 et
2805 3229 3068 3299 genuinae
3117 3229 3396 3300 cujusdam
3445 3227 3747 3298 sapientiae

2160 3320 2377 3375 divinae
2405 3328 2512 3374 tam
2543 3320 2712 3375 multa
2753 3329 2914 3392 atque
2952 3319 3230 3390 praeclara
3262 3319 3474 3389 ingenia
3503 3319 3748 3388 potuisse

2160 3409 2342 3464 seduci
2368 3425 2383 3474 ;
2424 3409 2567 3478 quod
2595 3424 2730 3465 sane
2758 3409 2979 3465 minime
3015 3408 3216 3465 factum
3241 3409 3462 3475 fuisset,
3492 3409 3595 3464 nisi
3624 3408 3748 3464 Eri-

2160 3512 2332 3570 genae
2362 3497 2701 3568 aliorumque
2740 3507 3035 3570 systemata
3069 3499 3241 3556 multo
3277 3498 3481 3568 majore
3521 3499 3748 3569 profun-

2161 3589 2363 3653 ditate,
2393 3589 2569 3659 copia,
2593 3599 2651 3644 et
2680 3591 2878 3645 mentis
2917 3591 3164 3645 acumine
3185 3590 3412 3660 insignia
3431 3629 3448 3656 ,
3477 3588 3750 3658 simulque

2159 3679 2471 3735 Christiano
2515 3681 2751 3751 dogmati
2796 3682 2968 3751 magis
3003 3696 3262 3752 congrua,
3292 3689 3511 3752 propter
3541 3689 3748 3749 tempo-

2162 3787 2282 3826 runt
2304 3771 2558 3826 invidiam
2587 3781 2694 3826 tam
2719 3771 2918 3828 multos
2945 3771 3250 3842 aequalium
3276 3771 3577 3824 Iatuissent.
3601 3770 3747 3823 Alio-

2159 3863 2293 3933 quin
2321 3863 2466 3918 enim
2497 3870 2648 3918 certo
2686 3862 2918 3931 Erigena
2957 3861 3156 3933 ingenii
3181 3861 3264 3915 sui
3293 3860 3579 3930 splendore
3611 3859 3749 3914 istos

2163 3954 2384 4011 vicisset
2426 3963 2483 4009 et
2520 3953 2884 4010 obscurasset.
2934 3951 3227 4022 Speramus
3269 3960 3474 4015 tamen,
3509 3951 3644 4016 fore,
3688 3961 3749 4005 ut

2161 4048 2502 4119 philosophia
2527 4047 2696 4103 nostri
2725 4047 2864 4112 aevi,
2889 4046 3210 4117 praesertim
3239 4059 3326 4109 ea,
3352 4058 3492 4113 quae
3511 4043 3749 4098 maxime

2163 4138 2491 4210 speculativa
2517 4147 2622 4204 est,
2651 4147 2706 4194 et
2728 4137 3008 4192 dialectica
3037 4137 3236 4190 virtute
3263 4134 3456 4206 pollet,
3482 4142 3538 4188 et
3571 4148 3746 4202 quae,

2164 4237 2448 4299 postquam
2479 4243 2693 4283 omnem
2720 4228 2953 4296 speciem
2977 4225 3286 4282 sensibilem
3315 4233 3370 4279 et
3403 4240 3588 4279 veram
3632 4223 3751 4278 sin-

471 4323 676 4393 privari
708 4319 1042 4376 naturalibus
1067 4318 1180 4374 sive
1205 4316 1509 4372 concreatis
1535 4315 1691 4371 bonis
1709 4315 1808 4386 (ε),
1833 4323 1891 4371 et
1913 4316 2061 4370 dam-
2088 4355 2138 4416 Β
2165 4333 2456 4390 ceramque
2504 4318 2940 4390 imaginationem
2961 4357 2978 4383 ,
3030 4327 3277 4372 naturam
3294 4356 3309 4382 ,
3354 4315 3638 4371 historiam
3687 4323 3750 4369 et

474 4423 635 4470 natos
678 4422 921 4482 tempore
966 4407 1381 4466 resurrectionis
1410 4417 1465 4465 et
1498 4407 1915 4462 restaurationis
1943 4407 2062 4461 uni-
2091 4402 2133 4416 “’
2165 4409 2357 4480 dogma
2386 4407 2672 4480 positivum
2702 4405 2945 4476 reliquit,
2977 4404 3065 4459 uni
3111 4405 3320 4461 scilicet
3364 4404 3591 4458 ratit’mis
3623 4402 3750 4456 abs-

472 4501 721 4564 versalis,
749 4502 838 4554 ubi
867 4500 1045 4555 omnis
1073 4498 1277 4554 malitia
1306 4505 1518 4567 pereat,
1555 4497 1874 4552 innovatum
1905 4511 2063 4549 mun-

473 4592 602 4646 dum
635 4590 780 4644 nulla
809 4605 1031 4659 prorsus
1058 4589 1269 4652 umbra,
1302 4602 1401 4642 nec
1427 4586 1534 4641 ullo
1565 4586 1905 4654 discrepante
1929 4600 2062 4639 con-

475 4690 634 4736 centu
664 4679 1102 4740 difl'ormaturos,
1155 4679 1318 4732 immo
1345 4691 1443 4746 per
1474 4675 1857 4745 theophaniam
1892 4689 2064 4743 quan-

475 4770 632 4833 dam,
678 4768 925 4838 quamvis
964 4781 994 4820 a
1036 4765 1246 4820 visione
1289 4765 1535 4820 beatifica
1575 4763 1847 4832 iustorum
1897 4764 2065 4819 multo

476 4860 766 4926 diversam,
781 4857 972 4922 Deum,
989 4865 1117 4911 tunc
1135 4855 1317 4911 omnia
1341 4855 1394 4908 in
1417 4855 1668 4909 omnibus
1689 4862 2062 4924 apparentem,

549 4988 626 5056 (α)
652 4986 732 5042 Cf.
763 4987 856 5040 lih.
885 4987 952 5051 V,
976 5001 1030 5056 p.
1056 4986 1154 5041 52-1
1187 4984 1419 5057 (V,55)._
1445 4984 1698 5057 tVidetur
1730 4985 1875 5039 enim
1902 5003 1919 5036 ι
1951 4993 2060 5057 ῳῑέ

480 5054 613 5111 ειιηϊ
635 5058 786 5111 miris
814 5054 1290 5126 ipsius'Augustini
1313 5055 1490 5110 verbis
1511 5056 1583 5110 ibi
1607 5055 1781 5110 allatis
1801 5064 1856 5109 et
1881 5070 1934 5124 p.
1958 5054 2064 5108 5‘23

479 5127 1250 5200 (V.51)}Quideuituggcet.
1294 5193 1374 5200 __‘
1486 5194 1504 5200 _
1602 5195 1635 5200 η
1713 5135 1717 5140 ’

549 5199 624 5270 (ρ)
649 5193 942 5270 δῖε-Ιίίξν,
966 5195 1262 5270 ρζδιδμι,
1294 5193 1404 5270 3i).
1440 5214 1457 5245 ι
1486 5194 1667 5263 Impiis
1689 5210 1818 5251 vero
1840 5213 1858 5246 ›
1884 5203 1988 5249 cet.
2013 5203 2066 5249 et

480 5282 532 5340 p.
559 5265 667 5323 ’551
695 5267 784 5392 ἓν,
817 5268 907 5337 51)
945 5265 1472 5346 (Cottsidet'avimus
1496 5269 1638 5320 enim
1671 5284 1691 5317 ›
1725 5275 1829 5320 cet.

551 5341 621 5392 (c)
651 5338 691 5392 C
720 5379 733 5392 .
764 5339 866 5392 col.
892 5337 1012 5392 1‘29.
1041 5344 1153 5390 not.
1181 5352 1209 5389 ε
1233 5343 1287 5390 et
1309 5335 1454 5388 altbt.

551 5341 621 5410 (c)
651 5335 733 5395 Cf.
764 5339 866 5394 col.
889 5335 1012 5401 129,
1041 5344 1153 5390 not.
1181 5352 1209 5389 ε
1233 5343 1287 5390 et
1309 5335 1454 5388 alibi.

549 5491 580 5524 “
606 5492 800 5546 Tribus
826 5504 955 5545 sane
983 5486 1258 5543 codicibus
1285 5483 1516 5538 Thomas
1543 5482 1673 5537 Cale
1704 5483 1757 5538 iu
1791 5484 2063 5537 adornan-

483 5561 550 5612 da
574 5563 808 5616 editioue
831 5563 1000 5631 prima
1032 5562 1162 5631 usus
1191 5566 1295 5631 est,
1326 5554 1512 5631 mutilo
1535 5553 1765 5631 'I‘huani,
1794 5569 1891 5607 suo
1933 5554 2066 5606 inte-

483 5645 599 5698 gro,
636 5647 734 5686 nec
774 5623 879 5686 non
917 5631 1100 5686 codice
1125 5623 1438 5689 l’arisieusi,
1463 5624 1512 5677 id
1535 5623 1676 5693 quod
1698 5623 1810 5691 ipse
1842 5632 2067 5678 testatur

2167 4511 2372 4557 tractae
2395 4509 2449 4554 et
2468 4500 2750 4572 αὐτονόμου
2772 4498 2973 4554 notioni
2999 4497 3287 4552 universali
3313 4496 3546 4558 addicta,
3562 4494 3749 4548 omnia

2166 4593 2345 4650 facere
2378 4603 2433 4648 et
2459 4593 2789 4664 excogitare,
2831 4590 2966 4646 nihil
3008 4590 3252 4660 accipere
3295 4598 3351 4642 et
3397 4586 3502 4642 fide
3550 4584 3750 4640 intelli-

2166 4700 2314 4757 gere,
2343 4682 2522 4740 omnia
2555 4681 2765 4745 tollere,
2793 4680 2926 4735 nihil
2953 4693 3150 4750 ponere
3177 4677 3352 4749 gestit,
3383 4674 3566 4744 etiam
3593 4674 3648 4727 in
3674 4687 3749 4727 eo

2168 4785 2270 4841 est,
2310 4785 2371 4831 ut
2413 4776 2466 4830 in
2507 4773 2810 4830 absolutum
2837 4772 3042 4826 incidat
3063 4769 3420 4830 nihilismum,
3452 4766 3615 4821 etiam
3645 4779 3750 4834 per

2157 4867 2420 4937 Erigenae
2460 4863 2691 4935 placita,
2734 4861 2862 4933 qui,
2905 4859 3111 4916 notioni
3154 4856 3448 4913 universali
3485 4864 3541 4910 et
3579 4853 3750 4908 diale-

2237 4995 2418 5067 (ἀγα.
2449 4992 2636 5067 libijl,
2660 5009 2712 5064 p.
2735 4992 2860 5059 505,
2892 4991 3000 5047 ibid
3037 5007 3093 5062 p.
3125 4986 3526 5055 510,552,555
3552 4994 3607 5040 et
3637 4985 3749 5042 εδδ

2165 5064 2255 5138 (v,
2282 5064 2368 5120 30.
2400 5067 2490 5120 56.
2517 5064 2632 5134 57).

2237 5135 2307 5206 (ε)
2329 5135 2410 5206 (ἓῖ-
2439 5137 2530 5206 πίει).
2553 5135 2684 5206 νίιρ·
2710 5132 2993 5206 διοίς-ίῡίειε
3017 5147 3070 5206 P-
3087 5127 3391 5206 53.5.6.5?!
3417 5125 3607 5206 (νυξὶ
3624 5124 3756 5206 5.6).

2174 5135 2185 5138 “
2237 5135 2286 5206 (e
2329 5135 2410 5190 Cf.
2439 5137 2530 5190 lib.
2553 5135 2684 5203 V,p.
2710 5135 2845 5197 51ος
2866 5135 3192 5255 ibid.£.555
3214 5138 3268 5183 et
3287 5135 3391 5184 554
3417 5135 3605 5198 (νῶι.
3624 5135 3753 5202 56),

2583 5205 2644 5270 γ,
2676 5219 2729 5274 ρ.
2770 5203 2905 5270 535,
2936 5203 2996 5257 51
3058 5242 3073 5267 ,
3103 5201 3237 5266 515,
3277 5200 3381 5254 516
3421 5208 3476 5252 et
3507 5195 3607 5250 517
3648 5198 3753 5271 (ν,

2239 5345 2312 5417 (g)
2350 5345 2451 5416 (Cf.
2483 5345 2575 5400 lib.
2602 5341 2666 5409 γ,
2693 5358 2745 5414 p.
2779 5341 2920 5409 ‘90;
2964 5341 3092 5396 ibid.
3120 5340 3224 5395 508
3254 5338 3341 5410 (γ,
3373 5337 3463 5392 27.
3490 5334 3601 5405 5i).

2169 5490 2222 5615 ἓι
2257 5491 2579 5557 testimoniis,
2609 5504 2748 5562 quae
2787 5485 2983 5552 attulit,
3009 5501 3173 5559 supra
3206 5483 3440 5540 excusis.
3471 5482 3748 5542 Amm".

2217 5577 2329 5615 utr.

2217 5577 2329 5616 ηιτ.
