3952 6156
292 219 394 281 125

816 214 1060 275 EXPOS.
1100 213 1151 270 Ι.
1193 212 1391 272 SCOTI
1428 209 1651 268 SUPER
1684 204 2108 262 IERARCHIAM
2149 204 2557 263 CAELESTEM
2597 207 2655 264 S.
2695 207 3015 266 DIONYSII.

3440 211 3543 268 126

287 328 454 394 uiae
475 332 574 388 an;
598 333 851 404 quam,“
873 332 1072 397 faveat,
1095 339 1276 386 tamen
1304 337 1406 384 nec
1431 326 1737 391 historiam,
1761 338 1861 378 nec
1891 325 1933 384 Α
1967 326 2186 374 aeterna
2219 320 2336 376 idea
2365 323 2690 390 expostulat,
2717 339 2988 395 quamque
3019 326 3258 382 nonnulli
3284 331 3553 388 recentio—

287 429 406 485 ﬁdei
436 427 649 497 dogma,
696 440 800 480 nec
841 423 1077 495 speciem
1111 421 1380 479 visibilem
1406 419 1628 476 omnino
1661 418 1864 473 deserit

286 529 339 576 et
368 519 600 586 abnegat
626 518 710 572 vel
736 517 898 588 (Pag.
920 515 1160 586 XXVIII)
1185 514 1516 579 contemnit,
1546 513 1614 568 ad
1655 512 1861 566 exitum

286 608 555 662 laetiorem
583 607 934 676 perducatur.
965 607 1121 662 Haud
1157 592 1711 669 tameniiniiciamur,
1750 603 1861 659 He-

286 696 404 766 gelii
433 696 890 766 speculationem,
925 697 1216 765 praecipue
1240 696 1285 750 si
1313 710 1433 750 eam
1463 710 1587 750 cum
1626 693 1860 764 philoso-

282 785 398 856 phia
426 786 617 840 critica
651 793 706 839 et
743 801 866 840 cum
897 786 1196 856 subjectivo
1232 785 1511 841 idealismo
1538 799 1858 854 compares,

281 880 342 931 de
383 877 691 933 Christiana
736 877 1076 946 philosophia
1117 886 1173 933 et
1210 877 1476 947 theologia
1508 876 1711 947 optime
1737 890 1859 931 esse

281 968 544 1031 meritam,
577 976 742 1036 atque
775 967 938 1023 etiam
970 967 1234 1038 Erigenae
1273 967 1492 1037 scriptis
1534 957 1748 1022 facilius
1783 957 1860 1020 in-

281 1055 576 1125 telligendis
603 1057 1000 1126 quodammodo
1029 1065 1181 1113 certe
1200 1057 1343 1112 viam
1372 1057 1669 1127 aperuisse.
1703 1056 1859 1111 Denio

279 1160 373 1214 que
397 1161 590 1202 omnes
619 1148 709 1216 qui
739 1150 978 1204 auctoris
999 1148 1170 1204 nostri
1201 1148 1416 1204 lectioni
1443 1149 1856 1205 convenientem

277 1252 484 1308 operam
513 1239 1060 1306 navabunt,libenter
1084 1241 1246 1296 etiam
1272 1240 1484 1296 illorum
1507 1239 1857 1295 reminiscen-

283 1338 362 1383 tur
385 1338 716 1400 temporum,
748 1331 942 1402 quibus
971 1341 1080 1386 tam
1125 1332 1228 1386 ﬁde
1262 1333 1522 1396 credere,
1568 1345 1732 1400 quam
1761 1345 1852 1384 ra-

278 1421 411 1474 tione
435 1436 621 1475 rerum
655 1437 849 1478 nexum
875 1432 929 1478 et
955 1437 1146 1478 causas
1170 1423 1520 1493 investigare,
1545 1430 1600 1476 et
1623 1421 1852 1476 alterum

276 1511 419 1566 alteri
468 1513 802 1580 conciliare,
847 1515 1156 1570 hominibus
1185 1515 1360 1585 magis
1403 1515 1456 1568 in
1503 1521 1752 1582 promptu
1798 1519 1852 1567 et

277 1610 520 1674 tanquam
569 1605 818 1660 naturale
864 1604 1003 1672 fuit;
1043 1605 1242 1677 quippe
1284 1605 1396 1674 qui,
1433 1612 1850 1674 quantacunque

1967 425 2087 465 rum
2121 423 2394 482 tamquam
2419 415 2736 484 prophetico
2764 418 2998 485 quodam
3037 432 3228 474 somno
3256 419 3431 477 denuo
3455 423 3548 478 de-

1965 505 2204 561 siderare
2229 487 2544 576 coeperunt,
2577 516 2685 562 tam
2717 508 2771 562 in
2803 509 2934 573 vita,
2965 524 3129 579 quam
3159 511 3211 566 in
3240 513 3458 584 scriptis
3487 530 3549 571 re

1949 609 2090 657 n'era
2115 595 2420 664 exprimere
2458 596 2752 664 potuerint.
2786 597 2971 666 Itaque
3001 601 3180 670 magni
3213 599 3372 670 hujus
3401 603 3550 672 inge-

1960 686 2036 741 nii
2063 685 2268 754 eﬂigies
2293 695 2525 755 ponatur
2543 686 2703 756 juxta
2745 686 3008 758 imagines
3035 687 3212 743 Dantii
3231 730 3244 755 ,
3276 689 3534 746 Bonaven

1963 784 2135 840 turae,
2167 774 2220 830 J.
2250 775 2517 842 Boehmii,
2541 792 2942 848 paucorumque
2963 778 3211 845 aliorum,
3235 781 3326 849 qui
3351 779 3545 848 injuria

1959 873 2264 934 temporum
2309 865 2579 935 paulisper
2619 869 2893 936 oppressi,
2939 877 2995 922 et
3040 867 3146 922 situ
3185 868 3457 923 obscurati
3493 879 3550 924 et

1959 970 2098 1025 pene
2123 956 2316 1027 ignoti,
2345 971 2489 1011 nunc
2516 956 2732 1011 tandem
2761 972 2846 1024 ea,
2875 973 2979 1027 qua
3009 958 3192 1020 decet,
3222 958 3363 1013 inter
3390 959 3546 1014 Chri-

1959 1047 2167 1103 stianos
2194 1048 2546 1118 philosophos
2577 1059 2634 1104 et
2668 1058 2853 1120 poetas
2893 1065 3023 1120 prae
3062 1052 3256 1106 ceteris
3307 1052 3546 1107 eminen-

1960 1146 2047 1192 tes
2095 1140 2336 1208 gaudent
2378 1139 2554 1211 gratia
2597 1149 2654 1194 et
2699 1141 3022 1194 reverentia.
3075 1138 3194 1195 Jam
3235 1142 3544 1211 quicunque

1958 1229 2138 1286 divina
2164 1239 2221 1286 et
2245 1240 2467 1289 aeterna
2491 1232 2668 1288 adhuc
2690 1232 3237 1302 suspiratis,eamque
3259 1233 3538 1287 sectamini

1957 1331 2013 1376 et
2039 1323 2234 1378 amatis
2261 1324 2620 1394 sapientiam,
2671 1326 2811 1395 quae
2857 1339 3048 1380 omnes
3095 1339 3222 1378 vere
3270 1325 3542 1394 sapientes

1957 1414 2076 1471 luce
2103 1431 2200 1470 sua
2229 1415 2525 1481 illuminat,
2561 1417 2676 1472 sive
2721 1417 2868 1486 parvi
2897 1416 3024 1482 sint,
3057 1416 3172 1470 sive
3212 1415 3424 1484 magni,
3471 1415 3544 1470 sit

1955 1505 2112 1559 vobis
2136 1505 2239 1560 hoc
2264 1505 2526 1575 Erigenae
2557 1516 2966 1560 monumentum
2989 1497 3292 1576 profundae
3319 1513 3375 1558 et
3399 1506 3542 1574 paci-

1955 1593 2106 1651 ferae
2127 1596 2494 1664 delectationi,
2525 1599 2870 1664 institutioni,
2908 1608 2962 1654 et
3002 1599 3207 1652 validae
3253 1598 3305 1651 in
3350 1606 3540 1653 sancta

277 1689 366 1745 fuit
399 1692 547 1747 illius
589 1694 707 1748 aevi
747 1695 1013 1764 asperitas
1047 1703 1104 1749 et
1132 1694 1418 1758 violentia,
1461 1702 1640 1747 tamen
1682 1706 1845 1760 saepe
1873 1685 1920 1744 B
1948 1686 2054 1741 ﬁde
2081 1695 2136 1743 et
2163 1689 2365 1757 pietate
2393 1689 2812 1746 conlirmationi.
2840 1688 3031 1744 Venite
3052 1697 3106 1744 et
3125 1697 3338 1760 gustate
3374 1702 3540 1758 quam

276 1783 496 1838 divinam
524 1785 801 1854 quandam
829 1785 1218 1841 sublimitatem
1248 1801 1370 1841 cum
1393 1784 1696 1840 humilitate
1716 1783 1848 1854 piis-

275 1871 415 1938 sima,
431 1873 635 1928 mentis
658 1882 1029 1944 paupertatem
1055 1889 1178 1930 cum
1207 1875 1479 1929 uberrima
1502 1881 1846 1928 aeternarum

275 1964 550 2018 veritatum
591 1966 943 2031 abundantia,
974 1967 1138 2022 vitam
1167 1977 1223 2022 ct
1249 1967 1474 2038 grandia
1517 1980 1682 2037 opera
1719 1980 1843 2020 cum

273 2053 590 2122 cogitatione
638 2055 745 2109 alta
792 2065 847 2112 et
894 2055 1159 2128 profunda
1208 2057 1536 2128 conjungere
1565 2057 1840 2112 sciverint.

273 2143 388 2198 Eam
413 2146 482 2201 oh
505 2162 730 2204 causam
757 2150 862 2205 illis
885 2151 1131 2222 contigit,
1159 2161 1221 2206 ut
1240 2150 1451 2206 facilius
1473 2148 1844 2219 philosophiae

273 2241 320 2286 et
360 2249 584 2302 poeseos
623 2251 748 2292 cum
787 2240 1048 2310 religione
1092 2241 1377 2306 unionem,
1419 2254 1583 2308 quam
1628 2253 1754 2292 vera
1789 2243 1844 2290 et

1954 1778 2137 1832 suavis
2166 1780 2237 1833 sit
2271 1780 2531 1836 Dominus
2555 1783 2567 1834 !

2024 1890 2332 1948 Manasterii
2363 1893 2814 1966 Guestphalorum
2843 1897 2876 1950 4
2903 1895 3024 1951 Jan.
3060 1895 3214 1950 1838.

2755 2007 2817 2063 C.
2846 2008 2905 2062 Β.
2939 2007 3280 2070 Ξειιιιιετιῖιι,

2627 2097 2880 2154 Privatim
2904 2100 3092 2152 docens
3113 2097 3467 2166 philosophiae

2582 2172 2634 2224 in
2699 2172 2840 2237 regia
2892 2169 3178 2237 Academia
3229 2167 3509 2222 Borussica

2639 2236 2941 2294 monasterii
2963 2236 3424 2307 Guestphalorum.

291 2415 3528 2456 Μ

965 2574 1970 2745 JOANNIS
2106 2585 2819 2747 SCOTI

1182 2919 2592 3076 EXPOSITIONES
2745 2968 2748 2972 λ

541 3219 899 3376 SUPER
980 3218 1712 3376 IERARGHIAM
1789 3218 1895 3375 Ci

1958 3221 2451 3378 ELES’I‘EM
2521 3223 2622 3378 S.
2694 3218 3243 3376 DIONYSH.

1334 3595 1708 3659 Cod.Vat.652,
1731 3610 1962 3649 sec.xr..
1993 3633 2007 3648 .
2045 3634 2060 3646 .
2096 3633 2110 3647 .
2147 3635 2161 3648 .
2195 3634 2210 3649 .
2250 3635 2267 3650 .
2302 3635 2315 3648 .
2349 3597 2392 3648 Δ

1329 3683 1446 3732 Uod.
1467 3683 1598 3733 Mon.
1631 3695 1723 3735 ms.
1747 3683 1830 3732 lat.
1854 3683 1968 3745 380,
1992 3693 2095 3732 sec.
2121 3695 2208 3731 xu.
2244 3716 2258 3732 .
2295 3718 2311 3732 .
2345 3683 2385 3732 B

1331 3761 1564 3824 Ejusdem
1585 3765 1766 3814 codicis
1796 3763 1949 3814 altera
1972 3775 2161 3812 manus.
2198 3797 2212 3812 .
2249 3797 2263 3813 .
2299 3799 2314 3815 .
2339 3764 2400 3812 Β·

1422 3873 1487 3886 --
1669 3871 1730 3882 —
1794 3847 1939 3896 tertia
2033 3870 2094 3880 —
2147 3879 2163 3892 .
2200 3881 2214 3893 .
2252 3879 2266 3894 .
2303 3844 2428 3894 .B"

1329 3931 1448 3988 God.
1473 3933 1741 3996 Brugensis
1763 3944 1810 3983 ιι.
1842 3933 1886 3994 1,
1911 3945 2013 3983 sec.
2041 3945 2121 3983 xu
2146 3929 2228 3982 vel
2253 3946 2314 3982 xv
2338 3933 2414 3996 (3.]

1174 4104 2650 4147 ψ-

1619 4255 2170 4337 INCIPIUNT

680 4458 1826 4592 EXPOSITIONES
1898 4456 2556 4588 JOANNIS
2618 4459 3072 4590 SCOTI

1783 4689 2010 4747 SUPER

845 4861 1608 5054 lautitias
1662 4897 1895 5008 san

1958 4859 2068 5001 rti
2152 4859 2736 5040 Ηίοιῐιιέὶἰ

2811 4847 2864 4902 1.

792 5253 1186 5311 CAPITULUM
1229 5254 1268 5308 Ι.

1847 5261 1892 5324 ο
1924 5248 2237 5306 inscribitur
2283 5248 2351 5306 de
2397 5248 2619 5304 caelesti
2668 5247 2936 5304 terarchia
2962 5287 2979 5315 ,
3026 5263 3094 5302 xv
3139 5243 3504 5317 capitulorum

320 5343 499 5404 Sancti
545 5345 785 5418 Dionysii
828 5345 1184 5417 Areopagitae
1209 5345 1231 5374 ²
1262 5344 1470 5415 primus
1518 5343 1676 5409 liber,
1723 5342 1816 5413 qui
1925 5341 2065 5397 serie
2089 5339 2415 5403 contexitur,
2441 5354 2674 5410 quorum
2699 5339 2857 5409 primi
2881 5338 3070 5393 titulus
3089 5345 3173 5393 est
3197 5350 3211 5388 :
3239 5332 3505 5400 Quoniam

1499 5456 1756 5516 VARIAE
1793 5454 2196 5513 LECTIONES.

328 5569 343 5600 ⁸
389 5574 438 5631 Α
463 5577 710 5640 dyonisii.
750 5574 830 5632 sic
866 5576 1080 5643 ubique.
1145 5575 1208 5634 B'
1253 5533 1482 5630 dionisii.
1508 5572 1586 5631 sic
1614 5571 1830 5637 ubique.
1857 5557 1878 5570 ⁴
1926 5572 1945 5602 ²
1975 5571 2018 5625 Λ
2042 5569 2082 5623 Β
2111 5567 2152 5625 C
2181 5571 2519 5640 ariooagitae.
