3952 6156
369 231 469 284 127

1497 217 1995 280 EXPOSITIONES
2030 215 2311 274 JOAN‘NIS
2353 217 2554 276 SCOTI

3522 218 3626 275 4‘28

371 337 538 392 omnis
577 336 755 391 divina
794 333 1112 390 illuminatio
1151 330 1434 388 secundum
1478 332 1754 388 bonitatem
1803 331 1946 386 varie
1973 333 2018 392 Λ
2049 342 2117 382 ne
2148 327 2384 393 mireris,
2407 329 2550 400 quod
2579 327 2837 394 diximus,
2868 325 3071 382 nullam
3100 327 3444 384 substitutam
3467 345 3620 386 crea-

367 431 421 482 in
461 445 521 481 ea
546 467 560 491 ,
589 443 719 496 quae
746 426 983 496 praevisa
1013 433 1153 488 sunt,
1183 423 1505 490 proveniens,
1539 423 1640 476 hoc
1680 431 1782 486 est,
1812 436 1946 491 quo-

374 518 519 571 niam
547 517 758 571 divinae
786 514 1042 571 bonitatis
1072 513 1244 568 omnis
1272 511 1612 577 illuminatio,
1641 527 1781 582 quae
1809 511 1947 566 mul-

375 608 630 677 tipliciter
665 607 716 660 iu
744 620 829 668 ea,
863 619 1000 674 quae
1040 602 1283 671 praevisa
1333 610 1478 667 sunt,
1527 601 1773 657 facienda
1821 618 1945 672 pro-

371 695 541 760 cedit,
570 704 740 748 manet
773 692 958 763 simpla
987 692 1038 746 in
1067 690 1240 756 seipsa
1269 691 1308 756 ⁸,
1339 700 1412 754 et,
1459 691 1585 744 dum
1634 690 1948 745 diffunditur

377 785 756 841 universaliter
780 785 832 837 in
863 799 924 838 ea
948 784 994 846 ',
1022 798 1159 852 quae
1204 790 1348 847 sunt,
1377 789 1436 834 ut
1478 781 1617 844 sint,
1649 781 1773 850 quia
1805 779 1945 833 nulla

377 875 480 928 alia
509 883 589 928 est
615 888 794 928 rerum
822 873 1059 926 omnium
1084 871 1416 925 sensibilium
1448 878 1502 925 et
1533 869 1944 940 intelligibilium

363 962 716 1030 subsistentia
739 970 958 1032 praeter
985 961 1195 1015 divinae
1219 960 1474 1016 bonitatis
1501 959 1946 1014 illuminationem

371 1061 426 1107 ct
455 1050 826 1117 ditl‘usionem,
857 1066 962 1105 non
999 1051 1192 1106 desinit
1221 1064 1342 1105 esse
1383 1051 1437 1104 in
1473 1065 1532 1104 se
1569 1050 1682 1119 ipsa
1722 1049 1946 1120 simplex

373 1150 427 1195 et
472 1140 813 1194 inexhausta.
866 1139 960 1193 Est
988 1139 1131 1192 enim
1165 1139 1284 1194 fons
1313 1153 1418 1192 non
1463 1137 1750 1203 deﬁciens,
1795 1146 1850 1192 et
1892 1138 1946 1192 in

375 1230 577 1292 omnia,
611 1243 750 1298 quae
784 1234 928 1291 sunt,
976 1226 1183 1282 infinita
1226 1227 1613 1283 numerositate
1657 1225 1945 1298 proﬂuens.

372 1321 441 1374 Et
468 1335 573 1374 non
607 1319 778 1374 solum
811 1319 863 1372 in
893 1319 1074 1372 omnia
1107 1326 1364 1372 manatet
1391 1318 1659 1387 provenit,
1692 1328 1749 1371 ut
1776 1319 1950 1372 subsi-

375 1417 550 1472 stant,
584 1423 768 1462 verum
811 1408 973 1462 etiam
1002 1407 1022 1438 ³
1053 1409 1324 1473 universa,
1357 1423 1496 1478 quae
1524 1424 1591 1463 ex
1638 1407 1786 1478 ipsa,
1816 1418 1871 1462 et
1894 1408 1948 1462 in

374 1501 518 1569 ipsa,
551 1507 606 1554 et
649 1513 746 1568 per
776 1499 946 1568 ipsam
979 1499 1308 1564 subsistunt,
1337 1499 1389 1553 in
1420 1515 1581 1553 unam
1627 1498 1950 1555 ineffabilem

373 1589 711 1644 harmoniam
736 1588 755 1620 ⁸
785 1598 1019 1659 coaptat,
1045 1590 1116 1642 ita
1143 1590 1270 1643 utin
1299 1590 1649 1645 universitate
1673 1589 1947 1659 multiplex

373 1678 443 1732 sit
471 1678 491 1708 '
518 1694 613 1747 per
639 1679 903 1732 infinitam
927 1678 1448 1748 multiplicationem,
1477 1687 1530 1731 et
1557 1678 1610 1732 in
1637 1677 1749 1748 ipsa
1770 1678 1948 1732 omnia
1979 1666 2024 1724 Β

372 1787 537 1825 unum
570 1773 678 1826 sint
707 1786 804 1841 per
832 1771 1424 1842 incomprehensibilem
1450 1771 1854 1825 adunationem.
1884 1769 1950 1824 Et

373 1863 476 1917 hoc
507 1872 591 1917 est
634 1863 776 1932 quod
821 1862 898 1916 ait
925 1880 938 1916 :
971 1870 1154 1916 manet
1202 1861 1388 1931 simpla
1417 1869 1471 1916 et
1499 1877 1601 1914 non
1630 1861 1726 1914 hoc
1755 1859 1948 1925 solum,

369 1955 460 2009 sed
498 1955 714 2022 uniﬁcat
748 1953 1065 2018 illuminata,
1098 1953 1201 2006 hoc
1225 1961 1331 2018 est,
1365 1967 1462 2021 per
1500 1967 1650 2006 suam
1683 1951 1950 2005 illumina-

371 2046 570 2100 tionem
591 2055 662 2099 -et
691 2045 1094 2115 processionem
1145 2043 1309 2098 facta.
1341 2043 1509 2097 Totus
1551 2043 1733 2112 itaque
1763 2042 1950 2097 titulus

368 2146 450 2190 est
474 2136 631 2205 primi
657 2135 908 2204 capituli:
933 2133 1193 2200 Quoniam
1217 2135 1383 2188 omnis
1405 2134 1582 2187 divina
1605 2133 1944 2199 illuminatio,

344 2223 655 2292 lsecundum
706 2223 984 2276 bonitatem
1035 2224 1178 2276 varie
1232 2223 1284 2276 in
1326 2223 1534 2293 provisa
1563 2221 1584 2253 ⁸
1613 2223 1943 2292 proveniens,

367 2321 543 2364 manet
574 2309 784 2380 simpla,
812 2320 858 2364 et
891 2327 992 2364 non
1017 2310 1114 2364 hoc
1141 2310 1330 2378 solum,
1357 2311 1448 2365 sed
1495 2311 1711 2380 uni/Scal
1750 2310 1948 2364 illumi-

375 2412 520 2454 nata.

443 2490 472 2561 §
509 2491 558 2543 l.
599 2488 774 2558 Ipsum
827 2503 955 2544 vero
1002 2489 1296 2560 capitulum
1346 2505 1410 2546 ex
1459 2491 1724 2546 sententia
1759 2488 1947 2546 Jacobi

371 2579 598 2650 apostoli
622 2580 856 2634 orditur:
875 2578 1040 2634 Omne
1059 2580 1239 2634 datum
1253 2581 1528 2650 optimum,
1544 2581 1628 2636 vel
1654 2590 1714 2635 ut
1726 2595 1948 2651 expres-

372 2672 485 2725 sius
514 2669 580 2724 de
605 2669 770 2724 verbo
802 2669 854 2723 in
902 2669 1124 2724 verbum
1155 2669 1513 2724 transferatur
1543 2687 1558 2724 :
1589 2671 1768 2725 omnis
1796 2671 1944 2727 datio

372 2761 573 2830 optima
583 2799 596 2824 ,
610 2769 656 2813 et
678 2774 826 2812 omne
839 2759 1032 2812 donum
1045 2758 1328 2828 perfectum
1340 2759 1465 2813 desu
1479 2776 1613 2814 rsum
1625 2770 1721 2825 est,
1734 2760 1946 2815 descen-

369 2851 497 2905 dens
521 2869 552 2905 a
573 2859 720 2920 patre
741 2848 1016 2903 luminum.
1045 2850 1194 2915 Quae
1215 2851 1509 2920 apostolica
1529 2852 1791 2907 sententia
1808 2853 1946 2907 divi-

371 2957 495 2995 nam
518 2941 785 2996 dationem
809 2954 872 2994 ex
901 2939 1081 2994 divina
1112 2940 1398 2996 donatione
1427 2941 1662 2998 mirabili
1683 2943 1947 2999 discernit

2053 429 2226 475 turam
2250 460 2264 484 ,
2315 421 2418 475 nisi
2460 430 2807 475 convertatur
2837 421 2904 475 ad
2947 419 3290 486 Creatorem,
3330 421 3622 491 perfectam

2050 508 2165 564 fieri
2196 525 2374 581 posse.
2409 511 2545 565 Vera
2575 512 2838 580 siquidem
2866 512 3023 566 docet
3051 510 3212 574 ratio,
3239 502 3417 566 omnia
3437 552 3454 576 ,
3485 527 3627 582 quae

2051 610 2198 664 sunt,
2230 601 2294 654 ad
2331 615 2550 656 causam
2583 617 2758 668 suam,
2801 617 2866 657 ex
2896 617 3025 672 qua,
3052 611 3107 656 et
3136 617 3234 671 per
3261 617 3442 670 quam,
3475 613 3530 657 et
3567 605 3622 659 in

2049 705 2155 758 qua
2207 690 2545 756 subsistunt,
2595 701 2654 746 ut
2705 691 3074 761 perficiantur,
3126 692 3417 762 respicere.
3465 694 3628 749 lutei-

2049 779 2298 834 lectualia
2331 781 2544 850 quidem
2595 791 2651 835 et
2699 782 2980 836 rationalia
3025 782 3333 838 immediate
3360 783 3381 814 ’
3406 799 3504 853 per
3543 799 3624 848 se,

2052 869 2325 923 intellectu
2351 885 2481 923 vero
2504 879 2559 924 et
2588 870 2796 925 ratione
2819 870 3059 924 carentia
3083 869 3314 940 quadam
3338 872 3627 928 medietate

2052 959 2456 1015 rationabilium
2480 969 2534 1014 et
2559 959 2974 1030 intelligibilium
3001 959 3339 1030 interposita,
3369 961 3434 1015 ad
3461 977 3626 1016 unum

2054 1049 2426 1105 universitatis
2446 1051 2768 1122 principium
2797 1059 3208 1106 convertuntur.
3239 1049 3423 1104 Omnis
3453 1053 3630 1122 itaque

2053 1142 2199 1196 datio
2246 1143 2463 1212 optima,
2508 1153 2557 1197 et
2605 1143 2774 1197 omnis
2817 1143 3032 1197 donatio
3063 1141 3323 1211 perfecta,
3354 1142 3630 1196 desursum

2053 1241 2150 1298 est,
2192 1231 2246 1286 id
2283 1239 2387 1298 est,
2419 1231 2700 1286 desursum
2731 1231 3039 1295 descendit;
3084 1245 3114 1284 a
3139 1245 3268 1300 quo,
3296 1231 3396 1285 nisi
3425 1246 3452 1283 a
3483 1231 3632 1285 fonte

2055 1321 2310 1377 ineffabili
2339 1323 2582 1377 omnium
2610 1321 2898 1388 bonorum,
2927 1337 2957 1375 a
2985 1320 3146 1376 Patre
3169 1321 3466 1376 luminum?
3488 1322 3633 1388 Quo-

2055 1427 2269 1484 cunque
2313 1413 2456 1468 enim
2494 1428 2586 1468 seu
2631 1428 2792 1468 sensu
2817 1427 3080 1482 corporeo
3106 1413 3148 1442 ¹⁰
3181 1411 3632 1477 internuntiante,

2057 1518 2149 1559 seu
2187 1518 2323 1574 puro
2349 1503 2620 1558 intellectu
2649 1503 3025 1573 investigante,
3048 1501 3102 1556 in
3129 1501 3481 1556 universitate
3504 1517 3634 1556 con-

2058 1593 2169 1647 dita
2219 1593 2288 1648 ad
2335 1592 2595 1662 liquidum
2642 1592 2940 1661 percipitur
2986 1600 3148 1666 atque
3190 1591 3531 1660 cognoscitur
3574 1591 3632 1645 in

2053 1682 2528 1738 substitutionibus
2576 1690 2804 1738 naturae
2845 1691 2902 1737 et
2941 1681 3363 1752 perfectionibus
3390 1682 3632 1751 gratiae,

2054 1789 2158 1830 non
2197 1775 2415 1830 aliunde
2461 1776 2563 1830 nisi
2610 1790 2640 1830 a
2683 1774 2845 1830 Patre
2881 1775 3141 1829 luminum
3177 1774 3438 1844 procedit.
3466 1773 3632 1829 Pater

2053 1873 2234 1920 autem
2270 1865 2532 1919 luminum
2560 1876 2644 1920 est
2670 1865 2830 1921 Pater
2865 1864 3150 1929 caelestis,
3183 1864 3363 1919 lumen
3391 1865 3628 1934 primum

2053 1964 2215 2025 atque
2240 1955 2514 2022 intimum,
2545 1971 2574 2009 a
2604 1971 2710 2026 quo
2737 1956 2914 2010 lumen
2941 1969 3151 2020 verum,
3178 1953 3412 2008 Verbum
3448 1969 3628 2018 suum,

2050 2063 2150 2117 per
2192 2047 2335 2117 quod
2379 2046 2520 2102 facta
2552 2055 2674 2101 sunt
2709 2046 2886 2101 omnia
2908 2086 2922 2111 ,
2952 2057 3006 2100 et
3036 2046 3078 2076 “
3106 2044 3159 2099 in
3183 2059 3290 2114 quo
3339 2043 3632 2098 substituta

2051 2143 2178 2189 sunt
2220 2136 2423 2203 omnia,
2453 2137 2761 2208 unigenitus
2795 2135 2963 2191 Filius
2991 2151 3121 2190 suus
3143 2134 3408 2198 nascitur,
3435 2149 3466 2188 a
3495 2149 3628 2202 quo,

2053 2225 2215 2280 Patre
2243 2214 2388 2290 dico,
2425 2225 2778 2281 coessentiale
2821 2227 2926 2282 sibi
2975 2225 3260 2295 Verboque
3305 2238 3401 2278 suo
3443 2223 3628 2278 lumen

2051 2320 2299 2390 procedit
2337 2319 2379 2350 “
2406 2318 2642 2390 Spiritus
2683 2329 2923 2385 sanctus,
2945 2319 3162 2390 spiritus
3200 2317 3376 2372 Patris
3401 2325 3454 2372 et
3479 2316 3631 2382 Filii,

2049 2408 2106 2464 in
2151 2425 2258 2479 quo
2306 2418 2362 2464 et
2401 2425 2499 2480 per
2538 2425 2699 2479 quem
2743 2410 3056 2466 donationes
3099 2410 3397 2478 gratiarum
3446 2407 3632 2462 distrio

2049 2499 2291 2557 buuntur
2325 2501 2378 2555 in
2409 2502 2609 2556 omnia.
2643 2501 2710 2556 Et
2740 2502 2873 2557 haec
2903 2510 2988 2557 est
3031 2502 3182 2556 trina.
3214 2500 3336 2564 lux,
3384 2507 3436 2554 et
3486 2498 3630 2552 trina

2046 2590 2282 2655 bonitas,
2324 2599 2433 2646 tres
2480 2591 2811 2646 substantiae
2852 2591 2906 2646 in
2955 2607 3062 2646 una
3091 2591 3357 2656 essentia,
3383 2589 3544 2644 Pater
3568 2595 3628 2642 et

2050 2676 2218 2734 Filius
2246 2689 2301 2732 et
2327 2677 2562 2748 Spiritus
2599 2687 2850 2744 sanctus,
2881 2695 3020 2735 unus
3060 2680 3222 2745 Deus,
3254 2693 3359 2733 una
3385 2677 3622 2743 bonitas,

2048 2784 2214 2823 unum
2239 2769 2418 2823 lumen
2445 2766 2693 2823 diffusum
2724 2769 2778 2823 in
2803 2762 3157 2839 omnia,quae
3184 2779 3328 2832 sunt,
3357 2779 3416 2823 ut
3435 2784 3622 2825 essen-

2050 2859 2250 2914 tialiter
2279 2861 2596 2926 subsistant,
2629 2859 2915 2930 splendens
2937 2861 2990 2914 in
3018 2861 3286 2926 omnibus,
3311 2877 3451 2930 quae
3475 2873 3626 2928 sunt,

2050 2961 2112 3005 ut
2140 2951 2192 3004 in
2215 2967 2452 3006 amorem
2475 2961 2530 3006 et
2563 2951 2941 3022 cogitationem
2974 2951 3388 3022 pulchritudinis
3418 2953 3462 2984 "
3494 2969 3629 3008 suae

371 3033 702 3098 differentia,
751 3033 1007 3102 optimam
1057 3032 1272 3102 quidem
1313 3032 1582 3088 dationem
1623 3034 1946 3090 universalis

2054 3052 2439 3099 convertantur
2456 3043 2655 3108 omnia,
2674 3044 3081 3113 supereminens
3099 3043 3298 3109 omnia,
3313 3058 3451 3114 quae
3475 3053 3630 3109 sunt,

370 3135 654 3181 creaturae
699 3123 1066 3179 substitutioni
1111 3122 1457 3187 distribuens,
1500 3123 1794 3194 perfectam
1821 3139 1947 3180 vero

377 3216 725 3270 donationem
751 3215 963 3268 divinae
979 3213 1186 3282 gratiae
1202 3211 1437 3279 largitati
1455 3228 1469 3276 ;
1488 3215 1740 3280 quoniam
1766 3228 1948 3281 omne,

376 3307 518 3376 quod
549 3313 652 3370 cst,
696 3304 906 3358 duobus
934 3303 1106 3357 modis
1134 3302 1370 3356 divinam
1418 3303 1708 3372 participat
1735 3303 1952 3358 bonita-

371 3405 499 3457 tem,
523 3409 749 3463 quorum
777 3393 982 3462 primus
1021 3392 1074 3445 in
1099 3391 1406 3446 conditione
1431 3400 1655 3446 naturae
1679 3401 1783 3457 est,
1815 3392 1952 3448 alter

376 3485 429 3538 in
456 3482 834 3538 distributione
864 3480 1069 3550 gratiae
1096 3481 1438 3550 perspicitur.
1475 3479 1618 3534 Nihil
1639 3481 1837 3551 quippe
1866 3489 1953 3536 est

373 3583 429 3637 in
485 3579 775 3635 universali
825 3586 1071 3632 creatura
1099 3615 1114 3642 ,
1163 3576 1308 3646 quod
1354 3576 1439 3631 bis
1493 3575 1698 3631 duobus
1745 3585 1948 3630 careat.

372 3673 630 3728 Subsistit
671 3671 816 3725 enim
853 3685 1034 3734 omne,
1085 3669 1227 3738 quod
1256 3677 1371 3732 est,
1405 3683 1466 3722 ac
1495 3667 1709 3722 divinae
1751 3667 1955 3737 gratiae

367 3765 522 3834 juxta
550 3761 959 3817 convenientem
989 3758 1090 3814 sibi
1121 3757 1421 3827 analogiam
1443 3757 1716 3827 particeps
1746 3765 1850 3811 est.
1883 3755 1953 3810 Et

377 3851 694 3916 notandum,
730 3849 871 3920 quod
898 3865 1002 3903 non
1026 3848 1344 3918 simpliciter
1370 3856 1453 3902 est
1482 3847 1683 3902 dictum
1714 3863 1726 3898 :
1763 3845 1947 3900 Omnis

376 3941 522 3994 datio
546 3941 740 4010 Optima
759 3948 804 3992 et
829 3955 977 3992 omne
997 3939 1190 3992 donum
1203 3936 1506 4008 perfectum.
1523 3935 1954 3991 Primordialiter

373 4033 573 4102 quippe
619 4031 673 4084 in
701 4030 986 4095 omnibus,
1028 4043 1166 4100 quae
1211 4037 1356 4094 sunt,
1402 4027 1678 4098 praecedit
1722 4028 1905 4083 datum
1931 4029 1951 4060 ⁷

373 4133 620 4188 naturale
643 4133 1020 4198 substitutum,
1043 4131 1127 4187 cui
1154 4131 1544 4201 subsequenter
1566 4131 1587 4162 ⁸
1613 4129 1958 4186 distribuitur

373 4231 644 4300 perfectae
667 4229 970 4286 donationis
990 4237 1357 4299 augmentum.
1379 4228 1449 4282 Et
1474 4235 1533 4282 ut
1557 4229 1698 4283 scias
1718 4228 1956 4283 dationis

2053 3146 2114 3190 ut
2141 3135 2488 3205 perfectionis
2531 3150 2660 3191 suae
2707 3136 3039 3205 plenitudine
3067 3135 3315 3190 fruantur
3337 3137 3539 3200 omnia,
3564 3145 3627 3191 et

2054 3225 2108 3280 in
2157 3227 2273 3296 ipso
2317 3225 2496 3280 omnia
2542 3242 2706 3280 unum
2739 3228 2865 3282 sint.
2896 3227 2940 3281 A
2974 3227 3136 3284 Patre
3160 3229 3341 3298 itaque
3363 3228 3628 3285 luminum

2061 3316 2242 3373 omnia
2269 3316 2470 3371 lumina
2503 3317 2854 3372 descendunt.
3266 3300 3270 3304 ’

2129 3407 2235 3462 Sed
2280 3407 2508 3462 fortasse
2535 3407 2658 3478 quis
2683 3407 2878 3462 dixerit
2905 3426 2917 3460 :
2947 3404 3225 3474 Quomodo
3262 3406 3461 3470 omnia,
3489 3422 3633 3476 quae

2059 3509 2205 3563 sunt,
2232 3498 2434 3553 lumina
2461 3499 2618 3553 sunt?
2645 3499 2902 3566 Quamvis
2932 3499 3075 3552 enim
3101 3498 3421 3552 universitas
3447 3513 3630 3553 rerum

2057 3589 2297 3662 omnium
2325 3589 2367 3620 “
2395 3604 2425 3642 a
2463 3588 2622 3642 Patre
2649 3605 2745 3659 per
2766 3589 2958 3644 Filium
2987 3597 3042 3643 et
3083 3588 3341 3658 Spiritum
3385 3598 3630 3644 sanctum

2058 3680 2269 3735 condita
2292 3679 2382 3743 sit,
2416 3678 2580 3734 Pater
2605 3680 2800 3750 quippe
2833 3679 2966 3746 vult,
2997 3678 3162 3734 Filius
3192 3679 3338 3744 facit,
3371 3695 3632 3750 coopera-

2057 3777 2146 3825 tur
2180 3769 2414 3839 Spiritus
2435 3779 2672 3835 sanctus,
2698 3771 2913 3840 proprie
2943 3779 3120 3824 tamen
3148 3778 3202 3824 et
3231 3770 3535 3840 specialiter
3561 3771 3633 3826 de

2059 3859 2510 3915 intellectualibus
2558 3868 2614 3914 et
2669 3861 3018 3914 rationalibus
3067 3861 3282 3914 condita
3341 3861 3542 3915 lumina
3598 3878 3628 3916 a

2057 3951 2218 4006 Patre
2256 3950 2518 4006 luminum
2566 3965 2664 4021 per
2708 3953 2945 4022 genitum
2991 3949 3170 4006 lumen
3217 3967 3420 4020 perque
3450 3952 3630 4005 lumen

2056 4042 2357 4113 procedens
2385 4049 2600 4112 oportet
2629 4041 2960 4110 praedicari,
2991 4049 3169 4096 cetera
3200 4057 3330 4096 vero
3362 4041 3480 4111 plus
3510 4041 3633 4095 illu-

2061 4132 2276 4196 minari,
2307 4147 2468 4200 quam
2500 4131 2702 4184 lumina
2729 4145 2866 4192 esse,
2899 4130 3162 4184 credenda
3186 4133 3338 4185 sunt!
3373 4130 3478 4186 Sed
3503 4131 3633 4186 huic

2059 4221 2302 4276 consulta
2355 4221 2562 4276 ratione
2611 4221 2765 4275 facile
2820 4235 3107 4290 possumus
3166 4222 3507 4290 respondere.
3561 4222 3634 4276 Et

371 4341 428 4386 et
446 4331 748 4386 donationis
769 4329 1262 4386 manifestissimam
1285 4328 1689 4414 discretionem,
1717 4328 1947 4396 intuere,
1977 4354 2032 4414 υ
2058 4313 2236 4415 Primo
2261 4313 2489 4415 flumel“
2513 4311 2798 4412 dicendum.
2819 4329 2834 4368 ³
2867 4312 3113 4415 δξῖξθιθξ
3143 4312 3404 4414 ¹υῐξ¹ίηι¹η¹
3445 4328 3541 4415 νεῖ
3567 4327 3631 4414 εξ

374 4431 518 4500 quod
551 4431 628 4486 ait
654 4449 667 4484 :
698 4431 882 4486 Omnis
903 4432 1048 4486 datio
1075 4433 1294 4502 optima,
1325 4431 1428 4487 hoc
1451 4439 1555 4498 est,
1595 4430 1772 4486 omnis
1795 4445 1949 4486 crea-

375 4543 526 4587 turae
572 4534 883 4588 substitutio
913 4535 1067 4589 valde
1112 4535 1288 4600 bona;
1333 4535 1476 4589 sicut
1515 4533 1777 4604 scriptum
1819 4540 1947 4588 est:

379 4652 397 4684 ‹
433 4633 501 4688 Ει
527 4633 661 4688 vidit
697 4633 874 4698 Deus,
903 4643 958 4688 et
984 4649 1111 4689 ecce
1138 4634 1318 4688 omnia
1356 4634 1494 4689 bona
1535 4633 1688 4690 valde
1725 4654 1772 4690 ι.
1799 4633 1948 4700 Quo-

373 4735 519 4788 niam
543 4749 670 4788 vero
691 4733 888 4788 nullius
903 4733 1210 4788 substitutio
1231 4732 1467 4804 perfecta
1483 4733 1572 4798 sit,
1589 4733 1692 4787 nisi
1713 4731 1780 4787 ad
1795 4731 1953 4788 Crea-

375 4843 546 4888 torem
578 4840 942 4897 convertatur,
975 4833 1218 4902 sequitur
1244 4849 1257 4885 :
1286 4841 1334 4885 et
1377 4847 1528 4885 omne
1554 4832 1750 4885 donum
1779 4831 1951 4901 perfe-

373 4945 533 4988 ctum.
559 4932 842 4989 Praecedit
860 4934 1041 5004 itaque
1052 4933 1256 5004 optima
1272 4941 1498 4987 naturae
1513 4932 1845 4997 substitutio,
1863 4929 1950 4986 cui

374 5037 441 5091 ad
470 5035 850 5108 perfectionem
879 5037 1095 5092 additur
1122 5037 1190 5092 ad
1206 5035 1518 5092 Creatorem
1547 5034 1851 5090 conversio.
1885 5035 1952 5088 Et

2057 4403 2234 4473 ipsum
2261 4399 2346 4454 lux
2378 4409 2480 4465 est,
2509 4415 2683 4470 nequc
2711 4402 2858 4454 enim
2897 4400 3059 4455 Pater
3100 4400 3359 4456 luminum
3389 4409 3552 4466 esset,
3580 4402 3629 4457 si

2054 4493 2108 4547 in
2135 4508 2194 4548 se
2227 4491 2341 4560 ipso
2369 4491 2462 4546 lux
2499 4505 2606 4546 non
2632 4491 2970 4557 subsisteret,
3000 4489 3206 4560 omnia,
3235 4505 3373 4560 quae
3399 4491 3546 4554 fecit,
3570 4491 3629 4545 in

2055 4583 2316 4652 sapientia
2347 4596 2442 4636 sua
2471 4580 2617 4645 fecit,
2652 4595 2791 4650 quae
2821 4590 2877 4637 et
2901 4582 3016 4652 ipsa
3041 4581 3131 4635 lux
3171 4582 3333 4646 est”,
3364 4580 3625 4650 quoniam

2054 4673 2424 4730 coessentialis
2467 4671 2614 4726 Patri
2667 4672 2931 4728 luminum
2972 4681 3056 4728 est
3099 4690 3113 4726 :
3160 4673 3421 4742 numquid
3468 4671 3630 4726 aliter

2055 4762 2472 4820 existimandum
2503 4762 2606 4816 nisi
2640 4769 2700 4816 ut
2732 4761 2774 4792 ¹⁶
2802 4763 2982 4816 omnia
3006 4801 3021 4827 ,
3045 4775 3184 4831 quae
3229 4760 3391 4816 Pater
3435 4760 3525 4814 lux
3569 4776 3628 4815 In

2050 4855 2333 4925 sapientia,
2357 4853 2694 4909 coessentiali
2721 4853 2823 4909 sibi
2847 4853 2967 4908 luce
2987 4853 3243 4919 condidit,
3269 4853 3469 4908 lumina
3491 4867 3628 4908 cou-

2053 4947 2161 5002 dita
2191 4946 2483 5002 credantur
2525 4953 2582 5000 et
2629 4945 3029 5016 intelligantur?
3073 4943 3235 4999 Pater
3275 4953 3454 4999 autem
3494 4959 3630 4998 suae

2053 5040 2348 5108 sapientiae
2380 5037 2543 5092 Pater
2569 5045 2668 5092 est.
2708 5037 2872 5107 Igitur
2907 5037 3181 5102 omnium,
3231 5052 3372 5106 quae
3426 5036 3477 5088 iu
3526 5051 3629 5090 sua

1645 5213 1898 5268 VAlllAE
1934 5210 2334 5269 LECTIONES.

448 5375 464 5403 ¹
495 5373 586 5427 Sic
633 5371 742 5425 AB.
816 5370 838 5401 ²
867 5369 910 5424 Β
939 5371 992 5424 in
1030 5386 1092 5424 ea
1114 5368 1492 5423 universaliter.

375 5442 594 5510 ubique.
669 5441 689 5470 ⁸
704 5441 742 5494 Β
758 5439 1127 5510 sitmultiplex.
1204 5439 1226 5469 ⁸
1243 5439 1330 5494 Sic
1344 5439 1387 5492 A
1418 5439 1478 5493 Β.

378 5577 569 5632 tamen.
649 5580 761 5632 "A
799 5580 838 5632 Β
884 5577 1268 5647 pulcritudinis,
1317 5580 1394 5634 sic
1441 5579 1657 5648 ubique.

1579 5367 2038 5422 ‘Bverumtamen.
2067 5365 2108 5419 C
2133 5375 2187 5418 ut
2217 5364 2570 5419 subsisterent.
2604 5379 2734 5417 vere.
2780 5364 2956 5418 etiam.

1566 5439 1585 5469 "
1605 5438 1645 5491 Β
1669 5439 1861 5492 donum
1884 5438 2086 5488 datum.

375 5507 536 5584 diale,
575 5511 829 5584 sicr‘fere‘
859 5507 1055 5584 ubique
1095 5511 1148 5584 in
1194 5520 1316 5584 ante
1348 5525 1430 5584 _m,
1469 5508 1637 5584 l__non
1686 5507 2041 5584 adsimilatur.

1739 5577 1783 5606 “
1818 5577 1856 5628 Β
1885 5577 2115 5628 omnium
2165 5589 2356 5626 rerum.

3044 5364 3066 5396 ⁸
3095 5364 3184 5418 ΑΒ
3216 5378 3528 5424 armantem,
3544 5363 3636 5418 sic

2182 5435 2205 5466 ⁸
2227 5435 2646 5490 B‘subsistenter.
2674 5433 2734 5486 Β·
2756 5436 3208 5489 corr.substituto.
3295 5432 3372 5485 ’A
3399 5433 3438 5486 Β
3459 5433 3633 5483 inme-

2133 5504 2174 5534 ¹⁰
2203 5519 2446 5564 corporeo
2491 5518 2601 5556 om.
2635 5503 2696 5560 Β.
2814 5495 2858 5526 ⁸⁸
2880 5515 2927 5557 et
2956 5521 3063 5559 om.
3094 5505 3152 5558 Β.
3258 5504 3300 5535 ¹¹
3327 5501 3368 5555 Β
3391 5502 3629 5564 procedit

2295 5524 2446 5570 porco
2491 5524 2601 5556 υΠΙο
2635 5524 2696 5560 ι).
2816 5524 2833 5526 _
2880 5524 2926 5557 ει
2956 5524 3063 5559 0m.
3094 5524 3152 5558 Ι).
3259 5524 3299 5535 ⁸’
3327 5524 3368 5555 Ι)
3391 5524 3594 5565 νΐυσεσιξ

2295 5589 2356 5626 νη.
2433 5573 2478 5604 ³⁸
2514 5582 2589 5627 est
2611 5593 2722 5636 om.
2784 5578 2842 5636 Β.
2935 5575 2978 5606 ⁸⁸
3015 5586 3067 5628 ut
3097 5590 3205 5631 om.
3239 5573 3298 5627 Β.
3392 5567 3401 5580 ’
