3952 6156
320 264 433 322 {29

1191 272 1414 329 SUPER
1449 259 1869 329 lEllARClllAM
1910 260 2319 329 CAELESTE.“
2360 267 2416 323 S.
2459 268 2772 327 DlONYSll.

3477 280 3578 337 150

321 384 597 451 sapientia
620 380 778 448 fecit,
808 382 922 453 ipse
964 382 1125 437 Pater
1152 398 1272 439 esse
1299 399 1519 440 necesse
1547 385 1652 448 est,
1685 385 1893 439 scilicet
1922 387 1968 445 Α
2064 380 2292 436 Pulchre
2313 381 2475 451 igitur
2488 381 2765 452 theologus
2786 381 2950 435 Deun
2968 381 3180 437 Patrem
3200 382 3464 440 luminum
3481 398 3577 453 pa-

329 473 574 530 Patrem.
604 473 757 540 Quod
787 474 949 527 etiam
980 474 1093 543 ipse
1130 476 1386 529 Dominus
1410 476 1687 530 evidenter
1712 477 1906 528 astruit

330 565 560 619 dicens:
600 582 619 614 ι
669 548 947 618 Conﬁteor
994 564 1130 629 tibi,
1187 565 1410 620 Domine
1466 565 1626 619 Pater
1672 564 1803 619 caeli
1852 572 1907 618 et

328 662 517 707 terrae
548 673 592 706 ι.
622 654 718 707 Est
745 664 798 707 et
826 655 932 707 alia
961 656 1128 719 ratio,
1175 672 1314 725 quae
1361 656 1657 711 luculenter
1697 658 1902 720 edocet,

324 744 551 797 omnino
587 732 1198 799 creaturam'visihilcm
1246 755 1300 800 et
1354 746 1676 801 invisibilem
1724 747 1902 800 lumen

327 849 453 886 esse
498 833 772 887 conditum
819 849 848 886 a
902 834 1060 889 Patre
1106 835 1390 888 luminum.
1425 835 1481 889 Si
1511 836 1654 889 enim
1695 850 1904 891 summa

326 924 566 987 bonitas,
588 939 725 992 quae
748 924 889 977 Deus
907 934 1009 988 est,
1031 928 1232 990 omnia,
1250 942 1388 995 quae
1408 927 1597 990 voluit,
1620 937 1904 998 propterea

328 1010 480 1072 fecit,
527 1021 606 1076 ut,
655 1013 911 1079 quoniam
942 1028 1039 1082 per
1072 1014 1300 1084 seipsam
1331 1015 1612 1070 invisibilis
1650 1025 1706 1069 et
1752 1017 1902 1071 inac-

329 1103 598 1157 cessibilis
650 1101 739 1156 lux
772 1111 878 1166 est,
935 1118 1146 1175 omnem
1197 1120 1413 1159 sensum
1472 1114 1522 1159 et
1574 1105 1905 1177 intellectum

323 1207 623 1260 superans,
652 1207 747 1261 per
774 1207 860 1256 ea,
892 1208 1029 1262 quae
1075 1194 1142 1247 ab
1178 1195 1288 1263 ipsa
1314 1195 1329 1225 ¹
1372 1194 1509 1249 facta
1553 1205 1696 1257 sunt,
1741 1196 1905 1250 veluti

317 1296 421 1351 per
439 1282 700 1349 quasdam
727 1281 1163 1336 lucubrationes'
1181 1284 1232 1336 in
1258 1284 1502 1337 notitiam
1529 1283 1905 1339 intellectualis

323 1380 382 1425 et
405 1373 688 1427 rationalis
709 1383 994 1429 creaturae
1016 1376 1188 1445 possit
1211 1376 1555 1439 descendere,
1578 1379 1718 1445 quod
1740 1377 1903 1431 etiam

318 1461 611 1529 Apostolus
656 1464 881 1529 edocet,
928 1466 1005 1518 ait
1045 1466 1188 1519 enim
1229 1483 1243 1519 :
1300 1484 1319 1515 ι
1363 1465 1654 1520 Invisibilia
1700 1465 1818 1532 ejus
1873 1481 1902 1520 a

323 1563 583 1607 creatura
613 1555 798 1608 mundi
822 1570 921 1623 per
953 1570 1038 1620 ea,
1086 1572 1224 1625 quae
1265 1556 1407 1611 facta
1452 1565 1606 1620 sunt,
1637 1556 1903 1611 intellecta

319 1645 735 1712 conspiciuntur
769 1666 788 1698 ι
827 1661 842 1697 :
876 1647 1003 1715 quid
1032 1647 1248 1711 mirum,
1276 1647 1320 1702 si
1363 1663 1544 1712 omne,
1574 1647 1714 1716 quod
1759 1648 1906 1701 inac-

2008 480 2143 523 trem
2161 469 2410 537 appellat,
2430 471 2680 539 quoniam
2706 470 2773 523 ab
2789 470 2903 539 ipso
2925 479 3049 525 sunt
3071 473 3273 535 omnia,
3298 474 3350 526 in
3371 472 3566 543 quibus

2008 568 2061 613 ct
2085 575 2179 627 per
2208 573 2344 627 quae
2358 560 2604 613 omnibus
2622 575 2678 613 se
2703 559 3031 624 manifestat,
3054 570 3108 616 et
3125 563 3305 618 inlucc
3330 578 3459 617 suae
3484 576 3573 617 sa-

2006 652 2240 719 pientiae
2260 651 2475 703 luminis
2487 650 2786 704 conformia
2803 650 3024 705 unil‘lcat
3038 651 3251 706 etfacit.
3271 653 3464 707 Beatus
3478 670 3572 707 au-

2010 747 2113 793 tem
2135 740 2421 806 Dionysius
2435 741 2636 792 Athena
2646 756 2760 793 rum
2782 742 3066 809 episc0pus
3081 742 3146 794 de
3160 742 3372 795 caelesti
3399 743 3569 797 ierar-

2005 829 2144 891 cbia,
2162 829 2265 882 hoc
2282 836 2383 893 est,
2413 828 2481 882 de
2498 829 2713 882 caelesti
2739 832 3044 897 episcopatu
3074 830 3569 898 supermundalium

2009 918 2287 983 virtutum,
2306 918 2358 971 in
2370 918 2564 986 quibus
2592 919 2823 972 maxime
2845 929 2900 973 et
2947 920 3312 989 principaliter
3325 920 3571 991 postpri-

2007 1010 2297 1064 mordiales
2317 1024 2504 1063 causas
2537 1020 2689 1078 pater
2718 1010 2974 1063 luminum
3001 1011 3122 1065 data
3150 1026 3244 1065 sua
3271 1014 3472 1081 optima
3516 1021 3572 1066 et

2006 1099 2144 1152 dona
2177 1114 2270 1152 sua
2292 1097 2525 1167 perfecta
2547 1107 2601 1152 et
2627 1098 2947 1166 multiplicat
2971 1099 3022 1151 in
3048 1098 3337 1160 inﬁnitum,
3366 1100 3492 1153 etin
3516 1114 3575 1155 se

2008 1189 2179 1257 ipsum
2199 1196 2410 1242 revocat
2430 1188 2481 1241 iu
2504 1204 2691 1251 unum,
2715 1188 2896 1243 volens
2919 1189 3153 1243 scribere
3170 1189 3408 1257 praefata
3426 1192 3574 1244 theo-

2008 1276 2200 1347 logica,
2219 1278 2476 1330 theoriam
2491 1292 2645 1331 orsus
2658 1286 2760 1342 est,
2792 1282 2951 1345 Quam
2977 1277 3368 1346 subsequenter
3387 1279 3573 1349 expla-

2007 1375 2121 1430 nat,
2147 1367 2365 1421 diceus:
2393 1364 2498 1420 Sed
2518 1379 2565 1419 et
2592 1368 2758 1420 omnis
2787 1364 2949 1420 Patre
2974 1377 3112 1420 moto
3140 1368 3575 1436 manifestntiouis

2003 1457 2263 1512 luminum
2288 1457 2569 1525 processio,
2609 1458 2662 1509 in
2691 1474 2784 1510 nos
2807 1459 2995 1526 optime
3011 1474 3073 1510 ac
3088 1457 3233 1527 large
3253 1461 3575 1525 proveniens.

2006 1552 2193 1603 iterum
2207 1559 2261 1603 ut
2287 1550 2482 1617 uni/ica
2504 1551 2664 1603 virtus
2694 1566 2787 1604 nos
2819 1549 2996 1619 replet,
3026 1562 3072 1603 et
3089 1551 3335 1604 convertit
3361 1550 3428 1603 ad
3449 1562 3565 1603 con-

2006 1642 2266 1710 gregantis
2284 1638 2461 1693 Patris
2483 1641 2522 1671 ¹¹
2554 1640 2803 1695 unitatem
2831 1652 2879 1695 et
2909 1643 3147 1711 deiﬁcum
3169 1642 3571 1711 simplicitatem.

327 1734 638 1788 cessibilem
687 1735 858 1789 lucem
906 1736 1135 1804 quodam
1187 1737 1346 1791 modo
1375 1738 1419 1801 ³,
1464 1746 1523 1791 ιιι
1569 1737 1903 1795 accessibilis
1933 1748 1977 1805 Β
2004 1731 2265 1798 Quoniam
2296 1732 2509 1785 beatum
2544 1731 2799 1787 Jacohum
2835 1734 2902 1789 de
2931 1735 3272 1803 processione
3314 1744 3366 1789 et
3396 1734 3573 1787 multi-

318 1825 414 1887 sit,
443 1825 597 1893 puris
624 1825 990 1881 intellectibus
1017 1828 1345 1892 introducit,
1378 1828 1557 1882 lumen
1590 1828 1900 1883 illuminans

319 1913 556 1975 animus,
575 1916 703 1969 etin
725 1916 1083 1986 cognitionem
1105 1918 1378 1973 Creatoris
1401 1919 1480 1971 sui
1505 1932 1596 1971 eos
1620 1933 1897 1979 revocans,

317 2003 467 2057 nulla
501 2005 710 2059 ratione
729 2006 976 2061 obstante
993 2007 1351 2077 intelligatur?
1384 2008 1541 2062 Verbi
1562 2008 1760 2076 gratia,
1790 2024 1856 2061 ex
1880 2005 1903 2038 ⁸

318 2093 531 2147 intimis
546 2104 772 2150 naturae
794 2096 1072 2151 ordinibus
1091 2097 1399 2167 paradigma
1424 2112 1718 2152 sumamus.
1743 2096 1904 2166 Lapis

322 2185 427 2239 iste
462 2185 539 2239 vel
566 2186 668 2240 hoc
696 2185 900 2257 lignum
933 2188 1062 2241 mihi
1083 2188 1104 2219 ⁸
1133 2188 1311 2241 lumen
1337 2195 1459 2250 est;
1490 2196 1545 2241 ct.
1579 2186 1623 2239 si
1664 2186 1901 2256 quaeris,

317 2277 621 2344 quomodo,
648 2279 787 2332 ratio
833 2293 921 2331 me
959 2278 1207 2334 admonet
1236 2277 1276 2340 ⁵,
1312 2285 1369 2330 ιιι
1404 2276 1495 2330 tibi
1526 2277 1899 2344 respondeam,

320 2364 473 2420 hunc
519 2364 607 2420 vel
650 2365 797 2420 hunc
842 2366 1077 2436 lapidem
1119 2366 1528 2421 consideranti"
1561 2365 1726 2419 multa
1771 2364 1903 2419 mihi

325 2462 660 2519 occurrunt,
710 2470 847 2524 quae
892 2456 1129 2509 animum
1166 2471 1344 2510 meum
1392 2455 1713 2509 illuminant.
1766 2453 1902 2507 Eum

322 2545 528 2617 quippe
554 2547 924 2602 animadverto
951 2548 1241 2602 subsistere
1266 2548 1469 2602 bonum
1502 2556 1556 2602 et
1595 2546 1902 2616 pulchrum,

318 2639 623 2693 secundum
642 2641 913 2709 propriam
932 2639 1227 2710 analogiam
1248 2655 1388 2705 esse,
1407 2655 1603 2711 genere
1621 2638 1904 2708 specieque

321 2742 422 2796 per
462 2726 823 2782 diﬂereutiam
854 2745 884 2782 a
912 2730 1106 2783 ceteris
1134 2744 1318 2784 rerum
1351 2729 1639 2800 generibus
1677 2737 1733 2783 et
1776 2742 1903 2797 spe-

317 2818 510 2872 ciebus
532 2819 831 2888 segregari,
854 2834 1078 2874 numero
1100 2834 1220 2885 suo,
1244 2837 1352 2891 quo
1379 2836 1539 2875 unum
1564 2819 1763 2887 aliquid
1785 2818 1900 2884 iit',

318 2910 617 2973 contineri,
646 2909 891 2964 ordinem
925 2926 1080 2965 suum
1106 2926 1211 2966 non
1240 2912 1519 2975 excedere,
1540 2910 1713 2966 locum
1744 2924 1901 2964 suum

309 2999 468 3068 juxta
486 3000 568 3053 sui
593 3000 846 3069 ponderis
870 3001 1183 3070 qualitatem
1208 3012 1413 3073 petere.
1437 3002 1580 3057 Haec
1602 3003 1900 3071 horumque

2003 1822 2293 1893 plicatione
2335 1822 2638 1877 divinorum
2667 1824 2928 1877 luminum
2956 1839 3053 1894 per
3086 1824 3210 1878 data
3262 1835 3490 1880 naturae
3517 1837 3571 1879 et

2003 1913 2140 1965 dona
2170 1912 2375 1983 gratiae
2407 1911 2739 1968 solummodo
2775 1913 2992 1968 videbat
3012 1915 3232 1981 dixisse,
3264 1915 3330 1969 de
3365 1917 3555 1968 aduna-

2005 2004 2149 2056 tione
2182 2017 2307 2056 vero
2332 2018 2541 2067 eorum,
2601 2004 2762 2073 inque
2811 2003 3013 2061 fontem
3039 2020 3197 2060 suum
3236 2005 3578 2060 restitutione

2004 2083 2241 2151 siluisse,
2271 2087 2467 2141 merito
2514 2089 2652 2142 hanc
2696 2091 3023 2144 sententiam
3077 2091 3375 2145 subnectit.
3409 2092 3483 2144 Ac
3528 2095 3573 2146 si

2005 2174 2212 2241 diceret
2243 2193 2260 2233 :
2292 2179 2410 2233 Non
2442 2181 2614 2234 solum
2643 2182 2765 2235 data
2794 2190 2849 2236 et
2880 2184 3021 2237 dona
3047 2183 3255 2246 divina,
3288 2199 3426 2251 quae
3454 2198 3576 2254 post.

2003 2269 2271 2336 angelieas
2315 2272 2648 2327 substantias
2697 2274 3034 2328 inhumanis
3087 2275 3361 2328 mentibus
3398 2276 3577 2330 adhuc.

2004 2360 2215 2413 mortali
2239 2376 2401 2417 carne
2424 2364 2657 2431 gravatis
2679 2367 2913 2419 maxime
2946 2366 3105 2430 fiunt,
3134 2367 3422 2422 desursum
3448 2379 3577 2423 sunt

2004 2467 2032 2504 a
2058 2460 2212 2520 patre
2242 2453 2508 2508 luminum
2531 2457 2945 2522 descendentia,
2976 2475 3167 2513 verum
3196 2462 3360 2513 etiam
3393 2464 3579 2514 omnis

2001 2541 2277 2609 processio
2307 2541 2524 2596 divinae
2560 2544 3000 2608 illuminationis.
3034 2564 3171 2618 quae
3197 2549 3457 2604 ineffabili
3484 2566 3580 2619 pa—

2002 2637 2157 2682 terno
2181 2639 2327 2685 motu
2356 2632 2407 2685 in
2440 2649 2539 2687 nos
2560 2635 2937 2704 copiosissime
2958 2646 3013 2692 et
3044 2638 3419 2706 multipliciter
3442 2655 3570 2707 pro-

2002 2723 2170 2783 venit,
2209 2723 2406 2777 iterum
2444 2724 2556 2792 ipsa
2596 2740 2986 2798 congruenter,
3011 2730 3139 2784 dum
3175 2732 3247 2784 sit
3275 2732 3448 2784 virtus
3478 2749 3578 2786 nos

2003 2816 2270 2868 uniticans
2300 2829 2463 2886 atque
2494 2819 2815 2886 restituens,
2843 2836 2938 2874 sua
2967 2824 3137 2891 gratia
3163 2824 3350 2892 implet
3370 2834 3424 2878 et
3445 2841 3577 2880 con-

2003 2906 2163 2959 vertit
2190 2907 2256 2959 ad
2290 2908 2467 2976 ipsum
2511 2909 2745 2978 Patrem,
2791 2914 2883 2980 qui
2912 2914 2977 2966 ad
3013 2929 3073 2966 se
3100 2927 3409 2983 congregat,
3436 2932 3577 2984 quae

2001 3014 2033 3054 a
2062 3015 2120 3053 se
2157 3002 2481 3069 procedunt,
2507 3011 2563 3057 et
2590 3004 2645 3057 in
2673 3019 2733 3058 se
2765 3004 2990 3058 unilicat
3019 3004 3254 3066 diversa,
3275 3016 3331 3059 et
3362 3007 3578 3061 deiticat

316 3089 519 3143 similia
540 3092 669 3145 dum
708 3092 762 3145 in
805 3092 907 3146 hoc
935 3092 1110 3161 lapide
1139 3108 1326 3157 cerno,
1355 3093 1555 3148 lumina
1587 3094 1713 3147 mihi
1737 3092 1891 3156 (lunt,
1925 3078 2105 3152 C‘sibi
2130 3093 2452 3154 conformia,
2476 3102 2531 3147 ct
2552 3094 2821 3161 simplicat
2849 3097 2889 3126 "
2916 3096 3078 3149 veluti
3116 3095 3166 3148 in
3193 3094 3454 3149 inﬁnitam
3477 3110 3578 3147 uu-

318 3180 427 3234 boc
452 3188 560 3244 est,
585 3196 674 3235 me
700 3180 1023 3237 illuminant.
1052 3182 1300 3255 Cogitare
1334 3184 1475 3238 enim
1518 3184 1738 3253 incipio,
1763 3184 1904 3237 unde

318 3268 374 3323 ei
404 3268 532 3323 talia
562 3279 709 3333 sunt,
744 3283 799 3325 et
824 3271 1060 3339 intueor,
1082 3275 1222 3342 quod
1248 3272 1445 3327 nullius
1488 3282 1770 3327 creaturae
1790 3273 1903 3327 sive

314 3361 552 3417 visibilis
569 3362 685 3417 sive
705 3364 996 3420 invisibilis
1010 3366 1424 3436 participatione
1438 3365 1757 3420 naturaliter
1771 3368 1903 3421 haec

316 3449 377 3508 ei
392 3452 598 3517 insunt,
613 3468 680 3508 ac
698 3470 821 3508 mox
846 3457 1055 3511 ratione
1078 3458 1212 3512 duce
1232 3472 1393 3527 super
1411 3457 1589 3511 omnia
1609 3457 1659 3510 in
1684 3473 1901 3512 causam

318 3543 565 3597 omnium
592 3545 925 3613 introducor,
942 3563 1006 3602 ex
1022 3563 1124 3616 qua
1138 3549 1384 3603 omnibus
1401 3549 1549 3603 locus
1562 3557 1617 3603 et
1636 3548 1787 3611 ordo,
1806 3565 1905 3602 nu-

318 3646 509 3686 merus
529 3642 584 3686 et
606 3636 815 3702 species
840 3651 1128 3706 genusque,
1158 3638 1369 3693 bonitas
1385 3646 1439 3692 et
1462 3636 1905 3707 pulchritudo’et

322 3723 593 3787 essentia,
625 3734 915 3794 ceteraque
958 3727 1082 3780 data
1112 3737 1165 3782 et
1203 3728 1341 3781 dona
1371 3728 1783 3783 distribuuntur.
1818 3728 1905 3783 Si-

320 3814 529 3871 militer
553 3818 623 3873 de
647 3820 794 3872 omni
824 3828 1091 3883 creatura,
1116 3835 1144 3873 a
1172 3834 1382 3873 summo
1405 3820 1449 3851 ¹⁰
1475 3835 1645 3889 usque
1666 3820 1733 3873 ad
1757 3819 1907 3874 deor-

323 3921 478 3970 sum,
519 3908 619 3962 boc
658 3917 765 3974 est,
794 3911 863 3965 ab
891 3910 1237 3965 intellectuali
1276 3925 1443 3980 usque
1474 3910 1542 3964 ad
1584 3925 1802 3979 corpus,
1835 3910 1901 3963 ad

321 3997 539 4053 laudem
568 3999 845 4055 Creatoris
882 4001 1238 4055 referentibus
1274 4015 1393 4054 eam
1437 4008 1492 4053 et
1540 4015 1597 4054 se
1640 4002 1818 4070 ipsos,
1850 4007 1907 4054 ct

325 4084 497 4140 Deum
544 4104 699 4142 suum
742 4091 978 4144 studiose
1006 4090 1409 4158 quaerentibus,
1440 4096 1496 4143 et
1534 4089 1587 4142 in
1628 4090 1902 4153 omnibus,

324 4190 469 4243 quae
498 4189 643 4243 sunt,
670 4196 793 4234 eum
824 4181 1065 4234 invenire
1088 4181 1418 4243 ardentibus,
1443 4189 1497 4235 et
1523 4196 1683 4251 super
1700 4182 1900 4243 omnia,

325 4280 471 4334 quae
497 4278 640 4331 sunt,
666 4285 789 4324 eum
822 4269 1039 4325 laudare
1066 4271 1407 4342 diligentibus
1427 4272 1515 4326 lux
1542 4272 1903 4342 introductiva

321 4369 440 4424 est,
467 4362 579 4416 suis
603 4364 905 4419 rationibus
926 4367 1284 4421 consideratis
1304 4408 1319 4434 ,
1349 4368 1657 4438 liquidoque
1707 4368 1903 4422 mentis

2000 3184 2370 3239 merositatem
2428 3186 2813 3254 multiplicata.
2855 3186 2971 3251 Qua
3032 3186 3074 3215 ”
3133 3196 3312 3238 autem
3364 3186 3575 3238 ralimte.

2000 3278 2419 3345 πατροκίνητος,
2448 3278 2500 3331 id
2527 3287 2628 3341 est,
2650 3289 2804 3346 pater
2822 3288 3000 3331 motus
3025 3294 3051 3329 a
3084 3274 3308 3331 Graecis
3335 3278 3571 3336 dicatur,

2004 3382 2115 3421 non
2139 3368 2437 3438 incongrue
2459 3374 2760 3436 quaeritur.
2783 3369 3070 3435 Quomodo
3090 3370 3234 3423 enim
3261 3368 3577 3422 immutabi-

2002 3457 2075 3513 lis
2114 3471 2383 3524 movetur,
2403 3462 2486 3516 vel
2514 3478 2544 3514 a
2574 3476 2682 3531 quo
2702 3472 2973 3528 movetur,
2995 3462 3078 3516 vel
3110 3462 3164 3515 in
3194 3461 3323 3530 quid
3358 3458 3401 3491 ³⁵
3426 3470 3479 3513 et
3506 3465 3572 3513 ad

2006 3552 2136 3621 quid
2158 3562 2427 3616 movetur,
2459 3570 2566 3608 non
2587 3554 2930 3609 infructuose
2946 3572 2973 3607 a
2991 3554 3333 3622 sapientibus
3352 3550 3578 3606 investi-

2005 3650 2182 3712 gatur.
2208 3642 2386 3697 Movet
2412 3644 2580 3712 igitur
2610 3646 2849 3712 seipsum
2878 3660 2985 3697 non
3013 3644 3278 3707 localiter,
3308 3657 3415 3697 non
3439 3649 3577 3695 tem-

2003 3735 2287 3803 poraliter,
2303 3735 2399 3789 sed
2421 3737 2460 3767 “
2483 3751 2543 3789 su
2554 3737 3023 3804 peressentialiter
3046 3752 3212 3805 super
3228 3735 3343 3789 loca
3362 3743 3417 3788 et
3440 3743 3576 3787 tem-

2003 3839 2136 3894 pora
2165 3835 2412 3881 movetur
2437 3840 2464 3877 a
2496 3827 2699 3895 seipso.
2728 3825 2887 3880 Nulla
2920 3826 3188 3893 siquidem
3218 3840 3380 3880 causa
3411 3840 3573 3893 prae-

2003 3907 2168 3971 cedit,
2195 3920 2336 3975 quae
2374 3906 2548 3976 ipsum
2591 3916 2821 3972 moveat,
2847 3922 2969 3961 cum
3015 3906 3086 3985 sit
3106 3906 3219 3977 ipse
3245 3906 3416 3976 prima
3447 3922 3579 3961 uua-

2003 4014 2108 4069 que
2133 4014 2297 4053 causa
2312 3998 2552 4053 omnium
2578 4006 2841 4052 motuum.
2870 3997 2986 4068 Ipse
3006 4006 3088 4051 est
3109 4007 3286 4053 motus
3308 4006 3361 4051 et
3381 4006 3578 4053 status.

2004 4103 2183 4147 motus
2209 4092 2414 4147 stabilis
2437 4100 2493 4146 et
2530 4100 2701 4145 status
2737 4089 2968 4145 mobilis.
2987 4090 3103 4156 Quo
3121 4099 3460 4160 argumento,
3491 4091 3578 4141 dic.

2004 4201 2226 4253 quaeso,
2273 4185 2537 4254 approbas
2588 4183 2917 4239 immobilem
2968 4182 3180 4237 Patrem
3212 4182 3449 4235 moveri?
3501 4182 3577 4234 Es

2006 4278 2223 4331 nomine
2252 4282 2621 4347 argumentor.
2652 4275 2709 4329 Si
2761 4276 2977 4345 quaeris
3016 4288 3209 4329 nomen
3241 4272 3391 4337 illud,
3425 4273 3571 4324 audi.

2004 4364 2061 4418 lu
2091 4374 2314 4434 utraque
2343 4365 2545 4433 lingua,
2575 4379 2768 4435 graeca
2799 4364 3049 4418 videlicet
3074 4362 3365 4430 latinaque,
3417 4360 3579 4417 Pater

324 4452 568 4505 contuitu
599 4455 921 4524 perspicuis.
951 4455 1086 4511 ilinc
1107 4448 1205 4518 εει,
1231 4457 1373 4525 quod
1400 4459 1716 4514 universalis
1738 4459 1897 4530 hujus
1927 4453 1975 4512 D
2001 4464 2255 4521 vocatur;
2277 4464 2329 4507 ct
2350 4469 2540 4524 graece
2555 4456 2766 4523 quidem
2790 4454 3129 4522 componitur
3141 4457 3331 4529 πατάρ,
3348 4454 3449 4507 hoc
3469 4465 3583 4509 est.

324 4541 512 4594 mundi
530 4541 732 4597 fabrica
756 4545 1239 4600 maximumlumen
1264 4547 1345 4612 lit,
1367 4562 1432 4601 ex
1456 4549 1636 4603 multis
1656 4549 1898 4617 partibus

327 4629 493 4684 veluti
521 4648 585 4686 ex
618 4635 799 4689 multis
830 4635 1065 4692 lucernis
1100 4647 1462 4707 compactum,
1494 4640 1559 4694 ad
1590 4641 1897 4711 intelligibi-

328 4719 461 4774 lium
491 4737 668 4778 rerum
700 4741 865 4794 puras
895 4728 1102 4796 species
1129 4729 1444 4784 revelandas
1473 4737 1527 4785 et
1566 4732 1898 4786 contuendas

331 4812 528 4865 utentis
564 4814 708 4877 acie,
750 4816 932 4869 divina
970 4818 1139 4886 gratia
1175 4827 1229 4872 et
1275 4820 1499 4874 rationis
1526 4835 1626 4889 ope
1654 4821 1705 4873 in
1736 4822 1897 4876 corde

330 4899 567 4955 ﬁdelium
593 4905 894 4974 sapientum
927 4909 1366 4977 cooperantibus.

2005 4549 2174 4603 πάντα
2196 4553 2361 4617 τηρῶν
2385 4544 2448 4610 ¹⁶,
2475 4545 2523 4598 id
2545 4554 2647 4609 est,
2679 4545 2857 4600 omnia
2888 4559 3126 4599 servans.
3160 4544 3275 4597 Non
3310 4544 3349 4574 "
3380 4544 3475 4597 tibi
3500 4544 3577 4595 vi-

1996 4638 2166 4703 .detur
2216 4648 2362 4690 recte
2390 4636 2610 4699 moveri,
2670 4644 2728 4689 ut
2754 4635 3023 4689 custodiat
3048 4634 3248 4695 omnia,
3274 4633 3365 4703 qui
3394 4642 3577 4688 servat

2004 4734 2061 4779 et
2088 4724 2258 4779 salvat
2282 4726 2481 4784 omnia.
2535 4739 2674 4793 quae
2722 4725 2777 4778 in
2804 4723 3080 4795 unigenito
3106 4737 3203 4777 suo
3250 4721 3409 4776 fecit?
3433 4721 3568 4775 Audi

2004 4816 2166 4870 etiam
2200 4815 2365 4871 illud:
2399 4815 2555 4871 Pater
2580 4827 2635 4870 et
2660 4815 2801 4870 Deus
2828 4824 3069 4879 vocatur,
3099 4815 3200 4869 hoc
3218 4822 3319 4877 est,
3354 4812 3479 4873 Θεόδ-
3509 4811 3572 4870 ⁸⁸.

2005 4920 2252 4970 currens,
2302 4920 2494 4960 nomen
2543 4921 2573 4958 a
2606 4905 2768 4960 verbo
2816 4907 2910 4960 θέω
2936 4904 3003 4971 ¹⁹,
3048 4907 3193 4974 quod
3223 4904 3362 4959 idem
3392 4916 3573 4963 curro,

1595 5111 1797 5164 VARM
1810 5113 1847 5164 Ε
1886 5111 2283 5168 LECTIONES.

408 5262 426 5293 ³
446 5264 583 5315 Aea.
610 5264 632 5293 ¹
648 5261 736 5314 ΑΒ
782 5264 1193 5319 tuaubrnltoncs.

1268 5266 1289 5297 ³
1317 5266 1357 5318 Δ
1384 5266 1783 5335 quodammodo.

333 5332 413 5386 sic
440 5333 651 5400 ubique.

727 5331 767 5404 ‘_
782 5320 867 5384 ΑΒ
904 5345 1191 5404 ammonet,
1217 5337 1295 5390 sic
1318 5320 1531 5404 ubique.

335 5401 570 5453 claritudo
597 5416 708 5453 om.
733 5400 795 5453 Β.
900 5402 944 5432 ¹⁶
974 5401 1014 5454 Β
1036 5420 1263 5458 assumo.

333 5471 510 5523 adscr.
559 5468 633 5523 De
659 5481 807 5522 motu
835 5473 1018 5541 putris.
1104 5474 1172 5541 7"
1208 5472 1299 5528 Sic
1336 5474 1441 5535 BC,
1471 5478 1513 5528 Λ
1566 5474 1747 5541 inquit.

339 5554 414 5598 est
434 5549 761 5608 pantateron.
868 5540 909 5571 "
946 5541 1034 5609 ᾼΟ
1062 5540 1226 5596 Nam.

342 5617 410 5685 (Β
431 5618 545 5684 deo}
572 5626 605 5663 α
632 5622 805 5665 veroo.

781 5703 1050 5761 Ριτιιοι.
1094 5703 1350 5763 CXXII.

1860 5265 1882 5293 ⁸
1908 5265 1949 5318 Β
1975 5276 2027 5317 ut
2046 5271 2108 5318 ab
2133 5278 2197 5334 ex
2226 5264 2430 5332 (punct.
2460 5264 2681 5328 indicat,
2712 5281 2776 5319 ea:
2796 5267 3079 5320 delcuuum
3105 5265 3268 5323 esse).

1617 5336 1635 5366 ⁷
1668 5336 1817 5389 (Zorr.
1847 5333 1929 5398 B‘,
1955 5334 2043 5388 AB
2092 5333 2444 5391 considerans.

1369 5406 1406 5435 ¹¹
1450 5404 1629 5457 Putris
1659 5420 1763 5457 om.
1798 5403 2117 5474 ABLmarg.
2152 5407 2328 5459 adscr.
2371 5404 2433 5457 lt‘

1830 5473 1876 5504 ³⁸
1914 5473 1957 5544 Β
1993 5473 2086 5537 set,
2110 5478 2187 5530 sic
2221 5474 2333 5544 fere
2379 5476 2592 5544 ubique.

1303 5544 1346 5574 ’⁸
1390 5545 1445 5596 B'
1497 5558 1667 5614 marg.
1699 5544 1874 5597 adscr.
1917 5543 2080 5598 theos.

3346 5265 3368 5295 ⁸
3392 5263 3569 5324 michi,

2535 5335 2556 5365 ⁸
2580 5335 2621 5387 Β
2642 5337 2726 5387 sit.
2821 5336 2845 5366 ’
2867 5352 2929 5389 ex.
2959 5351 3059 5401 qua
3101 5334 3338 5386 omnibus
3365 5358 3437 5370 —-
3458 5335 3574 5397 pul—

2547 5405 2589 5435 ”
2628 5403 2715 5458 AC
2768 5404 3079 5473 simpli/ient.
3204 5402 3246 5432 ¹³
3289 5400 3345 5453 B‘
3385 5416 3570 5473 ‘marg.

2696 5474 2739 5505 ¹⁶
2779 5474 2839 5527 Β·
2866 5470 3053 5541 ’πίω-ε.
3083 5474 3259 5541 adscr.
3289 5487 3353 5536 pa
3379 5470 3446 5531 ir,
3479 5471 3574 5522 hoc

2182 5545 2222 5577 "
2262 5543 2352 5599 Sic
2377 5540 2504 5599 CB“
2538 5544 2619 5599 (8‘
2653 5545 2771 5598 theo
2802 5557 2899 5612 pro
2926 5540 3073 5611 6i»);
3132 5540 3221 5594 ΑΒ
3258 5556 3441 5593 nomen
3480 5541 3575 5595 θάω

3146 5705 3184 5767 5
