3920 6154
251 205 346 263 153
1071 195 1294 252 SUPER
1335 195 1763 251 lEiiAltCillAM
1804 191 2219 276 CAELESTEM
2260 192 2316 247 S.
2363 189 2677 246 DlONYSil.

3417 193 3518 248 Γοί

244 319 480 394 togarum
518 314 848 378 visionibus,
894 311 1008 367 sive
1046 312 1316 382 posterius
1365 312 1416 364 in
1460 311 1820 380 spiritualium
1851 313 1898 370 Λ
1927 307 2070 376 ipsos
2093 305 2332 361 Graecos
2359 321 2454 376 pro
2487 306 2797 375 compos'tis
2835 306 3120 377 simplicia.
3169 307 3268 377 Ιίιςῑ
3321 310 3519 377 quippe.

243 414 478 467 virorum
527 406 801 472 mentibus
825 446 839 469 ,
878 403 1073 478 quibus
1115 407 1299 460 datum
1339 412 1421 459 est
1448 405 1625 458 divina
1666 419 1826 459 nosse

246 517 435 558 arcana
465 501 507 566 ¹,
537 510 696 570 pater
746 498 1043 562 luminum,
1089 514 1119 552 a
1152 513 1259 568 quo
1284 498 1465 552 omnia
1504 498 1826 566 proveniunt

242 605 291 651 et
319 575 369 648 in
401 609 565 663 quem
608 591 791 645 omnia
826 598 1147 654 recurrunt,
1193 597 1478 660 propterea
1509 587 1822 655 sul-.junxit:

243 695 282 736 et
303 681 647 754 principalem
693 692 742 735 et
782 679 1286 751 superprincipalem
1314 679 1478 734 divini
1509 677 1688 732 Patris
1717 681 1826 732 cla-

243 777 482 836 ritatem,
513 788 647 842 quae
673 770 981 838 angelorum
1020 769 1166 822 nobis
1204 770 1256 822 in
1302 768 1540 838 ﬁguratis
1579 769 1824 837 symbolis

241 864 539 933 manifestat
571 862 898 917 beatissimus
931 861 1240 924 ierarchias,
1264 859 1695 913 immaterialibus
1739 862 1756 890 ¹
1777 871 1826 914 et

242 973 334 1009 non
364 955 704 1010 trementibus
745 953 930 1007 utentis
960 952 1126 1006 Oculis
1156 951 1455 1020 recipientes
1474 991 1488 1015 ,
1532 951 1722 1003 iterum
1761 967 1826 1003 ea:

240 1045 344 1112 ipsa
392 1046 448 1098 in
489 1044 736 1114 simplum
779 1058 932 1096 suum
987 1041 1008 1071 ³
1046 1041 1371 1093 restituimur
1409 1041 1430 1070 ⁸
1473 1040 1702 1092 radium.
1737 1040 1821 1093 ln-

243 1143 408 1196 tuerc,
442 1134 895 1204 quemadmodum
930 1131 1334 1202 processibnem
1375 1131 1588 1184 divinae
1633 1130 1825 1183 illumi-

239 1225 474 1278 nationis
504 1239 534 1276 a
563 1223 673 1276 Deo
700 1222 863 1277 Patre
902 1223 952 1275 in
988 1238 1085 1275 nos
1107 1261 1122 1284 ,
1152 1231 1206 1274 et
1236 1221 1429 1274 iterum
1458 1235 1522 1273 ex
1556 1219 1668 1288 ipsa
1701 1236 1825 1289 pro-

237 1315 482 1369 cessione
535 1313 801 1368 claritatis
881 1322 934 1366 et
999 1312 1447 1380 multiplicatione
1511 1310 1532 1340 ⁶
1582 1319 1824 1364 nostram

237 1406 634 1460 restitutionem
681 1405 736 1458 in
785 1403 1035 1474 simplum
1085 1404 1252 1474 ipsius
1301 1403 1643 1472 procedentis
1689 1401 1825 1458 lucis

238 1499 444 1553 radium
481 1514 580 1568 per
609 1498 848 1568 singulas
876 1499 1064 1553 edocet
1114 1498 1366 1568 periodos
1406 1497 1448 1550 ⁸.
1495 1497 1589 1551 Est
1641 1506 1823 1551 autem

236 1591 391 1662 hujus
420 1592 440 1622 ⁷
469 1591 676 1661 periodi
725 1591 1017 1644 verborum
1043 1587 1314 1643 ordinatio
1343 1607 1355 1642 :
1389 1597 1444 1642 et
1486 1589 1825 1643 restituimur

1928 411 2027 465 pro
2056 399 2313 472 θεαρχιγῷ
2355 397 2398 427 ²⁰
2432 396 2589 464 Patre
2622 400 2744 451 θεῖον
2786 398 2988 469 πατέρα
3035 397 3077 427 ²¹
3109 438 3122 461 ,
3173 398 3222 451 id
3268 406 3351 452 est
3384 400 3515 454 divi-

1930 505 2055 542 num
2093 490 2341 552 Patrem,
2372 499 2424 543 et
2461 505 2556 560 pro
2589 488 2871 564 ιρὼτοδοσία
2909 490 3175 566 λαμπρὶαν
3222 490 3288 553 ¹²,
3337 490 3386 542 id
3435 501 3517 549 est

1929 579 2261 643 claritatem,
2313 579 2751 650 frequentissime
2794 590 3004 651 ponunt
3031 581 3098 636 ”.
3137 580 3276 648 Quis
3304 591 3387 636 est
3418 599 3518 637 au-

1929 680 2035 725 tem
2070 672 2252 725 radius
2279 671 2368 725 ille
2401 672 2627 742 simplex
2673 681 2929 742 paternae
2959 673 3250 739 claritatis,
3283 675 3335 728 in
3368 675 3520 743 cujus

1929 774 2221 833 conspectu
2249 763 2294 794 "
2321 765 2390 818 ab
2418 765 2530 834 ipsa
2561 766 2806 820 claritate
2833 765 3283 821 immaterialibus
3317 775 3370 821 et
3412 783 3518 822 non

1929 855 2287 909 titubantibus
2311 857 2507 909 mentis
2535 857 2708 911 oculis
2739 856 3008 910 intellecta
3045 858 3374 926 reponimus,
3404 874 3517 914 me-

1927 945 2035 999 rito
2077 946 2373 1015 quaeritur.
2402 945 2466 998 Et
2514 946 2644 999 mihi
2683 946 2963 1014 quaerenti
3009 946 3137 1000 nihil
3185 948 3520 1017 probabilius

1928 1038 2170 1091 occurrit
2208 1038 2274 1091 ad
2305 1037 2632 1091 credendum
2662 1045 2715 1090 et
2751 1038 3188 1108 intelligendum,
3223 1057 3384 1109 quam
3417 1039 3511 1094 Dei

1929 1125 2107 1181 Patris
2135 1127 2367 1182 Verbum
2393 1128 2472 1194 ",
2503 1129 2644 1198 quod
2681 1129 2850 1182 instar
2881 1129 3016 1182 radii
3055 1113 3122 1182 ab
3158 1131 3518 1187 inaccessibili

1929 1224 1984 1271 et
2036 1218 2290 1272 invisibili
2342 1219 2476 1283 sole,
2526 1219 2578 1272 id
2628 1229 2710 1273 est
2757 1219 2950 1283 Patre,
3002 1220 3053 1273 in
3106 1223 3515 1278 universitatem

1929 1308 2200 1363 sensibilis
2247 1317 2302 1363 et
2354 1309 2705 1379 intelligibilis
2739 1320 3052 1376 creaturae,
3085 1321 3136 1366 et
3183 1316 3416 1368 maxime
3457 1332 3520 1371 ac

1927 1401 2299 1470 principaliter
2350 1403 2400 1454 in
2455 1403 2726 1472 angclicos
2783 1413 2835 1458 et
2893 1405 3157 1459 humanos
3214 1407 3520 1466 intellectus

1928 1487 2266 1556 diﬂ‘unditur,
2320 1491 2544 1560 impleas
2593 1494 2807 1559 omnia,
2841 1495 3126 1564 perliciens
3171 1497 3518 1566 imperfecta,

1928 1590 2222 1650 penetrans
2270 1583 2551 1650 abstrusa,
2587 1585 2896 1641 illuminans
2939 1589 3229 1658 mysteria,
3277 1590 3520 1649 formans

238 1680 448 1744 iterum,
473 1697 542 1735 ex
576 1682 690 1752 ipsa
723 1680 972 1734 videlicet
1000 1678 1283 1748 multiplici
1316 1679 1566 1745 datione,
1602 1679 1658 1733 in
1689 1680 1820 1734 sim-
1849 1677 1895 1736 Β
1925 1672 2161 1727 visiones
2192 1673 2247 1727 in
2281 1673 2631 1748 interioribus
2662 1678 2913 1732 sensibus
2945 1678 3355 1750 theologorum,
3383 1697 3512 1753 ape—

235 1771 370 1840 plum
408 1772 578 1844 ipsius
610 1755 852 1833 radium,
885 1771 1009 1844 dum
1063 1769 1357 1840 recipimus
1392 1769 1414 1801 ⁸
1446 1771 1826 1826 immateriali-

233 1860 325 1915 bus
350 1870 410 1916 et
439 1876 548 1915 non
584 1861 939 1914 trementibus
975 1859 1174 1914 mentis
1200 1859 1406 1922 oculis,
1445 1861 1541 1915 sed
1570 1862 1823 1932 spiritua-

235 1952 370 2008 libus
399 1961 454 2005 et
487 1949 722 2006 infirmis
772 1950 934 2005 simul
955 1949 976 1980 °
1007 1950 1249 2004 theoriae
1277 1951 1584 2016 obtutibus,
1623 1953 1825 2020 princi-

235 2042 403 2110 palem
466 2051 522 2095 et
575 2039 1090 2110 superpriucipalem
1122 2079 1138 2104 ,
1196 2039 1300 2094 hoc
1350 2048 1476 2104 est,
1535 2041 1824 2111 plusquam

235 2131 584 2206 principalem
601 2133 769 2186 divini
788 2130 963 2206 Patris
987 2131 1314 2198 claritatem,
1339 2131 1392 2185 id
1421 2140 1524 2196 est,
1548 2146 1614 2186 ex
1640 2133 1824 2188 divino

235 2207 394 2278 Patre
416 2225 605 2278 datam
633 2223 1079 2298 illuminationem
1100 2263 1116 2289 ,
1154 2238 1294 2293 quae
1323 2223 1634 2295 angelorum
1668 2225 1822 2280 nobis

234 2315 283 2369 in
313 2317 564 2385 ﬁguratis
588 2301 850 2388 symbolis
875 2356 890 2379 ,
922 2317 1024 2369 hoc
1054 2324 1170 2380 est,
1196 2331 1294 2386 per
1323 2315 1526 2371 formas
1549 2317 1822 2388 significa-

237 2404 378 2468 tivas,
414 2403 768 2460 beatissimus
797 2404 1112 2458 manifestat
1144 2391 1460 2459 ierarchias.
1480 2405 1561 2458 Ac
1588 2406 1630 2459 si
1662 2404 1821 2474 plane

235 2499 468 2554 diceret:
503 2500 638 2554 Dum
665 2497 1043 2568 principalem,
1073 2506 1127 2552 et
1152 2497 1435 2568 plusquam
1465 2497 1820 2567 principalem

234 2605 292 2644 ex
319 2592 507 2647 divina
547 2590 927 2660 procedentem
961 2588 1209 2643 claritate
1242 2587 1284 2619 ¹⁰
1316 2587 1663 2664 intellectuali
1700 2589 1818 2642 visu

233 2691 282 2733 et
312 2681 621 2740 vacillantis
648 2665 813 2734 animi
843 2680 1090 2734 contuitu
1132 2680 1458 2756 percipimus
1483 2720 1498 2744 ,
1533 2667 1818 2750 perquam

234 2775 380 2829 nobis
409 2775 762 2830 beatissimae
781 2775 1092 2845 angelorum
1117 2774 1418 2829 ierarchiae
1440 2790 1537 2843 per
1553 2777 1818 2844 quaedam

230 2866 472 2934 symbola
527 2865 964 2930 manifestantur,
998 2867 1192 2921 iterum
1238 2882 1335 2937 per
1375 2867 1546 2936 ipsam
1591 2867 1646 2921 in
1690 2869 1819 2922 sim-

229 2957 367 3026 plum
398 2941 802 3032 suum‘radium
829 2968 1217 3012 restauramur.
1244 2959 1311 3012 Et
1336 2959 1649 3023 notandum,
1673 2962 1816 3028 quod

1929 1763 2078 1819 riens
2109 1764 2415 1821 intellectus
2445 1783 2538 1822 eas
2574 1769 2809 1824 visiones
2847 1785 3108 1839 quaerere
3135 1781 3189 1826 et
3213 1773 3518 1844 intelligere

1925 1855 2217 1911 volentium
2241 1898 2255 1923 ,
2301 1866 2357 1912 et
2387 1859 2624 1929 scipsum
2671 1863 2964 1915 secundum
3000 1862 3300 1934 analogiam
3333 1867 3518 1921 unius-

1926 1946 2186 2018 cujusque
2237 1950 2488 2005 omnibus
2539 1950 2592 2004 in
2644 1966 2702 2005 se
2755 1951 3088 2006 intuentibus
3138 1953 3514 2009 manifestans.

1926 2038 2078 2106 Quod
2106 2055 2168 2094 ex
2203 2043 2593 2111 consequentia
2646 2044 2949 2111 praesentis
2994 2045 3213 2115 capituli
3267 2047 3519 2102 facillime

1926 2133 2046 2202 quis
2073 2144 2252 2202 potest
2279 2136 2604 2204 approbare.
2637 2135 2772 2190 Nam
2802 2138 3048 2206 sequitur
3073 2156 3086 2191 :
3118 2136 3325 2193 Etenim
3356 2157 3518 2212 neque

1925 2225 2034 2296 ipse
2063 2242 2283 2296 usquam
2308 2244 2538 2298 unquam
2581 2245 2612 2280 a
2653 2229 2866 2299 propria
2894 2230 3154 2300 singulari
3187 2250 3282 2286 sua
3316 2245 3518 2291 unitate

1924 2318 2204 2384 deseritur,
2229 2320 2330 2374 hoc
2349 2329 2451 2386 est,
2470 2320 2583 2390 ipsa
2602 2322 2770 2389 patris
2797 2322 3061 2376 luminum
3084 2324 3361 2378 claritas"
3383 2342 3516 2395 pure

1925 2423 1955 2461 a
1989 2410 2143 2463 nobis
2174 2425 2237 2464 ac
2270 2410 2501 2466 firmiter
2530 2411 2799 2467 intellecta
2839 2414 2894 2468 in
2939 2415 3188 2484 simplum
3233 2433 3389 2472 suum
3426 2434 3513 2474 ra‘

1927 2495 2076 2552 dium
2109 2516 2207 2553 nos
2243 2501 2515 2575 restituit,
2544 2504 2799 2572 quoniam
2831 2506 2943 2575 ipse
2971 2507 3155 2561 radius
3187 2509 3333 2561 nullo
3361 2509 3510 2575 loco.

1923 2590 2073 2656 nullo
2107 2599 2367 2662 tempore,
2395 2608 2426 2646 a
2453 2594 2670 2664 propria
2706 2605 2761 2650 et
2789 2596 3050 2667 singulari
3078 2614 3171 2652 sua
3209 2600 3438 2664 unitate.
3459 2605 3515 2660 id

1924 2690 2007 2735 est
2046 2682 2410 2750 simplicitate,
2436 2684 2779 2755 relinquitur.
2809 2685 2946 2754 Quid
2969 2689 3012 2719 ’⁷
3036 2691 3181 2744 enim
3217 2692 3515 2762 simplicius

1919 2768 2101 2847 _Verbo
2151 2772 2270 2839 Dei,
2324 2775 2449 2830 dum
2499 2792 2595 2844 per
2637 2779 2872 2848 seipsum
2907 2780 2956 2833 in
2993 2779 3154 2836 Patre
3201 2798 3300 2837 suo
3350 2801 3514 2857 super

1923 2861 2102 2936 omnia
2156 2864 2441 2933 cogitatur,
2496 2876 2756 2936 quantum
2807 2884 2865 2924 se
2913 2871 3041 2924 sinit
3084 2873 3343 2942 cogitari?
3372 2877 3510 2942 Quid

1921 2953 2110 3008 eodem
2143 2954 2492 3024 multiplicius
2513 2996 2529 3020 ,
2561 2957 2685 3010 dum
2720 2973 2882 3026 super
2905 2961 3106 3022 omnia,
3141 2979 3280 3030 quae
3308 2965 3358 3019 in
3395 2967 3512 3036 ipso

231 3047 310 3101 hic
362 3063 614 3117 quoque,
651 3029 791 3102 sieut
819 3049 1100 3117 superius,
1129 3047 1392 3117 simplicia
1424 3062 1523 3118 pro
1547 3027 1814 3118 composi-
1845 3027 1890 3090 (ἶ
1923 3053 1977 3098 et
2007 3059 2105 3114 per
2131 3045 2306 3116 ipsum
2329 3046 2468 3100 facta
2491 3055 2634 3112 sunt,
2663 3049 3007 3117 espanditur,
3040 3027 3512 3124 intellectibusque

230 3141 295 3194 tis
323 3141 702 3214 transtulimus
730 3141 916 3196 verba.
943 3141 1048 3194 Pro
1077 3156 1142 3195 eo
1168 3141 1313 3194 enim
1338 3181 1353 3204 ,
1382 3141 1524 3209 quod
1556 3151 1640 3194 est
1663 3143 1812 3211 Θεαρ-

227 3240 374 3306 χικοῦ
391 3234 589 3309 πατρὸς
616 3234 684 3297 ¹¹,
711 3233 872 3286 divini
900 3231 1098 3296 Patris,
1122 3241 1178 3287 et
1195 3233 1236 3266 "
1252 3231 1586 3306 φωτοδοσὶαν,
1603 3232 1814 3288 clarita-

227 3337 322 3380 tem
348 3327 651 3398 posuimus.
675 3325 810 3400 Nam
839 3327 1113 3400 θεαρχικὸς
1144 3325 1188 3356 ¹⁸
1216 3325 1284 3379 ad
1315 3340 1508 3394 purum
1533 3325 1813 3380 transferri

227 3435 328 3475 nou
375 3431 578 3490 potest.
630 3419 729 3475 nisi
773 3433 869 3489 per
915 3418 1254 3489 periphrasin
1300 3415 1376 3477 “;
1425 3417 1620 3471 dicitur
1668 3416 1812 3472 enim

223 3515 497 3591 Gsapzué;
531 3514 577 3545 "
605 3513 789 3577 Pater,
821 3513 947 3581 quia
997 3511 1160 3566 totius
1203 3510 1430 3566 Deitatis
1486 3509 1812 3580 principium

228 3615 325 3669 est,
365 3606 490 3660 Filii
542 3620 640 3675 per
687 3604 1090 3675 generationem
1120 3601 1186 3668 “,
1219 3601 1455 3670 Spiritus
1491 3602 1662 3656 sancti
1720 3614 1817 3671 per

225 3695 652 3765 processionem.
718 3693 1010 3751 Φωτδδοσία
1079 3693 1119 3724 ¹⁷
1206 3707 1336 3746 vero
1407 3699 1492 3746 est
1554 3689 1812 3744 luminum

227 3787 410 3853 datio,
458 3805 601 3858 quae
653 3789 958 3856 specialiter
1022 3787 1090 3841 ad
1155 3785 1372 3840 Patrem
1426 3785 1676 3849 refertur,
1722 3786 1815 3854 qui

227 3879 462 3932 Onium
519 3878 780 3932 lumiumn
817 3878 976 3932 dator
1004 3885 1107 3931 est.
1141 3876 1260 3932 Pro
1309 3891 1376 3931 eo
1417 3875 1629 3943 itaque,
1670 3874 1814 3946 quod

225 3975 398 4035 patest
421 3983 520 4037 per
545 3968 810 4020 ambitum
839 3966 1122 4020 transferri
1153 3965 1233 4020 sic
1256 3979 1271 4019 :
1295 3974 1350 4020 et
1379 3963 1727 4033 principalem
1757 3972 1814 4018 et

224 4055 506 4127 plusquam
539 4058 892 4130 principalem
936 4059 1197 4112 luminum
1229 4057 1500 4112 dationem
1549 4073 1580 4111 a
1626 4057 1809 4121 Patre,

227 4151 314 4218 qui
339 4149 392 4203 in
421 4150 630 4205 Deitate
660 4152 980 4220 principium
1001 4159 1104 4212 est,
1131 4149 1343 4206 facilius
1365 4151 1520 4204 nobis
1539 4151 1710 4205 visum
1743 4151 1810 4216 “',

223 4239 474 4309 quamvis
509 4242 710 4294 virtute
735 4241 1018 4294 verborum
1047 4240 1286 4308 longius,
1315 4255 1514 4309 ponere
1541 4259 1553 4293 :
1581 4249 1635 4295 et
1665 4241 1814 4309 prin-

221 4329 450 4399 cipalem
491 4339 548 4385 et
595 4330 1106 4400 superprincipalem
1157 4331 1324 4384 divini
1377 4330 1552 4384 Patris
1593 4329 1811 4384 clarita-

1921 3152 2109 3208 sapere
2139 3137 2432 3191 valentium
2467 3155 2756 3193 numerose
2787 3140 3161 3198 distribuitur?
3191 3145 3254 3198 Et
3298 3160 3366 3202 ne
3397 3148 3509 3206 exi-

1918 3227 2140 3293 stimes,
2170 3228 2314 3298 quod
2344 3228 2487 3282 aliud
2514 3231 2586 3284 sit
2614 3230 2832 3286 claritas
2874 3231 3050 3288 Patris
3069 3275 3084 3298 ,
3132 3236 3278 3292 aliud
3319 3240 3508 3297 radius

1915 3319 2117 3374 Patris.
2144 3320 2377 3377 Claritas
2403 3322 2584 3378 Patris
2605 3324 2673 3388 '8,
2723 3326 2908 3381 radius
2942 3326 3139 3393 Patris.
3175 3330 3341 3390 Filius
3375 3352 3508 3396 suus

1918 3421 2022 3475 est,
2049 3412 2141 3482 qui
2169 3411 2386 3467 Patrem
2415 3414 2734 3470 clarificavit
2758 3419 2980 3485 tuuudo,
3011 3421 3100 3489 qui
3133 3439 3296 3493 super
3320 3431 3508 3487 omnia

1920 3501 2206 3556 uniformis
2235 3511 2320 3557 est
2343 3501 2411 3568 ”,
2440 3512 2497 3558 et
2523 3503 2695 3559 forma
2727 3509 2966 3564 omnium
2995 3509 3061 3576 ³ο,
3096 3523 3150 3566 et
3177 3513 3227 3568 in
3253 3518 3508 3574 omnibus

1903 3591 2264 3666 multiformis
2282 3603 2384 3658 est,
2411 3604 2464 3666 et
2488 3596 2892 3654 multiformitas
2911 3604 3176 3669 omnium,
3196 3616 3251 3660 et
3271 3610 3508 3666 maxime

1920 3683 1973 3738 in
2005 3685 2262 3756 angelicis
2297 3694 2353 3741 et
2382 3687 2633 3744 humanis
2661 3691 2948 3747 mentibus.
2979 3693 3044 3748 Et
3074 3695 3176 3751 hoc
3203 3711 3389 3766 aperte
3414 3701 3506 3757 de-

1917 3773 2284 3830 claratdicens
2308 3777 2424 3830 :Ad
2450 3781 2795 3850 anagogicam
2820 3800 2936 3838 vero
2957 3795 3005 3840 et
3023 3788 3273 3855 uni/ieam
3297 3805 3503 3858 eorum,

1915 3882 2051 3936 quae
2077 3868 2284 3936 provisa
2305 3880 2426 3923 sunt
2459 3869 2528 3936 ³¹,
2553 3877 3048 3943 contemperantiam
3075 3881 3265 3948 optime
3301 3891 3351 3936 et
3384 3884 3504 3953 pul-

1918 3958 2039 4012 chre
2087 3959 2464 4030 multiplicatur
2492 3973 2538 4016 et
2576 3967 2841 4034 provenit,
2891 3979 3164 4041 manetque
3191 3971 3332 4027 intra
3357 3991 3413 4030 se
3447 3977 3504 4031 in

1903 4051 2332 4128 .incontmutabili
2354 4055 2698 4111 similitudine
2723 4060 3059 4128 uniformiter
3077 4064 3240 4132 ﬁxus,
3268 4074 3316 4119 et
3344 4067 3398 4121 in
3424 4084 3500 4135 se,

1916 4154 2172 4214 quantum
2212 4146 2294 4216 fas
2337 4158 2443 4211 est,
2486 4151 2810 4216 respicientes
2853 4157 3314 4224 proportione/iter
3355 4161 3409 4214 in
3449 4179 3505 4216 se

1917 4237 2148 4289 extendit
2181 4237 2228 4267 ⁸⁸
2256 4253 2301 4290 et
2342 4241 2557 4304 uniﬁcat
2593 4244 2882 4296 secundum
2909 4246 3193 4314 simplicem
3221 4251 3305 4303 sui
3335 4252 3504 4307 unita-

1919 4339 2021 4381 tem
2047 4370 2059 4387 .
2110 4331 2214 4383 hoc
2253 4338 2376 4384 est;
2409 4331 2621 4385 divinus
2664 4334 2884 4397 radius,
2933 4338 3180 4402 quamvis
3229 4343 3500 4412 propriam

191 4426 332 4480 item
367 4421 439 4486 ",
469 4435 531 4476 ea
563 4422 775 4476 ratione
799 4421 980 4484 ducti,
1007 4435 1114 4488 qua
1147 4436 1310 4485 saepe
1337 4421 1640 4474 invenimus
1666 4421 1807 4489 apud
1839 4396 1887 4454 D
1915 4419 2312 4489 simplicitatem
2366 4428 2420 4474 et
2474 4421 2799 4491 singularem
2861 4425 3120 4481 unitatem
3184 4396 3346 4485 sdani
3391 4448 3499 4488 non

1518 4575 1767 4632 ΥᾹΞὶΖΑΕ
1805 4576 2200 4631 ΙιΕυΤὶΟΝΕἱό.

297 4698 312 4727 ι
358 4694 450 4748 ΑΒ
488 4697 744 4758 arcliana,
791 4695 868 4748 sic
905 4693 1017 4747 fere
1071 4695 1288 4763 ubique.

221 4782 376 4820 suum
415 4781 522 4818 om.
569 4766 629 4818 Β.
741 4764 832 4817 ‘A
880 4765 1242 4818 resfituuntur.

223 4835 245 4868 ⁵
290 4836 380 4890 ΑΟ
425 4835 688 4902 periodus.
811 4835 830 4865 ⁷
863 4835 1020 4898 huius
1065 4853 1172 4888 mn.
1211 4835 1280 4898 B;
1312 4833 1352 4890 C
1381 4834 1516 4902 ejus.

221 4910 456 4974 grndmu
484 4924 496 4954 :
526 4922 590 4958 ea:
619 4906 795 4958 divino
823 4903 979 4956 Patre
1030 4907 1385 4974 procedentem
1415 4904 1728 4958 claritatem.

221 4978 403 5030 adscr.
445 4987 491 5028 et
533 4992 628 5042 pro
683 4991 742 5027 eo
784 4974 922 5044 quod
969 4985 1046 5028 est
1083 4976 1448 5044 pliotodosian.

221 5063 318 5115 pro
347 5047 417 5115 ph
449 5046 556 5099 fere
584 5044 802 5112 ubique.

219 5117 538 5185 proferunt:
569 5115 760 5176 deitas,
785 5115 923 5181 quod
955 5131 1115 5169 sensu
1160 5123 1331 5168 caret.

217 5189 306 5240 Α.»
354 5188 616 5239 claritate.
696 5185 742 5215 ’°
771 5185 830 5238 [Γ
866 5202 1031 5255 marg.
1063 5187 1236 5239 adscr.
1266 5187 1580 5238 thearcltico.

216 5338 568 5382 conspectum.

217 5399 514 5461 claritatis,
543 5395 585 5450 Β
618 5396 878 5466 claritatis
923 5398 1126 5468 (punct.
1159 5397 1330 5466 adjcc.
1361 5395 1464 5466 B').

1367 4694 1387 4724 ¹
1419 4693 1718 4757 Bmateria,
1751 4692 1812 4745 B‘
1861 4708 2018 4762 supra
2052 4694 2232 4748 adscr.
2263 4694 2419 4748 libus.

1357 4763 1379 4796 ⁵
1419 4764 1505 4816 At}
1543 4764 2047 4831 multiplicationem,
2102 4765 2140 4816 Β
2182 4765 2662 4834 multiplicationem
2688 4769 2895 4837 (punct.
2931 4771 2995 4824 B‘
3035 4773 3206 4842 adjcc.
3240 4763 3492 4838 videtur).

1381 4834 1516 4886 eius.
1663 4834 1684 4864 ⁸
1707 4838 1748 4886 Α
1777 4837 2079 4886 recepimus.
2227 4835 2247 4865 ⁹
2275 4837 2314 4886 Α
2365 4837 2642 4886 similiter.’
2751 4840 2791 4869 ιο
2821 4840 2911 4886 Sin
2940 4841 3100 4886 ann:
3141 4845 3365 4886 Γιιιοιςιςςιι
3421 4848 3492 4886 ιιι-

1777 4850 1938 4888 recem
1947 4853 1994 4887 ηι
2003 4854 2079 4888 ηις.

1839 4852 2079 4903 cepmms.
2229 4852 2246 4865 '
2275 4852 2314 4888 Α
2365 4852 2621 4889 summer.
2751 4852 2791 4869 ’ν

1839 4905 1877 4935 ³³
1909 4906 1968 4957 B‘
2022 4922 2193 4978 marg.
2245 4907 2420 4978 adscr.
2478 4908 2805 4978 thearclticoy

1586 4975 1629 5006 ¹³
1683 4975 1743 5027 Β”
1801 4981 1971 5046 marg.
2030 4977 2206 5029 adscr.
2264 4977 2614 5046 tueare/ticam

902 5044 944 5075 "
977 5045 1033 5098 Β·
1092 5061 1260 5115 marg.
1296 5047 1469 5099 adscr.
1505 5046 1848 5099 theam-nicas.
1929 5058 1930 5075 ³

902 5115 923 5166 ;l
955 5131 1115 5169 sensu
1160 5123 1331 5168 caret.
1410 5117 1450 5146 ⁸⁷
1481 5116 1538 5167 B'
1570 5133 1738 5171 mare.
1771 5117 1930 5171 adscr

1499 5134 1517 5166 ἱ
1570 5134 1652 5169 ιηιι
1663 5134 1738 5169 ΓΕΖ.
1771 5134 1947 5169 30561³.

1690 5169 1698 5178 ,
1727 5155 1738 5166 .
1771 5155 1947 5171 μνον..
2015 5155 2309 5170 "meum"...
2487 5155 2526 5169 υ
2576 5155 2751 5175 ausu.

1673 5155 1718 5217 ’ἲ
1747 5186 1805 5240 C‘
1843 5155 2014 5258 marg".
2042 5187 2216 5241 adscr.
2247 5188 2300 5239 id
2322 5197 2394 5239 est
2420 5188 2766 5257 tltionpatera.

217 5261 401 5311 adscr.
431 5257 482 5308 id
509 5268 582 5309 est
610 5255 918 5329 pltgtgdosia
949 5256 1279 5329 luntptyron,’
1310 5255 1349 5309 C
1379 5257 1580 5324 profert
1610 5275 1622 5309 :
1655 5269 1709 5310 et
1743 5274 1838 5327 pro
1866 5255 2174 5329 pholodosia
2205 5258 2518 5329 lqmptyron.

648 5325 698 5356 "
727 5327 931 5381 Recens
958 5325 1146 5381 manus
1178 5327 1230 5379 in
1255 5327 1294 5378 Β
1320 5341 1491 5396 marg.
1520 5329 1692 5380 adScr.
1721 5325 1872 5390 quod
1896 5332 1986 5383 Dci
2017 5329 2194 5382 Patris
2233 5325 2448 5381 Verbum
2479 5330 2530 5381 iu
2556 5325 2960 5386 universitatem
2987 5347 3083 5387 cet.

1543 5399 1670 5472 ’τέ-ις’
1705 5417 1873 5472 marg.
1910 5401 2086 5472 adscr.
2123 5399 2551 5472 Densimplicitate
2575 5413 2620 5456 et
2648 5405 3032 5472 multiplicitate
3073 5405 3183 5456 Dei.

2523 4695 2544 4728 ⁸
2573 4695 2642 4750 In
2668 4713 2771 4775 non
2794 4701 3130 4775 trementibus
3153 4732 3221 4742 --
3252 4704 3495 4775 simplum

2227 4835 2247 4865 ⁹
2275 4837 2314 4888 Α
2365 4837 2642 4889 similiter.’
2698 4835 2724 4837 ﬁ
2751 4840 2791 4869 ‘°
2821 4840 2911 4894 Sic
2937 4841 3068 4897 ΑΒΕ
3088 4835 3118 4907 ;’
3141 4845 3365 4899 fortasse
3420 4835 3496 4900 le-

2845 4913 3030 4988 patris.
3079 4915 3178 4988 __"
3216 4915 3284 4988 B'
3318 4933 3490 4988 marg.

2759 4979 2802 5010 “
2847 4979 2934 5033 AB
2978 4984 3296 5054 perifrasin;
3347 4979 3501 5053 sit-ff

2348 5064 2454 5124 pro
2479 5045 2604 5124 ﬁlii
2633 5067 2725 5120 per
2751 5045 3133 5124 generationem
3173 5045 3493 5124 simpliciter

2413 5117 2459 5191 “'_
2576 5116 2855 5175 adscrfest
2889 5121 3084 5177 visum.
3183 5127 3223 5156 ¹⁹
3257 5116 3346 5181 Sic
3386 5128 3487 5191 litt,

2947 5194 3189 5266 SiCAAB;
3221 5197 3279 5249 B'
3314 5215 3484 5266 marg;

2623 5263 2668 5336 '3
2703 5263 2794 5316 Sic
2843 5263 2928 5319 BC
2951 5306 2963 5328 ,
2995 5264 3079 5318 AB
3103 5268 3286 5336 pouit._
3369 5269 3412 5297 “
3443 5263 3488 5321 ’Β

3164 5337 3207 5365 ’⁸
3234 5337 3324 5391 Sic
3355 5337 3412 5396 (ἶ,
3445 5341 3488 5393 Α

3262 5407 3307 5435 ’⁸
3343 5407 3397 5459 li
3443 5411 3486 5462 Λ

1929 5047 1971 5076 ¹⁸
1995 5046 2084 5100 Sic
2113 5046 2184 5108 C;
2211 5045 2300 5098 AB

1981 5117 2309 5186 pltotodosia.

217 5485 417 5558 mimis
447 5484 632 5558 recens
653 5483 841 5558 vlocem
872 5468 1278 5558 supr'aqadscry
1303 5483 1464 5558 quam
1497 5468 1976 5558 furtiusnaut’l’ater
2000 5470 2253 5558 lcg;es'.rB'
2291 5469 2464 5550 adscr.
2486 5468 2654 5558 fater
2676 5485 2770 5538 est,
2798 5468 3036 5542 etmarg.
3072 5477 3246 5530 adscr.
3276 5495 3488 5558 compa-

217 5535 529 5592 rutPntrrm
554 5539 622 5591 ad
648 5535 962 5600 claritatem,
983 5538 1178 5592 Filium
1196 5539 1264 5591 ad
1294 5535 1522 5592 radium.

1602 5538 1761 5600 "Qui
1793 5537 1999 5594 Patrem
2023 5537 2681 5608 clariﬁcavit—uniformts
2710 5555 2782 5598 est
2800 5561 2906 5599 om.
2940 5537 2997 5597 Βξ

3076 5544 3119 5575 ³ο
3139 5545 3240 5599 Pro
3253 5544 3486 5604 omnium

215 5608 260 5661 (Σ
288 5613 584 5664 lter-tinum.
662 5608 705 5638 ³¹
751 5607 791 5659 Β
828 5601 962 5678 quae
989 5619 1107 5663 sunt
1133 5611 1394 5675 praevisa.
1471 5608 1516 5638 "
1546 5605 1589 5660 B
1616 5610 1844 5691 extendit
1883 5612 1934 5664 in
1963 5630 2017 5666 se
