3952 6156
382 229 484 284 MSS
1441 225 1457 233 ”
1472 221 1972 281 EXPOSITIONES
1988 218 2293 278 ‘JOA’NNIS
2334 215 2529 273 SCOTI
3505 227 3513 250 '
3540 217 3638 275 [36

380 347 591 403 deserat
621 382 635 406 ,
677 339 899 411 pulchre
942 348 1120 393 tamen
1174 338 1573 419 multiplicatur.
1605 347 1658 391 et
1713 337 1957 405 procedit
1984 339 2035 395 Λ
2061 343 2265 393 nostra,
2295 346 2398 401 qua
2421 331 2581 385 rebus
2601 328 2946 384 sensibilibus
2974 328 3349 389 adhaeremus.
3380 330 3648 388 rédut'tio-

328 438 433 512 \in
488 453 586 501 ea,
628 450 766 505 quae
814 432 1093 503 provisa“
1138 439 1290 495 sunt,
1336 429 1403 484 ad
1462 443 1650 485 eorum
1706 427 1957 497 anagogi-
2063 438 2184 477 nem
2224 437 2321 490 per
2354 420 2719 490 intelligibiles
2755 427 2993 484 aetates,
3025 419 3222 488 quibus
3250 434 3348 489 per
3378 426 3644 476 actionem

334 522 345 551 ⁵
383 548 501 591 cam
530 538 583 584 et
622 527 875 582 unificam
913 523 1431 591 contemperantiam
1461 562 1475 587 ,
1510 519 1955 575 coadunationein

381 627 527 678 illam
601 618 882 678 videlicet,
938 626 1333 683 qnae’sursum
1378 611 1553 664 'ducit'
1581 611 1601 639 ¹
1649 618 1702 662 et
1742 607 1961 662 unilicat

383 708 583 761 omnia.
639 704 753 758 Non
792 702 934 756 enim
989 700 1168 753 omnia
1205 700 1594 761 subsisterent,
1652 712 1824 766 neque
1848 738 1864 762 ,
1897 712 1960 751 ac

389 799 548 854 veluti
580 797 698 865 quis
726 793 921 848 dixerit
946 807 960 844 :
991 807 1094 860 qua
1118 791 1326 845 ratione
1354 799 1408 845 et
1435 806 1531 844 cur
1569 789 1793 857 simplex
1819 788 1962 842 inul-

386 889 693 963 tiplicatnr?
729 886 794 939 ad
841 885 1162 955 principium
1202 900 1395 948 suum,
1444 882 1584 953 quod
1618 898 1827 936 sursum
1861 889 1962 943 est,

382 982 597 1037 Patrem
649 978 888 1032 omnium
937 978 1094 1040 dico,
1129 976 1400 1040 redirent,
1440 976 1484 1029 si
1522 990 1627 1028 non
1668 970 1966 1027 radius'ille

387 1068 673 1125 iucflbbilis
721 1066 1108 1121 diffunderetur
1150 1066 1202 1119 in
1242 1065 1458 1127 omnia,
1510 1073 1568 1118 ut
1611 1062 1967 1117 subsisterent

387 1159 602 1221 omnia,
636 1166 690 1211 et
722 1156 772 1209 in
814 1156 930 1225 ipso
965 1171 1127 1208 unum
1182 1152 1455 1208 eliicerent
1484 1154 1537 1217 ³,
1571 1168 1775 1220 suoque
1803 1168 1966 1222 copu-

384 1251 633 1305 larenturr
669 1248 843 1302 initio.
883 1247 953 1301 Et
991 1249 1113 1300 dum
1151 1246 1373 1316 pulchre
1407 1246 1791 1314 multiplicatur
1823 1254 1877 1300 et
1911 1244 1964 1298 in

384 1342 568 1395 omnia
591 1338 859 1410 procedit,
887 1347 1068 1392 manet
1093 1339 1145 1390 in
1168 1338 1365 1406 seipso,
1391 1346 1642 1391 movetur
1664 1337 1966 1390 incommuo

388 1434 596 1496 labilis,
624 1432 704 1486 sui
733 1428 891 1485 simul
919 1428 1203 1483 uniformis
1238 1428 1406 1493 ﬁxus,
1436 1436 1489 1482 et
1519 1443 1611 1481 eos
1634 1468 1648 1491 ,
1680 1427 1854 1496 quiin
1886 1440 1964 1490 se,

388 1530 650 1594 quantum
682 1520 765 1573 fas
784 1527 888 1582 est,
915 1519 1021 1573 hoc
1040 1525 1153 1581 est,
1186 1527 1443 1587 quantum
1475 1516 1602 1571 licet
1626 1516 1814 1585 eisque
1841 1529 1967 1569 con-

387 1614 614 1677 ceditur,
635 1610 946 1681 respiciunt,
965 1606 1121 1676 juxta
1144 1607 1355 1662 illorum
1372 1607 1643 1677 propriam
1666 1605 1967 1675 analogiam

2009 518 2015 529 ‘
2059 524 2109 569 et
2128 514 2409 569 scientiam
2436 510 2717 565 rationalis
2744 510 2921 563 anima
2944 510 3164 573 crescit,
3194 509 3364 564 donec
3387 525 3646 565 occurra-

2060 621 2181 660 mus
2212 607 2262 658 in
2290 606 2465 659 virum
2506 603 2824 673 perfectum,
2870 602 2971 657 hoc
3009 610 3113 665 est,
3171 603 3221 655 in
3278 601 3648 671 plenissimam

2061 698 2282 762 Christi,
2308 698 2399 765 qui
2422 705 2507 749 est
2537 694 2658 749 ﬁnis
2686 693 3031 763 perfectionis
3058 702 3294 759 nostrae,
3320 693 3648 763 contempla-

2064 790 2285 851 tionem,
2317 797 2372 841 et
2402 788 2451 839 in
2470 787 2588 855 ipso
2609 795 2662 838 et
2694 800 2816 837 cum
2842 784 2957 853 ipso
2985 783 3434 852 perfectissimam
3448 785 3651 840 aduna-

2067 883 2285 936 tioncm.‘
2317 878 2499 949 Itaque
2531 878 2574 909 “
2604 887 2659 931 et
2683 862 2800 946 ipsa
2838 890 3048 928 summa
3081 891 3144 930 ac
3171 883 3355 930 sancta
3383 874 3647 938 Trinitas,

2064 982 2120 1028 et
2140 974 2180 1004 ¹²
2197 971 2502 1041 specialiter
2517 970 2628 1038 ipse
2640 968 2829 1030 Filius,
2845 980 3138 1034 omnesque
3150 965 3411 1020 caelestes
3422 967 3653 1021 virtutes

2067 1064 2119 1117 in
2144 1064 2461 1132 quibusdam
2497 1057 2939 1117 similitudinilms
2977 1056 3174 1110 divinis
3203 1072 3499 1126 apparuere
3526 1073 3653 1126 pro-
3688 1072 3727 1132 ,⁸

2068 1160 2265 1228 phetis,
2305 1158 2355 1210 in
2382 1158 2615 1209 humana
2643 1151 2892 1206 videlicet
2921 1150 3093 1221 efﬁgie
3114 1191 3127 1214 ,
3160 1149 3211 1203 in
3246 1150 3479 1212 leonina,
3512 1152 3653 1203 vitu-
3689 1148 3693 1157 ’

2070 1248 2471 1318 lina,aquilina,
2499 1245 2693 1315 equina
2720 1244 2786 1306 ³³,
2815 1242 3012 1297 diversi
3042 1242 3257 1304 coloris,
3278 1241 3456 1311 ignea,
3486 1242 3656 1295 nebu—

2068 1342 2204 1406 losa,
2232 1339 2513 1401 electrina,
2538 1334 2758 1398 ﬂuviali,
2793 1333 2969 1397 rotali,
2999 1332 3246 1387 celeriter
3275 1332 3536 1395 currenti,
3566 1344 3653 1384 ce-

2072 1435 2308 1501 terisque
2330 1433 2373 1462 “
2402 1429 2650 1485 similiter
2668 1424 3177 1496 lignratissymbolis
3192 1423 3510 1478 formantur.
3527 1423 3583 1477 In
3608 1422 3654 1455 “

2069 1522 2313 1594 sequenti
2354 1530 2531 1574 autem
2561 1519 2722 1572 'libro
2765 1532 2875 1587 per
2935 1523 3276 1570 sacramenta
3332 1515 3559 1569 visibilia
3597 1525 3653 1568 et

2074 1610 2376 1681 corporalia
2406 1607 2619 1662 Veteris
2649 1605 2892 1674 Novique
2912 1603 3242 1659 Testamenti
3272 1604 3415 1658 idem
3444 1604 3654 1658 Deira-

389 1708 442 1760 in
470 1720 529 1759 se
561 1706 736 1772 ipsum
764 1701 1034 1765 extendit,
1063 1701 1168 1753 hoc
1206 1709 1316 1762 est,
1342 1698 1416 1752 ad
1440 1713 1498 1753 se
1524 1698 1696 1768 ipsum
1726 1697 1889 1767 erigit
1916 1704 1970 1750 et
2000 1685 2045 1744 Β
2074 1703 2218 1765 dius,
2243 1700 2498 1763 Verbum,
2528 1696 2894 1765 caelestesque
2915 1695 3138 1749 virtutes
3163 1703 3381 1764 propter
3407 1708 3507 1747 nos
3526 1707 3656 1748 con-

386 1799 611 1853 unilicat
635 1810 728 1849 eos
754 1793 820 1847 ad
846 1790 1256 1847 similitudinem
1288 1803 1416 1844 suae
1434 1788 1694 1858 Simplicis
1723 1786 1965 1841 unitatis.

389 1887 495 1944 Sed
527 1887 649 1955 quia
669 1887 782 1957 ipse
813 1882 1016 1946 radius,
1040 1896 1140 1950 per
1168 1896 1226 1935 se
1253 1881 1425 1949 ipsum
1450 1878 1969 1947 incomprehensibi—

388 1980 480 2042 lis,
504 1975 825 2038 invisibilis,
857 1971 1249 2028 inaccessibilis
1275 1978 1359 2026 est
1385 1969 1530 2023 omni
1554 1978 1858 2034 creaturae,
1896 1967 1971 2022 si-

397 2070 617 2140 quidem
646 2080 840 2136 sensus
866 2080 1055 2120 omnes
1080 2076 1375 2129 omnesque
1400 2070 1619 2130 superat
1646 2059 1968 2124 intellectus,

393 2175 504 2215 non
545 2157 720 2227 potuit
757 2154 1007 2209 omnibus
1031 2193 1046 2218 ,
1078 2153 1130 2207 in
1171 2152 1367 2222 quibus
1393 2150 1794 2220 multiplicatur,
1811 2162 1974 2217 appa-

394 2268 537 2315 rere,
564 2250 669 2306 nisi
699 2264 796 2319 per
824 2246 1084 2317 quaedam
1103 2244 1369 2300 velamina
1402 2242 1554 2297 nobis
1582 2240 1968 2301 connaturalia,

390 2345 586 2414 quibus
613 2354 732 2396 sese
773 2338 949 2393 a’dhuc
977 2336 1164 2391 in‘hac
1202 2350 1365 2389 carne
1404 2334 1712 2389 constitutis
1734 2346 1975 2401 quoque.

390 2435 553 2492 modo
588 2429 937 2487 manifestare
961 2425 1447 2495 voluit.'Sequitur
1482 2440 1497 2479 :
1544 2424 1611 2477 Et
1637 2425 1772 2477 enim
1813 2439 1977 2494 neque

394 2522 638 2595 possibile
658 2532 732 2576 est
750 2561 767 2587 ,
793 2520 946 2574 aliter
972 2518 1117 2572 nobis
1148 2517 1320 2571 lucere
1349 2516 1578 2570 divinum
1607 2514 1844 2577 radium,
1878 2511 1977 2565 nisi

395 2615 645 2668 varietate
673 2625 942 2664 sacrorum
985 2607 1297 2662 velaminum
1334 2604 1615 2675 anagogice
1642 2600 1979 2656 circumvela-

394 2715 529 2769 tum,
559 2714 607 2757 et
653 2702 734 2753 liis
762 2699 806 2765 ‘,
838 2715 971 2772 quae
1001 2697 1284 2753 secundum
1309 2712 1401 2749 nos
1430 2704 1571 2760 sunt,
1594 2710 1685 2763 per
1702 2690 1980 2761 providen-

396 2797 526 2848 tiam
551 2802 824 2866 paternam
846 2789 1258 2844 connaturaliter
1279 2798 1326 2841 et
1353 2789 1559 2857 proprie
1590 2796 1977 2855 praeparatum.

394 2887 474 2939 Ac
516 2883 561 2939 si
594 2884 796 2938 diceret
826 2900 837 2935 :
869 2880 1097 2935 Paterna
1134 2879 1499 2949 providentia.
1530 2886 1583 2932 et
1611 2874 1875 2930 ineffabile
1898 2875 1981 2929 di-

384 2974 506 3029 'Viltt
534 2972 734 3027 amoris
766 2987 892 3042 erga
928 2970 1153 3025 salutem
1189 2976 1243 3023 et
1296 2969 1659 3024 reductionem
1691 2966 1714 2997 ⁸
1742 2976 1980 3021 nostram

2071 1792 2291 1847 formari
2339 1790 2618 1845 docentur.
2668 1786 2823 1841 Verbi
2871 1786 3068 1857 gratia,
3116 1784 3170 1839 in
3218 1782 3562 1839 tabernaculo
3614 1782 3658 1813 ι’

2070 1895 2187 1941 erat
2220 1900 2344 1939 arca
2380 1883 2425 1915 "
2471 1881 2776 1937 testamenti
2812 1880 2865 1934 in
2905 1881 3073 1951 ﬁgura
3102 1878 3194 1933 Dei
3240 1875 3401 1931 Verbi
3439 1884 3659 1946 propter

2073 1993 2172 2031 nos
2203 1976 2497 2038 incarnati;
2531 1982 2686 2028 erant
2729 1974 2834 2027 duo
2862 1970 3152 2027 Cherubim
3198 1970 3242 2002 ⁸⁸
3288 1970 3430 2025 circa
3474 1982 3657 2023 arcam

2072 2069 2211 2124 hinc
2237 2068 2363 2122 inde
2389 2067 2677 2122 volitantes
2715 2065 2763 2096 "
2790 2064 2844 2117 in
2873 2062 3223 2118 similitudine
3239 2062 3298 2093 "°
3324 2059 3662 2131 supercaele-

2074 2161 2233 2215 stium
2273 2158 2728 2216 substantiarum,
2778 2168 2917 2224 quae
2956 2153 3097 2207 circa
3147 2149 3656 2207 Dominum‘iesum

2075 2252 2346 2307 Christum
2376 2258 2595 2305 aeterno
2615 2257 2669 2302 et
2691 2246 3009 2316 intelligibili
3036 2244 3213 2301 volatu
3250 2242 3658 2298 circumvolant.

2078 2343 2343 2398 Similiter
2372 2341 2565 2395 iterum
2592 2340 2645 2393 in
2676 2337 2874 2407 templo
2896 2337 3085 2391 eadem
3108 2350 3233 2389 arca
3265 2331 3662 2401 Cherubimque

2078 2444 2234 2490 erant
2258 2437 2310 2488 in
2350 2435 2540 2489 eodem
2587 2443 2733 2503 typo,
2763 2440 3050 2499 ceteraque
3090 2428 3281 2498 lcgalia
3311 2428 3570 2499 symbola.
3606 2426 3662 2481 In

2076 2525 2232 2580 Novo
2252 2524 2296 2555 ¹¹
2321 2523 2525 2578 vero‘“
2556 2529 2893 2576 sacramenta
2921 2519 3282 2589 baptismatis,
3310 2518 3516 2582 altaris,
3540 2519 3665 2572 cali-

2083 2615 2180 2676 cis,
2210 2612 2344 2676 vini,
2377 2611 2565 2682 panis,
2593 2611 2964 2672 sacerdotum,
3005 2618 3061 2663 et
3084 2608 3293 2679 mystici
3326 2608 3657 2670 chrismatis,

2081 2712 2546 2770 “ceteraque,'quae
2562 2701 2613 2754 in
2638 2699 2809 2770 figura
2831 2698 3326 2769 ChriSti'ponuntur
3343 2739 3358 2763 ,
3381 2699 3448 2754 de
3470 2700 3664 2768 quibus

2082 2801 2321 2847 tractare
2350 2808 2491 2845 nunc
2515 2801 2569 2845 et
2594 2790 2811 2861 longum
2839 2798 2922 2846 est
2946 2800 3003 2846 et
3031 2791 3378 2860 superﬂuum,
3407 2791 3661 2860 quoniam

2088 2888 2141 2942 in
2171 2886 2405 2942 secundo
2426 2887 2792 2957 copiosissime
2808 2886 3120 2940 actitantur.
3145 2883 3202 2939 In
3228 2900 3291 2938 eo
3317 2884 3365 2915 ’³
3393 2899 3550 2948 vero,
3572 2885 3665 2953 qui

2089 2987 2172 3031 est
2200 2977 2267 3030 de
2294 2976 2487 3030 divinis
2512 2976 2837 3037 nominibus,
2868 2975 3286 3043 peripetesmata
3306 2973 3353 3004 “
3387 2973 3668 3027 radiisunt

398 3076 468 3119 ao
493 3077 577 3128 ea,
603 3080 743 3134 quae
765 3061 1041 3132 peccando
1058 3060 1414 3123 deseruimus,
1446 3060 1708 3121 studium,
1743 3059 1981 3114 invisibi-
2013 3035 2057 3097 ο
2091 3067 2414 3138 principales
2456 3082 2673 3129 causae,
2722 3067 2873 3121 verbi
2916 3068 3089 3139 gratia
3112 3067 3371 3138 ‘bonitas,
3409 3066 3665 3128 essentia,

398 3156 505 3211 lein
531 3155 555 3187 ⁸
579 3172 674 3226 per
709 3172 766 3210 se
817 3156 985 3224 ipsum
1027 3154 1233 3206 radium
1277 3152 1441 3205 variis
1492 3167 1555 3205 ac
1586 3152 1606 3181 "
1632 3151 1801 3205 sacris
1841 3151 1986 3204 vela-

402 3245 801 3312 u.inibusjnxta
828 3244 1069 3297 rationes
1095 3257 1368 3312 anagogae
1382 3241 1813 3305 circumvelavit,
1844 3250 1900 3295 et
1921 3256 1987 3296 ex

405 3339 521 3403 his,
550 3334 1098 3407 quae'connatnralia
1131 3333 1285 3387 nobis
1312 3340 1439 3386 sunt
1474 3341 1536 3385 et
1579 3332 1817 3401 propria,
1848 3341 1902 3386 et
1931 3341 1990 3386 ut

409 3425 914 3496 comprehensibilis
936 3424 1089 3478 nobis
1114 3432 1278 3488 esset,
1306 3423 1397 3491 qui
1420 3422 1578 3476 aliter
1606 3423 1990 3493 comprehendi

400 3534 508 3575 non
531 3527 740 3589 potest,
763 3516 1275 3585 modum-quendam
1318 3514 1668 3585 apparitionis
1700 3531 1992 3585 praepara-

400 3612 497 3667 vit.
534 3610 606 3663 De
654 3608 848 3676 quibus
877 3606 1237 3660 velaminibus
1270 3614 1325 3658 et
1350 3605 1409 3659 in
1454 3604 1556 3659 hoc
1581 3603 1750 3669 libro,
1781 3607 1872 3675 qui
1907 3614 1992 3661 est

408 3698 475 3753 de
504 3696 1042 3759 caelesti'ierarchia,
1064 3702 1119 3748 et
1144 3695 1197 3747 in
1227 3694 1498 3764 sequenti,
1527 3694 1616 3762 qui
1640 3686 1899 3749 scribitur
1923 3696 1991 3750 de

408 3788 774 3843 ecclesiastica
799 3787 1084 3851 icrarchia,
1115 3802 1214 3842 nec
1237 3801 1339 3841 non
1366 3787 1493 3841 etin
1516 3787 1678 3842 tertio
1704 3788 1769 3842 de
1795 3788 1990 3843 divinis

406 3877 711 3933 nominibus
743 3875 1021 3932 alﬂuenter
1046 3886 1323 3932 tractatur.
1350 3874 1454 3931 Sed
1480 3877 1527 3931 si
1556 3878 1989 3948 quaeris,pauca

406 3968 475 4024 de
500 3968 744 4040 pluribus
784 3976 1014 4038 propter
1034 3967 1336 4037 praesentis
1362 3968 1574 4037 periodi
1602 3969 1989 4025 reserationem

407 4059 898 4129 praegustabimus.
969 4058 1027 4113 In
1075 4058 1097 4091 ⁸
1143 4059 1249 4114 hoc
1294 4060 1476 4129 itaque
1522 4058 1658 4114 libro
1698 4060 1990 4129 velamina,

407 4152 603 4220 quibus
622 4149 1265 4205 divinuscircnmvelatur
1286 4151 1489 4213 radius,
1512 4160 1569 4204 et
1593 4166 1688 4220 per
1714 4160 1992 4220 paternam

411 4242 801 4311 providentiam
826 4249 1046 4311 propter
1066 4255 1165 4295 nos
1185 4248 1554 4310 praeparatur,
1600 4242 1991 4311 propheticae‘

414 4334 646 4388 visiones
672 4341 831 4397 sunt,
861 4347 999 4403 quae
1028 4347 1123 4403 per
1151 4332 1422 4402 angelicas
1455 4332 1683 4389 virtutes
1710 4334 1764 4387 in
1795 4336 1989 4391 simili.

417 4422 655 4475 tudinem
678 4437 861 4477 rerum
886 4422 1239 4486 sensibilium,
1264 4422 1563 4477 inﬁrmitati
1583 4432 1803 4480 nostrae
1822 4427 1998 4484 adhuc

417 4510 665 4566 sensibus
689 4513 965 4581 corporeis
1012 4514 1383 4568 succumbenti
1434 4513 1478 4545 "
1524 4514 1844 4571 naturaliter
1870 4533 1998 4573 con-

418 4601 755 4668 gruentium,
809 4602 860 4654 in
907 4601 1275 4672 theologorum
1331 4604 1591 4658 memoria
1630 4604 1996 4661 conformatae

418 4701 563 4748 sunt.
607 4694 675 4745 ad
722 4690 1078 4747 eruditionem
1125 4701 1384 4758 nostram,
1433 4703 1488 4748 et
1534 4695 1602 4748 ab
1651 4694 1995 4753 inlantilitate

2090 3158 2223 3222 vita,
2254 3157 2539 3226 sapientia,
2572 3155 2796 3221 veritas,
2824 3152 3014 3222 vii'tus,
3040 3167 3093 3212 et
3120 3157 3339 3211 similia.
3366 3155 3432 3210 Et
3462 3165 3523 3210 ut
3546 3156 3673 3209 bre-

2089 3247 2228 3301 viter
2264 3247 2458 3312 dicam,
2512 3261 2703 3302 omnes
2752 3248 3233 3318 species‘visibilis
3285 3257 3339 3304 et
3386 3248 3672 3303 invisibilis

2091 3346 2369 3393 creaturae
2390 3378 2404 3403 ,
2436 3353 2731 3408 omnesque
2758 3338 3076 3409 allegoriae,
3106 3340 3220 3393 sive
3249 3340 3303 3393 in
3340 3337 3498 3393 factis
3517 3378 3532 3401 ,
3556 3339 3675 3393 sive

2091 3427 2144 3481 in
2173 3428 2352 3493 dictis,
2376 3444 2472 3499 per
2505 3444 2719 3483 omnem
2751 3438 2992 3484 sanctam
3031 3426 3675 3498 utriusqueg'l'estamenti

2084 3517 2760 3587 Scripturam,velamina
2800 3518 3010 3589 paterni
3061 3518 3197 3572 radii
3244 3527 3406 3582 sunt,
3448 3526 3508 3571 et
3555 3516 3676 3586 ipse

2093 3607 2279 3661 radius
2298 3608 2591 3662 secundum
2607 3624 2825 3663 carnem
2843 3624 2995 3662 suam
3011 3609 3207 3663 suimet
3221 3608 3517 3663 secundum
3543 3608 3673 3662 Dei-

2099 3708 2263 3754 tatem
2306 3700 2598 3753 maximum
2624 3700 2866 3754 velamen
2888 3709 2977 3755 est
3014 3701 3272 3768 nobisque
3298 3699 3674 3754 connaturale.

2167 3790 2194 3863 ᾗ
2240 3791 2294 3844 5.
2332 3790 2630 3860 Sequitur:
2660 3788 2882 3861 Propter
2916 3791 3055 3862 quod
3089 3800 3137 3844 et
3164 3790 3549 3844 sanctissimam
3582 3805 3681 3842 uo-

2092 3892 2253 3934 stram
2276 3880 2582 3934 ierarcltiam
2611 3880 2916 3957 τελιτάρχις
2942 3880 2990 3912 ’⁸
3010 3897 3279 3935 sacrorum
3300 3880 3487 3951 positio
3504 3878 3678 3933 caele-

2092 3971 2248 4023 stium
2280 3970 2658 4023 ierarcltiarum
2695 3969 3124 4039 supermuudana
3147 3968 3679 4038 imitatione-dignam

2085 4059 2362 4129 judicans,
2378 4071 2424 4115 et
2443 4062 2611 4114 dictas
2631 4059 3001 4114 immateriales
3018 4060 3305 4113 ierarcln'as
3320 4058 3681 4112 materialibus

2084 4152 2286 4221 ﬁguris
2301 4161 2348 4205 et
2366 4151 2668 4219 formalibus
2683 4150 2728 4181 “
2746 4149 3200 4220 compositionibus
3221 4148 3497 4217 variﬁcans
3511 4148 3682 4201 tradi-

2084 4241 2347 4297 τιὴ.οτἁο
2363 4240 2729 4296 verborum”:
2742 4240 2973 4310 Propter
2986 4239 3128 4308 quod
3143 4237 3684 4313 tradidituhu'szcc
3736 4304 3751 4319 ⁸

2101 4348 2375 4388 sacrorum
2405 4332 2622 4401 positio,
2648 4331 2748 4386 hoc
2781 4338 2883 4396 est,
2922 4330 3323 4385 teletarchicum
3352 4327 3404 4360 ³⁸
3434 4329 3687 4383 sacerdo-
3730 4340 3743 4366 δ

2105 4426 2370 4487 tiuni,-et
2416 4422 2824 4476 sanctissimam
2879 4430 3119 4475 nostram
3150 4418 3493 4473 ~ierarchiam
3533 4415 3685 4485 judi-

2099 4531 2228 4570 cans
2276 4516 2495 4585 dignam
2557 4513 2991 4583 supermundana
3032 4512 3333 4567 imitatione
3367 4509 3683 4565 caelestium

2074 4606 2525 4667 ‘ierarchiarum,
2582 4614 2639 4659 et
2697 4605 2986 4660 varilicans
3058 4605 3228 4659 dictas
3295 4601 3684 4656 immateriales

2099 4699 2395 4754 ierarchias
2418 4696 2787 4752 materialibus
2817 4697 3003 4766 ﬁguris
3029 4705 3083 4749 et
3113 4692 3427 4750 formalibus
3456 4693 3500 4724 "
3528 4707 3685 4748 com-

1700 4809 1949 4864 VARIAE
1987 4811 2389 4868 LECTIONES.

497 4920 512 4947 ¹
544 4916 636 4971 Sic
671 4917 821 4971 ABC.

427 4988 846 5053 redemptionem.

423 5062 519 5111 [ioc
550 5057 699 5111 libro.

428 5128 467 5180 Β
518 5126 895 5190 subcumbenti,
942 5125 1002 5178 B‘
1058 5125 1201 5181 corr.
1245 5126 1617 5182 succumbenti.

946 4919 965 4947 ³
996 4918 1033 4969 Β
1064 4933 1268 4970 sursum
1295 4928 1392 4977 est,
1420 4918 1583 4970 ducit.

976 4987 997 5016 ⁸
1035 4986 1213 5050 Corn,
1267 4987 1398 5042 ΑΒΕ
1427 4987 1599 5040 studio
1644 4990 1907 5046 invisibili.

1717 4922 1746 4995 ’_
1767 4923 1827 4995 Bf
1860 4940 2005 4995 corr.
2062 4927 2400 4995 eﬂirereulur.

2051 4995 2070 5025 ⁷
2113 5012 2174 5047 ac
2200 5010 2308 5047 om.
2337 4995 2444 5048 AC.

803 5003 846 5039 νι.
976 4994 997 5016 ⁵
1035 4994 1213 5050 Corn,
1267 4994 1398 5042 ABG
1427 4994 1599 5040 studio
1644 4994 1907 5046 invisibili.
2051 4995 2070 5025 ⁷
2113 5012 2174 5047 ac
2200 5010 2308 5047 om.
2337 4994 2444 5049 AC.
2578 4995 2600 5026 ⁸
2639 4994 2701 5046 [ι’
2735 5010 2903 5065 marg.
2933 4994 3111 5047 adscr.
3162 4994 3233 5044 De
3258 4994 3446 5060 quibus

803 5055 824 5086 ’
863 5055 924 5133 β’
942 5072 1126 5133 lnarg.
1182 5058 1359 5113 adscr.
1417 5057 1490 5133 De
1542 5061 1837 5133 prophetica
1864 5065 2118 5133 visioneet
2142 5065 2294 5118 modo
2319 5065 2665 5133 reuelationis,
2706 5074 2754 5117 et
2799 5079 2961 5133 quare
2998 5063 3074 5115 sic
3102 5061 3161 5129 ﬁt
3180 5060 3447 5133 revelatio.

2019 5273 2062 5304 ιο

2523 4926 2544 4955 ⁸
2579 4924 2619 4977 Β
2660 4927 2794 4987 hiis,
2844 4926 2921 4979 sic
2972 4923 3183 4991 ubique.
3290 4921 3312 4951 ⁸
3351 4920 3442 4975 Sic
3479 4918 3595 4991 AC;
3638 4920 3689 4991 Β

2578 4995 2600 5026 ⁸
2639 4994 2701 5046 Β·
2735 5010 2903 5065 marg.
2933 4990 3111 5047 adscr.
3162 4992 3233 5044 De
3258 4992 3446 5060 quibus
3494 4990 3598 5057 agit
3628 4990 3690 5045 in

2578 5067 2665 5114 lis.
2706 5074 2754 5114 et
2799 5079 2961 5114 auare
2998 5063 3074 5114 sic
3105 5061 3161 5114 ﬁt
3188 5060 3447 5114 revelatio.
3554 5059 3593 5089 ‘°
3638 5061 3685 5114 Λ

1726 5131 1902 5204 ’ἔδω
1946 5132 2099 5196 ABG,
2126 5134 2185 5186 B'
2239 5150 2380 5188 corr.
2427 5129 2633 5204 Utique.
2660 5143 2713 5188 et
2741 5129 2909 5204 marg.
2953 5133 3132 5186 adscr.
3168 5129 3246 5204 [ξε
3272 5129 3694 5204 diversis‘modis

2169 5206 2346 5258 adscr.
2370 5199 2539 5274 (ιιιαιε.⁷
2623 5206 2668 5236 ¹⁸
2708 5205 2747 5257 Β
2781 5199 2949 5268 ιιιιιῖοεξ.
2978 5203 3156 5274 adscr.
3184 5199 3263 5274 D_e
3284 5216 3385 5274 qua
3414 5200 3587 5274 agitur
3630 5199 3696 5251 in

428 5195 832 5266 upparitionum.
943 5197 986 5227 “
1020 5195 1063 5249 B
1087 5214 1167 5251 ac.
1274 5197 1317 5229 ¹³
1346 5197 1385 5250 Β
1413 5199 1657 5265 equuina.
1770 5201 1814 5232 ¹’⁶
1853 5204 1935 5256 B"
1969 5195 2140 5266 marg.

428 5219 832 5266 (lupamwltum.
943 5219 986 5227 "
1021 5219 1063 5249 D
1087 5219 1167 5251 ac.
1275 5219 1317 5229 "
1346 5219 1385 5250 ι)
1413 5219 1657 5265 equuma.
1772 5219 1814 5232 “
1853 5219 1934 5256 li“
1969 5219 2085 5257 mar
2126 5242 2140 5256 .
2169 5219 2346 5258 adscr.
2370 5220 2522 5274 quae.
2625 5219 2668 5236 "
2710 5219 2747 5257 IS
2781 5219 2949 5268 marg.
2978 5219 3156 5255 adscr.
3184 5219 3263 5253 ue
3284 5219 3385 5269 quo
3414 5219 3587 5268 agitur
3630 5219 3692 5251 In

428 5268 559 5348 ίξὸζρ
602 5267 829 5348 sequenti
870 5267 975 5348 qui.
1006 5267 1184 5348 est_de
1223 5266 1571 5348 ecclesiastica
1606 5269 1957 5348 {iterare/tiam
2019 5273 2062 5304 ³⁸
2088 5219 2194 5327 8Sic
2223 5274 2341 5348 AC__;
2384 5274 2433 5348 β
2473 5275 2791 5348 habitacula.
2906 5270 3083 5348 ‘_'__AI_3_
3119 5269 3302 5334 arclia,
3342 5268 3692 5348 sicnnbique.

433 5338 477 5417 ξδξ
517 5334 890 5417 βίϐζὶρίρὺίηέ
933 5337 1011 5417 sic
1052 5337 1267 5417 ubique.
1393 5336 1434 5365 "
1471 5334 1723 5417 Sic__B_Q;
1779 5344 1823 5394 A
1875 5342 2187 5417 rolu_tantes_.
2295 5345 2338 5375 ²⁰
2379 5344 2491 5417 Sic
2526 5344 2659 5417 ΑΟ·;
2724 5342 3223 5417 Βωδίιηίιίιιιᾴὶηεηι.

430 5408 477 5438 ¹¹
517 5405 790 5489 δξεηΑΒΟ,
837 5406 1030 5489 ᾗυριξμξ
1079 5406 1425 5489 Testamento.
1630 5407 1688 5461 Β·
1718 5427 1882 5483 marg.
1935 5414 2115 5489 adscr.
2150 5412 2225 5466 De
2256 5431 2359 5489 quo
2408 5416 2585 5489 agitur
2635 5405 2687 5467 in
2750 5414 2881 5468 libro
2937 5413 3108 5489 tertio,
3136 5410 3235 5489 qui
3266 5417 3341 5462 est
3387 5407 3452 5461 (le
3493 5406 3701 5489 divinis

432 5477 740 5554 nominibus.
778 5547 789 5554 _
811 5476 884 5554 _“
912 5473 1009 5554 :KB
1042 5485 1474 5554 perypettlsntala.
1636 5496 1795 5554 supra
1835 5473 1955 5535 "scr.
2004 5484 2068 5554 id
2098 5493 2171 5537 est
2221 5473 2375 5554 radii.
2404 5473 2464 5538 Cv
2480 5494 2569 5552 per
2600 5494 2959 5554 ypetasmata.
3022 5481 3097 5554 _“
3136 5473 3629 5554 B'_marg._adscr.
3660 5476 3703 5535 ί.

432 5563 483 5628 e._
507 5547 871 5628 .theletarnch'is,
908 5548 955 5628 i'1
967 5545 1456 5628 Imperfectis-siina.
1565 5546 1612 5577 ³⁸
1649 5545 2103 5620 Α’[ονηιαὸὶιίιιιιε.
2218 5555 2260 5585 ’⁷
2300 5553 2359 5607 B‘
2393 5545 2550 5625 supra
2582 5545 2692 5611 scr.
2725 5566 2820 5609 est.
2924 5553 2969 5584 ”
3011 5551 3163 5606 Corr.
3192 5548 3285 5615 B‘,
3315 5545 3445 5601 ΑΒΕ
3479 5553 3710 5600 teletar-

434 5617 628 5673 chium.
702 5618 747 5650 ¹⁹
789 5618 879 5675 Sic
919 5616 1031 5686 BC;
1057 5615 1098 5670 Ᾱ
1123 5615 1502 5687 [ὸνηιαὸὶιὸὁιιε.
1727 5615 1737 5620 ⁷
2148 5634 2165 5647 κ

3344 5339 3390 5369 ’³
3430 5336 3470 5391 Β
3525 5351 3699 5390 uana.
3760 5363 3775 5374 -
