3920 6154
448 407 548 463 159

1562 417 2062 477 ΕΧΡΟΞΙῊΟΝΕΞι
2099 414 2383 476 JOANNIS
2422 416 2618 476 SCOTI

3618 422 3728 477 HO

445 517 619 582 sibilis
656 520 1530 601 pulchritudinis.itnaginatimn:s
1577 549 1719 601 esse,
1757 550 1856 606 per
1890 548 2027 605 quas
2053 542 2105 606 Α
2131 545 2251 585 mus
2277 528 2398 585 fons
2426 528 2590 584 totius
2614 528 2928 599 sapientiae,
2960 529 3049 601 qui
3082 536 3163 584 cst
3189 528 3456 597 Christus,
3485 532 3728 602 undique

446 616 626 671 d.vina
669 614 1010 674 Providentia
1054 620 1109 675 in
1159 621 1327 692 ipsam
1368 637 1558 693 puram
1609 635 1664 680 ct
1704 624 2025 682 invisibilem

445 706 894 771 pulchritudinem
940 710 1108 781 ipsius
1163 715 1427 780 veritatis,
1478 734 1641 788 quam
1674 729 1841 784 amat,
1870 728 1925 775 et
1960 720 2028 776 ad

441 812 601 865 quam
634 798 804 853 tendit
839 814 999 857 omne
1036 804 1179 874 quod
1218 818 1367 875 amat
1416 810 1527 864 sive
1564 810 1739 866 sciens
1775 810 1889 866 sive
1926 828 2026 866 ne-

442 887 684 954 sciens‘,
724 890 989 947 humanos
1014 895 1240 952 .auiznos
1287 909 1525 953 revocat.
1568 896 1831 956 Similiter
1865 910 1918 956 et
1960 900 2027 956 de

437 977 654 1043 ceteris,
686 993 827 1049 quae
863 993 1185 1052 sequuntur,
1202 985 1601 1058 intelligendum
1634 990 1678 1045 '.
1713 986 1779 1044 Et
1809 990 2025 1045 sensibi-

435 1065 511 1121 les
543 1070 826 1125 suavitates
851 1072 1052 1142 ﬁguras
1074 1070 1349 1132 invisibilis
1374 1078 1777 1146 distributionis,
1809 1097 1839 1136 a
1866 1097 2023 1155 supe-

435 1155 674 1214 rioribus
717 1160 967 1217 subditur
999 1181 1012 1217 :
1049 1164 1338 1223 arbitrans.
1398 1167 1691 1227 Sensihiles
1729 1173 2024 1229 suavitates

436 1247 569 1303 dicit
594 1266 886 1322 corporeus
922 1254 1139 1317 odores,
1170 1274 1307 1328 quos
1343 1252 1628 1316 olfacieodi
1670 1278 1863 1319 sensus
1886 1264 2022 1319 reci-

433 1338 517 1411 pit
542 1341 593 1395 in
629 1341 854 1414 ﬁguram
899 1344 1182 1419 invisibilis
1211 1348 1628 1421 distributionis,
1666 1357 2023 1426 ut,quemad-

435 1430 658 1488 modum
703 1433 724 1509 ξ
750 1449 848 1503 per
869 1437 1194 1493 exteriorem
1223 1453 1439 1496 sensum
1470 1444 1681 1498 narium
1708 1460 1900 1501 suaves
1925 1461 2022 1502 seu

434 1523 688 1581 insuaves
710 1527 1070 1586 discernimus
1094 1532 1319 1589 odorum
1344 1535 1647 1604 qualitates,
1685 1538 1757 1592 ita
1796 1538 1849 1594 in
1878 1540 2020 1595 inte-

432 1615 565 1670 riori
613 1631 774 1672 sensu
829 1620 1218 1692 intelligibilem
1276 1625 1536 1682 virtutum
1587 1628 2019 1685 distributionem

431 1722 534 1779 per
553 1709 793 1782 singulas
813 1714 1021 1783 species
1039 1715 1383 1776 discretionis
1404 1721 1603 1776 virtute
1620 1723 2018 1790 discernamus,

433 1810 634 1867 easque
664 1800 1074 1887 diligentissimo
1115 1809 1344 1866 rationis
1372 1814 1613 1868 contuitu
1652 1815 1721 1869 ab
1757 1817 2019 1887 oppositis

432 1887 607 1994 vitiis,
632 1902 721 1945 aut
753 1908 846 1950 eas
877 1894 1009 1951 falsa
1057 1898 1442 1970 imaginatione
1463 1904 1691 1973 .imitari
1725 1905 1747 1938 δ
1773 1906 2017 1962 eonanti-
2048 1934 2095 1994 Β

430 1977 537 2037 bus
571 1994 938 2058 segregemus.
992 1984 1130 2047 llinc
1167 1991 1190 2024 ³
1216 1999 1318 2057 est,
1348 1992 1490 2064 quod
1520 2004 1576 2050 et
1612 1997 2014 2054 sanctissimum

433 2071 746 2131 chrismatis
771 2088 1188 2146 sacramentum,
1234 2083 1405 2138 thuris
1431 2082 1594 2140 etiam
1633 2085 1933 2160 iumigatio,
1962 2084 2016 2143 in

431 2170 561 2234 typo
584 2162 808 2221 intimae
836 2164 1099 2224 virtutum
1128 2173 1410 2229 suavitatis
1440 2183 1494 2230 et
1530 2176 1789 2232 virtutum
1819 2176 2014 2233 dividi-

431 2253 664 2309 cationis
689 2255 712 2286 ⁸
739 2272 767 2310 a
799 2260 1173 2318 sacerdotibus
1221 2254 1586 2321 coniiciuntur
1624 2267 1908 2324 ecclesiae.
1948 2268 2017 2324 Et

429 2343 797 2401 immateriulis
823 2344 1140 2408 luculentiae
1166 2351 1443 2424 imaginem
1464 2356 1762 2411 materiatio
1791 2357 2013 2424 Iuntina,

431 2434 691 2490 subaudis
715 2437 965 2494 similiter
1001 2455 1033 2494 a
1060 2443 1429 2513 superioribus
1463 2465 1477 2501 :
1502 2447 1795 2505 arbitrans.
1825 2448 1883 2504 ln
1911 2450 2017 2508 hoc

426 2522 553 2580 loco
580 2541 678 2596 pro
720 2528 1037 2600 φωτοδοσὶας
1061 2534 1105 2597 ⁷,
1137 2534 1189 2590 id
1210 2544 1294 2591 est
1323 2536 1584 2593 luminum
1613 2541 1845 2597 dationis
1867 2543 1912 2608 ⁸,
1936 2542 2018 2597 lu-

428 2615 701 2674 culentiac
722 2618 745 2650 ’
775 2621 1074 2690 posuimus.
1108 2624 1402 2684 Materialia
1432 2630 1474 2661 ¹⁰
1494 2630 1716 2698 lumina,
1741 2634 1856 2689 sive
1877 2649 2016 2704 quae

429 2708 756 2764 naturaliter
790 2712 831 2742 “
879 2712 933 2767 in
973 2714 1295 2773 caelestibus
1337 2706 1527 2789 spatiis
1571 2722 1820 2778 ordinata
1869 2736 2013 2791 sunt,

428 2795 547 2851 sive
573 2813 713 2868 quae
741 2800 794 2855 in
821 2803 982 2858 terris
1012 2804 1245 2861 humano
1269 2809 1500 2865 artificio
1524 2810 1851 2880 efficiuntur,
1888 2814 2018 2870 ima.

427 2886 581 2979 gines
633 2898 762 2944 sunt
809 2892 1221 2964 intelligihilium
1274 2898 1570 2964 luminum,
1623 2916 1786 2979 super
1831 2892 2014 2962 omnia

428 2976 599 3047 ipsius
636 2994 795 3035 verae
839 2981 995 3049 lucis,
1027 3001 1166 3056 quae
1201 2987 1464 3045 illuminat
1491 2976 1706 3048 omnem
1739 2995 2014 3052 hominem

427 3072 731 3129 venientem
760 3074 812 3130 in
858 3077 1137 3144 mundum,
1172 3096 1312 3150 quae
1349 3098 1563 3153 semper
1594 3096 1650 3140 et
1686 3087 2015 3159 inextingui-

425 3161 610 3217 biliter
625 3164 676 3218 in
698 3167 956 3236 angelicis
974 3179 1026 3223 et
1048 3170 1100 3224 in
1122 3171 1165 3202 ι’
1188 3173 1438 3229 humanis
1458 3174 1817 3234 intellectihus
1836 3179 2008 3235 ardet.

2126 636 2226 693 per
2265 620 2507 676 diversas
2549 614 2861 690 theologiae'
2902 619 3298 689 speeulationes
3347 622 3605 677 insinuat.
3656 625 3727 680 Et

2106 710 2375 768 .fortassis
2422 713 2526 768 hoc
2569 720 2682 776 est,
2739 711 2883 783 quod
2935 727 3031 782 per
3052 696 3396 768 Psalmistam
3449 715 3515 769 de
3558 714 3724 771 beato

2126 804 2245 860 viro
2296 805 2538 859 dicitur:
2600 821 2619 855 ι
2660 802 2727 858 Et
2770 804 2876 883 erit
2948 814 3203 874 tanquam
3272 803 3509 875 lignum,
3576 806 3727 875 quod

2125 894 2423 966 plantatnm
2472 903 2557 949 est
2603 908 2760 949 secus
2788 894 3050 950 decursus
3094 909 3358 963 aquarum
3392 914 3438 961 ι,
3468 896 3583 950 hoc'
3612 906 3724 961 est,

2125 987 2265 1041 sicut.
2287 986 2535 1041 Christus
2577 987 2698 1053 erit,
2729 986 2782 1041 in
2829 985 2982 1055 cujus
3005 986 3452 1057 signiﬁcationem
3482 989 3724 1058 typicam

2125 1091 2314 1131 omnes
2343 1076 2614 1132 naturales
2644 1088 2812 1139 artes.
2862 1079 3002 1134 intra
3028 1093 3256 1147 quarum
3298 1080 3558 1135 terminos
3602 1090 3721 1136 tota

2125 1167 2307 1223 divina
2376 1168 2716 1223 concluditur
2766 1168 3089 1238 Scriptura,
3144 1181 3495 1225 concurrunt.
3564 1171 3724 1227 Nulla

2123 1255 2268 1312 enim
2325 1272 2476 1312 sacra
2530 1258 2809 1328 Scriptura
2857 1268 2960 1323 est,
3002 1272 3141 1329 quae
3178 1259 3379 1329 regulis
3412 1261 3723 1317 liberalium

2122 1356 2310 1402 careat
2356 1346 2753 1416 diciplinarum.
2806 1344 2876 1402 Et
2914 1348 3136 1403 adunati
3180 1349 3250 1402 ad
3307 1351 3485 1404 divina
3530 1360 3580 1405 et
3634 1367 3723 1405 or-

2123 1437 2295 1491 dinati
2326 1428 2537 1493 habitus
2599 1455 2781 1493 earum
2806 1479 2821 1504 ,
2868 1454 3005 1511 quae
3030 1440 3114 1494 hic
3135 1450 3277 1505 sunt,
3309 1439 3721 1510 dispositionum

2122 1529 2350 1583 ordines.
2381 1526 2495 1585 Hoc
2515 1538 2598 1585 cst
2623 1547 2638 1583 :
2662 1545 2851 1585 omnes
2869 1522 3089 1585 ordines
3114 1529 3551 1599 dispositionum,
3580 1546 3723 1605 quas

2120 1619 2207 1674 vel
2234 1634 2301 1675 ex
2328 1628 2523 1676 natura
2548 1619 2631 1675 vel
2674 1635 2741 1675 ex
2771 1614 3075 1690 sapientum
3102 1616 3381 1676 hominum
3406 1618 3719 1676 rationabili

2121 1706 2433 1765 inventione
2469 1709 2517 1743 ¹¹
2565 1717 2622 1765 et
2666 1710 2982 1780 operatione
3032 1709 3089 1764 in
3144 1710 3307 1766 rebus
3365 1710 3723 1766 sensibilibus

2120 1800 2427 1871 praesentis
2464 1799 2626 1870 hujus
2652 1800 2796 1857 vitae
2842 1800 3109 1856 humanus
3138 1800 3353 1855 animus
3379 1794 3718 1875 considerat,

2121 1892 2384 1963 imagines
2408 1907 2528 1948 esse
2557 1891 2857 1948 arbitrandi
2887 1900 3016 1947 sunt
3054 1893 3321 1948 adunatae
3348 1888 3406 1948 ct
3431 1891 3721 1947 ordinatae

2120 1980 2454 2037 babitudinis
2502 1980 2815 2053 splritualis,
2848 1996 2954 2053 qua
2990 1981 3227 2037 humana
3275 1982 3456 2037 anima
3500 1982 3715 2037 incom-

2117 2071 2449 2127 mutabiliter
2480 2072 2679 2128 divinis
2714 2073 2976 2129 adhaeret
3017 2073 3328 2128 virtutibus.
3382 2070 3653 2147 Sequitur
3695 2088 3712 2125 :

2116 2159 2187 2215 Et
2206 2161 2335 2216 Iesu
2354 2161 2403 2193 “
2425 2162 2849 2232 participationis
2879 2162 2927 2195 ⁸⁸
2954 2162 3121 2233 ipsum
3144 2152 3500 2216 dieinissimae
3518 2160 3718 2216 eucha-

2118 2251 2298 2306 ristiae
2318 2251 2747 2322 assumptionem.
2766 2251 3063 2319 Intuere“,
3093 2266 3255 2323 quam
3280 2251 3523 2322 pulchre,
3544 2266 3714 2321 quam

2115 2355 2371 2413 expresse
2401 2342 2614 2409 asserit,
2639 2342 2905 2399 visibilem
2935 2344 3075 2399 hanc
3115 2342 3517 2405 eucharistiam,
3544 2358 3713 2413 quam

2116 2432 2358 2504 quotidie
2382 2432 2431 2465 ³⁸
2441 2433 2752 2490 sacerdotes
2769 2432 3042 2490 Ecclesiae
3066 2433 3120 2488 in
3150 2432 3307 2488 altari
3328 2431 3625 2488 conﬁciunt
3643 2426 3713 2487 ei

2116 2523 2360 2581 sensibili
2404 2524 2632 2581 materia
2662 2526 2822 2596 panis
2843 2535 2899 2581 et
2924 2525 3058 2591 vini,
3084 2539 3358 2595 quamque
3396 2521 3713 2579 confectam

2115 2625 2172 2671 et
2212 2616 2605 2673 sanetillcatam
2646 2616 3005 2688 corporaliter
3043 2616 3334 2687 accipiunt,
3382 2615 3621 2687 typieam
3658 2614 3710 2647 ⁸⁸

2115 2722 2237 2764 esse
2257 2708 2665 2764 similitudinem
2692 2709 2990 2780 spiritualis
3011 2706 3441 2778 partieipationis
3472 2706 3516 2737 ³⁷
3545 2704 3706 2770 Jesu,

2114 2814 2277 2870 quem
2303 2798 2350 2831 "‘
2373 2799 2606 2856 ﬁdeliter
2626 2799 2740 2856 solo
2755 2798 3024 2855 intellectu
3051 2806 3351 2868 gustamus,
3376 2797 3479 2852 hoc
3495 2806 3601 2861 est,
3625 2794 3713 2851 in~

2114 2890 2428 2963 telligimus,
2452 2892 2615 2963 inque
2636 2891 2682 2923 "
2705 2896 2925 2947 nostrae
2948 2901 3173 2947 naturae
3196 2890 3453 2945 interiora
3484 2889 3705 2945 viscera

2114 2974 2401 3049 sumimus,
2423 2980 2490 3039 ad
2506 2991 2746 3039 nostram
2760 2983 3007 3049 salutem,
3025 2991 3080 3037 et
3101 2982 3381 3052 spirituale
3401 2980 3712 3035 incremen-

2100 3076 2230 3128 ‘tum
2256 3112 2271 3139 ,
2319 3083 2375 3128 et
2423 3073 2750 3130 ineﬂ'abilem
2798 3072 3216 3130 deiﬁcationem.
3268 3070 3495 3142 Oportet
3544 3086 3706 3143 ergo,

2114 3163 2311 3232 inquit,
2352 3165 2647 3220 humanum
2675 3165 2938 3231 animum,
2962 3180 3029 3221 ex
3058 3164 3404 3221 sensibilibus
3446 3165 3609 3219 rebus
3648 3165 3707 3219 in

430 3252 716 3324 Sequitur:
736 3258 801 3312 Et
817 3261 1099 3315 secundum
1119 3262 1433 3320 intellectum
1458 3270 2011 3346 contentplativaeple-

2117 3253 2436 3310 caelestium
2480 3256 2741 3310 virtutum
2784 3248 3193 3311 similitudinem
3220 3262 3275 3310 et
3316 3254 3708 3324 aequalitatem

430 3346 685 3402 nitudinis
695 3351 897 3419 pervias
927 3369 1106 3407 sacras
1123 3354 1426 3427 disciplinas
1440 3338 1574 3425 ;“ltic
1588 3376 1801 3435 quoque
1814 3380 1873 3420 su
1881 3338 2011 3420 bau-

428 3435 513 3491 dis
531 3436 880 3507 "arbitrans;
902 3441 1164 3514 imagines
1181 3462 1299 3501 esse
1317 3447 1357 3478 “
1375 3449 1598 3505 subaudi
1613 3450 1903 3509 arbitrans.
1919 3452 2011 3510 Sec

424 3533 579 3615 ptem
604 3527 940 3599 diSciplinas,
977 3547 1112 3603 quas
1125 3535 1427 3608 philosophi
1444 3522 1976 3615 liberalesappellant
1992 3586 2006 3610 ,

425 3614 778 3689 intelligibilis
797 3626 1248 3695 contemplativae
1275 3628 1705 3698 "plenitudinis,
1730 3650 1835 3704 qua
1867 3632 2010 3692 Deus

425 3715 485 3767 et
496 3718 745 3767 creatura
772 3717 1057 3786 purissime
1072 3722 1432 3792 cognoscitur,
1449 3725 1870 3794 significationes
1888 3720 2009 3785 esse

425 3807 641 3863 astruit.
688 3806 836 3880 lpsas
880 3822 1059 3870 autem
1098 3831 1283 3874 sacras
1316 3820 1629 3892 disciplinas
1655 3824 1933 3892 ἃιεξοδικάς
1965 3828 2008 3859 "

423 3896 691 3964 nominat,
744 3900 846 3956 hoc
888 3913 971 3957 est
1008 3907 1240 3976 pervias,
1288 3913 1544 3980 quoniam
1588 3913 2006 3988 intelligentibus

419 4003 517 4046 eas
559 3992 777 4061 perviae
822 4006 949 4051 sunt
982 4006 1037 4057 et
1074 3998 1287 4069 planae,
1333 4004 1416 4058 vel
1445 4006 1699 4076 quoniam
1742 4008 2005 4079 quaedam

421 4079 544 4139 viae
583 4092 730 4149 sunt,
779 4100 878 4155 per
924 4103 1059 4158 quas
1107 4091 1439 4163 ingredimur
1473 4113 1654 4153 rerum
1698 4100 2001 4156 scientiam.

419 4169 706 4263 auidae:
728 4174 771 4208 "
796 4176 924 4232 item
955 4176 999 4211 ⁸⁸
1025 4179 1337 4263 disciplinas
1378 4187 1591 4250 notiore
1615 4188 1659 4220 ¹⁹
1687 4189 2005 4263 interpreta-

420 4261 570 4318 tione
596 4265 964 4323 decursativas
989 4258 1276 4353 possumus
1298 4258 1566 4353 accipere.
1598 4278 1672 4337 Ut
1698 4258 1847 4335 enini
1869 4280 2006 4338 mul-

421 4359 515 4408 tae
536 4369 708 4424 aquae
729 4374 796 4413 ex
835 4360 1062 4418 diversis
1090 4365 1329 4425 fontibus
1370 4371 1423 4424 in
1446 4371 1605 4428 unius
1645 4371 1879 4429 ﬂuminis
1927 4375 2005 4429 al-

421 4458 580 4499 veum
628 4449 901 4507 conﬂuunt
935 4463 1099 4525 atque
1125 4461 1442 4530 decurrunt,
1504 4467 1578 4520 ita
1607 4467 1883 4523 naturales
1949 4480 2005 4524 et

421 4532 675 4592 liberales
698 4540 1012 4611 disciplinae
1052 4549 1106 4623 in
1130 4566 1236 4606 una
1267 4555 1569 4626 eademque
1594 4558 1841 4614 internae
1862 4548 1999 4615 con-

2116 3346 2500 3401 ascendentem
2550 3346 2836 3411 arbitrari,
2866 3346 3262 3402 divinissimam
3311 3346 3708 3402 eucharistiam

2108 3435 2400 3502 visibilem,
2420 3437 2476 3492 iu
2493 3436 2734 3495 Ecclesia
2758 3436 3151 3493 conlormatam
3173 3436 3242 3504 ",
3261 3436 3494 3491 maxime
3513 3444 3709 3506 typum

2102 3540 2231 3584 esse
2254 3524 2683 3599 participationis
2707 3528 2892 3600 ipsius,
2925 3542 3033 3597 qua
3057 3537 3114 3582 et
3140 3541 3283 3582 nunc
3309 3526 3709 3598 p'articipamus

2107 3618 2293 3676 Iesum
2340 3634 2441 3692 per
2468 3622 2650 3687 ﬁdem,
2679 3629 2735 3676 et
2779 3621 2832 3675 in
2871 3619 3055 3675 futuro
3100 3619 3549 3691 participabimus
3600 3632 3709 3689 per

2109 3714 2367 3783 speciem,
2386 3710 2545 3783 eique
2569 3704 2927 3768 adunablmur
2956 3720 3054 3782 per
3076 3713 3381 3766 caritatem.
3408 3708 3548 3777 Quid
3566 3724 3707 3781 ergo

2108 3806 2173 3859 ad
2200 3804 2344 3861 hanc
2368 3804 2547 3874 magni
2573 3803 2802 3874 theologi
2824 3800 3068 3876 Dionysii
3092 3801 3587 3874 praeclarissimam
3614 3810 3707 3856 tuo

2106 3896 2231 3951 ham
2293 3887 2661 3967 respondent,
2708 3896 2800 3964 qui
2852 3886 3118 3949 visibilem
3173 3888 3561 3948 eucharistiam
3620 3889 3705 3946 nil

2107 3986 2252 4043 aliud
2300 3984 2608 4057 signiﬁcare
2631 3993 2850 4057 praeter
2879 3999 2939 4039 se
2978 3982 3379 4054 ipsam‘volunt
3420 3974 3700 4047 asserere,

2107 4080 2237 4134 dum
2265 4076 2567 4134 clarissime
2596 4076 2838 4149 praefata
2869 4072 2995 4131 tuba
3026 4074 3073 4107 ’ί
3093 4073 3309 4140 clamat,
3338 4086 3447 4129 non
3484 4070 3576 4128 illa
3604 4064 3701 4128 ea-

2106 4180 2385 4227 cramenta
2416 4168 2645 4225 visibilia
2695 4168 2943 4235 colenda,
2972 4182 3149 4239 neque
3190 4181 3292 4237 pro
3317 4166 3550 4222 veritate
3578 4180 3705 4245 am-

2104 4264 2370 4335 plexanda
2399 4305 2413 4327 ,
2445 4263 2569 4333 quia
2619 4260 2976 4334 signiﬁcativa
3016 4259 3262 4317 veritatis
3301 4267 3465 4323 sunt,
3510 4271 3701 4327 neque

2105 4365 2327 4428 pr0pter
2352 4372 2412 4413 se
2434 4356 2550 4427 ipsa
2588 4355 2831 4421 inventa,
2851 4353 3109 4425 quoniam
3135 4353 3188 4408 in
3213 4352 3343 4423 ipsis
3384 4350 3700 4421 intelligen-

2106 4450 2216 4507 tiae
2259 4449 2383 4504 llnis
2412 4448 2460 4481 ³²
2491 4464 2598 4503 non
2652 4457 2774 4513 est,
2802 4447 2897 4502 sed
2942 4454 3165 4516 propter
3219 4443 3700 4514 incomprehensi-

2102 4540 2265 4598 bilem
2305 4542 2353 4575 ³³
2398 4540 2647 4598 veritatis
2692 4539 2970 4605 virtutem,
2996 4552 3102 4609 qua
3133 4535 3181 4601 δὲ
3207 4535 3459 4592 Christus
3497 4546 3587 4592 est
3637 4535 3699 4591 in

420 4625 782 4708 templationis
806 4632 1264 4707 signiﬁcatione"
1289 4624 1596 4715 adnitantur
1667 4666 1827 4721 quam
1855 4669 2003 4708 sum-
2036 4634 2316 4708 Dunitate
2366 4635 2638 4691 humanae
2692 4629 3013 4698 divinaeque
3067 4626 3116 4660 ³⁸
3164 4641 3299 4695 suae
3355 4624 3701 4683 substantiae

1718 4830 1967 4887 VARIAE
2004 4829 2404 4888 LECTIONES.

490 4989 508 5022 ⁸
560 4991 603 5045 Α
661 4992 1013 5072 νςειείςςξξεηε.
1248 4990 1426 5072 adscr.
1471 4999 1566 5044 est.
1609 4987 1651 5043 C
1680 4964 2070 5072 intelligendum
2112 4998 2207 5072 est.
2286 4989 2331 5071 .3
2362 4989 2453 5072 Sic
2641 4970 3220 5072 quemadmod‘ulnnom:
3238 4980 3301 5072 ili:

804 5060 825 5092 ⁸
846 5060 903 5114 B‘
933 5076 1100 5131 marg.
1125 5060 1312 5115 adscr.
1333 5059 1406 5113 De
1430 5069 1755 5114 sacramento
1781 5054 2060 5120 crismati's,
2091 5067 2139 5111 et
2165 5056 2523 5130 fumigationis
2554 5054 2741 5114 thuris.
2817 5059 2840 5089 ⁸
2867 5058 2958 5114 Sic
2975 5056 3125 5114 ABG.
3198 5059 3220 5091 '
3238 5054 3299 5112 B'
3317 5073 3492 5130 marg.
3510 5054 3699 5117 adscr.

871 5132 893 5163 ⁸
916 5131 1009 5186 Sic
1052 5131 1181 5193 CB',
1221 5128 1311 5184 ΑΒ
1337 5130 1564 5184 (latione.
1679 5128 1700 5159 ⁸
1730 5127 1821 5184 Sic
1849 5128 1890 5183 C
1908 5170 1922 5193 ,
1976 5126 2067 5181 AB
2090 5128 2396 5184 luculenter.
2506 5130 2547 5163 "
2583 5130 2674 5184 ΑΒ
2700 5128 3060 5193 mallterialia,
3086 5129 3164 5184 sic
3196 5124 3242 5182 Α
3269 5142 3448 5193 saepe.
3476 5130 3517 5184 Β
3545 5146 3699 5189 raro.

488 5200 528 5253 Β
554 5218 565 5253 :
592 5214 730 5270 quae
754 5199 1043 5285 luculenter
1069 5201 1381 5285 naturaliter
1402 5202 1621 5269 (puncta
1651 5199 1711 5253 B'
1740 5198 1910 5269 ailjec.
1937 5196 2192 5285 videtur).
2272 5200 2315 5233 ⁸²
2342 5199 2409 5254 In
2433 5215 2541 5256 om.
2575 5198 2684 5255 AC.

956 5278 1005 5360 )”
1077 5290 1120 5369 ιξ
1155 5290 1245 5347 Sic
1270 5278 1397 5369 μὴ
1435 5291 1704 5369 imagines
1717 5307 1825 5369 esse
1852 5307 1961 5347 om.
1984 5278 2047 5348 Β.
2077 5364 2092 5369 Α
2125 5294 2172 5326 ³⁸
2200 5294 2291 5369 Sic
2319 5296 2359 5353 (Ζ
2386 5305 2443 5369 et
2466 5286 2925 5369 litterisminiatis
2951 5311 3093 5369 corr.
3122 5290 3196 5362 B;
3248 5282 3338 5351 ἈΒ
3366 5294 3703 5369 contempla-

411 5360 594 5437 tionis:
650 5360 803 5437 41')?
834 5378 1003 5437 marg.
1041 5361 1218 5437 adscr.
1251 5360 1587 5437 dyetrodicas.
1661 5360 1796 5437 ".B“
1826 5377 1997 5434 marg.
2027 5364 2557 5437 adscr.qdiemodicas.

951 5378 1003 5486 g.
1041 5378 1218 5418 adscr.
1251 5378 1583 5437 ayetcoatcas.
1661 5378 1795 5416 ".u‘
1826 5378 1997 5434 marg.
2027 5378 2203 5421 adscr.
2237 5378 2557 5429 atemodtcas.
2662 5378 2705 5399 "
2728 5378 2820 5421 Sic
2840 5378 2883 5422 υ
2906 5378 2961 5420 et
2997 5378 3064 5420 ad
3094 5382 3264 5438 marg.
3301 5382 3446 5437 corr.
3472 5378 3576 5435 βπ
3606 5378 3705 5425 AB

974 5433 1220 5506 i‘nocicie
1249 5434 1549 5506 (quaest
1576 5433 1647 5506 ita
1681 5432 1883 5506 scripta
1913 5442 2016 5499 est,
2048 5444 2106 5495 ut
2155 5435 2221 5490 ad
2267 5452 2455 5501 vocem
2503 5438 2703 5493 notiore
2743 5437 2988 5506 proxime
3026 5438 3305 5506 accedat),
3345 5437 3387 5492 A
3428 5438 3705 5494 naticione

414 5058 458 5114 Β
494 5059 705 5114 mutari.

411 5128 1564 5233 ζ’θῗέίῗίίηίίῗῗίζδῑ..η..ἷ,ἕί,ἳ.(ὶ¹ἓξτ.,ἒῖἒηῖἷθέἐῗῖῗέλ

412 5294 477 5350 Β”
514 5275 945 5363 atljecavidetur.

413 5435 566 5487 inter.
647 5431 689 5464 "
721 5431 812 5486 Sic
850 5434 921 5498 υς

412 5503 459 5574 ’ξ
492 5504 581 5574 Sic
608 5502 686 5574 9;
716 5502 808 5557 AB
856 5500 1313 5574 signiﬁcationem.
1488 5501 1578 5557 Sic
1619 5502 1742 5569 AC;

1853 5504 2144 5561 inreutione
2187 5506 2506 5562 rationabili.

3406 4987 3428 5018 ⁸
3462 4989 3559 5046 Sic
3578 4991 3698 5056 AC,

2506 5130 2547 5163 "
2583 5130 2674 5184 ΑΒ
2700 5128 3060 5199 matheriatia,
3086 5129 3164 5184 sic
3196 5124 3242 5182 Α
3269 5124 3465 5199 saepe:
3476 5130 3517 5184 Β
3545 5146 3699 5189 raro.

2784 5198 2829 5232 ⁸³
2852 5198 2945 5254 Sic
2984 5199 3105 5265 AC;
3132 5200 3173 5253 Β
3196 5196 3449 5269 subaudis
3477 5202 3698 5270 (punct.

2662 5367 2705 5399 "
2728 5364 2820 5421 Sic
2840 5366 2893 5438 Cr
2906 5374 2961 5420 et
2997 5366 3064 5420 ad
3094 5382 3264 5438 marg.
3301 5382 3446 5437 corr.
3472 5364 3583 5435 Βῆ
3606 5369 3705 5425 ΑΒ

2611 5509 2657 5539 ”
2688 5506 2780 5563 Sic
2815 5506 3010 5562 litteris
3038 5507 3274 5571 miniatis
3317 5523 3463 5565 corr.
3493 5507 3559 5575 Β.
3582 5507 3704 5567 Pro

411 5570 539 5650 {esu
558 5563 1088 5650 ABinununt'tqt'rzte
1113 5575 1338 5650 voeesin
1356 5563 1771 5650 cod._s_criptura
1808 5590 1911 5650 non
1932 5576 2456 5650 Διῃυιιυηῃῇῐῑεειηιᾳιι
2481 5594 2510 5631 a
2540 5578 2726 5650 iussu).
2760 5577 2861 5650 δέ
2875 5563 3245 5650 βοιξιξΒκᾸΒ
3263 5563 3696 5650 ρήιιάραίξοήξε.

414 5640 460 5673 ³³
493 5642 534 5695 C
562 5643 786 5695 mtlture.

414 5710 459 5749 ν
497 5728 650 5782 quem
694 5727 803 5766 om.
849 5714 910 5768 C.
1016 5713 1058 5744 ²⁹
1091 5712 1150 5767 Β⁸
1181 5731 1326 5769 corr.
1378 5716 1431 5770 in
1459 5710 1631 5783 quem.

1050 5784 1126 5820 ρηι

891 5644 936 5675 ³⁸
963 5645 1051 5698 Alt
1072 5644 1307 5708 cottidie,
1340 5645 1419 5699 sic
1452 5645 1689 5713 ubique;
1731 5642 1772 5695 C
1805 5645 2051 5703 cothidie.

897 5753 910 5767 .
1016 5713 1058 5744 ²⁹
1084 5712 1150 5785 Β⁸
1181 5731 1326 5769 corr.
1378 5716 1431 5770 in
1459 5732 1631 5783 quem.
1724 5714 1769 5744 ²⁰
1799 5712 1839 5769 C
1865 5716 2048 5785 confer

1865 5726 2268 5771 conturmatttm.

2146 5646 2193 5677 ²⁶
2223 5646 2263 5701 C
2296 5648 2403 5717 typi
2448 5664 2626 5717 quam.
2690 5646 2699 5650 ⁷
2751 5649 2796 5680 ’⁷
2831 5646 2922 5703 Sic
2951 5646 3081 5711 CB',
3126 5646 3215 5703 AB
3264 5646 3697 5715 principationis.

2368 5717 2410 5749 δι
2446 5720 2486 5773 υ
2532 5718 2655 5772 tuba
2679 5717 2908 5787 praefata.
3005 5717 3051 5749 ”
3074 5718 3250 5786 C/inis
3291 5718 3699 5789 intelligentiae.

410 5819 454 5855 ⁸³
477 5818 519 5877 Β
567 5818 1127 5887 incomprehensibilis,
1182 5819 1781 5887 incomprelwnsibililcr.
1861 5820 1909 5851 "‘
1939 5820 1978 5876 C
2008 5838 2156 5888 quae.
2236 5823 2282 5855 ³⁸
2310 5824 2348 5875 (ἶ
2369 5824 2573 5879 divinae
2598 5824 2969 5893 humanaeque.
