3952 6156
344 325 359 377 l
377 326 447 380 45

336 549 441 600 que
494 528 939 584 incommutabilis
1010 524 1251 579 veritatis
1313 520 1748 594 speculationem.
1799 526 1904 581 Sed

341 622 583 676 fortassis
613 619 892 688 prolixius,
918 632 1079 685 quam
1112 631 1198 670 res
1228 616 1412 685 evigit,
1443 618 1673 685 primum
1701 619 1907 686 capitu-

340 716 450 768 lum
486 711 877 781 exposuimus;
940 717 1139 775 quanta
1206 715 1385 761 tamen
1456 709 1507 760 in
1561 709 1906 777 sequentibus

341 794 563 874 aperial,
592 800 860 855 studiosus
888 797 1075 863 lector,
1102 798 1153 851 ni
1192 796 1362 859 fallor,
1399 789 1650 851 inveniet.
1679 797 1906 866 Explicit

340 903 591 948 tractatus
615 891 677 944 de
705 892 872 960 primo
918 887 1212 958 capitulo‘.
1262 886 1454 957 Incipit
1494 888 1558 941 de
1600 888 1843 941 secundo.

875 1020 1267 1076 CAPITULUM
1305 1020 1365 1073 11.

408 1152 641 1207 Secundi
684 1151 905 1220 capituli
942 1154 1236 1226 ἐπίγραμμα
1268 1152 1288 1181 ²
1329 1160 1414 1205 est
1450 1166 1463 1202 :
1496 1150 1753 1215 Quoniam
1794 1153 1908 1220 pul-

339 1245 459 1296 rlire
501 1242 675 1295 divina
705 1251 751 1293 et
799 1240 1037 1293 caelestia
1068 1241 1223 1293 etiam
1250 1257 1340 1310 per
1368 1239 1642 1293 dissimilia
1676 1240 1908 1309 symbolo

342 1332 759 1387 manit‘estantur.
806 1331 1015 1396 Divina,
1057 1332 1251 1401 inquit,
1290 1341 1344 1386 et
1363 1331 1633 1395 caelestia,
1666 1332 1767 1386 hoc
1802 1340 1906 1397 est,

341 1425 601 1481 caelestes
647 1424 894 1485 virtutes,
947 1421 1125 1495 [quas]
1171 1423 1193 1454 ³
1239 1423 1466 1493 theologi
1514 1424 1565 1476 in
1618 1433 1728 1477 tres
1774 1423 1910 1476 divi-

334 1514 473 1569 dunt
503 1516 817 1579 ierarchias,
866 1516 1005 1570 sicut
1034 1516 1085 1569 in
1112 1530 1362 1584 processu
1393 1515 1692 1584 praesentis
1728 1514 1907 1582 operis

342 1606 703 1661 declarabitur
724 1646 739 1670 ,
771 1605 989 1674 pulchre
1045 1619 1140 1674 per
1180 1603 1419 1674 symbola
1443 1645 1458 1669 ,
1500 1604 1745 1673 quamvis
1772 1603 1852 1657 eis
1885 1604 1907 1633 ‘

338 1697 616 1751 dissimilia
648 1697 773 1757 sint,
814 1693 1226 1749 manifestantur
1254 1693 1409 1748 nobis
1437 1702 1489 1748 et
1517 1692 1903 1763 signiﬁcantur.

338 1785 488 1839 Nulla
515 1785 775 1853 siquidem
820 1782 1084 1837 sensibilis
1125 1783 1328 1852 species
1364 1790 1482 1845 est,
1532 1797 1669 1851 quae
1689 1781 1908 1835 omnino

338 1874 753 1945 intelligibilim‘n
807 1872 1209 1926 similitudinem
1287 1880 1623 1941 assequatur.
1685 1871 1912 1941 Longe'

338 1967 479 2020 enim
525 1981 554 2019 a
601 1980 658 2020 se
703 1964 1030 2032 discrepant,
1085 1970 1139 2016 et
1184 1963 1394 2031 penitus
1445 1962 1723 2017 dissimilia
1767 1971 1909 2025 sunt,

339 2071 479 2125 quae
509 2070 668 2110 sensu
700 2066 962 2123 corporeo
1012 2051 1381 2116 extrinsecus,
1411 2052 1493 2104 vel
1523 2065 1661 2118 quae
1690 2051 1710 2081 ⁸
1739 2052 1909 2119 phan-

341 2148 525 2202 tastice
593 2145 819 2200 interius
880 2151 1178 2213 apparent,
1225 2150 1283 2196 ut
1347 2152 1473 2197 sunt
1516 2143 1751 2198 visiones
1802 2143 1914 2197 sive

341 2236 785 2304 sompniantium,
828 2248 921 2289 seu
967 2233 1163 2288 mentis
1188 2247 1490 2297 excessum,
1533 2248 1690 2302 quem
1723 2230 1912 2287 Graeci

346 2327 637 2384 ἔκστασιντ
684 2336 916 2390 vocant,
966 2325 1285 2396 patientium
1334 2326 1388 2379 in
1436 2325 1645 2395 spiritu,
1701 2334 1756 2379 et
1801 2339 1864 2377 ea
1893 2324 1914 2355 ⁸

339 2433 476 2487 quae
505 2433 638 2488 puro
665 2426 720 2471 et
765 2417 953 2471 intimo
1000 2417 1195 2471 mentis
1237 2416 1506 2478 contuitu,
1558 2415 1701 2469 nulla
1747 2415 1915 2485 phan-

342 2508 477 2561 tasia
508 2523 601 2561 seu
654 2505 889 2561 sensibili
939 2504 1120 2575 specie
1166 2505 1503 2574 interposita,
1548 2519 1646 2573 per
1695 2519 1754 2557 se
1803 2503 1915 2571 ipsa

343 2597 731 2668 intelliguntur.
774 2596 845 2649 At
881 2611 1009 2650 vero
1047 2596 1301 2665 quoniam
1339 2604 1520 2650 noster
1565 2596 1818 2661 animus,
1858 2604 1919 2649 ut

342 2688 607 2759 superiori
636 2688 868 2756 capitulo
897 2687 1099 2742 dictum
1140 2695 1242 2750 est,
1298 2687 1364 2742 ad
1405 2688 1574 2758 ipsam
1626 2687 1869 2740 intimam
1893 2685 1914 2716 '

343 2780 763 2851 intelligibilium
806 2795 984 2834 rerum
1029 2778 1445 2850 speculationem
1487 2794 1593 2833 non
1640 2779 1913 2844 continuo,

343 2872 484 2925 nulla
517 2872 785 2926 mediante
814 2871 1230 2941 intercapedine.
1261 2879 1437 2942 potest
1462 2871 1772 2935 ascendere,
1797 2870 1916 2940 pul-

344 2963 471 3017 chre
511 2962 687 3017 divina
718 2960 1060 3016 Providentia
1091 2961 1367 3016 dissimilia
1401 2963 1642 3030 symbola
1684 2963 1920 3031 interpo-

343 3052 469 3114 suit,
498 3050 692 3106 similia
722 3052 936 3120 quidem
973 3051 1128 3105 nobis
1161 3052 1335 3105 adhuc
1361 3053 1632 3121 corporeis
1675 3053 1918 3106 sensibus

1430 321 1924 379 EXPOSl'l‘lUNES
1961 326 2242 383 JOANNIS
2281 326 2477 381 SCOTI
2516 392 2517 395 η

335 436 630 507 aequaliter
675 451 792 490 cum
850 435 1051 505 angelis
1099 433 1151 487 in
1204 432 1649 502 simplicissimam
1693 449 1974 503 puram-A
2003 447 2263 505 quentant
2316 438 2357 467 ¹⁶
2407 438 2615 490 actione
2672 444 2726 489 et
2773 436 3017 488 scientia.

3472 330 3577 383 ut

3094 435 3293 490 Deinde
3335 438 3580 493 caelestes

2006 529 2290 581 ierarchias
2359 529 2576 582 laudare
2630 526 2910 581 secundum
2974 528 3205 594 ipsarum
3258 529 3314 581 in
3359 529 3582 596 eloquiis

2006 618 2499 687 manifestationem,
2533 616 2788 671 subaudis
2816 632 2845 669 a
2892 616 3259 685 superioribus
3291 635 3303 669 :
3344 631 3573 687 oportet.

2007 709 2083 762 Ac
2110 710 2153 761 si
2200 709 2404 762 diceret
2442 726 2454 761 :
2486 707 2613 761 Post
2655 707 2922 777 generalis
2968 706 3265 760 icrarcbiae
3290 748 3304 771 ,
3354 708 3578 778 ejusque

2008 797 2301 852 formarum
2344 808 2398 851 et
2424 798 2741 865 specierum,
2789 805 2846 852 et
2875 796 3117 851 utilitatis
3165 798 3582 867 uniuscujusque

2008 903 2192 942 earum
2237 888 2431 941 divinis
2465 887 2848 950 laudatoribus,
2879 888 2980 941 hoc
3024 895 3106 941 est
3132 887 3235 951 bis,
3281 888 3370 955 qui
3403 889 3582 942 divina

2008 985 2210 1031 canunt
2260 977 2516 1030 interiore
2560 987 2613 1030 et
2644 978 2911 1031 exteriore
2940 977 3113 1037 laude.
3160 979 3579 1046 speculationem

2010 1077 2401 1135 consequenter
2440 1076 2644 1134 oportet
2674 1067 2933 1121 caelestes
2996 1067 3288 1121 ierarchias
3337 1067 3578 1131 laudare.

2010 1156 2310 1226 gloriﬁcare
2350 1154 2597 1209 videlicet
2643 1165 2697 1209 et
2739 1156 3068 1224 praedicare,
3098 1153 3252 1222 juxta
3303 1171 3399 1209 sua
3449 1158 3504 1209 in
3539 1153 3585 1184 "’

2011 1248 2204 1301 divinis
2231 1246 2456 1316 eloquiis
2503 1245 2764 1316 symbolo,
2802 1260 2896 1315 per
2946 1261 3103 1317 quae,
3152 1248 3398 1315 quamvis
3425 1246 3583 1301 dissi-

2010 1339 2156 1393 milia
2188 1339 2313 1402 sint,
2366 1338 2520 1392 nobis
2564 1337 2993 1392 manifestantur.
3037 1337 3513 1408 Consequenterque
3540 1336 3585 1370 "

2010 1430 2091 1483 his
2124 1429 2295 1482 dicere
2313 1470 2327 1490 ,
2354 1428 2594 1498 qualibus
2622 1429 2808 1482 divinis
2833 1428 3231 1498 formationibus
3260 1428 3501 1483 caelestes
3519 1428 3586 1497 ﬁ—

2011 1527 2199 1587 gurant
2219 1518 2425 1570 ordines
2448 1517 2769 1586 eloquiorum
2789 1534 2971 1571 sacrae
2985 1518 3347 1588 descriptiones
3366 1517 3426 1570 i’.
3448 1518 3582 1571 Dum

2012 1608 2145 1663 haec
2169 1649 2183 1671 ,
2213 1607 2407 1676 inquit,
2431 1622 2568 1675 quae
2598 1607 2979 1677 praediximus,
3000 1609 3343 1677 consequenti
3368 1618 3587 1662 natura-

2014 1697 2156 1765 lique
2206 1696 2394 1750 ordine
2448 1694 2646 1749 fuerint
2696 1695 3028 1750 considerata
3054 1735 3068 1761 ,
3111 1706 3321 1765 oportet
3362 1697 3582 1759 dicere,

1940 1790 1983 1847 Β
2014 1787 2198 1855 quales
2235 1786 2445 1839 divinas
2493 1786 2840 1840 formationes
2890 1781 3201 1841 sanctorum
3250 1787 3584 1855 eloquiorum

2018 1893 2203 1933 sacrae
2233 1879 2616 1948 descriptiones
2650 1877 2719 1942 ’°,
2764 1879 2865 1932 hoc
2914 1889 3016 1943 est,
3064 1886 3246 1932 sancta
3292 1878 3587 1933 formarum

2017 1969 2331 2025 assimilatio
2361 1971 2425 2024 ad
2472 1970 2729 2025 caelestes
2775 1970 2992 2025 ordines
3032 1970 3409 2039 signiﬁcandos
3452 1968 3589 2037 ligu-

2020 2068 2140 2113 rant
2165 2068 2323 2128 atque
2350 2058 2707 2123 conformant,
2736 2071 2913 2113 utrum
2942 2059 3217 2114 absolutae
3244 2060 3349 2114 sint
3379 2068 3436 2114 et
3459 2075 3490 2112 a
3525 2072 3589 2115 se

2020 2149 2247 2203 invicem
2305 2150 2641 2204 naturalibus
2687 2149 3001 2204 dill'erentiis
3063 2148 3348 2209 discretae.
3394 2158 3454 2203 ut
3502 2156 3589 2205 est

2019 2240 2252 2294 hominis
2274 2239 2497 2308 efﬁgies,
2531 2255 2622 2294 seu
2655 2239 2841 2301 leonis,
2879 2254 2970 2292 seu
3002 2239 3230 2308 aquilae,
3263 2254 3329 2292 an
3359 2237 3590 2292 diversis

2016 2330 2339 2384 naturalium
2391 2346 2569 2384 rerum
2623 2331 2942 2400 imaginibus
2969 2347 3070 2383 una
3113 2331 3374 2400 quaedam
3419 2329 3585 2383 mixta

2018 2429 2073 2474 et
2091 2420 2383 2489 composita
2412 2421 2721 2490 imaginatio
2748 2420 2818 2473 sit
2840 2421 2904 2483 ²¹,
2937 2429 2992 2473 ut
3022 2430 3134 2473 rota
3163 2421 3213 2473 in
3245 2428 3384 2483 rota,
3415 2419 3586 2473 mixta

2017 2526 2229 2579 quoque
2260 2519 2489 2580 quatuor
2534 2509 2807 2575 animalia,
2840 2510 2941 2563 sibi
2989 2511 3215 2563 invicem
3262 2510 3314 2563 in
3367 2507 3589 2578 singulis

2018 2616 2282 2655 connexa.
2317 2600 2576 2669 Sequitur
2607 2617 2620 2653 :
2670 2608 2719 2653 et
2750 2600 2817 2651 ad
2846 2599 3049 2667 qualem
3082 2608 3278 2667 oportet
3312 2599 3589 2651 ascendere

2017 2707 2109 2760 per
2147 2689 2343 2759 formas
2378 2689 2642 2744 ueritatem
2681 2689 2750 2752 “,
2793 2689 2937 2742 velut
2977 2688 3022 2719 ³³
3049 2687 3356 2756 expressius
3408 2696 3585 2740 trans-

2019 2782 2146 2835 ferri
2176 2790 2354 2850 potest
2394 2798 2406 2833 :
2436 2795 2531 2849 per
2558 2779 2809 2849 ﬁgmenta
2851 2778 2902 2832 in
2949 2793 3055 2832 non
3090 2777 3418 2847 ﬁgmentum.
3449 2775 3590 2831 Con-

2019 2889 2249 2943 sequens
2277 2881 2373 2935 est,
2409 2873 2600 2941 inquit,
2645 2872 2842 2935 dicere,
2877 2871 2939 2924 ad
2962 2870 3172 2939 qualem
3205 2879 3259 2922 et
3298 2884 3457 2938 quam
3486 2883 3589 2937 pu-

2019 2982 2135 3020 ram
2176 2972 2231 3019 et
2299 2964 2565 3019 sinceram
2618 2962 3025 3033 intelligibilium
3077 2976 3256 3015 rerum
3308 2958 3587 3014 veritatem

2019 3057 2165 3111 omni
2216 3054 2470 3126 ﬁgmento
2510 3063 2779 3108 carentem
2824 3061 3036 3123 oportet
3086 3067 3183 3106 nos
3225 3051 3369 3105 claro
3394 3050 3589 3105 mentis

346 3144 888 3206 deloutis,dissimilia
909 3142 1913 3211 veropurisintellectibus,adquorum
1943 3138 1987 3199 C
2018 3148 2260 3203 contuitu
2297 3144 2606 3201 ascendere.
2658 3145 2724 3199 Et
2765 3160 2868 3215 qua
2922 3144 3131 3198 ratione
3174 3142 3429 3197 debemus
3476 3150 3611 3199 tam.

346 3232 849 3301 contemplationem
883 3247 981 3300 per
1004 3232 1093 3285 illa
1122 3240 1306 3286 noster
1340 3232 1553 3285 ducitur
1587 3232 1912 3287 intellectus.

419 3320 447 3391 §
486 3328 536 3373 1.
572 3319 784 3389 Oportet
814 3320 993 3389 igitur,
1023 3328 1079 3373 ut
1106 3320 1343 3385 aestimo,
1389 3321 1613 3390 primum
1641 3338 1916 3390 exponere,

348 3428 504 3478 quam
550 3411 757 3481 quidem
806 3428 915 3465 esse
962 3410 1365 3480 speculationem
1418 3414 1586 3467 omnis
1630 3414 1918 3466 ierarc/tiae

347 3503 701 3557 aestimamus.
730 3503 843 3559 Hoc
865 3513 946 3558 est
973 3523 986 3558 :
1008 3507 1139 3560 ordo
1167 3521 1344 3560 rerum
1368 3507 1556 3577 exigit,
1580 3515 1637 3559 ut
1663 3508 1914 3571 arbitror,

350 3592 661 3663 priusquam
690 3595 757 3649 ad
798 3596 1185 3664 expositionem
1222 3596 1265 3627 ¹⁸
1291 3597 1626 3651 dissimilium
1661 3598 1920 3668 symbolo-

353 3697 496 3746 rum,
526 3699 623 3752 per
649 3699 787 3753 quae
814 3685 879 3738 ad
906 3700 1093 3754 puram
1121 3685 1431 3740 caelestium
1474 3687 1727 3741 virtutum
1758 3688 1919 3741 visio-

348 3786 475 3828 nem
522 3772 732 3826 animus
781 3773 1172 3836 introducitur,
1227 3775 1505 3829 veniamus
1552 3776 1594 3806 “
1629 3815 1643 3838 ,
1690 3775 1917 3845 primum

350 3863 656 3932 explanare,
686 3865 895 3933 qualem
944 3865 1399 3936 speculationem,
1453 3866 1505 3920 id
1541 3876 1661 3931 est,
1709 3868 1917 3935 qualem

351 3953 723 4010 deﬁnitionem
769 3956 1072 4026 judicamus
1116 3972 1235 4012 esse
1279 3958 1456 4012 omnis
1499 3958 1816 4023 ierarchiae,
1865 3959 1918 4012 id

351 4055 438 4099 cst
462 4046 782 4100 universalis
811 4047 1123 4101 ierarchiae.
1155 4047 1250 4101 Est
1274 4048 1417 4102 enim
1446 4047 1711 4115 generalis
1755 4049 1921 4100 ierar-

353 4134 494 4198 chia,
531 4151 692 4203 quam
719 4136 762 4167 υ
790 4136 1111 4206 generaliter
1137 4145 1350 4206 Oportet
1393 4137 1600 4191 deﬁniri
1627 4178 1641 4201 ,
1671 4138 1921 4206 quoniam

354 4227 710 4281 subdividitur
733 4227 782 4280 in
807 4227 1000 4282 multas
1032 4227 1346 4292 ierarchias,
1370 4243 1506 4297 quae
1532 4228 1690 4283 veluti
1720 4228 1924 4297 species

356 4319 524 4387 ipsius
566 4327 710 4380 sunt,
748 4333 979 4387 suasque
1017 4319 1275 4388 speciales
1318 4318 1658 4374 deﬁnitiones
1702 4320 1769 4373 ab
1812 4318 1925 4372 lau-

358 4407 653 4461 datoribus.
688 4407 751 4459 Et
782 4407 826 4439 ³³
850 4408 973 4477 quid
1001 4424 1336 4477 unaquaeque
1361 4447 1376 4471 ,
1424 4407 1630 4476 species
1663 4406 1926 4476 generalis

2017 3239 2124 3293 alte
2198 3237 2523 3292 ascendere?
2566 3236 2822 3304 Sequitur
2866 3253 2879 3288 :
2927 3245 2983 3288 ut
3031 3251 3134 3288 non
3185 3243 3234 3286 et
3280 3249 3373 3286 nos
3411 3232 3590 3285 eodem

2017 3326 2171 3381 modo
2206 3327 2336 3380 velut
2365 3326 2542 3379 multis
2569 3327 2616 3357 "
2643 3325 2906 3378 immunde
2954 3324 3303 3378 existimemus
3345 3320 3590 3376 caelestes

2016 3427 2064 3470 et
2086 3417 2363 3485 deiformes
2386 3417 2588 3470 animos
2610 3415 2912 3485 multipedes
2934 3430 3042 3468 esse
3053 3414 3386 3485 quosdam,et
3403 3412 3593 3465 multo-

2020 3523 2134 3560 rum
2151 3507 2404 3571 vultuum,
2428 3517 2474 3559 et
2499 3507 2567 3559 ad
2587 3507 2738 3559 boum
2760 3505 3282 3574 pecudalitatem,aut
3300 3504 3368 3557 ad
3384 3504 3592 3557 leonum

2019 3596 2283 3649 bestialem
2307 3596 2730 3665 imaginationem
2752 3594 3005 3664 formatos
3027 3593 3094 3657 ³⁸,
3119 3603 3165 3646 et
3194 3592 3262 3646 ad
3291 3590 3591 3662 aquilarum

2019 3701 2175 3739 curvo
2216 3695 2384 3738 rostro
2429 3674 2645 3754 speciem
2672 3724 2686 3748 ,
2717 3694 2809 3736 aut
2854 3683 2923 3736 ad
2965 3683 3252 3738 volatilium
3278 3681 3588 3751 tripertitam

2019 3777 2223 3830 alarum
2261 3775 2650 3829 commotionem
2704 3773 3025 3843 efﬁguratos.
3085 3773 3160 3827 Ea
3213 3772 3349 3826 ratio
3374 3778 3475 3834 est,
3514 3769 3593 3824 in-

2023 3867 2157 3938 quit,
2187 3880 2326 3935 quae
2350 3880 2447 3919 nos
2472 3863 2724 3918 admonet
2744 3864 2790 3894 ³⁸
2810 3903 2827 3928 ,
2851 3862 2990 3917 ultra
3041 3875 3228 3917 omnes
3252 3859 3593 3932 propheticas

2022 3956 2256 4010 visiones
2303 3962 2357 4009 et
2398 3952 2747 4007 formationes
2793 3952 2988 4005 mentis
3026 3949 3264 4005 contuitu
3294 3947 3593 4018 supervoli—
3671 4013 3675 4016 ν

2024 4056 2161 4108 tare,
2191 4060 2258 4099 ne
2285 4053 2340 4099 et
2366 4060 2469 4098 nos
2495 4045 2681 4098 eodem
2732 4044 2890 4097 modo
2911 4083 2926 4106 ,
2975 4042 3114 4096 sicut
3140 4050 3195 4094 et
3221 4040 3375 4094 multi
3405 4053 3593 4095 carna-

2025 4140 2148 4194 liter
2174 4138 2472 4208 spiritualia
2502 4138 2817 4206 cogitantes,
2869 4143 2921 4188 et
2949 4134 3086 4187 ultra
3119 4147 3180 4187 ea
3204 4173 3219 4197 ,
3267 4146 3403 4201 quae
3433 4145 3595 4184 sensu

2024 4244 2282 4298 corporeo
2333 4228 2665 4296 percipiunt,
2713 4225 2843 4279 nihil
2892 4225 2934 4255 "’
2985 4239 3105 4278 esse
3150 4221 3436 4277 immundis
3482 4219 3598 4273 suis

2023 4317 2434 4389 cogitationibus
2461 4318 2507 4348 ’⁸
2539 4324 2808 4386 putantes,
2837 4315 3203 4369 existimemus
3222 4353 3236 4376 ,
3268 4310 3469 4365 similes
3493 4309 3597 4362 illis

2030 4408 2178 4469 facti.
2215 4405 2476 4461 caelestes
2519 4413 2572 4458 et
2620 4403 2908 4457 deil‘ormes
2938 4400 3309 4470 angelicamm,
3338 4398 3594 4451 virtutum

357 4496 674 4560 ierarchiae,
711 4497 897 4550 divinis
950 4498 1060 4551 suis
1110 4497 1305 4567 profuit
1363 4497 1407 4528 “
1457 4497 1818 4551 laudatoribus
1862 4497 1930 4563 ³⁸,
1964 4485 2008 4543 Ι)
2034 4498 2259 4558 animos,
2292 4494 2551 4564 quosdam
2602 4492 2816 4561 quidem
2863 4489 3060 4544 multos
3092 4489 3254 4557 pedes
3284 4484 3600 4539 naturaliter

359 4586 462 4639 hoc
507 4596 604 4645 est.
662 4585 871 4654 qualem
916 4595 972 4640 et
998 4596 1250 4654 quantam
1298 4587 1744 4656 pulchritudinem
1792 4602 1927 4642 con-

362 4675 481 4731 tulit
508 4676 613 4739 his,
642 4678 730 4744 qui
757 4692 853 4745 per
895 4691 1014 4730 eam
1044 4687 1098 4731 et
1148 4678 1202 4730 in
1249 4692 1313 4730 ea
1361 4678 1567 4733 divinas
1611 4678 1799 4733 laudes
1825 4679 1931 4732 fre—

2035 4587 2270 4649 habere,
2327 4585 2451 4639 dum
2507 4582 2870 4637 membrorum
2940 4593 3195 4648 compage
3240 4573 3597 4645 corporalium

2034 4676 2255 4730 omnino
2283 4682 2484 4734 carent,
2526 4672 2787 4740 quosdam
2814 4684 2942 4724 vero
2971 4668 3166 4722 multas
3195 4665 3404 4734 species
3444 4661 3601 4716 simul

1645 4803 1900 4859 VABIAE
1935 4802 2333 4858 LECTIONES.

438 4923 454 4951 ι
495 4916 720 4985 capitulo
764 4932 870 4987 oni.
930 4918 1000 4975 B:
1057 4916 1098 4970 Β
1130 4920 1146 4938 ’
1206 4932 1376 4987 marg.
1431 4918 1609 4987 adscr.
1656 4917 1827 4971 titulo.

367 4992 387 5021 ³
412 5004 555 5068 quas
589 4986 897 5068 Ptlk‘ABC,
937 4986 1111 5068 addidi
1157 5003 1225 5041 ex
1250 4986 1410 5068 coni.
1453 5056 1465 5068 _
1517 4986 1538 5017 ‘
1648 5004 1728 5068 ea.

366 5076 464 5113 ms.
592 5076 612 5086 ν
652 5076 692 5108 D
763 5076 932 5124 marg.
965 5076 1139 5109 auscr.
1168 5076 1192 5109 ri

367 5131 408 5181 ἱ.
466 5144 512 5180 e.
562 5126 802 5195 extasint,
942 5135 1192 5195 extasym.

369 5214 529 5250 mum.
637 5194 681 5226 ¹⁰
722 5194 813 5247 Sic
860 5193 923 5257 C,
969 5194 1057 5247 ΑΒ
1096 5193 1504 5262 expositionum.

370 5275 503 5320 text.
553 5279 730 5333 graec.
774 5272 828 5316 et
868 5263 1072 5327 versio;
1126 5263 1214 5316 AB
1259 5265 1420 5327 idem,
1470 5264 1511 5319 C
1553 5265 1591 5316 i.
1639 5281 1686 5317 e.

377 5403 581 5470 tpunét.
609 5403 781 5472 adjec.
810 5405 1021 5457 videtur
1048 5403 1088 5455 Β
1109 5407 1169 5470 ’).

378 5485 710 5543 quenterque,
750 5473 837 5528 AC
884 5472 1428 5543 consequentibusque.

374 5614 421 5645 ³³
462 5610 549 5663 ΑΒ
596 5613 765 5675 velud,
807 5613 885 5665 sic
933 5611 971 5663 Β
1010 5611 1226 5680 passim.

377 5682 457 5736 sic
497 5695 723 5750 semper.
802 5684 841 5713 ³⁷
886 5681 925 5732 Β
974 5680 1150 5743 nichil,
1208 5682 1284 5734 sic
1333 5682 1545 5748 ubique.

1295 5119 1397 5179 ⁸’Β
1441 5130 1458 5146 ¹
1502 5141 1672 5195 marg.
1726 5126 1903 5180 adscr.
1936 5119 2120 5180 'Notat
2168 5125 2233 5177 de
2297 5124 2445 5175 tertio
2492 5136 2674 5190 genere
2710 5119 2941 5171 visionis.

1295 5195 1481 5227 una...“
1650 5195 1692 5227 tt
1727 5195 1857 5227 nm:
1979 5194 2100 5227 ann
2154 5193 2412 5227 1......ηηιη
2557 5189 2600 5220 ιι
2651 5188 2788 5227 Cnrr
2849 5187 2928 5227 κ’

1727 5195 1922 5265 Conj.,
1970 5194 2101 5248 ABC
2151 5193 2434 5246 humanus.
2557 5193 2600 5220 "
2651 5193 2806 5241 Corr.
2848 5193 3006 5250 B",
3055 5193 3185 5239 Alit;

1855 5265 1897 5295 “
1958 5263 2153 5333 profuit
2197 5277 2304 5333 om.
2349 5258 2792 5333 n8,_ad_marg.
2841 5258 3016 5311 adscr.
3060 5253 3195 5333 B‘_‘

371 5337 474 5390 cies
504 5337 687 5405 ipsius
709 5333 958 5404 jeneralis
1008 5333 1260 5405 ierarcliie
1280 5333 1495 5405 divinam
1528 5334 1723 5405 profuit
1762 5333 2141 5405 laudatoribus.

1249 5403 1290 5434 ⁸⁷
1333 5403 1423 5456 Sic
1456 5399 1595 5466 C,in
1620 5399 1729 5456 oni.
1784 5402 2068 5470 AB,supra
2097 5401 2269 5470 adscr.
2302 5399 2342 5452 Β
2363 5400 2403 5470 '_.

1533 5471 1574 5503 ¹⁹
1616 5472 1659 5525 Α
1697 5465 2058 5536 dispositiones
2085 5510 2100 5532 ,
2135 5468 2176 5523 C
2212 5467 2610 5537 descripciones.
2687 5465 2732 5495 ὀ

376 5538 679 5611 scriptiones
710 5558 907 5595 sacrae.
938 5538 1058 5596 Pro'
1090 5559 1273 5595 sacrae
1294 5538 1679 5611 descriptiones.
1710 5540 1799 5594 AC
1848 5556 1999 5594 sacra
2022 5538 2316 5611 descriptio.

1324 5610 1372 5642 ’δ
1408 5610 1599 5665 Βτίιᾱ.
1652 5626 1793 5664 corr.
1839 5611 2010 5662 multi.

1624 5680 1667 5708 "
1710 5678 1798 5732 Sic
1850 5680 1910 5742 (ἶ,
1939 5686 1991 5731 et
2017 5678 2131 5732 rad.
2165 5693 2306 5732 corr.
2341 5675 2427 5738 B',
2463 5675 2550 5728 AB
2585 5672 2937 5737 cogitationes.

1938 4918 1959 4948 ’
1994 4919 2055 4972 B‘
2111 4933 2281 4986 marg.
2334 4915 2508 4986 adscr.
2567 4927 2842 4986 epygrama
2893 4920 2965 4986 est
3004 4909 3062 4986 _i.
3111 4925 3157 4962 e.
3211 4904 3599 4986 superscriptio.

1843 4988 1864 5019 ⁵
1897 4987 1977 5041 Β*
2027 5003 2197 5055 marg.
2226 4975 2409 5055 adscr.
2452 4975 3411 5055 Nota't'lijodistinctionem‘triplicis
3454 4975 3605 5055 uisio-

591 5055 612 5086 ⁸
652 5055 692 5108 Β
716 5057 732 5075 ⁶
763 5072 932 5126 marg.
965 5056 1139 5109 adscr.
1168 5067 1290 5110 nota
1327 5056 1465 5126 quod
1503 5058 1703 5109 extasin
1745 5067 1888 5110 vocat
1936 5054 2267 5126 fantasticam
2314 5054 2582 5126 visionem.

2680 5051 2699 5082 ⁷
2740 5050 2829 5102 ΑΒ
2861 5051 3079 5113 ἰξτασιν,
3109 5046 3151 5099 Β
3175 5047 3191 5066 ¹
3226 5042 3604 5113 marg._atlscr.

3042 5116 3064 5147 ⁹
3104 5115 3196 5169 Sic
3235 5112 3297 5174 C.
3350 5110 3439 5166 ἈΒ
3486 5110 3607 5163 inti-

3436 5180 3479 5211 "
3516 5180 3609 5234 Sic

3349 5249 3393 5282 is
3428 5249 3469 5303 (ς
3494 5266 3608 5317 spe.

2250 5330 2294 5361 ³⁸
2333 5330 2422 5383 Sic
2467 5327 2531 5388 Ο,
2578 5327 2619 5381 Δ
2667 5320 3090 5395 frequentantur,
3137 5321 3191 5395 BA
3216 5320 3610 5391 frequentantur

2480 5397 2524 5428 ⁸⁸
2556 5391 3063 5456 Bconsequentibus,
3100 5391 3215 5445 rad.
3252 5405 3389 5444 corr.
3431 5403 3609 5441 conses-

2839 5464 3489 5551 eloquiqrunt‘sgitctorunt
3519 5457 3607 5508 ile-

2747 5534 2792 5565 "
2825 5529 3106 5591 Sic'CB',
3154 5529 3243 5583 AB
3288 5532 3604 5580 varietatem.

2747 5611 2971 5654 irmatns.
3100 5598 3145 5631 ²⁶
3198 5596 3287 5651 ΑΒ
3331 5604 3604 5654 anmmact,

2557 5189 2600 5220 ¹²
2651 5188 2806 5241 Corr.
2848 5187 2890 5240 Β
2911 5190 2928 5207 ¹
2951 5187 2971 5208 ⁶
2992 5226 3006 5250 ,
3055 5183 3185 5239 ABG
3213 5199 3330 5253 que.

2414 5537 2457 5566 ἰ
2494 5536 2539 5589 Α
2567 5537 2646 5604 ﬁt.

2127 5604 2360 5661 “Corr.
2414 5605 2530 5664 B‘,
2572 5606 2660 5658 AB
2702 5604 2971 5671 formatas.
