3920 6154
40 4968 41 5031 ἐ

40 5090 53 5133 pP

40 5346 53 5387 I

42 5388 51 5427 Γ

180 426 189 429 _
256 334 344 392 “5
835 383 840 386 -
1057 343 1281 400 SUPER
1312 347 1735 405 lEllAllClllAM
1773 351 2181 410 CAELES'I‘EM
2222 355 2281 410 S.
2320 354 2634 411 DlONYSll.
3362 357 3465 414 Mli

251 450 567 551 committas,
593 460 715 551 cum
744 455 1095 551 omni-specie
1122 461 1337 527 visibili,
1368 463 1481 517 sive
1522 465 1753 521 discrela
1779 508 1795 532 ,
1828 476 1871 531 Α
1902 469 2030 536 ipsis
2061 469 2435 533 intellectihus,
2464 486 2689 540 quorum
2717 471 2956 540 symbolo
2988 481 3130 533 sunt,
3164 472 3314 540 quasi
3358 478 3473 544 ipsa

251 539 351 638 sive
614 540 845 638 absoluti
862 544 1263 616 sint,qnosdam
1286 553 1338 604 in
1358 551 1531 622 efﬁgie
1549 553 1708 609 boum
1727 572 1800 609 ιε’-
1897 558 2044 621 sint,
2094 559 2443 627 accipiantur,
2484 538 2703 628 oportet
2745 538 3036 615 ascendere
3061 601 3077 624 .
3126 538 3354 631 ﬁctaque
3380 538 3466 617 ves

252 628 922 702 rationabilium,quosdam
946 636 999 690 in
1022 638 1255 710 imagine
1270 642 1526 698 l'erocium
1564 646 1795 714 leonum,
1896 646 2040 701 veris
2073 662 2377 717 segregare.
2427 647 2719 718 Sequitur:
2757 650 2961 704 Etenim
3011 651 3158 705 valde
3208 628 3466 719 artiﬁcia:

250 718 487 789 quosdam
516 721 569 774 in
590 723 769 790 specie
802 726 1125 793 aquilarum,
1145 746 1370 801 quarum
1397 736 1642 791 naturale
1670 752 1797 807 pro-
1896 734 2012 789 liter
2048 737 2093 768 “
2143 737 2398 805 theologia
2458 738 2673 806 {actitiis
2736 740 2901 792 sacris
2958 718 3356 808 formationibus
3411 757 3468 796 tn

248 815 405 877 prtum
426 820 508 864 est
536 815 697 867 rostri
725 826 1037 881 curvatura,
1062 824 1319 889 quosdam
1348 839 1440 878 sex
1465 825 1577 880 alas
1600 827 1799 882 habere
1897 842 2001 879 non
2042 826 2281 894 ﬁguratis
2321 826 2660 882 intellectibus
2702 845 2795 881 usa
2839 840 2937 890 est,
2983 840 3238 893 nostrum,
3284 841 3339 884 ut
3381 835 3470 885 dt-

250 897 486 989 volatiles,
504 916 733 971 quarum
759 905 1014 962 triformis
1036 909 1343 966 distributio
1363 922 1465 974 est,
1489 923 1543 968 et
1559 931 1660 969 una
1684 916 1801 986 qui-
1896 925 2035 969 etum
2057 926 2152 980 est,
2185 918 2420 971 animum
2451 916 2705 983 relevans,
2732 930 2778 971 et
2792 920 2888 988 ipsi
2909 921 3118 989 propria
3145 931 3191 974 et
3214 933 3468 975 commta-

247 988 349 1043 dem
371 990 421 1042 in
441 991 571 1045 duas
593 992 1308 1056 vnltumanimalisvelantes
1331 1004 1369 1066 ί,
1403 1003 1571 1056 altera
1590 1004 1641 1058 in
1663 1005 1797 1061 duas
1894 1007 1997 1062 rali
2042 1009 2340 1062 reductione
2380 1008 2654 1076 providens
2684 1048 2699 1073 ,
2745 1019 2792 1062 et
2844 1010 2912 1062 ad
2953 988 3121 1079 ipsum
3175 1009 3467 1077 reformans

244 1079 456 1150 ejusdem
469 1082 717 1138 animalis
736 1087 902 1165 pedes
920 1093 1350 1158 tegentes,tertia
1368 1094 1418 1146 in
1438 1094 1569 1149 duas
1585 1111 1795 1151 sursum
1893 1096 2204 1165 anagogicas
2229 1112 2410 1150 sacras
2439 1094 2765 1166 Scripturas.
2784 1095 3082 1165 Siquidem,
3110 1096 3300 1166 inquit,
3332 1099 3461 1151 mul.
3516 1162 3526 1167 _

247 1172 927 1266 semperfxpans-is-pennis
967 1178 1271 1235 volitantes.
1310 1183 1454 1238 llaec
1484 1185 1628 1238 ettim
1670 1195 1796 1240 sunt
1894 1192 2006 1241 tum
2049 1183 2340 1240 artiﬁciose
2392 1185 2692 1255 theologia,
2746 1187 2836 1241 illa
2887 1187 3132 1242 videlicet
3163 1188 3333 1242 virtus
3377 1188 3460 1247 ⁸⁸,

246 1253 497 1307 dissimilia
526 1258 774 1353 sgmbola
824 1261 876 1314 in
937 1265 1268 1334 propheticis
1310 1269 1625 1333 visionibus,
1668 1270 1723 1324 in
1772 1270 1794 1302 ⁸
1893 1290 2033 1345 quae
2060 1276 2375 1331 naturaliter
2409 1253 2658 1353 humanis
2687 1278 2825 1333 inest
2868 1278 3137 1353 mentibus
3165 1280 3231 1333 ad
3261 1280 3471 1336 divinas

244 1360 407 1439 eorum
432 1348 819 1417 prophetarum
850 1353 1041 1421 spiritu
1070 1357 1531 1413 administratione
1556 1359 1793 1429 angelica
1894 1366 2129 1421 rationes
2152 1366 2514 1435 quaerendas,
2540 1350 2976 1438 investigandas,
3008 1348 3466 1439 contemplandas,

244 1436 505 1533 plasmata,
521 1439 595 1492 ad
629 1447 869 1533 nostram
893 1443 1247 1500 eruditionem
1270 1458 1326 1502 et
1348 1449 1792 1504 introductionem
1892 1456 2169 1521 amandas,
2198 1455 2439 1520 laetitiis,
2470 1457 2572 1512 hoc
2601 1466 2703 1520 est,
2733 1436 2871 1513 lictis
2895 1459 3096 1513 sanctis
3126 1436 3466 1530 ima—ginatio;

245 1528 300 1581 ad
324 1528 638 1596 purissimas
665 1532 981 1589 caelestium
1009 1539 1364 1593 essentiarum
1390 1540 1443 1594 in
1464 1541 1789 1610 semetipsis,
1891 1547 2075 1612 nibus,
2102 1546 2170 1602 ad
2210 1547 2589 1618 signiﬁcandos
2617 1546 2826 1603 divinos
2865 1546 3183 1612 intellectus,
3212 1528 3302 1618 qui
3321 1548 3465 1603 omni

246 1626 422 1672 remota
448 1621 603 1674 omni
652 1623 989 1691 phantastica
1035 1626 1057 1658 ⁸
1105 1627 1478 1697 plasmatione,
1528 1631 1791 1700 cognitio-
1892 1636 2064 1706 ﬁgura
2088 1645 2144 1691 et
2172 1635 2344 1692 forma
2383 1638 2585 1706 scripta
2611 1647 2667 1692 et
2690 1637 2933 1693 sensibili
2981 1646 3185 1701 carent,
3218 1652 3313 1691 usa
3362 1645 3466 1703 est,

247 1720 343 1809 ηδ.
363 1707 402 1761 ⁸-
429 1707 601 1809 Quae-
639 1710 666 1743 ⁸
703 1714 1015 1809 prophetica
1054 1715 1308 1788 ﬁgmenta
1337 1719 1382 1774 si
1411 1721 1533 1789 quis
1579 1723 1793 1778 incaute
1894 1728 1983 1780 tali
2014 1742 2244 1796 namque
2271 1737 2390 1783 arte
2416 1727 2462 1759 “
2484 1727 2728 1782 [letarum
2758 1727 3049 1798 imaginum
3088 1727 3326 1781 animum
3368 1743 3466 1781 no-

246 1800 549 1899 cogitaverit.
580 1801 663 1899 i2
687 1811 749 1857 ιιι
774 1803 827 1859 in
844 1805 940 1899 ‘eis
986 1806 1010 1838 ⁸
1043 1808 1204 1863 linem
1246 1810 1565 1881 cognitionis
1611 1827 1741 1868 suae
1766 1814 1789 1846 '
1821 1817 1865 1875 Β
1892 1828 2064 1873 atrum
2116 1818 2378 1883 relevans,
2406 1818 2551 1874 velut
2582 1820 2887 1888 expressius
2935 1818 3213 1874 transferri
3259 1828 3464 1888 potest,

1312 1866 1342 1881 ν
1622 1866 1629 1867 κ
1720 1866 1733 1868 -
1821 1866 1864 1875 -.
1893 1866 2064 1873 --νω
2116 1866 2378 1883 --η--η--π
2419 1866 2550 1874 ww
2586 1866 2887 1888 --τ-ν---η
2939 1866 3213 1874 -------ν---
3259 1866 3464 1888 rum.

244 1886 525 1983 constituat,
554 1866 755 1983 ePhon
792 1892 944 1983 ultra
973 1910 1037 1950 ea
1086 1897 1344 1952 ascendat
1380 1899 1432 1953 in
1461 1900 1793 1969 contempla-
1893 1909 2075 1963 animo
2101 1917 2287 1963 nostro
2327 1908 2612 1964 consulens
2634 1949 2649 1974 ,
2691 1909 2900 1979 ipsique
2945 1910 3126 1964 animo
3158 1910 3374 1981 propria
3411 1918 3467 1964 et

247 1980 417 2029 tionem
444 1992 635 2034 rerum
676 1980 1122 2052 intelligibiliu'm,
1152 2001 1378 2057 quarum
1410 1987 1503 2042 illa
1534 1989 1794 2061 imagines
1894 1997 2229 2052 connaturali
2264 1998 2574 2054 reductione
2595 2039 2610 2063 ,
2642 2014 2778 2067 quae
2808 1998 3058 2055 videlicet
3104 2000 3376 2070 ingeniose
3409 1999 3465 2055 in

246 2076 371 2134 δαιτί,
396 2085 496 2126 non
521 2072 707 2127 solum
734 2074 902 2144 ipsius
922 2076 1133 2133 animus
1153 2095 1259 2133 non
1284 2092 1545 2151 purgatur
1567 2090 1621 2137 et
1640 2096 1796 2138 εκεῖ-
1894 2088 2213 2157 imaginibus
2243 2104 2423 2143 rerum
2456 2089 2787 2144 sensibilium
2817 2088 3104 2154 formatur,
3136 2105 3274 2160 quae
3307 2090 3463 2146 nobis

246 2164 413 2264 citatur
433 2206 449 2231 ,
477 2181 677 2224 venam
704 2170 868 2224 etiam
898 2171 1205 2240 turpissime
1229 2173 1485 2242 polluitur
1509 2182 1566 2229 et
1591 2173 1795 2231 stultis-
1892 2181 2067 2235 adhuc
2092 2180 2146 2234 in
2172 2194 2333 2236 carne
2359 2181 2668 2236 constitutis
2711 2181 3089 2241 connaturales
3124 2191 3342 2253 propter
3366 2182 3462 2237 de-

247 2259 360 2345 sinle
402 2259 749 2326 opprimitur.
798 2260 856 2314 ln
907 2261 1106 2330 quibus
1166 2273 1343 2317 autem
1412 2262 1791 2333 prophetarum
1892 2271 2019 2328 licta
2049 2279 2229 2326 nostra
2257 2271 2307 2304 “
2325 2282 2473 2340 sunt,
2494 2274 2802 2344 providens,
2824 2274 2892 2329 ad
2919 2274 3115 2345 ipsum,
3145 2275 3242 2329 hoc
3266 2284 3370 2340 est,
3396 2272 3463 2330 ad

248 2344 968 2444 ιειεερίδίοηεεηιεευηιην.
1019 2351 1344 2444 ευρετίιυυηι
1391 2362 1475 2408 εει
1521 2353 1792 2418 inserere.
1892 2363 2062 2432 ipsius
2108 2363 2271 2418 animi
2320 2366 2706 2431 reductionem,
2742 2344 2958 2421 sanctas
3016 2366 3324 2435 Scripturas
3368 2381 3463 2422 an-

249 2435 467 2500 quoniam
494 2435 759 2491 omnibus
804 2453 995 2495 sacrae
1031 2441 1054 2472 '
1104 2438 1416 2510 Scripturae
1444 2442 1630 2511 peritis
1675 2441 1795 2497 luce

1903 2455 2162 2526 agogicas,
2192 2470 2403 2510 sursum
2434 2456 2639 2512 scilicet
2664 2458 2902 2511 animum
2931 2457 3205 2517 ducentes.
3252 2456 3468 2513 confor-

246 2524 417 2581 clarius
459 2538 779 2584 occurrunt.
833 2529 1092 2601 Sequitur
1137 2546 1153 2586 :
1200 2530 1271 2586 Et
1311 2542 1451 2587 rotas
1494 2532 1792 2604 quasdam'
1892 2524 2077 2598 mavit.
2126 2545 2204 2600 Ac
2252 2545 2297 2599 si
2346 2555 2529 2615 aperte
2573 2546 2810 2612 diceret:
2861 2545 3320 2614 Quemadmodum
3374 2563 3465 2603 ars

247 2619 397 2687 igneas
422 2637 585 2689 super
612 2622 816 2676 caelum
844 2624 1208 2693 imaginemus,
1249 2624 1291 2656 ⁸⁸
1312 2634 1362 2679 et
1393 2625 1606 2680 thronos
1632 2634 1795 2679 mate-

1903 2633 2101 2701 poetica
2145 2648 2243 2703 per
2288 2634 2442 2689 ﬁctas
2491 2634 2697 2689 fabulas
2753 2634 3170 2705 allegoricasque
3217 2616 3467 2689 similitu-

248 2708 382 2763 τίσιες
406 2709 695 2766 Dii-inituri
741 2713 812 2767 ad
852 2715 1136 2769 recubitum
1190 2717 1524 2780 necessarios,
1566 2725 1793 2786 “equal
1893 2721 2046 2776 diues
2076 2721 2327 2777 moralem
2364 2723 2658 2777 doctrinam
2682 2716 2777 2777 'seu
2806 2723 3080 2795 physicam
3117 2723 3389 2792 componit
3417 2723 3466 2755 “

246 2803 467 2869 quadam
489 2803 872 2868 multicolora,
901 2814 951 2861 et
992 2806 1265 2875 armiferos
1292 2807 1695 2875 archistrategos
1725 2806 1789 2871 “,

1903 2815 1960 2869 ad
1989 2814 2344 2869 humanorum
2365 2815 2667 2869 animorum
2695 2815 3134 2871 exercitationem
3155 2855 3170 2879 ,
3200 2816 3301 2870 hoc
3321 2814 3465 2870 enim

246 2898 629 2965 “quaecunque
658 2894 768 2949 alia
802 2912 868 2949 ea:
888 2895 1105 2965 eloquiis
1140 2896 1286 2950 nobis
1328 2912 1477 2950 sacre
1512 2905 1561 2949 et
1595 2896 1795 2965 forma-
1892 2905 2166 2975 proprium
2214 2915 2298 2959 est
2344 2905 2681 2960 heroicorum
2735 2915 3049 2977 poetarum,
3096 2905 3186 2975 qui
3228 2906 3465 2960 virorum

248 2980 390 3035 biliter
438 2984 494 3037 in
554 2986 811 3040 varietate
871 2985 1367 3053 manifestativorum
1441 2985 1793 3056 symbolarum
1893 2992 2108 3049 fortium
2147 2993 2288 3049 facta
2326 3002 2382 3048 et
2412 3008 2590 3047 mores
2634 2992 2861 3064 ﬁgurate
2902 2993 3155 3048 laudant:
3196 2993 3269 3047 ita
3318 2994 3469 3050 theo-

244 3072 413 3126 tradita
433 3085 577 3128 sunt.
622 3074 682 3129 In
725 3076 974 3131 omnibus
1021 3076 1178 3147 hujus
1203 3075 1247 3109 ⁸⁸
1297 3077 1498 3148 periodi
1544 3077 1678 3132 colis
1706 3076 1794 3147 ⁸³,
1838 3151 1863 3154 _
1896 3083 2065 3154 logica
2100 3084 2267 3139 veluti
2316 3084 2579 3152 quaedam
2610 3084 2818 3153 poetria
2861 3092 3099 3137 sanctam
3130 3080 3464 3151 Scripturam

248 3159 354 3214 dum
383 3163 450 3217 sit
486 3165 789 3221 tetracolon
811 3206 827 3231 ,
877 3181 907 3219 a
954 3167 1319 3236 superioribus
1363 3167 1606 3237 aperitur
1638 3167 1796 3222 intel-

1903 3175 2039 3230 ﬂctis
2057 3174 2524 3247 imaginationibus
2537 3175 2602 3228 ad
2622 3172 2924 3229 consultum
2942 3174 3110 3228 nostri
3133 3173 3297 3227 animi
3315 3183 3370 3227 et
3390 3187 3468 3226 re-

208 4946 215 4963 '
314 4938 332 4971 ⁸
366 4937 452 4994 Sic
480 4940 598 4996 Cet
620 4955 763 4995 corr.
790 4938 877 5005 B',
907 4940 995 4994 ΛΒ
1026 4937 1273 4994 volantes.

248 3250 392 3309 lectus
428 3256 531 3312 sic:
588 3257 657 3312 Et
682 3266 742 3311 ut
766 3272 873 3315 non
904 3258 1256 3328 imaginemus
1290 3258 1367 3321 “',
1416 3269 1564 3314 rotas
1610 3259 1797 3330 igneas

247 3355 634 3421 supercaelum,
667 3355 770 3409 hoc
794 3364 894 3417 est.
921 3356 973 3409 in
1001 3356 1485 3425 supercaelestibus
1522 3356 1794 3421 essentiis,

247 3440 322 3495 ubi
352 3441 393 3475 "
414 3444 592 3498 nullus
615 3444 757 3514 ignis
777 3445 1047 3501 sensibilis
1071 3453 1176 3509 est,
1214 3453 1269 3498 et
1296 3453 1357 3499 ut
1402 3459 1507 3499 non
1537 3445 1797 3514 imagine-

250 3544 351 3585 mss
375 3531 417 3563 “
438 3533 643 3589 ibidem
672 3535 896 3590 thronos
920 3535 1244 3599 materialcs,
1273 3535 1376 3589 hoc
1401 3542 1506 3599 est,
1536 3535 1691 3588 sedes
1730 3548 1798 3589 ex

250 3626 485 3692 corporali
515 3626 745 3680 materia
774 3625 1084 3693 labricatas,
1109 3627 1176 3681 ad
1204 3627 1501 3682 recubitum
1524 3626 1799 3683 Divinitati

251 3716 593 3775 necessarios.
644 3714 790 3769 velut
822 3716 1130 3787 expressius
1176 3716 1501 3771 transfertur
1539 3728 1795 3788 opportu-

254 3816 334 3857 nos
359 3803 398 3838 ³⁷
420 3805 501 3861 vel
526 3814 834 3874 coaptatos,
863 3816 919 3861 et
942 3816 1001 3863 ut
1026 3822 1133 3862 non
1158 3806 1513 3876 imaginemus
1538 3807 1583 3840 ¹⁸
1609 3808 1663 3861 in
1690 3807 1798 3878 spi-

252 3894 504 3954 ritualibus
530 3900 747 3955 naturis
772 3900 1061 3956 armiferos
1087 3900 1524 3972 archistrategos,
1553 3900 1653 3957 hoc
1677 3909 1795 3968 est,

252 3988 517 4057 armigeros
561 3991 728 4046 duces
764 3991 1071 4062 principum
1095 3991 1384 4049 exercitus.
1418 3978 1801 4066 ’Apzwrparn-

252 4078 329 4151 τός
344 4080 385 4112 ¹⁸
402 4083 544 4137 enim
567 4083 770 4138 dicitur
780 4083 932 4153 quasi
957 4086 1139 4159 ἀρχῶν
1154 4091 1245 4139 τοῦ
1267 4090 1492 4158 στρατοῦ
1511 4085 1709 4156 ⁷⁵7⁸μῶ
1728 4083 1795 4150 ”ν

253 4171 375 4239 quod
418 4180 540 4240 est,
584 4173 893 4244 principum
939 4174 1209 4237 exercitus
1244 4174 1370 4227 dux.
1420 4172 1537 4241 Quo
1582 4173 1799 4229 nomine

255 4260 600 4328 signiﬁcantur
647 4263 897 4318 caelestis
955 4263 1226 4318 exercitus
1266 4263 1566 4334 principum
1613 4263 1794 4319 duces.
1860 4320 1867 4329 ,

253 4346 351 4403 Non
396 4353 553 4424 igitur
598 4354 937 4409 solummodo
962 4354 1231 4424 principes
1281 4354 1531 4410 caelestis
1574 4355 1797 4411 militiae

1898 3268 2198 3323 ductionem
2230 3264 2597 3336 corporalibus
2624 3265 2874 3321 sensibus
2894 3264 3273 3328 exterioribus,
3300 3263 3466 3318 veluti

1897 3375 1963 3414 ex
1990 3359 2220 3428 quadam
2248 3357 2557 3428 imperfecta
2580 3357 2833 3427 pueritia,
2870 3357 2924 3411 in
2958 3372 3138 3412 rerum
3164 3355 3470 3427 intelligibi-

1898 3449 2028 3504 lium
2046 3448 2333 3518 perlectam
2357 3447 2737 3518 cognitionem,
2766 3456 3020 3517 tanquam
3048 3447 3100 3501 in
3122 3448 3403 3516 quandam
3421 3446 3468 3478 ⁸⁸

1898 3538 2171 3594 interioris
2194 3538 2238 3570 "
2261 3538 2496 3593 hominis
2521 3537 2978 3609 grandaevitatem
3000 3535 3320 3591 conformat.
3350 3535 3467 3590 Non

1896 3642 2040 3697 enim
2093 3641 2142 3674 ⁸⁸
2204 3642 2469 3696 humanus
2508 3641 2720 3695 animus
2762 3648 2987 3709 propter
3040 3638 3279 3693 divinam
3323 3637 3471 3694 Scri-

1896 3749 2110 3811 pturam
2168 3738 2349 3796 factus
2382 3749 2486 3805 est,
2541 3737 2692 3808 cujus
2752 3737 2902 3794 nullo
2958 3737 3118 3792 modo
3171 3737 3466 3809 indigeret,

1897 3840 2079 3897 sinon
2130 3847 2421 3909 peccaret;
2474 3818 2569 3893 sed
2626 3848 2849 3909 propter
2886 3839 3179 3895 humanum
3230 3840 3469 3893 animum

1897 3947 2079 3997 sancta
2108 3937 2388 4009 Scriptura
2416 3937 2471 3992 in
2493 3936 2725 3992 diversis
2745 3937 3004 4008 symbolis
3022 3947 3187 4007 atque
3207 3937 3469 3991 doctrinis

1897 4045 2148 4092 contexta
2181 4035 2228 4068 ”
2256 4035 2462 4092 scilicet
2489 4043 2592 4100 est,
2622 4043 2681 4089 ut
2710 4049 2806 4104 per
2827 4035 2996 4104 ipsius
3022 4035 3467 4090 introductionem

1898 4137 2231 4194 rationabilis
2284 4146 2468 4192 nostra
2512 4146 2745 4202 natura,
2788 4150 2927 4206 quae
2970 4136 3356 4206 prevaricando
3401 4150 3469 4191 ex

1898 4238 2347 4308 contemplatione
2373 4237 2618 4292 veritatis
2662 4237 2810 4306 lapsa
2855 4243 2976 4301 est,
3021 4235 3211 4290 iterum
3257 4235 3313 4289 in
3368 4235 3472 4304 pri-

1897 4343 2096 4399 stinam
2150 4356 2317 4412 purae
2377 4337 2844 4408 contemplationis
2890 4335 3236 4390 reduceretur
3284 4333 3466 4415 altitu-

254 4448 379 4505 sunt,
405 4443 498 4497 sed
523 4445 692 4498 etiam
727 4444 965 4513 ipsorum
993 4436 1293 4514 p'rincipum
1320 4446 1500 4500 duces.
1530 4443 1608 4499 Ne
1634 4445 1797 4516 igitur
1829 4495 1875 4516 n
1899 4444 2100 4500 dinem.

257 4527 362 4585 talis
401 4532 711 4603 imaginatio
751 4541 861 4588 tam
891 4534 1066 4588 inanis
1088 4544 1145 4587 et
1171 4542 1420 4605 proterva
1446 4535 1645 4590 nostris
1675 4537 1799 4590 sub-

254 4621 458 4687 repserit
483 4622 863 4687 intellectibus,
908 4639 1069 4694 super
1090 4625 1271 4679 omnia
1303 4624 1554 4690 visibilia,
1585 4626 1799 4683 veritati

256 4720 415 4764 rerum
462 4711 876 4784 intelligibilium
924 4713 1201 4770 dissimilia
1249 4714 1520 4787 symbola.
1566 4729 1636 4770 ne
1701 4731 1821 4784 pro,

1827 4495 1876 4553 D

1976 4534 2075 4607 52.
2093 4532 2383 4601 Sequitur:
2410 4530 2472 4586 Si
2505 4531 2590 4584 cui
2620 4537 2790 4584 autem
2813 4528 3037 4590 videtur,
3062 4543 3241 4582 sacras
3261 4527 3471 4598 quidem

1904 4625 2063 4694 recipi
2111 4620 2500 4693 compositiones
2548 4630 2798 4690 tanquam
2828 4617 3141 4688 simplicium
3186 4616 3241 4670 in
3287 4615 3472 4686 seipst's

1903 4717 2297 4787 ignotorumque
2337 4713 2483 4769 nobis
2530 4721 2579 4768 et
2628 4710 3156 4783 incontemplabilinm
3191 4709 3474 4765 subsisten-

1528 4825 1779 4882 VARIAE
1820 4824 2220 4883 LECTIONES.

254 5023 374 5111 tum,
402 5010 538 5111 ﬁunt
579 5010 867 5064 ministerio
893 5009 1215 5111 capellarum.

275 5094 391 5111 Ine-o-
508 5081 839 5111 ρηηὸοηιὸιηιιο
1104 5093 1215 5111 nunc!

257 5078 408 5149 tionis.
438 5078 482 5131 C
506 5081 859 5149 cogitationes.

253 5148 531 5218 prophetiae
554 5145 608 5203 in
636 5148 822 5218 spiritu
849 5147 1038 5218 [actae
1140 5147 1161 5179 ⁸
1200 5147 1304 5201 Pro
1330 5148 1385 5200 in
1413 5147 1487 5199 eis
1507 5145 1751 5218 B_meus.

253 5215 356 5279 des,
401 5218 441 5272 C
475 5215 704 5286 quidem.
781 5217 825 5249 ¹⁸
853 5217 914 5269 8‘
946 5233 1089 5271 corr.
1142 5218 1506 5287 imaginentur,
1546 5215 1587 5269 (Ξ
1633 5215 2033 5286 υηιαρὶηειηιινζ
2108 5215 2149 5245 ⁸³
2190 5215 2279 5266 Sic
2306 5215 2348 5267 C
2372 5223 2427 5266 et
2452 5215 2567 5264 rad.
2616 5226 2759 5266 corr.
2785 5215 2870 5272 ις’,

257 5282 297 5355 ⁸⁸
318 5283 376 5339 B'
406 5288 541 5341 infra
592 5290 769 5342 adscr.
822 5287 984 5355 hujus
1031 5287 1191 5340 modi.
1298 5286 1342 5317 ¹³
1377 5285 1633 5355 Emend,
1655 5285 1701 5338 A
1729 5283 2049 5355 periodicoli,
2080 5280 2471 5355 BAperigtlicol',
2504 5279 2545 5334 C
2589 5278 2902 5355 peridieolis‘.

1550 5354 1592 5386 "
1622 5354 1735 5408 B'C
1753 5364 1809 5409 ut
1836 5368 2017 5421 supra.

840 5425 887 5495 ⁸⁸
924 5426 985 5479 Β·
1013 5441 1181 5495 marg.
1211 5424 1456 5495 adscr.i.
1485 5441 1531 5478 e.
1562 5423 1847 5495 abarehon
1892 5430 2197 5495 etustralog
2239 5429 2285 5474 et
2333 5435 2567 5495 egemon.

257 5282 297 5357 ⁸⁸
318 5283 376 5339 B'
406 5282 541 5341 infra
592 5290 769 5357 adscr.
822 5287 984 5357 hujus
1031 5287 1191 5357 modi.

252 5354 603 5426 ipuginemur;
632 5356 675 5411 C
702 5354 1082 5426 gntaginemur.
1157 5356 1203 5389 "
1229 5356 1273 5410 Α
1302 5371 1441 5426 vero.

255 5421 291 5476 C
321 5421 509 5478 archist
516 5421 735 5495 relegas.

258 5500 376 5611 lﬁt.
410 5490 657 5595 hrz‘aéé.
735 5495 781 5525 "
819 5493 860 5547 Β
905 5510 1073 5565 marg.
1103 5490 1275 5549 adscr.
1320 5494 1447 5565 quid
1483 5503 1557 5548 est
1599 5493 1874 5562 theologia.
1951 5491 1998 5581 ’.'
2040 5490 2130 5546 Sic

333 5573 460 5634 teta_
512 5633 517 5634 γ
556 5566 576 5596 ⁸
612 5563 702 5619 AC
746 5574 1081 5634 componunt,
1117 5563 1160 5617 B
1190 5573 1502 5634 componunt
1533 5564 1749 5632 (puncta
1778 5561 1882 5630 adj.
1915 5561 1957 5615 B
1983 5564 2021 5629 ).
2103 5561 2130 5634 _'

256 5561 431 5615 delicta

1372 4940 1395 4971 ⁸
1428 4937 1491 4993 Β⁴
1518 4952 1688 5009 marg.
1716 4939 1893 4994 adscr.
1921 4937 2059 5008 quod
2083 4934 2467 4997 similitudines,
2490 4949 2624 5003 quae
2639 4933 2782 5014 ﬁunt
2800 4932 2857 4985 in
2890 4928 3154 5001 spiritibus
3178 4930 3447 5052 Xropheta;

1372 5008 1464 5052 Sin
1491 5007 1533 5052 (ἶ
1559 5017 1613 5052 et
1660 5023 1800 5052 r-nrr-
1834 5008 1915 5052 R'-
1955 5009 1992 5052 Α
2033 5006 2356 5052 nlmntasica-
2388 5003 2434 5052 B
2459 4994 2715 5052 fantasia!
2804 4996 2827 5032 ³
2863 4999 3014 5052 Corr.
3048 4999 3132 5052 B'.
3225 4997 3265 5052 Β
3297 5015 3447 5052 coam

1310 5008 1342 5083 ‘_
1372 5008 1464 5063 Sic
1559 5017 1615 5083 et
1636 4994 1802 5083 fcorr.
1834 4994 1992 5083 Βηίᾼ
2029 5006 2357 5077 phantasica,
2388 5003 2434 5058 B
2456 4994 2715 5083 fantasia!
2761 5071 2773 5083 Ι
2804 4996 2838 5083 ⁸.
2863 4994 3132 5083 (io-ruﬁ)
3290 4994 3473 5083 cogni-

1010 5079 1073 5133 B'
1102 5093 1243 5143 mag.
1278 5077 1451 5132 adscr.
1484 5077 1610 5130 visio
1631 5068 1993 5131 intellectualis
2029 5068 2232 5142 semper
2256 5068 2349 5126 est
2371 5068 2661 5126 necessaria
2704 5071 2773 5125 ad
2819 5069 3133 5123 intellectum
3178 5068 3469 5122 habendum

1010 5164 1038 5201 ε.
1140 5147 1161 5179 ⁸
1200 5147 1304 5201 Pro
1330 5148 1385 5200 in
1413 5147 1487 5199 eis
1507 5145 1751 5217 B‘meus.
1850 5148 1871 5179 "
1895 5145 1938 5199 B
1959 5145 2285 5217 cogitationis
2304 5159 2431 5217 s_uae
2450 5142 2626 5217 ﬁnem.
2725 5140 2748 5173 ⁸
2883 5148 3110 5217 sanctae.
3150 5207 3162 5217 _
3184 5137 3229 5217 _’
3257 5137 3295 5190 Β
3317 5153 3469 5217 quas-

3231 4930 3471 4996 roplteta-

2725 5140 2748 5173 ⁸
2775 5138 2860 5207 BC
2883 5148 3110 5193 sanctae.
3207 5137 3229 5168 ⁸
3257 5137 3295 5190 Β
3317 5153 3473 5207 quas-

2108 5214 2149 5245 “
2190 5213 2279 5266 Sic
2306 5210 2348 5267 C
2372 5223 2427 5266 et
2451 5206 2567 5264 rad.
2616 5226 2759 5266 corr.
2785 5206 2870 5272 B',
2924 5209 3012 5262 AB
3050 5206 3468 5272 archistragetos.

3005 5278 3048 5309 ⁸⁸
3084 5277 3145 5329 Β⁹
3179 5276 3291 5328 rad.
3322 5286 3467 5327 corr.

2724 5348 2769 5380 “
2807 5347 2914 5401 B‘C
2940 5356 2998 5400 ut
3024 5360 3207 5413 supra.
3307 5339 3351 5372 “
3378 5340 3470 5395 ΔΒ

2667 5420 2711 5450 ⁸⁸
2744 5417 2834 5470 Sic
2858 5416 2947 5470 AB
2978 5424 3033 5470 et
3073 5412 3245 5466 versio
3288 5424 3467 5480 graec.

2667 5489 2730 5535 γε
2767 5484 2854 5535 AB
2901 5493 3037 5535 ante.
3145 5482 3193 5511 “
3231 5479 3473 5535 Bnostra

2125 5352 2166 5384 "
2209 5349 2291 5406 BC
2321 5360 2620 5419 oportunos.

2227 5496 2281 5544 et
2308 5484 2420 5543 τευ.
2472 5503 2617 5541 corr.
2646 5487 2731 5550 B‘;
2767 5484 2854 5538 AB
2901 5493 3037 5537 ante.

2111 5560 2157 5639 ⁸⁸
2185 5558 2362 5639 (ἱρείη,
2388 5558 2442 5639 An
2436 5557 2477 5610 Β
2500 5557 2779 5639 quendam.
2810 5551 3016 5639 rgg’f'g'gSic
3039 5550 3159 5639 Cet

258 5626 363 5702 li:
386 5631 475 5685 AB
502 5621 872 5688 interierint.
926 5634 973 5664 ³⁸
1006 5621 1078 5685 l3"
1099 5649 1269 5702 marg.
1297 5621 1477 5689 adscr.
1525 5621 1629 5687 non
1676 5642 1805 5688 esset
1841 5621 2148 5686 necessaria
2195 5621 2370 5684 divina
2404 5621 2677 5695 Scriptura
2720 5621 2938 5685 homini,
2969 5622 3014 5675 si
3044 5636 3147 5675 non
3192 5630 3473 5692 peccasset.

256 5696 296 5728 ”
333 5696 370 5752 Β
403 5710 639 5763 contere,
668 5705 726 5756 B'
764 5718 906 5759 corr.
941 5696 1279 5768 contextafC
1305 5719 1555 5759 connexa.

2100 5718 2117 5729 ο
