3952 6156
471 262 574 316 N7

1545 262 2043 320 Εχιιοδιτιολες
2090 254 2377 311 1οΑΝῘ<18
2413 257 2611 312 SCOTI

3638 267 3734 323 iis

470 379 625 443 tium,
660 378 1078 431 inconvenientes
1134 393 1249 429 rem
1281 379 1525 430 aestimat
1550 388 1856 433 sanctorum
1882 379 2041 433 intel-
2080 376 2128 432 Α
2157 367 2222 422 El-
2242 369 2287 423 εί
2315 368 2427 434 me.
2457 369 2651 440 inquit.
2680 370 2770 441 qui
2801 380 3021 428 SﬂﬂClae
3052 373 3364 444 SCl’iplurac
3395 376 3734 448 imaginatio-

469 474 696 521 tectuuni
716 470 769 522 in
790 470 1011 535 eloquiis
1026 486 1202 523 sacras
1223 470 1594 539 descriptiones
1638 473 1930 542 Postquam
1952 488 2042 527 re-

468 560 764 630 prehendit
791 575 908 623 eos,
939 562 1029 628 qui
1060 561 1244 615 divina
1276 562 1520 631 symbola
1555 564 1877 634 divitiasque
1910 565 2044 619 ima-

470 653 793 720 ginationes.
813 654 1011 718 quibus
1040 663 1226 706 Sancta
1247 652 1526 723 Scriptura
1551 664 1770 723 pr0pter
1799 673 1896 710 nos
1912 673 2046 711 con-

467 742 605 797 fecta
628 756 730 809 est,
754 746 1045 823 carnaliter
1067 762 1129 799 ac
1153 747 1698 815 turpitcraccipiunt,
1714 748 2045 803 arbitrantes

468 835 587 903 ipsa
618 824 858 904 symbola
888 838 1137 906 ipsasque
1162 839 1574 909 imaginationes
1597 856 1772 909 neque
1802 844 1816 871 ‘
1853 841 2045 910 imagi-

468 925 723 979 nationes
739 940 858 980 esse
887 942 986 981 nec
1017 928 1286 996 symbols,
1323 931 1415 985 sed
1447 932 1590 999 ipsas
1614 932 2047 1000 supcreaeleste!

469 1016 705 1072 virtutes
725 1034 824 1088 per
856 1020 1083 1089 scipsas,
1115 1021 1167 1075 in
1189 1021 1306 1076 suis
1338 1023 1576 1092 propriis
1600 1024 2043 1092 naturalibusque

463 1106 670 1169 farmis,
717 1121 857 1176 quae
899 1123 929 1161 a
976 1107 1257 1162 conditOre
1301 1101 1541 1160 omnium
1582 1106 1759 1161 factae
1801 1117 1947 1171 sunt,
1989 1108 2042 1161 in

460 1196 741 1266 Spiritibus
780 1196 1094 1266 apparuisse
1134 1196 1495 1266 propheticis,
1537 1197 1612 1250 ita
1641 1206 1701 1249 ut
1743 1194 1946 1249 nullum
1988 1197 2041 1250 in

458 1288 592 1358 ipsis
626 1289 1052 1358 apparitionibus
1090 1289 1378 1360 mySticum
1403 1295 1458 1343 et
1488 1287 1837 1359 allegoricum
1866 1288 2043 1358 inqui-

456 1389 634 1448 ratur,
668 1383 761 1437 sed
792 1382 959 1436 veluti
988 1381 1130 1435 nuda
1155 1382 1418 1451 quaedam
1461 1390 1515 1435 ct
1552 1381 1779 1450 simplex
1816 1380 2040 1435 historia

455 1490 639 1530 rerum
670 1476 988 1530 naturaliter
1017 1473 1304 1539 factarum,
1345 1474 1611 1528 convertit
1650 1486 1710 1528 se
1752 1474 2039 1543 perspicax

454 1566 714 1637 magister
748 1574 804 1619 et
847 1565 957 1636 agit
1000 1567 1257 1619 adversus
1282 1579 1392 1627 eos,
1418 1564 1509 1633 qui
1552 1578 1656 1617 non
1701 1574 1914 1634 negant,
1943 1565 2037 1619 sed

453 1655 614 1727 plane
662 1656 1019 1720 arbitrantur,
1053 1666 1270 1709 sanctas
1313 1654 1641 1723 compositas
1682 1651 2036 1709 formationes

2155 472 2250 512 nes
2271 459 2473 514 sanctis
2500 458 2857 515 intellectibus
2876 463 3135 530 angelicis
3157 464 3593 523 inconvenientes
3611 483 3733 526 esse

2153 549 2447 616 existimat,
2487 551 2781 621 theologos,
2814 554 3083 623 perfectos
3113 556 3378 622 videlicet,
3417 558 3541 612 dum
3567 575 3636 615 ex
3656 559 3734 615 al-

2153 640 2381 695 titudine
2410 643 2623 698 divinae
2651 645 3120 715 contemplationis
3146 647 3476 703 descendunt
3508 651 3576 705 ad
3603 666 3731 706 cor-

2151 746 2370 801 poream
2421 733 2709 799 facturam,
2754 738 3070 808 corporibus
3107 742 3149 771 ¹¹
3182 740 3429 795 videlicet
3476 742 3731 812 similem,

2151 821 2527 877 universaliter
2572 826 3010 895 incorporalium,
3042 829 3142 884 hoc
3184 842 3288 896 est,
3312 831 3531 887 omnino
3559 832 3731 890 incct-

2148 912 2413 980 poralium
2454 914 2746 980 virtutum,
2791 917 3032 973 volentes
3084 920 3136 973 in
3192 921 3511 990 quibusdam
3573 924 3731 979 sinu?

2148 1004 2466 1062 litudinibus
2491 1023 2668 1063 rerum
2693 1010 3053 1075 sensibilium,
3080 1012 3221 1079 quod
3246 1027 3463 1067 sensum
3492 1029 3725 1083 superat,

2147 1097 2475 1165 signiﬁcare,
2531 1101 2781 1155 debuisse
2825 1116 2909 1166 ea,
2943 1103 3298 1173 incorporalia
3330 1104 3558 1170 scilicet,
3598 1119 3725 1174 pro-

2144 1189 2278 1257 priis
2331 1198 2425 1254 et,
2476 1200 2742 1261 quantum
2794 1193 3051 1262 possibile
3114 1198 3196 1249 eis
3245 1195 3507 1266 theologis
3551 1206 3728 1264 esset,

2143 1282 2389 1351 cognatis
2421 1283 2464 1313 ¹³
2493 1323 2508 1348 ,
2552 1285 2653 1337 hec
2705 1292 2790 1339 est
2832 1268 3273 1340 connatnralilms
3320 1286 3731 1358 flgurationibus

2142 1372 2383 1428 formare
2410 1374 2473 1429 ίδ.
2507 1374 2676 1430 Vacat
2708 1376 2753 1408 ³⁵
2784 1376 2927 1430 enim
2973 1393 3027 1430 re
3072 1378 3125 1430 in
3179 1379 3283 1432 hoc
3329 1379 3446 1435 loco
3478 1420 3492 1443 ,
3533 1389 3588 1435 et
3626 1395 3730 1450 pro

2142 1464 2381 1521 formare
2425 1466 2713 1536 reformare
2744 1470 2941 1538 posuit.
2990 1467 3255 1524 Formare
3296 1471 3512 1540 quidem
3554 1473 3725 1541 prius,

2142 1557 2197 1612 in
2220 1558 2500 1626 spiritibus
2528 1559 2659 1624 suis,
2686 1559 2739 1614 in
2783 1560 2979 1637 quibus
3009 1561 3428 1630 primordiallter
3448 1562 3613 1618 veluti
3648 1564 3728 1618 vi-

2142 1648 2325 1703 sibiles
2382 1649 2748 1720 angelicarum
2804 1651 3069 1713 virtutum
3122 1654 3334 1722 species
3377 1654 3726 1711 administra-

452 1747 667 1803 divinae
697 1747 1011 1818 Seript‘iirae
1047 1748 1098 1802 in
1131 1748 1300 1818 figura
1341 1746 1662 1817 simplicium
1711 1747 2037 1801 snbstantia-
2070 1740 2113 1797 Β
2142 1740 2288 1794 tione
2315 1740 2360 1771 ¹⁶
2399 1741 2565 1795 divini
2596 1752 2761 1796 nutus
2793 1741 3124 1812 figurantur;
3166 1745 3433 1813 Ροειεΐίυε
3459 1759 3587 1800 vero
3609 1758 3729 1801 m8-

452 1854 763 1911 rlmi,,qltae
792 1842 888 1910 per
918 1842 1124 1911 Seipsas
1165 1840 1186 1871 ²
1216 1839 1523 1910 incognitae
1568 1844 1623 1893 et
1650 1839 2038 1909 ineuntempla-

447 1932 586 1989 hiles
617 1933 773 1987 nobis
808 1936 954 1996 sunt,
1006 1933 1342 2002 recipiendas
1390 1942 1444 1984 et
1490 1930 1865 2000 intelligendas
1892 1942 2031 1993 esse,

448 2019 889 2080 inconvenientcs
917 2028 1096 2079 autem
1122 2024 1457 2078 arbitrantur
1487 2021 1622 2078 tales
1642 2014 2035 2093 descriptiones

447 2122 761 2168 sanctorum
826 2100 1193 2168 intellectuum
1249 2114 1303 2168 in
1355 2114 1559 2168 sanctis
1605 2113 1835 2183 eloquiis
1892 2112 2030 2168 fieri.

445 2204 616 2258 Aiunt
646 2205 789 2260 enim
818 2224 830 2259 :
861 2205 979 2260 Non
1018 2205 1303 2275 oportebat
1339 2198 1636 2276 theologos,
1678 2204 1785 2261 hoc
1813 2214 1916 2270 ρει,
1955 2207 2033 2259 di-

442 2294 600 2348 vinos
628 2295 918 2365 prophetas
956 2304 1065 2350 tam
1095 2296 1411 2351 inhonestos
1442 2304 1497 2351 et
1535 2296 1789 2351 confusas
1833 2296 2033 2367 longis-

441 2383 690 2453 simeque
716 2380 1025 2439 'distanles
1078 2384 1435 2439 sanctorum‘
1465 2385 1836 2441 intellectuum
1883 2387 2028 2440 veri-

441 2486 557 2533 tate
589 2479 758 2533 sacris
785 2478 982 2534 litteris
1020 2479 1402 2534 commendare
1432 2470 1866 2549 descriptiones;
1901 2492 2031 2549 pro-

440 2569 559 2641 prie
577 2570 840 2641 siquidem
867 2570 1162 2641 descriptio
1184 2570 1379 2627 dicitur
1398 2571 1691 2626 formarum
1716 2572 2031 2641 imaginatio

441 2660 715 2715 simillima
750 2661 857 2727 his,
900 2678 1129 2733 quorum
1179 2662 1471 2733 descriptio
1521 2669 1642 2728 est;
1694 2678 1795 2717 nec
1840 2663 1920 2718 sic
1975 2664 2029 2718 in

440 2753 717 2822 spiritibus
744 2770 933 2809 eorum
969 2771 1233 2826 apparere
1287 2756 1484 2810 debere
1514 2754 1565 2821 ⁸;
1596 2764 1649 2810 et
1677 2755 1744 2809 ad
1784 2755 1889 2810 hoc
1934 2756 2032 2810 dn-

440 2850 654 2907 cuntur,
684 2852 741 2896 nt
768 2846 865 2912 pei-
900 2844 1287 2915 descriptiones
1323 2845 1540 2900 divinae
1567 2843 1883 2914 Scripturae
1924 2860 2028 2900 non

439 2942 653 2987 sanctos
684 2928 1062 3008 [arbitrentur]
1081 2935 1102 2966 ⁸
1125 2935 1429 2991 intellectus
1457 2936 1820 3006 accipiendos,
1841 2950 2027 2992 verum

438 3025 603 3079 etiam
634 3022 897 3096 quosdam
947 3026 1170 3082 humani
1219 3029 1387 3082 animi
1430 3028 1778 3083 rationabiles
1825 3038 2026 3094 motus,

435 3118 481 3174 si
533 3120 923 3190 descriptiones
960 3116 1220 3177 honestae
1261 3122 1391 3187 sint,
1432 3121 1691 3191 quosdam
1726 3134 1853 3177 vero
1884 3122 2026 3176 irra-

437 3210 747 3274 tionabiles,
795 3212 839 3263 si
883 3219 1067 3280 turpes
1097 3221 1258 3281 atque
1294 3212 1578 3277 confusae,
1611 3214 1676 3267 dc
1729 3213 1967 3268 motibus
1998 3215 2018 3245 ⁷

437 3306 642 3359 nostris
683 3305 866 3357 omnia
910 3304 1256 3375 interpretari
1304 3315 1581 3361 conantes.
1613 3305 1672 3360 Si
1705 3307 1905 3376 itaque,
1940 3307 2025 3360 in—

432 3391 571 3463 quit,
601 3380 758 3447 alicui
782 3393 1015 3460 videtur,
1048 3394 1246 3449 multos
1292 3396 1344 3449 in
1372 3410 1480 3449 uno
1502 3394 1524 3426 ⁸
1546 3394 1915 3461 conformans,
1939 3404 2024 3449 sa-

434 3498 557 3539 cras
587 3483 1007 3552 compositiones
1035 3501 1142 3539 non
1172 3494 1392 3555 propter
1417 3500 1477 3540 se
1520 3485 1665 3555 ipsas
1710 3484 1879 3554 recipi
1924 3484 2019 3539 dc-

434 3574 583 3638 bere,
621 3573 712 3633 sed
762 3578 984 3644 propter
1032 3575 1297 3645 quaedam
1333 3570 1595 3645 simplicia
1644 3576 1910 3646 nobisque
1934 3577 2020 3630 in—

432 3667 649 3736 cognita
694 3669 751 3721 et
796 3668 1083 3722 invisibilia
1110 3708 1127 3733 ,
1173 3669 1375 3724 sanctis
1425 3674 1607 3723 autem
1657 3668 2021 3724 intellectihus

430 3758 654 3813 omnino
695 3763 798 3812 non
831 3760 1140 3824 convenire,
1172 3759 1349 3814 adhuc
1381 3760 1604 3815 dicens:
1648 3758 1712 3813 Et
1742 3774 1913 3822 omne,
1944 3761 2020 3814 sic

432 3848 624 3916 dicere,
668 3850 857 3903 durum
899 3851 995 3903 hoc
1025 3852 1379 3921 angelicorum
1422 3852 1691 3905 nominum
1735 3852 2014 3905 theatrum.

431 3938 550 3995 Hoc
578 3942 695 3994 est:
728 3940 794 3993 Et
820 3940 867 3994 si
901 3940 1075 3996 eidem
1105 3941 1321 3996 videtur
1365 3941 1430 3995 de
1472 3941 1643 3995 sacris
1668 3939 2018 4009 compositio-

430 4032 591 4087 nibus
622 4033 700 4088 sic
738 4032 1021 4088 dicendum
1055 4048 1070 4087 :
1103 4047 1265 4117 omne
1292 4032 1397 4090 hoc
1432 4016 1798 4100 angelicorum
1841 4031 2018 4086 nomi—

430 4138 560 4177 num
609 4123 877 4177 theatrum
926 4123 1117 4177 durum
1161 4132 1218 4178 et
1261 4122 1647 4178 inconveniens
1689 4130 1772 4175 est
1813 4120 2017 4175 sanctis

429 4215 815 4283 intellectibus,
841 4226 895 4272 et
916 4217 1036 4286 plus
1058 4216 1324 4272 theatrica
1345 4225 1401 4270 et
1424 4222 1765 4270 monstruosa
1796 4213 2016 4284 figmen-

430 4314 504 4369 ta,
537 4322 699 4376 quam
741 4308 1214 4377 supercaelestium
1255 4308 1611 4364 essentiarum
1657 4302 2013 4376 sigtiiiicativa

2140 1832 2422 1898 nifestare,
2450 1834 2646 1889 divinis
2681 1834 2934 1889 videlicet
2976 1835 3190 1904 scriptis
3231 1834 3297 1889 ad
3336 1844 3578 1891 nostrum
3607 1835 3729 1896 ani—

2139 1941 2289 1982 mum
2340 1928 2694 1982 erudiendum
2748 1928 3029 1982 mundare.
3058 1927 3175 1982 Non
3211 1942 3279 1983 ex
3312 1929 3510 1985 vilibus
3552 1935 3725 1988 male»

2136 2020 2349 2075 rialium
2383 2032 2565 2075 rerum
2586 2008 2800 2085 formis,
2827 2020 2975 2075 verbi
3009 2020 3204 2092 gratia,
3235 2022 3489 2087 hominis,
3529 2021 3725 2091 leonis,

2136 2118 2548 2183 ceterorumque
2576 2114 2859 2183 speciebus
2887 2113 3221 2178 animalium,
3250 2129 3389 2184 quae
3410 2115 3477 2171 de
3508 2124 3722 2170 terrena

2136 2204 2432 2273 humilique
2476 2206 2579 2260 hac
2611 2204 2678 2237 “'
2698 2203 2874 2274 fragili
2905 2205 3130 2259 materia
3176 2205 3390 2261 condita
3433 2215 3584 2271 sunt,
3614 2221 3723 2260 non

2135 2304 2202 2351 ex
2242 2297 2346 2359 his,
2388 2297 2630 2367 inquam,
2664 2296 2896 2366 theologi
2948 2297 3261 2352 debuissent
3301 2296 3721 2366 incorporalium

2136 2388 2515 2443 similitudines
2547 2388 2746 2443 facere.
2790 2385 2925 2457 ipsis
2964 2388 3005 2419 "
3034 2388 3299 2456 siquidem
3324 2388 3603 2458 prophetis
3630 2391 3726 2443 dc-

2136 2489 2290 2549 potat
2325 2480 2583 2544 visiones,
2614 2495 2751 2549 quas
2784 2479 2959 2551 angeli
3000 2480 3053 2534 in
3100 2480 3378 2549 spiritibus
3402 2496 3591 2535 eorum
3627 2480 3722 2536 de-

2135 2572 2402 2638 scribunt,
2433 2572 2527 2626 sed
2546 2587 2613 2627 ex
2631 2572 2732 2637 his,
2766 2582 2906 2640 quae
2929 2586 3026 2627 nos
3046 2573 3422 2627 existimamus
3447 2572 3724 2643 pretiosis-

2134 2663 2269 2719 sima
2301 2676 2363 2718 ac
2400 2663 2560 2718 veluti
2610 2663 3012 2728 immateriaiia,
3059 2679 3127 2719 ex
3173 2666 3439 2719 aetherea'
3464 2662 3722 2720 videlicet

2134 2754 2399 2827 ignesque
2428 2764 2638 2819 natura,
2671 2764 2835 2825 atque
2868 2754 3105 2817 caelesti,
3137 2769 3276 2824 quae
3300 2752 3719 2823 supercaelesti-

2133 2848 2235 2903 bus
2265 2848 2585 2902 substantiis
2615 2847 2860 2917 proxima
2886 2855 3049 2924 atque
3071 2845 3249 2901 vicina
3278 2855 3362 2900 est
3402 2845 3457 2900 in
3484 2853 3720 2909 tantum.

2135 2950 2193 2997 ut
2216 2958 2323 2997 non
2354 2941 2626 2997 immerito
2650 2941 2873 3011 spiritus
2910 2940 3194 3004 vocitet'ur,
3236 2939 3489 3009 quoniam
3535 2940 3721 2995 incor-

2131 3034 2408 3105 poralihus
2435 3048 2540 3088 non
2572 3033 2866 3100 incongrue
2894 3031 3178 3102 spiritibus
3211 3030 3403 3085 similis
3426 3039 3528 3086 est.
3568 3031 3721 3099 Quo.

2130 3127 2290 3183 modo
2315 3136 2369 3181 et
2391 3125 2919 3197 supereminentibus
2952 3124 2996 3157 ¹⁸
3029 3124 3304 3186 essentiis,
3331 3123 3476 3179 velut
3498 3137 3723 3194 expres-

2128 3220 2241 3275 ‘sius
2272 3219 2616 3281 transfertur,
2665 3218 2940 3287 quomodo
2970 3223 3027 3270 et
3054 3215 3580 3287 'superemincntium
3622 3230 3717 3269 es-

2130 3309 2450 3374 sentiarum,
2480 3323 2546 3364 eo
2588 3308 2797 3363 scilicet
2831 3308 3014 3373 modo,
3056 3320 3165 3376 quo
3190 3306 3715 3376 supereminentinm

2127 3399 2485 3456 essentiamm
2515 3398 2778 3469 imagines
2802 3397 2919 3452 ﬁeri
2944 3405 3178 3468 oportet.
3215 3395 3507 3468 Propterea
3534 3396 3720 3467 sequi-

2129 3498 2218 3545 tur
2242 3508 2256 3544 :
2288 3488 2355 3543 Et
2389 3506 2491 3543 non
2519 3489 2825 3544 caelestibus
2854 3497 2903 3542 et
2923 3474 3266 3557 deiformibus
3286 3486 3719 3568 simplicitatilms

2126 3590 2360 3636 terrenas
2387 3582 2692 3635 novissimus
2714 3581 3111 3650 circumpositas
3133 3579 3602 3654 multiformitatcs.
3632 3580 3719 3634 Ae

2123 3672 2167 3727 si
2195 3671 2425 3737 diceret,
2446 3686 2552 3725 non
2577 3670 2773 3726 debere
2784 3670 3066 3739 theologos
3093 3670 3416 3724 caelemibus
3442 3679 3715 3732 terrenas,

2124 3768 2182 3819 e't
2206 3762 2558 3818 deiformibus
2593 3763 2885 3818 vilissimas
2916 3762 3186 3832 totiusque
3213 3771 3499 3817 creaturae
3528 3761 3570 3793 ι’
3613 3777 3718 3816 ex-

2120 3862 2346 3918 tremas,
2391 3862 2449 3907 et
2481 3852 2817 3921 simplicibus
2844 3854 3178 3923 cumpositas
3203 3852 3506 3907 assimilare
3531 3851 3713 3908 multi-

2120 3942 2445 3999 fonnlta‘tes.
2480 3944 2788 3998 Delmera‘nt
2834 3943 2880 3975 ὀ
2924 3944 3070 3997 enim
3090 3942 3355 3998 caelestes
3389 3956 3490 4012 per
3531 3941 3715 3998 caele-

2123 4034 2259 4096 stia,
2296 4022 2583 4089 deiform‘es
2620 4044 2719 4103 per
2736 4045 2979 4087 summas
3022 4032 3182 4098 huius
3224 4032 3413 4086 mundi
3454 4043 3710 4096 naturas,

2124 4122 2502 4194 simplicitates
2544 4125 2868 4195 simplicium
2894 4139 2990 4195 per
3018 4124 3280 4195 simplicia
3320 4125 3589 4180 elementa
3633 4126 3715 4180 si-

2122 4217 2401 4288 gnitlcare.
2426 4212 2537 4269 Hoc
2562 4216 2771 4285 quidem
2792 4224 2839 4269 et
2856 4228 3089 4270 nostrum
3115 4215 3387 4269 sublimius
3409 4214 3711 4284 {ututi-um“

2120 4316 2270 4361 esset.
2314 4304 2489 4359 Veluti
2528 4306 2773 4360 diceret:
2810 4302 2868 4358 Si
2918 4304 3035 4360 hoc‘
3066 4303 3298 4375 theologi
3342 4304 3618 4369 fecissent,
3652 4304 3714 4359 id

429 4397 716 4466 iudicanda
743 4410 886 4454 sunt.
917 4401 1298 4472 Angelicorum
1338 4409 1517 4454 autem
1548 4399 1825 4453 nominum
1860 4397 2009 4459 dicit,
2040 4440 2092 4499 Β
2117 4405 2221 4462 est,
2250 4397 2297 4452 si
2322 4412 2388 4451 ex
2432 4395 2751 4451 Sublimibus
2784 4392 2944 4462 hujus
2990 4395 3173 4449 mundi
3215 4394 3422 4448 naturis
3450 4393 3716 4451 sublimes

429 4488 532 4547 hoc
554 4490 1039 4561 est,angelicarum
1066 4491 1362 4562 imaginum
1405 4490 1713 4546 nominibus
1752 4489 2011 4559 praelituo

428 4578 591 4635 latur.
610 4581 678 4634 Et
706 4581 964 4646 debuisse,
996 4583 1091 4648 ait,
1130 4582 1395 4653 theologos
1414 4581 1483 4635 ad
1509 4596 1812 4651 corpoream
1845 4580 2016 4649 factu-

427 4686 543 4725 ram
571 4671 592 4702 ’
622 4672 986 4727 universaliter
1015 4674 1424 4744 incorporalium
1472 4676 1753 4738 venientes,
1788 4672 2039 4741 propriis'

424 4769 765 4831 ct,quantum
787 4763 1029 4832 possibile
1054 4763 1118 4828 ¹⁰,
1143 4765 1378 4833 cognatis
1402 4763 1443 4794 “
1474 4763 1762 4831 reformare
1773 4762 2014 4816 etmani-

431 4849 622 4919 festare
654 4851 1056 4920 ﬁgurationibu‘s
1094 4871 1167 4909 ea:
1210 4855 1351 4925 apud
1386 4862 1486 4908 nos
1532 4854 1924 4922 pretiosissimis
1965 4863 2013 4907 et

425 4942 859 4998 immaterialibus
883 4946 1142 5013 quomodo
1168 4955 1215 5000 et
1240 4944 2011 5017 superentine’ntibus‘essentiis.

2123 4491 2482 4561 imaginarent
2513 4487 2838 4546 intellectus.
2876 4487 3113 4542 futurum
3135 4496 3282 4542 esset
3312 4484 3578 4556 profecto,
3608 4501 3717 4539 uo-

2116 4590 2296 4637 ‘strum
2327 4581 2568 4635 animum
2588 4579 2878 4634 sublimius
2914 4580 2966 4632 in
3000 4578 3365 4648 cognitionem
3410 4590 3590 4630 rerum
3622 4576 3712 4629 iu-

2122 4672 2480 4742 tclli‘gibilium
2499 4669 2748 4727 exaltari.
2772 4669 2838 4722 Et
2856 4666 3305 4738 supermundam
3316 4666 3718 4734 martiIestatio-

2120 4782 2210 4820 nes
2238 4781 2340 4818 non
2363 4763 2637 4817 deduceret
2666 4763 2721 4815 in
2741 4760 3152 4814 inconvenientes
3166 4758 3210 4788 ²²
3226 4755 3714 4820 dissimilitudines,

2117 4857 2266 4911 velut
2296 4854 2604 4925 expressius
2628 4860 2807 4922 potest
2837 4848 3118 4905 transferri
3153 4867 3167 4903 :
3207 4849 3262 4903 in
3291 4848 3553 4902 obscuras
3586 4846 3715 4899 dis-

2118 4945 2518 5001 similitmlines.
2567 4941 2679 4997 [loc
2722 4950 2850 4997 est:
2888 4956 2997 4995 non
3049 4938 3221 4995 solum
3267 4946 3409 4993 esset
3437 4935 3712 5001 futurum,

1703 5079 1960 5136 VARIAE
2000 5077 2401 5135 LECTIONES.

468 5166 517 5248 ,⁸
554 5164 644 5248 ΔΟ
671 5182 781 5248 nec.

426 5247 595 5292 amnt.

885 5167 905 5197 ¹
938 5166 979 5220 Β
1005 5166 1178 5235 Ipsae.

1393 5168 1710 5238 longissime,
1737 5170 1779 5226 C
1809 5170 2172 5241 legittiincque.

690 5236 711 5266 “
750 5233 1075 5291 arbitrentur
1093 5251 1201 5292 om.
1239 5238 1389 5304 ABC,
1415 5233 1594 5294 addidi
1635 5233 1878 5304 ex'conj.’
1933 5242 1951 5271 "
1982 5233 2135 5296 (ἰοὶ-τ.
2164 5258 2165 5261 η
2189 5239 2270 5303 Β⁹,
2319 5236 2449 5292 ABG
2478 5236 2728 5291 moribus.
2804 5234 2826 5265 ⁸
2851 5234 2941 5290 Sic
2962 5236 3069 5304 AB,
3098 5233 3138 5286 (ἶ
3160 5234 3428 5304 multasin
3456 5248 3559 5304 uno
3572 5250 3723 5304 ron-

2269 5167 2291 5198 "
2322 5167 2413 5221 Sic
2438 5165 2547 5231 AB,
2575 5165 2617 5221 C
2642 5182 2673 5219 a
2707 5172 3025 5219 sanciantur.
3128 5163 3150 5195 ⁵
3174 5156 3282 5218 ’5ἰο
3301 5161 3432 5216 ABG
3450 5203 3465 5225 ,
3509 5163 3721 5232 supple

424 5297 665 5379 firmans.
743 5307 764 5338 ⁹
790 5307 830 5361 Β
849 5322 1149 5379 corpoream
1174 5297 1401 5379 figurant
1428 5312 1708 5378 facturam.
1788 5297 1830 5342 ’δ
1862 5310 1905 5363 Β
1936 5320 2097 5379 supra
2123 5322 2229 5363 scr.
2258 5297 2351 5362 est.
2432 5308 2472 5338 ¹¹
2511 5306 2601 5379 Sic
2631 5306 2672 5360 C
2701 5314 2757 5359 et
2775 5297 3151 5379 corr._il‘,;AB
3173 5303 3412 5379 cognitis.
3440 5302 3533 5379 __“
3566 5303 3626 5357 B‘
3648 5304 3722 5357 in

425 5378 748 5452 corporibus.
854 5380 898 5410 ⁸³
938 5380 1029 5433 Sic
1058 5378 1098 5433 C
1132 5389 1191 5452 et
1215 5378 1369 5452 corr.
1392 5380 1472 5443 Β”,
1503 5380 1590 5452 ΑΒ
1617 5382 1857 5452 cognitis.

428 5446 473 5477 ⁸³
510 5446 600 5502 Sic
622 5449 682 5512 C,
709 5450 753 5502 A
777 5451 1322 5515 amministrationem,
1349 5451 1389 5504 Β
1418 5446 1889 5507 αηιίηἰδιι·ᾰι.υηειη
1919 5459 2125 5519 (punct.
2156 5446 2213 5502 Β·
2249 5449 2352 5517 ειιίῙ-
2382 5446 2639 5517 Viillum“)

1938 5380 1982 5411 ιδ
2004 5378 2081 5433 “Β⁶
2113 5395 2272 5447 supra
2298 5393 2407 5433 scr.
2438 5378 2751 5447 reformare.

2833 5372 2877 5406 λδ
2917 5375 3007 5429 Sic
3033 5374 3073 5430 C
3095 5384 3150 5429 et
3168 5372 3314 5429 corr.
3338 5372 3399 5425 Β*
3424 5372 3716 5428 ABvocat.

2719 5446 2785 5477 ¹⁰⁹
2823 5444 2865 5498 Β
2886 5446 3004 5499 rad.
3029 5462 3171 5499 corr.
3197 5461 3281 5497 ac.
3361 5442 3401 5473 ¹⁷
3434 5441 3493 5495 Β“
3520 5457 3723 5514 marg.

426 5552 603 5607 adscr.
649 5556 723 5610 De
747 5560 1037 5626 prophetia.
1119 5557 1161 5587 ¹⁸
1204 5555 1270 5610 Et
1309 5575 1467 5626 super
1504 5558 1542 5610 Β
1567 5574 1699 5620 οῐιι.,
1738 5556 1800 5610 B‘
1828 5570 1999 5627 marg.
2033 5555 2212 5609 adscr.
2292 5556 2335 5587 “
2377 5554 2415 5608 Β
2449 5531 2740 5609 creatura:
2820 5553 2864 5583 ¹⁰
2906 5551 3055 5607 SicC
3091 5561 3145 5606 et
3168 5566 3311 5605 corr.
3341 5548 3429 5612 B‘,
3470 5547 3557 5601 AB
3601 5552 3721 5603 de-

429 5644 624 5697 (meror.
702 5648 746 5678 ²¹
771 5648 1006 5715 futuram
1033 5667 1138 5703 om.
1170 5648 1229 5702 Β.
1331 5651 1375 5679 ²²
1405 5649 1494 5703 Sic
1526 5650 1637 5702 I'ad.
1670 5666 1811 5702 corr.
1842 5648 1926 5712 B',
1957 5651 1994 5701 .-\
2025 5648 2063 5701 Β
2083 5648 2372 5704 deduceret
2397 5629 2839 5706 incont'cnt'entcs;
2868 5646 2908 5701 Β
2930 5648 2983 5699 in
3007 5646 3379 5700 convenientes.
