3920 6154
205 211 321 269 ’153
1065 202 1295 265 SUPER
1326 196 1755 264 lEllARCHlAM
1796 194 2309 260 CAELESTEMS.
2350 200 2669 260 DIONYSII.

3396 210 3498 266 iiii

231 344 308 383 ma
362 326 683 391 decoretur,
735 325 755 356 ¹
798 323 1059 380 absolutis
1104 321 1433 394 ‘quibusdam
1484 319 1805 377 convenien-
1830 324 1879 383 Α
1908 312 2173 369 excellere
2217 313 2579 385 qualicunque
2634 314 2794 369 modo
2855 316 3171 386 probantur,
3233 320 3334 377 huc
3389 340 3494 390 est.

231 421 465 489 tibusque
510 422 532 449 '
581 415 1056 488 imaginationibus
1104 416 1126 447 ³
1167 414 1452 478 formatur,
1498 422 1557 467 ut
1609 420 1696 467 est
1746 411 1802 465 iu

232 511 487 582 Propheta
514 530 527 563 :
558 528 577 560 ι
606 508 730 564 Vidi
758 509 1041 563 Dominum
1072 509 1348 564 sedentem
1374 522 1540 578 super
1552 504 1802 568 solium»,

1909 404 2214 469 laudantur,
2243 404 2503 459 deficiunt
2529 413 2728 471 tamen,
2759 406 2971 462 etiamsi
2997 408 3042 440 “
3067 410 3148 464 sic
3174 413 3498 471 excellentes

1907 503 1983 548 et.
2006 494 2482 565 supermateriales
2509 497 2635 559 sint,
2685 497 2867 552 divina
2915 498 2961 529 “
2993 500 3363 569 similitudine,
3397 505 3500 561 hoc

227 613 274 657 ,ει
307 602 364 655 in
391 600 711 672 Apocalypsi
739 619 753 654 ε
782 618 802 650 ι
829 599 1021 654 Mulier
1059 598 1254 653 amicta
1278 598 1409 663 εοιε,
1453 608 1507 651 σει
1537 597 1662 650 luna
1706 598 1806 651 sub
1907 594 2013 649 est,
2035 586 2271 641 divinam
2293 586 2699 643 similitudinem
2728 589 2898 659 ipsius
2924 607 3028 645 non
3052 592 3343 664 attingunt,
3372 597 3497 651 dum

230 690 446 763 pedibus
466 690 583 759 ejus
612 710 659 743 ο.
685 690 829 745 Haec
852 690 1051 761 quippe
1079 689 1331 744 humanis
1376 689 1673 743 rationibus
1699 687 1807 758 spi-

230 781 605 851 ritualiumque
646 783 860 835 animae
886 789 1325 835 ornamentorum
1364 777 1806 837 similitudinibus

231 882 500 944 assumpta
554 882 699 928 sunt.
732 872 883 926 Alter
917 887 1067 936 vero,
1099 872 1189 942 qui
1222 872 1513 926 bestiarum
1546 869 1804 924 fet'ocium

231 965 686 1037 snperbarumque
718 964 763 1030 ⁸,
792 975 853 1019 ut
899 963 1068 1018 leonis
1094 972 1149 1016 et
1173 963 1320 1031 equi,
1345 977 1439 1016 seu
1464 960 1718 1032 turpium,
1749 967 1809 1014 ut

232 1058 333 1112 ursi
363 1065 420 1111 et
442 1056 661 1121 vermis,
692 1070 811 1121 seu,
835 1055 981 1124 quod
1003 1054 1313 1124 longissime
1338 1060 1558 1124 putatur
1583 1053 1804 1115 distare,

229 1147 609 1201 insanientium
641 1145 942 1207 hominum,
971 1154 1030 1197 ut
1060 1143 1224 1198 David
1249 1143 1300 1198 in
1332 1153 1485 1212 porta
1513 1141 1672 1206 Geth,
1719 1148 1812 1195 aut

232 1237 666 1301 temulentorum,
694 1245 754 1289 ut
789 1235 903 1290 Noe
939 1244 995 1290 et
1038 1235 1197 1300 Loth,
1241 1244 1334 1288 aut
1376 1234 1808 1299 luribundorum,

230 1338 284 1384 ut
314 1328 341 1360 ⁸
385 1329 701 1399 saepissime
730 1327 926 1398 legitur
965 1345 979 1381 :
1011 1346 1029 1378 ι
1058 1327 1233 1383 Iratus
1263 1334 1349 1382 est
1374 1326 1632 1382 Dominus
1672 1346 1719 1393 ι,
1756 1334 1813 1381 ει

236 1420 485 1476 «exarsit
506 1420 657 1475 furor
680 1418 797 1489 ejus
823 1439 868 1483 ι,
897 1428 1309 1489 ceterorumque
1338 1420 1530 1474 horum
1553 1418 1811 1474 similium

228 1509 743 1580 conﬁgurationibus
775 1509 1012 1580 ﬁngitur.
1045 1508 1159 1564 Huc
1187 1509 1350 1564 etiam
1379 1508 1590 1564 accedit
1611 1507 1814 1563 forma-

231 1618 337 1659 rum
363 1602 633 1667 confusio,
650 1603 777 1657 dum
800 1603 854 1658 in
871 1618 976 1658 una
990 1596 1287 1672 eademque
1308 1601 1544 1672 imagine
1566 1599 1778 1670 species
1790 1599 1812 1630 ‘

1914 677 2118 732 veritas
2143 677 2461 732 consulitur.
2509 677 2576 732 Et
2622 679 2725 733 hoc
2753 690 2836 735 est
2864 681 3008 750 quod
3052 685 3298 751 sequitur
3342 703 3355 739 :
3403 684 3495 741 Est

1910 784 2049 822 enim
2073 784 2231 837 super
2263 784 2467 822 omnem
2497 771 2772 824 essentiam
2803 784 2850 825 et
2876 772 3056 837 vitam,
3101 774 3248 827 nullo
3291 777 3498 846 quidem

1911 855 2079 924 ipsam
2100 855 2353 910 "lumine
2380 859 2810 924 caracterizante,
2844 860 2945 914 hoc
2964 871 3066 927 est,
3091 860 3375 932 figurante,
3404 880 3501 920 seu

1917 946 2204 1013 fur-mante,
2232 948 2475 1019 omnique
2514 950 2718 1003 ratione
2763 962 2811 1004 et
2859 951 3121 1007 intellectu
3157 956 3503 1013 similitudine

1912 1036 2076 1107 ipsius
2099 1037 2580 1108 incomparabiliter
2616 1039 2912 1105 derelictis;
2952 1041 3007 1095 id
3035 1052 3137 1107 est,
3172 1044 3297 1099 dum
3323 1047 3503 1102 omnis

1915 1128 2055 1183 ratio
2079 1138 2135 1183 et
2159 1128 2464 1185 intellectus
2478 1130 2829 1187 similitudine
2849 1132 3016 1200 ipsius
3034 1133 3319 1191 alienatur.
3347 1137 3503 1193 Nulla

1914 1221 2180 1289 siquidem
2209 1221 2350 1276 ratio
2394 1221 2481 1277 vel
2508 1222 2811 1278 intellectus
2853 1233 2957 1289 est,
3000 1225 3093 1294 qui
3126 1225 3168 1256 "
3195 1227 3504 1285 similitudi—

1916 1327 2041 1367 nem
2073 1313 2263 1382 ipsius,
2293 1314 2550 1382 quoniam
2606 1316 3043 1387 incomparabilis
3090 1328 3194 1384 est,
3226 1324 3396 1391 possit
3422 1334 3498 1379 at-

1918 1405 2146 1476 tingere.
2190 1405 2472 1461 Deseritur
2506 1408 2653 1462 enim
2682 1417 2739 1464 et
2770 1410 2984 1465 vilescit
3027 1412 3209 1467 omnis
3252 1424 3503 1472 creatura

1916 1496 2146 1552 visibilis
2187 1505 2243 1552 et
2288 1497 2595 1565 invisibilis,
2620 1501 2748 1556 dum
2776 1512 3126 1572 comparatur
3169 1520 3414 1564 summae
3453 1518 3510 1566 et

1919 1591 2317 1662 supernaturali
2348 1602 2598 1659 naturae,
2621 1608 2763 1664 quae
2790 1611 2956 1666 super
2981 1598 3164 1653 omnia
3191 1610 3297 1656 est.

232 1694 486 1759 humana,
540 1693 801 1759 vitulina,
847 1693 1084 1764 aquilina
1141 1700 1485 1748 monstruose
1529 1693 1806 1756 miscetur,
1840 1673 1886 1733 Β
1940 1683 2247 1755 .chuitur
2273 1690 2542 1743 secundus
2564 1687 2905 1746 formationis
2928 1692 3139 1758 modus,
3163 1696 3254 1765 qui
3281 1696 3505 1754 omnino

229 1786 361 1855 quod
391 1800 615 1840 omnino
639 1784 899 1840 absolutis
923 1783 1365 1853 naturalibusque
1384 1781 1575 1838 formis
1596 1790 1813 1838 contra-

229 1875 363 1930 rium
408 1875 753 1946 perspicitur.
791 1874 859 1930 Et
900 1874 1099 1944 prioris
1138 1873 1357 1945 quidem
1399 1870 1546 1927 modi
1595 1870 1815 1943 paradi-

233 1977 409 2037 gmata
439 1965 715 2040 subiungit
754 1968 939 2023 dicens
964 1986 978 2022 :

291 2060 319 2135 §
350 2061 411 2117 5.
455 2058 645 2131 Itaque
689 2061 963 2116 colendam
1011 2060 1457 2133 snperessentialis
1493 2061 1749 2137 θεαρχὶας
1788 2059 1812 2091 τ

233 2152 603 2207 beatitudinem
642 2152 1160 2221 manifestativorum
1196 2152 1522 2224 eloquiorum
1564 2150 1815 2221 mysticae

232 2243 533 2297 traditiones
560 2240 848 2312 aliquando
871 2242 1083 2313 quidem
1140 2251 1196 2295 ut
1246 2243 1507 2297 rationem
1531 2251 1580 2296 et
1606 2240 1813 2296 intelle-

232 2344 359 2389 ctum
384 2346 437 2390 et
471 2337 750 2390 essentiam
776 2335 1021 2400 laudant,
1063 2335 1296 2390 divinam
1323 2334 1752 2399 rationalitatem_
1765 2343 1815 2390 et

233 2427 540 2496 sapientiam
565 2427 681 2497 ejus
716 2426 1070 2491 declarantes,
1097 2436 1145 2480 et
1170 2443 1286 2482 vere
1317 2428 1620 2481 existentem
1644 2426 1817 2481 subsi-

232 2519 496 2584 stentiam,
537 2526 587 2572 et
653 2533 833 2571 eorum
868 2532 1003 2587 quae
1050 2525 1169 2571 sunt
1211 2516 1577 2570 subsistentiae
1599 2532 1817 2570 causam

233 2629 398 2669 veram
426 2614 479 2680 ⁸,
530 2622 580 2667 et
627 2614 782 2683 quasi
836 2611 1012 2666 lumen
1068 2628 1184 2667 eam
1221 2610 1533 2681 refonnant,
1562 2620 1612 2665 et
1656 2610 1819 2665 vitam

233 2714 433 2758 eccam.
499 2701 773 2768 Colenda,
818 2702 1025 2772 inquit,
1077 2709 1135 2758 et
1209 2701 1481 2756 adoranda
1544 2701 1822 2758 beatitudo

234 2794 488 2870 θεαρχίας
518 2792 565 2857 ’,
605 2793 709 2848 hoc
760 2778 875 2858 est,
902 2806 1149 2848 summae
1179 2788 1425 2858 Deitatis,
1467 2807 1609 2862 quae
1657 2807 1820 2863 supe-

234 2894 313 2940 rat
343 2900 540 2941 omnes
580 2885 885 2949 essentias,
936 2885 989 2939 in
1038 2884 1421 2940 traditionibus
1455 2884 1700 2954 mysticis
1744 2882 1824 2939 di-

232 2975 483 3030 vinorum
537 2973 916 3044 eloquiorum,
974 2989 1115 3044 quae
1168 2973 1530 3045 intelligibiles
1589 2973 1820 3030 virtutes

1916 1778 2313 1849 inconsequens
2326 1790 2380 1836 et
2402 1781 2706 1847 indecoms,
2724 1783 2828 1838 hoc
2847 1793 2951 1863 est,
2968 1786 3351 1844 inconveniens
3372 1789 3511 1845 divi-

1913 1868 2001 1924 nis
2020 1870 2307 1927 virtutibus
2327 1880 2383 1927 et
2410 1871 2671 1929 deformis
2687 1890 2807 1931 esse
2820 1875 3052 1932 videtur.
3071 1877 3369 1950 Aliquando
3389 1897 3509 1936 vero
3610 1898 3615 1903 '

1914 1961 2264 2017 dissimilibus
2295 1964 2808 2035 manifestationibus
2831 1968 2896 2022 ab
2929 1969 3055 2040 ipsis
3085 1970 3304 2041 eloquiis
3324 1989 3511 2043 super-

1915 2054 2187 2106 mundane
2230 2052 2504 2117 laudatur,
2533 2071 2649 2109 eam
2676 2056 3008 2124 inuisibilem,
3031 2070 3078 2114 et
3112 2061 3394 2131 infinitam,
3423 2064 3511 2117 in-

1916 2143 2532 2215 comprehensibilemque
2559 2148 2884 2214 vocantibus,
2919 2159 2968 2204 et
2998 2167 3061 2205 ea
3103 2152 3169 2218 ¹⁷,
3197 2168 3263 2207 ea:
3298 2153 3508 2223 quibus.

1918 2248 2023 2287 non
2042 2234 2169 2303 quid
2194 2244 2293 2300 est,
2326 2236 2416 2291 sed
2436 2238 2563 2308 quid
2577 2254 2680 2293 non
2700 2249 2797 2305 est,
2826 2241 3176 2310 signiﬁcatur.
3207 2243 3511 2311 Secundus,

1918 2323 2113 2393 inquit,
2169 2325 2359 2381 modus
2401 2328 2708 2384 divinarum
2755 2330 3284 2400 manifestationum,
3314 2337 3513 2406 quibus

1920 2417 1975 2472 in
1997 2418 2196 2474 divinis
2237 2418 2537 2490 Scripturis
2566 2424 3038 2491 snperessentialis
3062 2425 3324 2483 Divinitas
3348 2444 3511 2499 supra

1919 2512 2134 2564 euntem
2163 2510 2419 2565 mundum
2443 2511 2487 2543 ¹⁸
2510 2511 2762 2568 laudatur
2786 2513 2855 2580 “,
2881 2515 3074 2585 duplex
3105 2526 3207 2572 est.
3235 2518 3343 2572 Aut
3364 2520 3509 2573 enim

1919 2614 2022 2670 per
2048 2600 2342 2657 dissimiles
2382 2601 2586 2658 formas
2610 2613 2665 2659 et
2687 2604 3133 2663 inconvenientes
3172 2607 3513 2680 longissime-

1920 2704 2028 2759 que
2042 2692 2111 2747 ab
2128 2692 2242 2762 ipsa
2261 2733 2276 2759 ,
2298 2700 2359 2747 ut
2378 2695 2744 2764 praediximus
2760 2736 2776 2761 ,
2805 2696 3071 2754 distantes
3096 2685 3422 2770 imaginatur
3441 2702 3509 2761 ⁸⁸.

1924 2794 2017 2840 aut
2040 2800 2139 2856 per
2165 2800 2265 2851 ea,
2305 2799 2374 2842 ex
2411 2787 2607 2857 quibus
2636 2803 2744 2843 non
2775 2788 2905 2858 quid
2948 2797 3072 2857 εει,
3120 2790 3212 2846 sed
3240 2793 3370 2860 quid
3400 2808 3507 2849 non

1921 2889 2023 2943 est,
2046 2878 2401 2949 significatur,
2434 2880 2700 2947 innuitur,
2725 2882 2849 2936 dum
2884 2883 3171 2939 invisibilis
3206 2892 3263 2939 et
3296 2885 3510 2941 infinita

1922 2978 1980 3025 et
2004 2971 2568 3040 incomprehensibilis
2592 2982 2835 3028 vocatur.
2870 2972 3150 3044 Siquidem
3199 2976 3324 3031 dum
3366 2993 3516 3032 sum-

231 3063 552 3133 quibusdam
608 3032 1019 3134 ﬁgurationibus
1075 3032 1447 3129 manifestam,
1493 3079 1655 3135 saepe
1701 3065 1821 3135 qui-
1848 3032 1894 3095 Ο
1924 3075 2068 3115 mam
2112 3032 2373 3116 Deitatem
2403 3070 2460 3116 et
2484 3062 2782 3118 bonitatem
2808 3032 3134 3118 invisibilem
3160 3073 3216 3119 et
3241 3064 3510 3121 inﬁnitam

232 3154 349 3209 dem
375 3154 657 3221 laudatur,
685 3154 741 3210 in
770 3154 941 3224 ﬁgura
973 3155 1201 3210 rationis
1237 3155 1282 3187 ¹⁶
1322 3163 1379 3211 ει
1422 3155 1726 3211 intellectus
1766 3163 1823 3211 et

231 3246 522 3310 essentiae,
556 3246 685 3300 dum
715 3252 934 3314 superat
960 3260 1179 3299 omnem
1203 3244 1468 3300 rationem
1515 3253 1571 3301 et
1609 3246 1822 3315 sapien-

231 3337 380 3401 tiam,
408 3351 575 3407 quam
607 3336 663 3390 in
694 3335 799 3391 hoc
828 3335 948 3390 loco
975 3334 1304 3407 intellectum
1332 3336 1597 3390 nominat.
1627 3335 1821 3393 Omnis

231 3427 446 3496 quidem
475 3425 808 3491 intellectus,
827 3426 919 3494 qui
946 3425 1230 3480 veritatem
1258 3424 1525 3495 intelligit,
1553 3426 1822 3496 sapientia

231 3526 329 3573 est.
356 3516 612 3573 Essentia
639 3516 859 3581 dicitur,
890 3524 948 3571 et
968 3516 1123 3585 quasi
1154 3504 1335 3571 lumen
1375 3514 1664 3580 formatur,
1694 3516 1822 3572 sub-

232 3609 449 3673 sistens,
497 3616 555 3662 et
593 3607 717 3677 plus
742 3621 905 3678 quam
945 3607 1231 3663 existentia
1258 3614 1314 3661 et
1338 3606 1660 3675 substantia,
1688 3622 1824 3677 quo-

233 3697 374 3751 niam
398 3712 617 3761 eorum,
635 3711 779 3766 quae
810 3705 953 3757 sunt,
986 3696 1369 3752 subsistentiae
1381 3710 1506 3752 vera
1536 3705 1593 3751 et
1611 3697 1817 3753 incom-

231 3787 507 3844 mutabilis
531 3789 577 3821 ”
603 3803 769 3844 causa
797 3797 902 3844 est.
942 3789 1190 3845 Essentia
1212 3789 1428 3857 dicitur,
1473 3797 1530 3845 et
1554 3790 1710 3860 quasi
1741 3789 1823 3846 lu-

228 3893 349 3934 men
390 3878 686 3946 formatur,
710 3888 768 3935 et
792 3880 958 3935 veluti
990 3881 1095 3936 vita
1125 3890 1374 3947 vocatur,
1406 3881 1535 3936 dum
1564 3881 1636 3936 sit
1659 3896 1821 3951 super

230 3982 387 4025 omne
410 3969 596 4025 lumen
635 3979 692 4026 et
716 3985 878 4041 super
894 3980 1117 4027 ‘onmem
1142 3972 1309 4027 vitam
1334 3972 1502 4027 totius
1525 3971 1743 4027 luminis
1767 3980 1822 4028 et

230 4060 375 4116 vitae
402 4059 531 4117 fons
558 4061 933 4117 inexhaustus.
966 4061 1034 4116 Et
1063 4062 1164 4116 hae
1188 4071 1317 4117 sunt
1340 4061 1615 4118 mirabiles
1652 4070 1708 4117 et
1732 4077 1821 4118 su-

228 4153 641 4223 permateriales
690 4152 899 4209 formae
929 4154 1101 4224 ipsius
1128 4154 1445 4225 principalis
1478 4155 1738 4221 Deitatis,
1766 4164 1823 4211 et

226 4244 708 4315 super-caelestium
730 4246 989 4301 virtutum
1015 4260 1155 4316 quae
1176 4247 1321 4302 circa
1341 4261 1462 4301 eam
1483 4255 1630 4301 sunt.
1665 4246 1819 4314 Quod

227 4346 628 4405 consequenter
650 4335 897 4409 adjungit
921 4336 1108 4393 dicens
1134 4355 1148 4392 :
1178 4336 1362 4393 Tantis
1388 4338 1715 4393 mirabilibus
1742 4355 1819 4394 re—

1923 3161 1980 3207 et
2002 3151 2604 3222 incomprehensibilem
2630 3153 2813 3208 divina
2857 3162 3021 3208 vocat
3065 3153 3369 3225 Scriptura,
3401 3170 3513 3211 non

1920 3240 2052 3311 quid
2086 3239 2202 3310 ipsa
2250 3249 2338 3296 est
2378 3241 2686 3311 significat;
2717 3256 2824 3297 non
2880 3242 3027 3297 enim
3076 3242 3417 3299 invisibilitas
3458 3251 3519 3299 et

1923 3330 2165 3385 inﬁnitas
2194 3338 2252 3386 et
2280 3330 2903 3403 incomprehensibilitas
2946 3334 3184 3389 essentia
3214 3335 3383 3403 ipsius
3406 3345 3512 3403 est,

1923 3423 2041 3491 sed,
2069 3422 2198 3493 quid
2234 3438 2340 3477 non
2377 3432 2484 3488 est,
2537 3424 2793 3480 ostendit.
2828 3423 2943 3479 Non
2972 3433 3057 3480 est
3090 3425 3234 3481 enim
3264 3425 3515 3493 visibilis,

1922 3524 2099 3581 neque
2142 3511 2316 3577 ﬁnita,
2372 3527 2546 3583 neque
2592 3513 3118 3584 comprehensibilis.
3164 3514 3232 3569 Et
3255 3516 3516 3586 quoniam

1923 3603 2120 3673 duplex
2143 3604 2188 3636 ἰ
2233 3604 2452 3660 divinae
2482 3603 2899 3676 signiﬁcationis
2925 3606 3066 3661 ratio
3092 3615 3215 3661 est:
3243 3615 3340 3663 aut
3363 3608 3512 3663 enim

1927 3693 2253 3750 afﬁrmative
2281 3695 2621 3766 signiﬁcatur
2646 3696 2715 3762 “,
2739 3697 2891 3752 verbi
2922 3697 3120 3768 gratia,
3151 3698 3278 3752 dum
3309 3699 3375 3753 de
3398 3699 3513 3768 ipsa

1892 3844 1897 3851 τ
1922 3784 2308 3854 praedicatur:
2336 3786 2575 3841 essentia
2601 3794 2706 3851 est,
2735 3802 2830 3843 seu
2862 3786 3099 3852 bonitas,
3134 3802 3229 3843 seu
3258 3788 3390 3854 vita,
3418 3803 3516 3843 seu

1922 3877 2203 3946 sapientia,
2222 3893 2318 3934 seu
2338 3880 2564 3945 veritas,
2588 3889 2880 3951 ceteraque
2901 3880 3159 3936 similium
3185 3880 3448 3936 virtutum
3463 3882 3515 3913 ’³

1924 3966 2168 4033 nomina,
2207 3982 2345 4037 quae
2375 3969 2593 4025 divinae
2634 3970 2907 4026 altitudini
2935 3981 3101 4041 atque
3135 3972 3517 4027 subsistentiae

1922 4059 2431 4116 convenientissima
2446 4075 2568 4117 esse
2583 4063 2742 4118 viden
2753 4072 2861 4131 tur;
2888 4072 2983 4119 aut
3005 4064 3275 4135 negative,
3291 4072 3351 4119 ut
3391 4080 3516 4120 cum

1923 4150 2173 4205 "dicitur
2186 4152 2489 4218 invisibilis,
2507 4153 2735 4233 inﬁnita,
2752 4154 3326 4225 incomprehensibilis,
3347 4154 3512 4220 invia,

1921 4251 1977 4297 et
2006 4244 2416 4317 investigabilis,
2431 4256 2743 4319 ceteraque,
2770 4264 2909 4319 quae
2923 4250 3119 4320 deipsa
3138 4264 3237 4320 per
3265 4250 3511 4320 negatio-

1925 4349 2046 4389 nem
2062 4338 2498 4405 pronuntiantur.
2515 4338 2806 4410 Propterea
2820 4336 3049 4408 subjecit
3063 4339 3111 4371 "
3127 4357 3142 4393 :
3161 4337 3273 4395 Hoc
3286 4341 3443 4406 enim,
3460 4350 3517 4394 ut

226 4402 635 4493 formationibus
679 4402 1075 4497 gloriosioribus
1109 4430 1320 4501 quidem
1369 4430 1740 4497 existentibus,
1771 4440 1820 4485 et
1846 4402 1899 4462 D
1925 4402 2164 4491 aestimo,
2187 4429 2447 4496 potentius
2495 4439 2570 4483 est
2623 4402 2677 4484 in
2698 4430 2834 4502 ipsa.
2860 4402 3127 4496 Aestima,
3154 4430 3348 4501 inquit,
3372 4402 3517 4487 hanc

226 4514 530 4569 materiales
544 4515 888 4585 formationes
910 4517 1159 4572 excellere
1173 4534 1379 4589 quoque
1394 4519 1549 4572 modo
1567 4519 1820 4589 probatis,

222 4608 589 4677 deﬁcientibus
618 4619 669 4664 et
696 4610 773 4664 sic
796 4610 1093 4665 thearchica
1120 4612 1164 4642 ¹²
1185 4611 1255 4665 ad
1283 4612 1550 4666 ueritatem
1576 4610 1823 4665 similitu-

227 4701 370 4755 dine.
401 4700 565 4757 Tales
588 4710 737 4767 sunt,
778 4701 973 4771 inquit,
1007 4712 1207 4767 tantae,
1234 4713 1290 4757 et
1317 4711 1425 4756 tam
1463 4717 1686 4772 magnae
1718 4703 1822 4757 mi-

1928 4517 2214 4583 rationem,
2229 4532 2366 4588 quae
2379 4526 2463 4574 est
2478 4535 2610 4591 nega
2620 4521 2747 4587 tiva,
2764 4522 3121 4591 potentiorem
3135 4530 3190 4578 et
3201 4523 3522 4578 convenien-

1928 4610 2122 4665 tiorem
2136 4609 2189 4664 in
2206 4610 2338 4680 ipsa,
2359 4610 2461 4666 hoc
2474 4621 2577 4678 est,
2603 4613 2656 4667 in
2679 4613 2845 4683 ipsius
2858 4628 3103 4669 summae
3119 4614 3201 4669 dei
3211 4615 3336 4669 tatis
3347 4614 3518 4685 signi-
3564 4632 3576 4661 ς

1928 4700 2196 4766 ticatione,
2250 4704 2376 4759 dum
2400 4705 2603 4760 anobis
2651 4705 2851 4760 colitur
2868 4716 2923 4761 et
2953 4707 3230 4761 adoratur.
3276 4705 3520 4762 Validius

226 4793 433 4849 rabiles
462 4792 691 4859 formae,
715 4809 857 4865 quae
876 4794 1220 4866 gloriosiores
1240 4796 1500 4860 existunt,
1527 4810 1824 4866 omnesque
1925 4795 2124 4866 quippe
2167 4804 2222 4851 et
2260 4798 2616 4868 propinquius
2663 4798 2866 4853 veritas
2910 4796 3200 4854 inelfabilis
3239 4805 3295 4852 et
3336 4798 3520 4853 divina

226 4883 545 4939 materiales
575 4883 930 4940 formationes
955 4895 1011 4941 et
1047 4886 1461 4958 imaginationes
1487 4902 1744 4957 superare
1769 4896 1826 4942 et
1925 4887 2213 4942 existentia
2247 4890 2516 4959 negative,
2548 4905 2711 4963 quam
2735 4887 3052 4945 allirmative
3094 4890 3415 4945 insinuatur.
3449 4887 3521 4945 Et

1547 5018 1804 5074 VARIAE
1844 5017 2244 5075 LECTIONES.

298 5111 317 5142 '
348 5108 453 5165 Sic
481 5108 632 5181 AgBC.
736 5111 757 5141 ³
789 5110 829 5163 Β
863 5109 1295 5181 convenientibus.
1396 5108 1423 5181 ξ
1456 5106 1499 5161 Β
1542 5108 1901 5181 imaginibus._
1972 5105 2008 5181 κδ
2043 5107 2134 5163 Sic
2155 5108 2196 5164 C
2219 5117 2434 5181 etcorr.
2463 5107 2507 5163 Β
2535 5110 2577 5173 ‘,
2620 5107 2709 5163 ΑΒ
2737 5110 3198 5181 superborum/nte.
3275 5110 3296 5141 ⁸
3327 5108 3420 5181 Sic
3441 5109 3515 5181 (ξς

221 5188 279 5232 ut
304 5195 425 5234 om.
458 5179 567 5245 AB,
612 5181 986 5254 supra_adscr.
1020 5180 1103 5233 B‘.
1194 5180 1244 5254 “
1269 5178 1598 5254 speries_oni_.
1633 5178 1692 5231 Β.
1796 5179 1817 5254 ξ’
1872 5179 1914 5232 Β
1959 5180 2234 5254 eamme,
2288 5180 2329 5254 Β
2352 5182 2370 5200 ‘
2394 5195 2565 5254 marg.
2600 5180 2780 5254 adscr.
2802 5178 2810 5181 ⁷
2835 5182 2870 5233 i.
2906 5196 2952 5254 e_.
3006 5180 3354 5254 thearcniae.‘
3377 5179 3421 5254 ξ
3453 5178 3515 5254 Β.

223 5265 404 5303 verum
455 5247 694 5305 causam.
780 5251 801 5281 '
835 5250 874 5303 Β
896 5254 1151 5336 θςοςρχεξε
1185 5247 1389 5321 (punct.
1418 5247 1524 5315 adj.
1555 5247 1594 5300 Β
1621 5254 1637 5267 ⁸
1664 5258 1720 5302 ει
1744 5247 1813 5302 ad
1844 5263 2015 5318 marg.
2049 5247 2239 5305 adscr.
2293 5250 2331 5303 i.
2367 5267 2414 5304 e.
2460 5247 2794 5318 ierarcltiae).
2907 5251 2949 5282 ¹⁰
2995 5250 3151 5305 Corr.
3186 5250 3226 5303 Β
3254 5251 3296 5312 ’,
3327 5247 3418 5303 AB
3460 5253 3520 5304 in

260 5340 661 5407 auctionibus.
768 5342 809 5373 “
840 5340 932 5396 Sic
959 5340 1065 5404 AB,
1118 5338 1159 5394 C
1212 5350 1259 5393 et
1306 5338 1767 5393 incommutabilis.
1869 5339 1911 5370 "
1941 5340 2121 5408 Com,
2162 5340 2251 5394 AB
2299 5341 2686 5402 tlteareltia.'C
2713 5340 2995 5396 thearchie.
3099 5341 3143 5373 ¹³
3193 5339 3439 5401 Emend.,
3470 5340 3518 5395 Α

290 5419 341 5462 et
366 5409 497 5478 jam
523 5412 588 5483 si,
637 5410 682 5466 C
729 5422 800 5483 et.
902 5411 946 5443 ιδ
974 5411 1053 5483 Β]
1091 5425 1265 5483 marg.
1306 5409 1485 5483 adscr.
1525 5408 1809 5483 thearcica.
1916 5411 1963 5442 ¹⁸
1995 5412 2086 5466 Sic
2112 5411 2174 5475 C,
2204 5411 2295 5466 AB
2312 5414 2452 5483 ipso.
2561 5412 2604 5444 “
2632 5411 2675 5466 A
2705 5412 2861 5483 quis:
2927 5412 2988 5483 _"
3016 5411 3096 5483 B"
3125 5424 3284 5479 supra
3317 5409 3516 5483 adscr.

226 5494 316 5551 cer
344 5495 443 5551 eg.
478 5547 490 5551 _
526 5480 855 5551 “Amandum
874 5497 982 5537 om.
1011 5480 1053 5535 Β
1106 5550 1109 5551 ν
1162 5479 1205 5551 f9
1234 5479 1275 5551 Β
1309 5482 1326 5498 '
1360 5479 1427 5551 ad
1456 5493 1635 5551 marg.
1661 5479 2188 5551 adscr.rcreaturnm.
2279 5479 2396 5536 ’θλ
2421 5479 2800 5551 imaginantur,
2833 5480 2896 5546 Β,
2919 5481 3278 5551 imaginantur
3302 5479 3516 5551 (punct.

218 5548 423 5674 gljéji
618 5552 994 5623 imaginentur.
1071 5550 1114 5583 ¹¹
1143 5549 1190 5604 Α
1221 5549 1468 5621 dupplex.
1544 5550 1589 5581 “
1621 5549 1663 5603 Β
1689 5550 2021 5621 signiﬁcatur
2049 5553 2372 5623 alﬁrmatioe.
2449 5553 2496 5586 ³³
2526 5547 2567 5608 Β
2592 5553 2840 5608 virtutum
2876 5547 3151 5605 similium.
3225 5549 3274 5583 “
3298 5547 3343 5605 Β
3367 5551 3519 5612 dum.

346 5636 400 5674 ιε
590 5661 604 5675 .

346 5636 400 5674 ιε
