3952 6156
437 217 542 275 itis

1550 211 2052 272 EXPOSITIONES
2086 208 2376 266 JOANNlS
2412 211 2610 268 SCOTI

3614 217 3726 274 {56

434 333 538 387 hoc
578 337 658 382 est
690 326 832 397 quod
862 325 1105 394 sequitur
1130 338 1144 378 :
1167 325 1414 396 quoniam
1463 324 1694 393 quidem,
1729 333 1784 376 ut
1817 322 2018 376 occulta
2051 325 2096 382 Λ
2127 320 2318 390 disque
2344 320 2645 376 naturalem
2680 320 2730 374 in
2776 321 3169 392 significatione
3200 321 3389 392 ipsius.
3417 323 3505 392 qui
3555 342 3722 396 super

434 433 483 476 et
508 418 848 475 sacerdotalis
883 417 1098 470 traditio
1121 416 1531 477 subintroduxit,
1562 432 1663 468 non
1703 431 1813 468 csse
1833 431 2020 468 secun-

435 517 561 566 dum
591 510 717 580 quid
747 525 950 571 eorum,
979 523 1112 576 quae
1143 516 1282 570 sunt,
1315 521 1429 558 eam
1457 521 1572 558 vere
1593 504 1838 569 dicimus,
1873 504 2024 572 igno-

437 618 614 654 ramus
677 610 850 652 autem
922 594 1403 665 superessentialem
1488 596 1651 663 ipsius
1719 604 1766 646 et
1838 594 2023 648 invisi~

438 691 588 745 bilem
644 701 688 743 ct
748 686 1062 757 inc/futtilem
1121 687 1493 754 in/inat'itatem
1525 688 1562 738 ⁸.
1595 687 1674 740 Ae
1708 686 1750 738 si
1779 686 1980 738 diceret
2009 702 2021 736 :

437 783 727 851 Pt-Opterea
797 782 1040 849 negativa
1108 781 1246 833 ratio
1298 781 1349 834 in
1411 780 1607 834 divinis
1677 780 2027 848 signiﬁcalio-

437 875 596 928 nibus
685 873 1038 942 praeponitur
1110 872 1499 938 allirmativae,
1577 875 1831 942 quoniam
1900 889 2027 927 vere

434 967 664 1021 d‘cimus
703 967 886 1035 ipsam
939 965 1242 1028 Deitatem,
1298 981 1436 1035 quae
1487 967 1858 1036 supereminet
1913 982 2028 1020 om-

436 1056 543 1116 nia,
594 1071 698 1108 non
754 1071 872 1111 esse
919 1055 1120 1124 aliquid
1168 1071 1354 1108 eormn
1405 1070 1544 1124 quae
1584 1065 1730 1118 sunt,
1778 1066 1832 1109 et
1873 1055 2026 1124 igno-

436 1163 642 1209 ramus,
697 1147 823 1214 quid
881 1148 994 1216 ipsa
1049 1145 1119 1200 sit
1176 1147 1344 1216 ipsius
1397 1145 1922 1215 superessentialitas
1977 1153 2032 1198 et

435 1237 781 1292 invisibilitas
812 1248 867 1291 et
909 1236 1254 1290 inell‘abilitas
1298 1246 1352 1289 et
1398 1235 1722 1298 inlinalitas;
1777 1251 1880 1288 non
1930 1250 2028 1287 att-

438 1338 546 1383 tem
589 1343 713 1382 vere
741 1329 992 1391 dicimus,
1023 1329 1146 1382 dum
1199 1326 1398 1396 aliquid
1457 1341 1666 1390 eorum,
1712 1340 1849 1394 quae
1882 1334 2028 1388 sunt,

435 1434 555 1474 esse
586 1419 604 1448 ¹
627 1434 743 1471 eam
776 1418 1123 1472 allirmatnus.
1152 1417 1307 1478 Nulla
1358 1417 1619 1486 siquidem
1651 1417 1884 1472 essentia
1925 1423 2028 1480 est,

439 1511 688 1580 nullaque
733 1511 966 1575 bonitas,
999 1511 1124 1579 quia
1176 1508 1642 1580 superessentialis
1681 1516 1785 1568 est,
1814 1515 1866 1562 et
1910 1506 2032 1575 plus

437 1617 596 1671 quant
628 1600 860 1662 bonitas,
890 1610 941 1653 et
964 1616 1127 1668 super
1153 1614 1334 1659 onme,
1364 1598 1507 1668 quod
1555 1598 1753 1660 dicitur
1778 1605 1833 1652 et
1870 1596 2029 1672 intel-

2125 425 2341 464 omnem
2379 411 2605 464 formam
2639 420 2694 466 et
2742 409 2966 482 ﬁgurant
3010 428 3061 465 te
3091 412 3267 482 seipse
3298 415 3501 483 absque
3547 414 3725 471 forma

2128 501 2372 555 subsistit
2405 510 2457 555 et
2481 504 2674 570 figura,
2699 501 2816 570 plus
2843 518 3058 572 possum
3085 503 3278 575 decipi,
3307 515 3364 557 ut
3390 505 3730 574 existimem,

2128 592 2316 657 Deum,
2368 594 2538 663 ipsum
2595 595 3146 665 incircumsctiptcm,
3176 597 3412 651 humana
3460 598 3504 630 ⁸⁵
3543 599 3726 670 elligic

2127 683 2520 746 circumscribi,
2556 694 2610 738 et
2656 685 2978 739 invisubiletn
3025 695 3081 740 et
3123 686 3444 742 ineffabilem
3475 687 3726 763 [vi-lect],

2131 776 2174 805 ¹⁶
2198 792 2261 829 ac
2290 777 2354 829 de
2377 792 2441 831 eo
2464 777 2665 844 aliquid
2699 778 2738 808 "’
2767 778 2886 831 fari.
2926 779 3060 831 Dum
3088 795 3218 834 vero
3241 780 3294 833 in
3318 780 3520 834 eisdem
3555 783 3730 837 visio-

2129 867 2284 922 nibus
2319 869 2533 936 pennati
2559 869 2795 924 hominis
2825 885 2889 924 ac
2923 870 3196 924 volitantis
3242 871 3528 941 imaginem
3573 874 3735 928 inve-

2128 958 2219 1012 nio
2247 959 2296 1011 in
2328 959 2723 1028 significatione
2772 961 3084 1015 caelestium
3111 963 3370 1016 virtutum
3413 980 3505 1019 seu
3555 966 3730 1035 ipsius
3779 969 3796 978 ’

2129 1051 2461 1116 Divinitatis,
2493 1052 2656 1106 veluti
2690 1052 2852 1107 celeri
2905 1053 3084 1106 volatu
3135 1055 3314 1107 omnia
3366 1057 3725 1124 penetrantis,

2130 1157 2237 1195 non
2284 1143 2443 1196 facile
2495 1141 2674 1208 fallor,
2705 1144 2960 1212 quoniam
2994 1129 3045 1197 in
3080 1154 3271 1198 natura
3305 1161 3483 1200 rerum
3539 1146 3730 1200 visibi-

2130 1231 2259 1285 lium
2289 1243 2579 1301 pennatun‘.
2609 1234 2881 1287 hominem
2907 1244 2960 1288 et
2988 1233 3296 1288 volitantem
3325 1252 3425 1290 nec
3457 1237 3583 1300 vidi,
3618 1253 3724 1291 nec

2130 1322 2260 1389 legi,
2287 1339 2384 1377 nec
2416 1323 2615 1376 audivi.
2647 1322 2742 1375 Est
2784 1323 2928 1376 enim
2981 1333 3377 1379 monstruosum
3421 1335 3475 1380 et
3501 1328 3726 1380 omnino

2131 1413 2198 1464 ab
2253 1412 2484 1482 humana
2552 1422 2744 1466 natura
2797 1414 2844 1445 ³⁸
2899 1414 3154 1469 alienmn.
3211 1416 3345 1469 ham
3402 1428 3457 1472 et
3511 1419 3725 1487 poetica

2133 1503 2385 1576 figmenta
2438 1503 2486 1555 in
2516 1502 2806 1558 falsissima
2858 1503 3036 1559 fabula
3067 1507 3130 1560 de
3163 1506 3340 1562 volatu
3367 1507 3581 1564 Daedali
3615 1528 3721 1566 non

2132 1606 2258 1647 ausa
2287 1605 2414 1646 sunt
2444 1593 2484 1624 ⁸³
2513 1595 2715 1664 tingete
2743 1595 2955 1664 plumas
2977 1611 3030 1649 et
3059 1597 3172 1651 alas
3194 1613 3257 1651 ue
3301 1615 3526 1668 corpore
3552 1600 3724 1670 ipsius

437 1692 644 1764 ligitur,
668 1693 901 1746 exaltata
925 1703 1028 1746 est.
1057 1693 1121 1746 Et
1142 1703 1428 1762 propterea
1452 1690 1726 1760 subiungit
1751 1707 1763 1742 :
1791 1687 1848 1752 Si
1874 1689 2032 1762 igitur
2061 1686 2106 1744 ,Β
2135 1684 2370 1758 hominis
2403 1687 2724 1760 naturaliter
2747 1688 3015 1754 crevisse;
3063 1690 3374 1744 incredibile
3403 1692 3544 1745 enim
3575 1701 3724 1748 esset

435 1786 766 1860 depulsioncs
795 1787 814 1818 ³
844 1789 896 1840 in
927 1787 1115 1840 divinis
1150 1802 1319 1851 verae,
1359 1784 1670 1852 intentiones
1714 1782 1736 1814 ⁸
1791 1799 1907 1842 vero
1951 1784 2032 1835 in-

439 1891 754 1947 contpactac,
789 1878 1105 1948 ‘obscuritati
1152 1894 1468 1942 arcanorum
1501 1877 1522 1908 ⁵
1572 1877 1738 1946 magis
1779 1887 1902 1945 apta
1950 1885 2030 1939 ,εει

435 1986 526 2040 ρει
546 1968 1246 2036 dissimilesrcforntationcs
1294 1966 1670 2034 ntamfestatio.
1719 1965 2030 2034 Si,_inquit.

440 2061 801 2131 depulsiones,
833 2061 933 2115 hoc
955 2068 1038 2114 est
1080 2060 1415 2128 negationes,
1449 2074 1586 2126 quas
1616 2057 1805 2121 Graeci
1836 2061 2033 2132 ἀποφά-

438 2175 548 2216 σεις
599 2154 618 2182 ⁸
670 2164 906 2215 vocant,
966 2152 1019 2206 in
1078 2151 1276 2206 divinis
1333 2149 1818 2220 signiﬁcationibus
1867 2165 2034 2210 verae

439 2256 562 2300 sunt
589 2246 636 2310 ⁷,
689 2261 790 2297 non
823 2253 1002 2311 autem
1031 2243 1391 2310 intentiones,
1439 2241 1822 2301 allirmationes
1847 2241 2032 2294 vide-li-

438 2344 548 2399 cet,
581 2352 716 2404 quas
745 2337 1056 2405 καταφὰσῃς
1087 2334 1108 2363 ⁸
1141 2335 1346 2397 dicuttt,
1390 2333 1604 2396 eisdem
1641 2333 1836 2390 divinis
1865 2333 2030 2401 signi-

437 2423 783 2480 ﬁcationibus
812 2433 1123 2495 compactae
1163 2431 1219 2492 ei.
1269 2422 1654 2478 convenientes
1705 2431 1847 2488 sunt.
1888 2421 2030 2484 Nere

435 2517 582 2574 enim
627 2526 854 2588 negatur
903 2518 1044 2574 Deus
1093 2515 1296 2584 aliquid
1345 2530 1553 2577 eorum,
1579 2530 1720 2583 quae
1750 2524 2030 2578 sunt._n_on

440 2616 620 2662 autem
644 2623 772 2663 vere
801 2608 1004 2678 aliquid
1026 2623 1215 2662 eorum
1242 2606 1586 2676 praedicatur
1605 2621 1748 2670 esse,
1775 2607 2030 2684 quoniam

439 2716 601 2773 super
630 2701 811 2755 omnia
849 2701 1377 2771 superessentialiter
1405 2699 1473 2761 ab
1503 2701 1755 2764 omnibus
1787 2715 2034 2760 remove-

442 2797 546 2842 tur.
574 2788 824 2846 Profecto
853 2790 1543 2858 obscuritatiarcanorum,
1588 2790 1688 2844 hoc
1715 2799 1818 2856 est,
1845 2789 2031 2855 inetia-

443 2878 624 2934 bilium
675 2880 844 2946 nntlto
895 2880 1119 2952 aptior9
1151 2889 1235 2952 est
1285 2895 1384 2950 per
1437 2879 1726 2935 dissimiles
1755 2881 2036 2948 formatio-

441 2987 559 3035 nes,
589 2987 748 3042 quam
784 2972 824 3001 '°
870 2987 965 3042 per
993 2971 1199 3036 similes
1245 2967 1288 3001 “
1334 2969 1698 3028 ntanilestalio
1749 2969 1810 3022 ι’.
1859 2969 1939 3024 Ac
1984 2970 2028 3024 si

439 3059 648 3117 diceret
695 3077 709 3114 :

437 3161 616 3206 autem
640 3167 766 3205 vera
797 3152 890 3206 scd
919 3150 1288 3220 ηιριίψιιοι·ἱι·ίι
1315 3148 1601 3223 allirmatio
1627 3150 1701 3210 ¹³;
1735 3164 1860 3204 vere
1885 3150 2029 3220 enim

438 3241 636 3298 dicitur
669 3243 809 3302 Dens
834 3244 1137 3307 invisibilis,
1174 3261 1277 3314 non
1321 3245 1751 3309 autemvisibilis
1798 3261 1924 3309 vere
1966 3262 2032 3304 ac

442 3334 660 3405 prepric
688 3334 906 3396 dicitur,
945 3335 1200 3398 similiter
1260 3336 1524 3403 inﬁnitus,
1551 3336 2027 3406 incomprehensi-

438 3424 563 3490 bilis
597 3439 721 3494 vcre
747 3425 811 3495 de
833 3439 897 3492 eo
922 3427 1285 3493 praedicazur,
1315 3426 1650 3498 finitusvero
1691 3435 1745 3486 et
1788 3442 2033 3496 compre—

444 3514 726 3568 hensibilis
753 3530 858 3585 non
885 3516 1124 3586 proprie,
1149 3517 1242 3572 sed
1275 3517 1433 3570 modo
1457 3516 1690 3588 quodam
1724 3516 1974 3584 loquendi
2013 3535 2026 3570 :

441 3605 570 3675 quid
601 3605 818 3676 mirum,
869 3605 912 3660 si
961 3606 1300 3676 naturalibus
1352 3607 1791 3676 simplicibusque
1842 3607 2032 3664 formis

441 3694 599 3766 longe
615 3696 924 3759 dissimiles,
951 3697 1172 3761 mixtae.
1196 3696 1882 3768 confusae,deformesque
1913 3699 2032 3767 plus

441 3789 508 3840 ad
541 3787 721 3840 divina
753 3796 808 3841 et
856 3787 1145 3842 ineffabilia
1195 3789 1407 3856 valeant
1454 3790 1829 3862 significanda,
1869 3806 2031 3859 quant

439 3875 737 3940 absolutae,
787 3887 835 3929 et
888 3877 933 3908 ”
975 3878 1268 3948 simplices,
1296 3879 1551 3946 omnique
1595 3879 1912 3944 confusione
1941 3897 2029 3946 ea-

377 4025 384 4036 _
444 3978 627 4023 rentes
658 3969 985 4025 naturalium
1031 3971 1326 4038 ftn'marnm
1375 3971 1811 4041 imaginationcs.
1858 3972 1922 4026 Et
1974 3981 2033 4025 ut

441 4062 884 4132 planiusdicam,
923 4065 1044 4136 plus
1094 4065 1337 4137 intelligo
1370 4067 1560 4128 Deum,
1611 4068 1734 4128 dum
1782 4067 1943 4128 audio
1967 4068 2033 4122 de

439 4170 556 4225 ipso
589 4156 988 4224 praedicantem
1024 4172 1039 4210 :
1076 4158 1311 4214 essentia
1358 4173 1462 4212 non
1508 4167 1614 4220 est,
1667 4158 1883 4216 bonitas
1926 4173 2030 4213 non

440 4249 847 4319 est,.quoniam
901 4249 1370 4319 superessentialis
1416 4259 1522 4314 est,
1588 4259 1643 4303 et
1699 4249 1819 4317 plus
1870 4265 2030 4313 quam

441 4341 632 4414 bonus,
683 4358 842 4411 quam
873 4344 998 4396 dum
1027 4344 1188 4410 audio
1221 4361 1234 4396 :
1268 4343 1500 4406 essentia
1536 4352 1638 4404 est,
1683 4341 1894 4402 bonitas
1924 4351 2026 4398 est.

428 4434 719 4503 lloeenim
747 4436 912 4489 Deum
947 4437 1296 4501 intcr_omuia
1345 4445 1721 4496 connumerat,
1776 4434 1904 4490 illtnl
1935 4451 2030 4488 an-

447 4535 549 4580 tem
575 4543 734 4595 super
760 4529 939 4580 omnia
976 4529 1148 4597 ipsum
1176 4530 1396 4582 exaltat.
1438 4529 1634 4583 Eadem
1668 4527 1876 4582 ratione
1901 4527 2027 4582 dum

446 4616 496 4667 in
529 4616 731 4668 sanctis
761 4616 1055 4669 visionibus
1111 4628 1423 4682 sanctorum
1475 4618 1858 4686 prophetarum
1915 4615 2032 4686 lego

445 4708 733 4776 humanam
765 4705 990 4777 elligiem
1021 4707 1326 4776 pulchram,
1379 4709 1702 4772 absolutam,
1758 4708 2028 4761 omnimo-

2135 1786 2192 1831 et
2219 1777 2477 1850 deforme.
2503 1779 2581 1832 Ac
2605 1794 2703 1848 per
2728 1780 2828 1833 hoc
2849 1779 3011 1836 citius
3035 1780 3275 1848 adducor
3296 1783 3362 1836 ad
3392 1781 3722 1852 negandum,

2136 1869 2225 1922 tali
2259 1855 2492 1938 imagine
2518 1871 2737 1940 omnino
2761 1871 2970 1938 divinas
2990 1872 3216 1926 virtutes
3246 1873 3523 1942 ipsunnpte
3551 1873 3725 1929 Deum

2134 1958 2512 2014 circumscribi
2544 1973 2594 2013 et
2623 1961 2939 2015 deformiter
2964 1961 3214 2032 formari;
3243 1980 3402 2017 omne
3431 1967 3718 2032 siquidem,

2133 2053 2275 2120 quod
2331 2063 2520 2106 contra
2554 2063 2803 2107 naturam
2858 2065 2960 2119 est,
3019 2064 3173 2125 turpe
3221 2039 3379 2126 atque
3407 2057 3450 2087 ’°
3480 2058 3724 2119 deforme

2133 2153 2250 2217 est;
2281 2158 2442 2218 quam
2470 2145 2537 2196 ad
2577 2148 3037 2212 consetpteinlunt,
3079 2147 3210 2201 tales
3261 2147 3458 2218 figuras
3506 2160 3726 2204 natura-

2132 2233 2258 2289 liter
2309 2236 2362 2288 in
2417 2235 2741 2290 caelestibus
2787 2252 2931 2290 esse.
2984 2237 3049 2290 lit
3089 2239 3347 2294 continuo
3388 2239 3530 2293 nulla
3571 2255 3724 2294 mora

2135 2328 2456 2390 interstante
2501 2329 2866 2401 “perspicio,
2918 2329 3034 2383 illas
3069 2331 3477 2400 imaginationcs
3507 2332 3723 2392 divinae

2135 2413 2450 2493 Scripturac
2510 2419 2897 2488 signiticativas
2952 2436 3074 2474 esse
3132 2421 3456 2476 naturalium
3515 2437 3724 2488 rerum,

2133 2511 2456 2581 simplicium
2511 2509 2752 2582 Quidem,
2801 2516 3056 2583 omnique
3107 2513 3278 2567 forma
3331 2525 3494 2583 atque
3542 2499 3722 2584 lignra

2133 2602 2374 2676 sensibili
2418 2606 2947 2674 ι(ειι-υιιιιιειτιιιιιιᾳυρ
3000 2605 3322 2669 carentium,
3377 2621 3481 2680 non
3539 2621 3720 2661 autem

2119 2694 2281 2770 ipsas
2313 2705 2551 2760 naturas,
2580 2710 2717 2766 quae
2745 2697 2862 2752 istis
2887 2697 3369 2767 signiﬁcationibus
3391 2699 3456 2752 ad
3486 2713 3723 2768 purgan—

2137 2791 2234 2854 dus
2277 2797 2491 2840 nostras
2521 2797 2767 2843 terrenas
2809 2790 3166 2858 cogitationes
3200 2790 3536 2846 intimantnr.
3570 2791 3722 2844 Sicut

2124 2878 2320 2952 itaque
2346 2881 2563 2950 negatio
2591 2879 2935 2935 allirtnationi
2973 2882 3322 2951 praeponitur
3370 2883 3424 2936 iit
3451 2883 3722 2952 Signiﬁca-

2138 2968 2374 3044 tionibus
2402 2970 2468 3035 ”,
2489 2971 2574 3042 ita
2605 2971 3040 3027 inconvenienth
3085 2985 3249 3042 atque
3290 2972 3560 3028 deformes
3601 2989 3722 3044 spe-

759 3060 816 3116 Si
868 3077 996 3114 vera
1027 3069 1113 3136 est
1143 3059 1355 3130 negatio
1386 3060 1437 3112 in
1473 3060 1669 3113 divinis
1700 3060 1880 3123 rebus,
1924 3075 2029 3130 non
2059 3047 2105 3106 Ε
2137 3061 2249 3115 cies
2276 3061 2528 3131 formosis
2551 3065 3106 3135 convenientibusque
3152 3077 3554 3136 praeponuntur
3582 3067 3717 3120 inia~

2118 3153 2502 3224 lgimtti-mibus
2527 3157 3158 3228 manifestationibusque
3182 3158 3482 3213 divinarem
3515 3174 3718 3218 rerum,

2135 3258 2230 3316 seu
2260 3258 2455 3308 sensus
2479 3259 2794 3314 corporeos,
2821 3257 2880 3300 ut
2900 3257 3024 3300 sunt
3047 3231 3323 3317 angelicae
3356 3247 3601 3308 virtutes,
3625 3262 3720 3300 sui

2117 3349 2350 3406 omnem
2378 3335 2735 3400 intellectum,
2763 3347 2821 3392 ut
2864 3347 2947 3396 est
2976 3339 3087 3408 ipsa
3124 3338 3404 3400 Divinitas,
3436 3337 3720 3400 inetfabih-

2118 3436 2219 3494 ,ιρι-
2237 3429 2713 3496 ειιριεηιιιιὶιιιιιςίῗι
2734 3431 2874 3499 quod
2892 3432 2956 3486 de
2977 3430 3148 3502 ctligie
3165 3431 3398 3488 volatilis
3419 3431 3465 3462 ³³
3489 3431 3725 3486 hominis

2135 3519 2393 3586 diximus,
2426 3521 2598 3591 ipsum
2627 3523 2694 3577 de
2719 3524 2873 3592 leone
2903 3523 3174 3592 vituloque
3221 3539 3481 3594 pennoso,
3507 3524 3631 3580 item
3654 3524 3724 3577 de

2138 3609 2317 3679 aquila
2342 3611 2574 3675 humana
2597 3613 2744 3670 vultu
2775 3614 3137 3685 conligenda,
3159 3616 3460 3688 ceterisque
3482 3613 3726 3669 coninszs

2137 3699 2343 3771 liguris,
2377 3717 2469 3762 seu
2523 3702 2576 3756 in
2603 3705 2791 3758 eodem
2815 3718 3013 3774 genere
3049 3704 3357 3772 superﬂuis,
3385 3715 3442 3758 ιιι
3466 3703 3724 3758 animalia

2136 3795 2223 3850 illa
2249 3811 2410 3851 senas
2432 3797 2546 3851 alas
2579 3797 2853 3862 habentia,
2877 3815 2961 3853 est
3007 3799 3433 3868 intelligetnlnm.
3463 3796 3547 3853 ,ιιι
3576 3796 3722 3853 enim

2136 3885 2268 3941 ltaec
2296 3887 2476 3940 omnia
2503 3890 2774 3942 naturales
2799 3889 3068 3958 abnegaut
3101 3887 3325 3952 fortnas,
3350 3887 3421 3942 ita
3453 3888 3702 3942 caclcshv

2125 3976 2366 4030 virtutes
2391 3978 2474 4031 his
2499 3978 2751 4038 munibus
2775 3979 2820 4037 ’5
2845 3981 3132 4048 speciebus
3157 3991 3345 4032 carere
3392 3977 3724 4033 manifestis-

2135 4067 2272 4122 sime
2293 4068 2584 4122 insinuant.
2613 4070 2874 4138 Sequitur
2901 4087 2912 4123 :
2941 4069 3004 4122 Et
3029 4087 3165 4122 nunc
3192 4071 3365 4139 itaque
3391 4085 3494 4122 non
3523 4080 3724 4138 turpes.

2137 4161 2282 4214 velut
2344 4175 2599 4230 expresse
2659 4163 2982 4217 transfertur
3041 4173 3347 4233 postremae
3383 4161 3464 4223 ”,
3528 4166 3726 4228 replent

2137 4257 2380 4306 caelestes
2440 4264 2655 4306 ornatus
2717 4258 3042 4321 cloqutorum
3096 4271 3280 4309 sacrae
3329 4258 3725 4324 descriptiones,

2136 4341 2476 4395 dissimilibus
2551 4359 2638 4397 eos
2710 4343 3001 4412 formarum
3081 4345 3303 4413 [acturis
3381 4344 3728 4406 manifestan-

2135 4444 2229 4496 tcs,
2259 4442 2306 4486 et
2326 4438 2418 4502 per
2449 4434 2546 4487 luis
2582 4445 2907 4490 ostendentes
2953 4438 3313 4488 materiatibus
3343 4433 3389 4465 “
3417 4437 3573 4488 simul
3616 4451 3746 4492 om-_

2135 4524 2285 4577 uibus
2339 4525 2824 4592 supermundalium
2882 4526 3236 4579 excedendus.
3292 4523 3534 4578 Breviter
3598 4539 3730 4576 con-

2132 4615 2329 4680 cludit,
2399 4631 2538 4684 quae
2602 4616 2858 4670 hactenus
2909 4616 2952 4647 ⁸⁷
3024 4616 3330 4685 praedixit,
3396 4616 3730 4677 convincens

2133 4722 2258 4770 eos,
2317 4707 2406 4775 qui
2451 4707 2749 4763 carnaliter
2801 4707 2981 4761 divina
3035 4707 3307 4778 cogitant,
3353 4704 3727 4760 existimantes

1743 4795 1827 4849 VA
1842 4797 2000 4850 ΜΔΕ
2041 4797 2442 4854 LECTIONES.

517 4868 530 4896 ¹
563 4867 690 4921 ABG
739 4877 793 4922 et
845 4867 1166 4924 ineffabilem
1192 4879 1238 4923 et
1268 4869 1664 4924 inlinalitatem.

447 4989 554 5026 nes.
666 4975 686 5004 ⁸
714 4973 784 5026 B‘
815 4991 974 5044 supra
1006 4991 1114 5030 scr.
1152 4976 1542 5045 aﬁirmationcs.

445 5101 466 5134 ⁷
495 5100 585 5155 Sic
610 5101 650 5157 C
674 5112 729 5156 et
757 5102 870 5156 rad.
899 5119 1039 5156 corr.
1073 5103 1160 5164 B',
1195 5101 1284 5156 All
1330 5118 1443 5156 vere

446 5175 740 5242 plusquam.

1488 5102 1642 5170 ﬁunt

451 5360 680 5414 lmmana
714 5345 786 5429 iéi
830 5362 1062 5416 fortasse
1113 5360 1178 5412 B‘
1229 5357 1476 5429 addidit).

445 5429 646 5498 inquid.
751 5433 792 5462 “"
820 5431 1029 5484 Natura
1057 5446 1164 5484 om.
1210 5429 1267 5489 Β,
1303 5428 1370 5479 ις’
1397 5430 1461 5479 ad
1490 5442 1661 5495 marg.
1695 5428 1874 5498 adscr.

421 5527 424 5530 -
447 5498 490 5528 ¹¹
517 5501 561 5552 Α
585 5502 833 5564 instante,
859 5503 900 5556 (Σ
930 5503 1226 5554 intcstantc.

1770 4868 1789 4895 ²
1818 4866 2070 4934 “aliquid
2094 4886 2202 4921 esse
2239 4887 2417 4924 eorum
2468 4886 2600 4940 quae
2619 4880 2737 4923 sunt
2760 4886 2887 4924 esse.

1685 4972 1707 5002 ⁸
1746 4971 1786 5024 Β
1829 4955 2170 5024 ιιι-(ΙιαιιοῘἹΜέ

2054 5019 2170 5062 ttat:

1767 5097 1788 5126 ⁸
1819 5097 1884 5150 ll‘
1926 5084 2321 5170 inarguadscr.
2353 5104 2679 5164 catapltascs.

823 5175 863 5204 ”
889 5175 979 5228 Sic
999 5175 1061 5236 C,
1088 5175 1129 5226 Α
1154 5174 1457 5235 dissimiles,
1485 5169 1522 5224 ll
1547 5169 1827 5223 dissimiles
1853 5169 2062 5237 (punct.
2108 5171 2174 5224 ιι·
2207 5175 2311 5242 adj.
2348 5174 2594 5244 videtur).

451 5266 800 5336 nifcstationcs
830 5270 1034 5338 (punct.
1065 5267 1132 5320 B'
1158 5265 1266 5333 adj.
1295 5247 1561 5332 videtur):
1589 5246 1676 5293 ﬂ“
1706 5262 1794 5316 Sic
1817 5261 1877 5323 (Σ,
1911 5261 2000 5314 All
2026 5263 2276 5330 ﬁrmatio.
2309 5267 2380 5319 [ζ’
2427 5283 2587 5335 supra
2617 5267 2794 5321 adscr.
2828 5268 3125 5336 afﬁrmatio.

1584 5355 1627 5386 "
1666 5353 1842 5406 Vittcri
1873 5355 2166 5428 muniuit),
2195 5359 2372 5413 addidi
2403 5375 2467 5414 ex
2494 5359 2635 5428 conj.

1993 5424 2034 5455 ¹⁹
2063 5428 2152 5481 Sic
2179 5431 2240 5492 (ὲ,
2291 5429 2330 5483 Β
2369 5448 2498 5484 ausa
2533 5424 2670 5490 sunt,
2715 5433 2755 5484 ll
2787 5431 2817 5460 ⁸
2842 5447 2983 5484 corr.
3036 5447 3198 5484 ausus
3244 5445 3381 5484 sum.

1306 5499 1350 5527 ²²
1371 5499 1450 5548 Ad
1479 5497 1855 5566 purgandae-5
1871 5497 2339 5562 signiﬁcationibus
2365 5517 2472 5555 out.
2507 5501 2565 5554 Β.

2999 4869 3021 4901 ³
3045 4869 3085 4924 Β
3103 4873 3120 4888 '
3144 4883 3305 4940 supra
3330 4883 3436 4924 scr.
3486 4867 3728 4937 negatio-

2667 4975 2688 5005 ⁸
2719 4975 2790 5028 Β·
2842 4991 3011 5043 marg.
3069 4977 3250 5031 adscr.
3286 4976 3298 5029 i
3375 4989 3428 5029 e.
3462 4973 3720 5041 apofalcs.

2820 5103 2841 5134 ⁹
2872 5104 3028 5158 Corr.
3053 5105 3119 5156 ll‘
3151 5102 3283 5157 ΛΙἶο
3311 5105 3489 5154 altior.

2672 5175 2712 5204 "
2745 5171 2835 5227 Sic
2877 5178 2938 5237 (λ,
2972 5178 3016 5228 Λ
3049 5174 3520 5240 tuantléstattwtcs.
3547 5169 3586 5222 ll
3611 5186 3727 5221 vnn.

3235 5267 3274 5296 “
3308 5266 3345 5319 Il
3383 5282 3463 5318 ac.
3547 5263 3592 5293 "
3617 5261 3724 5314 Bct

2742 5361 2783 5391 ¹⁷
2824 5360 2912 5413 Sic
2953 5359 2994 5413 (ἶ
3015 5369 3066 5414 et
3091 5376 3234 5414 corr.
3266 5359 3362 5422 B',
3394 5359 3435 5410 .-\
3466 5356 3656 5418 inquit.
3685 5352 3726 5405 Β

2742 5433 2755 5476 ι
2787 5431 2817 5460 ’⁸
2842 5447 2983 5476 enrr-
3036 5447 3198 5476 "usus
3244 5445 3381 5476 sui".
3478 5426 3523 5458 ’°
3559 5423 3600 5476 Β
3637 5441 3725 5476 ac.

3561 5495 3608 5525 ’⁸
3633 5493 3730 5547 Sic

2232 4976 2557 5030 obscuritati.

3612 5099 3654 5129 ιο
3689 5101 3726 5148 t:

2644 5501 2688 5532 ⁸³
2708 5501 2744 5553 Β
2764 5504 2973 5560 colatis,
3005 5501 3059 5554 ll'
3083 5517 3222 5555 corr.
3243 5499 3485 5554 volantis.

447 5565 510 5627 (ἶ,
545 5569 582 5620 Α
616 5563 942 5634 hominibus,
962 5571 1000 5624 ll
1021 5571 1318 5623 hominibus
1357 5563 1503 5634 (num
1543 5579 1736 5636 puncta
1787 5563 1854 5615 lt‘
1890 5566 2176 5633 adiecerit.
2227 5573 2444 5626 dubium
2493 5576 2617 5644 est).
2697 5572 2744 5604 "
2781 5571 2856 5624 B‘
2897 5587 3069 5643 marg.
3116 5572 3293 5626 adscr.
3338 5564 3727 5648 materia/ictu,

459 5652 501 5680 "
523 5656 588 5709 η’
619 5673 776 5721 supra
811 5662 967 5716 adscr
1021 5652 1453 5714 a'matcrialilnts.
1535 5659 1576 5689 ’⁷
1603 5658 1642 5711 Α
1678 5669 1910 5710 actenus.
