3952 6156
233 246 322 301 lii?

1054 243 1279 301 SUPER
1321 241 1749 297 IERARCliIAM
1779 240 2193 296 CAELESTEM
2236 240 2294 297 S.
2335 240 2652 323 DlONYSlI.

3396 258 3500 316 l58

221 377 277 411 ca
323 354 663 412 sensiliilibus
712 353 923 418 formis,
964 354 1080 409 sive
1131 353 1415 413 absolutis.
1473 354 1800 423 modumque
1830 361 1874 416 Α
1903 369 2054 407 coras
2101 353 2470 408 similitudines
2517 354 2828 410 mirabiliter
2869 356 3152 412 descendit.
3204 359 3283 416 Ne
3326 363 3496 430 illud,

224 459 441 503 naturae
504 461 611 501 non
688 446 1103 511 excedentibus,
1166 447 1282 501 sive
1339 444 1624 504 conlusis.
1684 446 1797 500 sive

222 537 516 607 superﬂuis,
572 546 635 590 ut
683 537 934 606 superius
983 536 1186 593 dictum
1236 546 1343 600 est,
1398 536 1796 599 circumscribi,

222 633 458 691 similiter
484 639 539 685 et
581 646 697 696 eos,
730 632 821 701 qui
852 632 1118 704 imagines
1141 633 1358 701 quidem
1406 630 1798 703 signiﬁcativas

221 736 332 775 esse
360 721 646 790 recipiunt,
690 721 969 792 angelicae
1019 731 1198 777 tamen
1248 731 1302 776 et
1350 721 1800 791 supereminentis

222 827 442 871 naturae
461 813 727 882 dignitate
746 813 997 884 indignas
1020 814 1374 877 arbitrantur,
1400 813 1673 877 deridens,
1697 825 1800 866 nec

226 922 325 963 non
349 917 403 958 et
425 919 544 968 eos,
574 904 665 973 qui
699 904 1067 973 spiritualium
1116 904 1563 975 imaginationum
1605 918 1799 958 causas

226 1008 400 1066 turpes
420 1003 486 1049 et
513 994 918 1049 irrationabiles
970 1002 1281 1059 autumant,
1307 992 1570 1048 refutans.
1599 994 1666 1048 Et
1696 994 1799 1049 hoc

222 1097 295 1140 est
314 1086 453 1156 quod
481 1086 560 1140 ait
591 1103 607 1141 :
641 1086 710 1141 Et
740 1101 882 1139 nunc
933 1088 1134 1155 itaque,
1161 1086 1275 1157 jam
1305 1085 1579 1151 videlicet,
1621 1086 1799 1141 consi-

223 1179 390 1236 derata
433 1179 668 1235 veritate
708 1180 1315 1249 divinaquelsapientia
1370 1179 1640 1244 consulta,
1691 1193 1798 1233 non

222 1270 439 1340 replent,
490 1279 554 1325 ut
607 1271 922 1341 insipientes
966 1272 1285 1326 existimat
1337 1272 1380 1336 ί,
1431 1271 1800 1326 matcrialibus

221 1378 397 1418 sacrae
416 1364 833 1434 descriptiones,
859 1374 1080 1420 sanctae
1102 1366 1310 1421 scilicet
1346 1367 1787 1439 imaginationes,

222 1462 523 1509 sanctorum
573 1454 912 1524 eloquiorum
960 1456 1222 1513 caelestes
1249 1467 1495 1523 ornatus,
1545 1460 1672 1514 dum
1703 1474 1799 1515 eos

221 1542 563 1599 dissimilibus
583 1545 684 1600 sibi
715 1546 904 1601 formis
930 1548 1301 1615 manifestam,
1330 1560 1384 1603 et
1428 1565 1526 1619 per
1552 1565 1663 1613 eas,
1687 1551 1797 1606 dis-

221 1635 686 1692 simileswidelicet
713 1639 735 1668 ⁸
781 1636 1002 1702 formas,
1054 1655 1221 1709 super
1244 1655 1434 1695 omnes
1484 1641 1643 1696 simul
1674 1657 1793 1696 ma-

1902 446 2115 516 inquit,
2153 447 2430 516 simplices
2472 450 2952 520 imprudentesque
3001 451 3238 508 ﬁdelium
3283 457 3501 513 animae

1897 544 2232 607 paterentur,
2265 538 2370 593 hoc
2392 549 2500 605 est,
2527 540 3025 611 incircumscriptos
3058 544 3347 614 "spiritus
3374 562 3500 603 cae~

1899 628 2115 682 testium
2147 629 2409 685 virtutum
2443 632 2625 687 aureis
2651 632 2975 701 quibusdam
3005 634 3196 691 formis
3222 638 3497 705 pulchris-

1900 734 2007 789 que
2049 721 2271 775 humani
2302 721 2580 789 corporis,
2613 723 3015 788 membrorum,
3058 741 3337 782 armorum
3383 729 3497 784 cir-

1899 810 2295 880 cumscriptus,
2345 811 2849 883 pretiosissimaque
2886 815 3212 871 vestimenta
3256 818 3495 883 indutos,

1900 899 2052 956 falsis
2077 903 2193 957 suis
2216 902 2519 971 pbantasiis
2543 903 2822 973 deceptae,
2845 907 3160 962 occasiones
3186 910 3351 963 etiam
3365 928 3429 965 ex
3450 910 3494 941 “

1899 993 2234 1062 propheticis
2266 994 2567 1050 visionibus
2607 996 2958 1065 accipientes,
2985 999 3381 1067 existimarent,
3406 1019 3495 1057 se—

1901 1100 2006 1155 que
2036 1087 2179 1155 ipsos
2202 1087 2565 1153 seducerent,
2602 1089 3095 1160 abmuinabiliaque
3135 1092 3273 1147 idola
3295 1133 3310 1157 ,
3338 1093 3495 1164 longe

1878 1175 2488 1231 ‘divinisintellectibus
2522 1187 2752 1239 comata,
2782 1177 2835 1230 in
2862 1179 2976 1232 suis
3001 1182 3419 1251 cogitationibus
3451 1185 3495 1217 "

1902 1266 2207 1335 ﬁngerent,
2256 1267 2661 1336 sapientissima
2700 1267 2967 1338 theologia
2991 1308 3007 1334 ,
3052 1269 3322 1326 humanae
3361 1273 3496 1327 iusi-

1903 1360 2144 1430 pientiae
2173 1360 2462 1415 consulens
2482 1399 2497 1423 ,
2529 1360 2694 1413 etiam
2729 1360 2799 1414 ad
2840 1359 3163 1415 deformium
3195 1362 3496 1420 formarum

1902 1450 2194 1506 dissimiles
2220 1451 2640 1521 imaginationcs
2666 1452 2972 1517 descendit,
3005 1468 3143 1523 quas
3170 1470 3270 1510 nec
3300 1465 3496 1513 natura

1900 1543 2196 1597 visibilium
2233 1557 2414 1598 rerum
2453 1543 2499 1576 ”
2546 1544 2758 1613 recipit,
2802 1559 2903 1600 nec
2944 1545 3293 1600 invisibilium
3330 1548 3500 1603 subli-

1901 1634 2063 1688 mitas
2092 1634 2314 1689 omnino
2341 1636 2442 1690 sibi
2475 1637 2769 1691 convenire
2801 1638 3087 1706 permittit.
3116 1638 3194 1694 Ac
3223 1640 3269 1694 si
3306 1648 3495 1709 aperte

224 1726 419 1781 teriales
436 1729 654 1798 species
674 1730 1169 1799 supermundalium
1192 1732 1451 1787 virtutum
1482 1731 1795 1789 altitudines
1825 1710 1871 1771 Β
1899 1723 2015 1793 ipsa
2050 1733 2237 1780 εθηοιθ
2268 1725 2536 1795 ιιιεοιοκῑδ
2561 1727 2820 1781 Clama?“
2843 1743 2857 1780 ³
2883 1729 3335 1796 (Ιυοῐηθάῐηοάωη
3360 1730 3497 1787 *³1⁸⁸

221 1816 515 1871 ostendunt.
545 1818 655 1873 llac
684 1826 863 1873 autem
891 1821 1262 1875 controversia
1288 1820 1459 1887 ﬁnita,
1488 1822 1554 1875 ad
1585 1822 1796 1878 laudem
1828 1883 1845 1900 ,

222 1904 548 1961 dissimilium
590 1908 1001 1964 similitudinmn
1058 1912 1330 1966 convertit
1382 1926 1685 1969 sermonem
1741 1920 1797 1969 et

224 1998 327 2050 ait:
354 1997 496 2063 Quia
532 2016 650 2053 vero
678 2010 727 2055 et
773 2011 1010 2055 nostrum
1055 2002 1292 2056 animum
1342 2004 1597 2059 reducunt
1632 2006 1800 2076 magis

224 2086 510 2149 dissimiles,
540 2087 691 2143 velut
716 2090 1112 2161 signiﬁcantius
1154 2092 1481 2148 transfertur
1509 2094 1798 2164 obscurae,

221 2181 575 2235 similitudines
598 2181 642 2248 ⁸,
690 2199 795 2237 non
841 2184 1058 2238 aestimo
1103 2200 1417 2257 quamquam
1444 2187 1570 2241 bene
1595 2189 1801 2258 sapien-

226 2283 321 2322 nun
357 2272 734 2327 contradicere.
782 2271 900 2328 Non
954 2274 1212 2339 arbitror,
1254 2275 1449 2345 inquit,
1503 2276 1670 2332 ullum
1710 2293 1802 2334 eo-

226 2377 328 2415 iam
381 2366 423 2425 ⁸,
474 2364 568 2431 qui
616 2365 854 2435 sapiunt,
900 2367 1278 2424 contradicere
1316 2368 1339 2400 '
1390 2369 1525 2424 mihi
1574 2371 1795 2436 dicenti,

219 2453 493 2512 dissimiles
513 2454 599 2511 vel
626 2457 892 2512 obscuras
938 2458 961 2489 '
1007 2459 1389 2515 similitudines
1418 2462 1591 2531 magis
1637 2476 1799 2531 quam

222 2543 408 2601 similes
426 2554 485 2601 et
516 2556 738 2618 apertas
766 2550 1006 2605 animum
1049 2560 1294 2607 nostrum
1324 2552 1586 2608 reducere
1612 2554 1669 2607 in
1702 2568 1798 2609 ve-

220 2652 319 2690 ram
364 2638 683 2695 caelestium
734 2642 995 2696 virtutum
1045 2644 1576 2713 contemplationem.
1634 2644 1792 2712 Quod

218 2727 360 2781 etiam
382 2732 601 2785 ratione
626 2732 867 2787 subnexa
892 2733 1084 2788 suadet
1105 2735 1325 2789 dicens:
1349 2735 1415 2789 In
1434 2737 1642 2807 quidem
1661 2738 1799 2791 enim

218 2820 599 2885 pretiosioribus
656 2825 824 2878 sacris
898 2824 1299 2894 formationibus
1357 2844 1674 2900 consequens
1723 2838 1802 2883 est

222 2910 383 2964 seduci
401 2913 725 2981 auriformes
740 2915 998 2985 quasdam
1023 2919 1393 2973 aestimantes"
1419 2936 1528 2973 esse
1555 2919 1800 2976 caelestes

219 3003 475 3066 essentias,
506 3013 553 3057 et
589 3005 844 3074 quosdam
883 3007 1019 3060 viros
1054 3006 1345 3077 fulgureos,
1373 3010 1563 3063 decora
1588 3010 1798 3066 indutos

218 3093 526 3157 uestimenta,
544 3095 771 3148 candide
790 3105 839 3148 et
886 3096 1031 3164 ignee
1052 3096 1374 3167 innocueque
1396 3099 1794 3169 resplendentes,

222 3181 309 3232 (ι’
353 3183 751 3255 quibuscunque
793 3186 915 3239 aliis
956 3187 1213 3241 similibus
1262 3191 1565 3260 imaginatis
1617 3192 1800 3260 {armis

219 3269 457 3344 theologia
506 3274 751 3329 caelestes
801 3275 1048 3345 ﬁguravit
1082 3277 1393 3332 intellectus.
1436 3279 1491 3333 In
1522 3281 1799 3351 pretiosis,

219 3361 391 3431 inquit,
419 3364 532 3419 hoc
552 3373 651 3425 est,
678 3364 922 3435 pulchris
950 3376 1283 3437 naturaeque
1306 3369 1575 3425 similibus
1594 3373 1801 3428 sanctis

219 3452 683 3525 imaginationibus
715 3456 967 3513 facillime
1004 3468 1230 3529 possunt
1270 3462 1472 3524 seduci,
1501 3463 1591 3532 qui
1612 3463 1802 3518 existi-

220 3553 386 3608 mant,
419 3545 687 3603 caelestes
716 3549 1048 3604 substantias
1087 3566 1285 3607 aureas
1326 3551 1526 3608 habere
1572 3553 1798 3621 formas,

220 3642 266 3687 et
313 3639 573 3706 quosdam
624 3640 773 3695 viros
833 3640 1137 3697 luculentas
1195 3643 1265 3698 ibi
1327 3660 1479 3711 esse,
1540 3648 1629 3716 qui
1683 3648 1801 3719 pul-

223 3723 336 3779 chra
402 3728 580 3782 induti
652 3741 778 3785 sunt
873 3733 1240 3800 vestimenta,
1308 3737 1508 3805 quique
1570 3737 1592 3769 ’
1666 3754 1797 3794 can-

220 3815 330 3871 dido
357 3820 539 3875 colore
565 3831 619 3876 et
653 3823 833 3892 igneo,
883 3824 1113 3880 innocue
1145 3834 1323 3880 tamen
1357 3828 1701 3898 resplendent
1730 3830 1795 3896 '°,

222 3906 442 3980 aliasque
512 3912 720 3967 similes
794 3914 1117 3985 imaginatas
1173 3917 1376 3973 formas
1439 3920 1800 3989 humanorum

219 4010 486 4067 corporum
516 4003 1038 4073 conligurationibus
1067 4007 1271 4062 similes
1302 4009 1548 4065 habitare
1589 4012 1797 4068 caeles-

220 4085 284 4139 tia
309 4087 531 4160 ﬁngunt,
564 4093 927 4161 spiritualium
955 4103 1010 4148 et
1041 4096 1384 4151 invisibilium
1425 4099 1682 4155 virtutum
1712 4101 1797 4155 in-

222 4179 505 4250 telligibiies
550 4186 871 4241 naturaliter
903 4188 1315 4245 substitutiones
1351 4206 1449 4246 nec
1480 4201 1627 4247 recte
1652 4195 1800 4266 cogi-

225 4275 355 4335 tare,
397 4291 496 4329 nec
537 4291 672 4347 pure
721 4293 1048 4348 cognoscere
1096 4283 1366 4350 valentes,
1396 4293 1468 4351 et,
1520 4287 1662 4355 quod
1715 4296 1801 4343 est

222 4361 567 4422 miserabilius
598 4367 661 4433 “,
694 4369 782 4424 vix
817 4371 867 4424 in
900 4371 1137 4427 humana
1167 4373 1509 4430 multitudine
1537 4378 1796 4445 paucissi-

223 4464 331 4509 mos
363 4459 670 4528 sapientum
709 4477 969 4517 numerus
1009 4463 1304 4530 invenitur,
1344 4467 1434 4535 qui
1474 4468 1565 4521 tali
1608 4484 1793 4524 errore

225 4542 386 4597 seduci
432 4562 539 4601 non
582 4550 790 4618 possit,
838 4549 969 4605 falsa
1016 4568 1116 4622 pro
1172 4555 1318 4610 veris
1357 4550 1659 4625 approbare
1698 4573 1788 4612 re—

227 4642 422 4698 spuens.
455 4635 753 4706 Sequitur:
790 4638 943 4703 Quod
982 4643 1191 4712 quidem
1234 4661 1298 4699 ne
1332 4657 1656 4715 paterentur,
1702 4651 1793 4720 qui

230 4722 346 4774 nihil
389 4728 679 4783 aisibilibus
715 4731 878 4789 .banis
931 4733 979 4762 ¹¹
1018 4734 1179 4789 altius
1232 4737 1558 4807 intelligunt,
1608 4753 1791 4797 sancta

228 4813 566 4888 theologorum
616 4823 911 4877 restitutiva
946 4825 991 4857 “
1029 4828 1311 4897 sapientia,
1350 4840 1397 4883 et
1446 4830 1492 4864 “
1527 4832 1597 4885 ad
1644 4834 1793 4887 inde-

1899 1815 2171 1871 deformes
2206 1817 2632 1886 inhonestaeque
2672 1818 3086 1887 imaginationes
3122 1819 3187 1884 ι’,
3227 1835 3362 1890 quas
3402 1835 3498 1878 na-

1899 1905 2091 1961 turalis
2136 1906 2453 1976 simplicitas
2496 1908 2739 1976 respuit.
2796 1917 2852 1962 et
2895 1908 3237 1978 pulchritudo
3285 1912 3496 1969 deridet

1899 1997 2216 2053 caelestium
2248 1998 2616 2054 intellectuum
2653 2000 2721 2064 ³ο,
2769 1998 3024 2055 ineffabili
3072 2001 3386 2059 sinceritate
3432 2015 3491 2061 et

1899 2087 2436 2159 incomprehensibili
2467 2087 2839 2144 uniformitate
2861 2090 2904 2122 ³⁸
2940 2082 3278 2160 refelluntur,
3306 2110 3495 2164 quam-

1900 2182 1984 2238 vis
2022 2183 2077 2239 in
2116 2183 2307 2253 ﬁguris
2348 2198 2536 2238 eorum
2579 2184 3037 2240 tenebrosissimis
3079 2201 3491 2257 apparuerunt:

1901 2274 1997 2340 ita,
2041 2283 2097 2330 et
2140 2291 2249 2330 non
2297 2275 2478 2339 aliter,
2507 2273 2934 2331 formosissimae
2966 2277 3230 2349 imagines
3267 2279 3391 2336 illae
3422 2283 3495 2347 ”,

1901 2381 2042 2436 quae
2093 2367 2365 2421 humanae
2415 2366 2663 2437 dignitati
2707 2376 2971 2436 putantur
3026 2384 3367 2439 congruere,
3427 2375 3497 2426 ah

1900 2458 2195 2513 eorundem
2246 2458 2614 2514 intellectuum
2659 2459 2706 2489 ³³
2748 2460 3038 2529 purissima
3096 2461 3498 2518 incircumscri-

1900 2555 2099 2616 ptaque
2146 2547 2495 2602 subsistentia
2549 2547 2934 2603 universaliter
2974 2559 3339 2604 removentur.
3388 2551 3498 2606 Has

1902 2633 2169 2701 siquidem
2198 2647 2390 2688 omnes
2413 2649 2599 2689 sacras
2628 2634 2976 2705 ﬁgurationes
2996 2637 3210 2692 divinae
3241 2637 3494 2708 Scriptu-

1902 2742 1997 2781 rae
2020 2725 2070 2759 “
2096 2726 2484 2798 signiﬁcativas
2507 2743 2648 2794 esse,
2680 2745 2787 2785 non
2816 2738 2996 2784 autem
3030 2733 3399 2787 substantivas
3420 2732 3492 2797 “,

1902 2820 2185 2875 verissima
2216 2821 2463 2875 veritatis
2499 2821 2794 2890 speculatio
2839 2823 3123 2878 acclamat.
3158 2825 3280 2879 Non
3312 2842 3496 2880 conce-

1902 2911 2030 2964 dens
2077 2909 2125 2941 "
2171 2911 2445 2964 materiale
2498 2922 2733 2966 nostrum
2784 2914 2840 2967 in
2884 2916 3122 2985 turpibus
3173 2917 3493 2981 imaginibus

1904 3016 2119 3054 manens
2152 3002 2489 3069 requiescere.
2516 2999 2632 3055 Non
2670 3003 2975 3057 concedens
2994 3044 3008 3067 ,
3039 3004 3213 3073 inquit
3243 3045 3257 3067 ,
3294 3006 3498 3060 tlieolo.

1903 3090 2012 3161 gia,
2046 3089 2330 3143 materiale
2350 3099 2617 3156 nostrum,
2648 3091 2750 3147 hoc
2774 3100 2875 3156 est,
2910 3105 3155 3147 nostrum
3185 3096 3228 3126 ³⁷
3254 3096 3496 3151 animum

1899 3181 2063 3236 rebus
2079 3182 2452 3237 materialihus
2466 3182 2929 3252 promptissimum
2944 3198 3001 3239 se
3016 3184 3276 3251 inserere,
3305 3188 3358 3240 in
3382 3197 3496 3241 tur-

1900 3272 2059 3342 pibus
2096 3273 2425 3344 imaginibus
2453 3274 2722 3328 manendo
2743 3274 2788 3305 "
2818 3275 3181 3343 requiescere,
3224 3277 3384 3345 inque
3413 3277 3495 3333 eis

1903 3362 2067 3416 ﬁnem
2106 3363 2450 3431 cogitationis
2470 3377 2691 3431 ponere,
2724 3364 2792 3417 ad
2820 3364 3080 3420 obscuras
3104 3366 3494 3436 indecorasque

1902 3454 2283 3510 similitudines
2322 3456 2590 3525 pervenit.
2629 3454 2686 3508 in
2716 3455 2924 3510 Graeco
2959 3456 3005 3487 ”
3033 3458 3293 3528 scriptum
3345 3469 3429 3514 est
3474 3477 3490 3512 :

1899 3545 2161 3617 προσύλον
2187 3548 2350 3618 ἡμῶν.
2379 3545 2432 3599 id
2466 3556 2550 3599 est
2570 3586 2584 3607 ,
2620 3546 2898 3600 materiale
2920 3556 3162 3601 nostrum
3182 3588 3195 3613 ,
3224 3563 3386 3603 omne
3415 3550 3495 3602 vi—

1901 3637 2118 3701 delicet,
2138 3638 2280 3706 quod
2309 3638 2361 3690 in
2386 3645 2572 3691 nostra
2589 3636 2769 3691 anima
2793 3639 2860 3691 ad
2888 3637 3296 3693 similitudinem
3326 3651 3496 3693 mate-

1899 3730 2051 3785 rialis
2094 3730 2267 3785 nostri
2299 3728 2344 3761 ³⁶
2383 3728 2629 3798 corporis
2672 3727 3282 3794 facillime'inclinatur,
3331 3731 3495 3800 inque

1900 3834 2141 3875 amorem
2187 3834 2368 3874 rerum
2410 3819 2704 3873 visibilium
2744 3818 3193 3873 irrationabiliter
3236 3818 3489 3875 ﬂectitur.

1890 3909 2144 3980 ‘Purgans
2185 3925 2305 3964 vero
2347 3926 2555 3963 sursum
2600 3925 2775 3963 versus
2814 3911 3071 3974 animum,
3114 3918 3161 3962 et
3210 3925 3491 3980 suggerens

1899 4001 2233 4071 deformitate
2266 4001 2719 4070 compositionum,
2752 4008 3004 4068 tanquam
3032 4015 3195 4070 neque
3212 3999 3359 4069 justo
3401 4016 3484 4054 ne-

1898 4108 1997 4162 que
2024 4090 2069 4122 “
2104 4107 2224 4145 vero
2252 4091 2504 4162 probante
2541 4106 2653 4144 esse
2672 4131 2687 4154 ,
2716 4106 2881 4159 neque
2904 4089 2951 4121 “
3001 4090 3151 4143 valde
3194 4090 3491 4145 materiali-

1900 4185 2014 4249 bus,
2043 4185 2166 4255 quia
2188 4186 2263 4238 sic
2303 4183 2541 4253 turpibus
2560 4184 2753 4237 similia
2773 4181 3059 4236 secundum
3081 4182 3347 4236 veritatem
3368 4194 3488 4237 sunt

1900 4273 2298 4346 supercaelestia
2329 4284 2376 4326 et
2410 4273 2587 4326 divina
2627 4270 2924 4340 spectacula
2958 4269 3027 4322 ³⁸.
3060 4269 3175 4325 Hoc
3211 4268 3375 4337 facit,
3406 4273 3491 4326 in-

1900 4367 2035 4435 quit,
2068 4365 2288 4435 provida
2320 4363 2609 4431 theologia,
2641 4376 2879 4431 purgans
2909 4374 3126 4415 sursum
3153 4375 3344 4416 versus
3372 4362 3490 4417 ani—

1899 4475 2067 4524 mam,
2099 4460 2200 4514 hoc
2225 4467 2331 4521 est,
2355 4458 2688 4526 superiorem
2712 4465 2920 4524 partem
2946 4457 3161 4513 animae
3183 4458 3484 4527 rationalis,

1897 4568 2037 4623 quae
2068 4567 2193 4623 pars
2221 4551 2435 4603 animus
2483 4564 2576 4602 seu
2624 4548 2926 4602 intellectus
2957 4564 2988 4602 a
3019 4550 3351 4620 sapientibus
3382 4568 3486 4607 no~

1898 4645 2157 4705 minatur,
2204 4641 2271 4695 ab
2316 4640 2463 4693 omni
2513 4637 2768 4692 falsorum
2808 4639 3247 4708 pliantasmatum
3295 4651 3489 4698 conta-

1896 4736 2056 4806 gione
2085 4734 2130 4766 "
2166 4733 2447 4787 mundatis.
2490 4731 2595 4785 Pro
2623 4746 2687 4785 eo
2715 4730 2860 4799 quod
2904 4730 3276 4786 transtulimus
3308 4750 3328 4781 σ
3365 4749 3488 4788 sur-

1896 4844 2014 4883 sum
2037 4843 2229 4882 versus
2246 4827 2487 4887 animam
2512 4843 2558 4890 ι,
2593 4826 2645 4878 in
2672 4823 2885 4880 Graeco
2908 4823 3167 4883 scribitur
3196 4843 3215 4875 ι
3235 4828 3484 4903 ἀνωφερὲς

1483 4925 1741 4982 VARIAE
1781 4922 2181 4983 LECTIONES.

293 5003 375 5057 Ἀ
396 5007 716 5073 existiment,
749 5009 791 5063 C
837 5011 1099 5065 estimant.

226 5086 389 5150 eorum
432 5093 546 5132 om.
589 5077 654 5132 Β.

226 5156 299 5219 ει)
342 5154 402 5219 et
424 5215 433 5219 _
455 5157 591 5219 text.
618 5164 836 5217 graec.;
872 5167 969 5219 pro
1016 5164 1061 5205 et
1092 5155 1134 5205 A
1163 5171 1224 5218 e;
1247 5168 1293 5208 et
1333 5174 1442 5211 om.
1473 5157 1536 5213 Β.

226 5206 265 5284 Β
288 5213 593 5284 mirabilius.
618 5206 650 5217 ν
701 5221 741 5249 ¹²
772 5206 983 5274 Bdbnis
1109 5223 1151 5253 ³³
1190 5206 1231 5277 Ᾰ

232 5281 266 5363 :7
536 5299 591 5341 et
637 5305 781 5363 corr.
945 5290 1034 5343 AB
1065 5280 1422 5363 cogit-itiones.

228 5348 354 5405 lorte
380 5358 568 5410 eadem
600 5374 673 5411 m.
714 5359 1082 5415 intellectuum.

229 5420 495 5501 ιιηειιςιιιηιἶ
593 5428 638 5459 ’⁸⁸
674 5429 715 5482 Β
743 5446 922 5483 sacras
949 5432 1239 5501 scripturae
1265 5420 1469 5493 divinae

231 5506 388 5563 marg.
428 5497 606 5552 adscr.
637 5501 977 5555 con-cedens.
1055 5497 1117 5534 ’³⁷
1145 5517 1378 5560 nostrum
1418 5497 1633 5566 om'."B.

241 5578 395 5666 tilscr.
424 5603 632 5666 graeco.
689 5661 699 5666 _
733 5589 890 5666 "Sic
912 5590 952 5647 C
978 5602 1033 5646 et
1062 5595 1176 5647 rati.
1204 5613 1345 5653 corr.
1376 5599 1462 5666 B',
1489 5602 1578 5655 ΛΒ
1604 5614 1827 5658 nostrae.

237 5650 361 5706 mla.
425 5650 485 5688 ’³⁸
516 5659 555 5711 Β
587 5661 918 5730 cogitatione.

618 5164 836 5217 graec.;
872 5167 969 5217 pro
1016 5164 1061 5205 et
1092 5161 1134 5205 A
1163 5171 1224 5217 e;
1247 5168 1293 5208 et
1333 5174 1442 5211 om.
1474 5161 1536 5213 Β.
1632 5161 1652 5191 ⁸
1684 5163 1723 5214 Β

1179 5015 1199 5045 ⁸
1242 5014 1283 5067 Β
1313 5017 1545 5072 ridelicet
1594 5019 1897 5074 dissimiles.

779 5080 801 5111 ⁸
824 5084 1180 5136 contradicere
1196 5100 1309 5137 om.
1343 5086 1405 5149 Β,
1430 5090 1495 5141 ad
1532 5106 1699 5159 marg.
1727 5092 1905 5146 adscr.
1945 5089 2018 5142 Β·

779 5167 836 5211 :.;
872 5167 969 5213 pro
1016 5164 1061 5205 et
1092 5155 1134 5205 A
1163 5171 1224 5213 e;
1247 5168 1293 5208 et
1333 5174 1442 5211 om.
1473 5157 1536 5213 Β.
1632 5161 1652 5191 ⁸
1684 5163 1723 5213 Β
1747 5162 1952 5213 auibus.

1783 5178 1952 5214 ηιυιιδ.

1684 5179 1723 5214 ις
1747 5179 1952 5231 quibus.
2066 5179 2109 5189 ·ν
2140 5179 2181 5211 ι)
2202 5179 2479 5236 rapte-unt

1674 5232 1719 5262 ¹’⁶
1741 5232 1801 5284 Β·
1834 5247 2016 5300 supra.
2060 5230 2256 5300 adser.‘
2273 5236 2331 5300 et
2354 5242 2479 5278 tam.

1548 5299 1590 5332 ’⁸
1633 5318 1804 5356 rerum
1859 5299 1967 5355 0m.
2018 5300 2075 5353 B.

1185 5365 1227 5394 ²¹¹
1267 5366 1419 5441 Carr.
1452 5367 1537 5433 B‘,
1565 5372 1653 5425 AB
1681 5367 2275 5441 incomprehensibilium
2300 5367 2581 5441 formitate.

1507 5442 1613 5510 ﬁgit
1623 5443 1866 5494 rationes.

1710 5512 1755 5542 ’⁸
1795 5510 1835 5563 Β
1864 5527 2099 5564 manens.

2005 5018 2024 5049 ³
2057 5017 2147 5073 Sic
2173 5030 2314 5070 vers.
2346 5023 2400 5069 et
2426 5022 2557 5069 text.
2606 5024 2809 5081 gracc.,
2836 5007 2925 5064 AB
2949 5007 3177 5081 similes.
3238 5008 3291 5081 _‘f
3318 5008 3482 5064 ullum

2122 5086 2215 5140 Ἀ
2243 5102 2478 5139 oscuras.
2552 5085 2572 5115 ⁷
2611 5079 2664 5138 Ἀ
2712 5080 3057 5133 aestimantis.
3162 5080 3184 5111 ⁸
3229 5079 3320 5139 Sic
3363 5097 3483 5135 ver-

2066 5158 2110 5189 ¹⁰
2140 5155 2181 5211 Β
2202 5156 2443 5224 resplent,
2467 5153 2540 5207 B'
2565 5167 2709 5207 corr.
2761 5150 3115 5224 resplendent;
3214 5152 3254 5182 ¹¹
3410 5152 3482 5224 β,

2584 5223 2625 5254 ¹⁸
2657 5224 2697 5275 Α
2729 5221 3166 5321 εἰνσιέξηδῐςῖὶριοε.
3279 5220 3367 5272 ¹⁶Α
3404 5222 3478 5274 in.
3508 5234 3519 5239 '

2590 5294 2731 5321 ἐλαιη-
3032 5294 3271 5321 ..:.....i.....
3332 5304 3457 5321 tu“...

2217 5296 2259 5327 ¹⁹
2310 5297 2352 5349 Α
2394 5294 2749 5365 cogitationes.
2851 5291 2897 5321 ²⁰
2947 5290 2986 5342 Β
3032 5290 3295 5351 rirtutum,
3332 5304 3478 5369 corr.

2217 5384 2275 5420 :m
2300 5367 2581 5431 formitate.
2660 5364 2703 5393 “
2734 5362 2772 5414 Β
2796 5361 2918 5414 illae
2945 5362 3213 5431 imagines.
3288 5358 3379 5431 ’ξΒ
3402 5376 3482 5411 m-

1969 5441 2015 5471 ²⁵
2055 5439 2096 5492 Β
2128 5428 2466 5492 substantias.
2599 5435 2643 5467 "
2684 5433 2774 5487 Sic
2812 5434 2889 5491 t1.
2934 5430 3020 5483 AB
3052 5428 3272 5492 cedens,
3314 5428 3373 5483 B‘
3413 5432 3482 5483 ml

2177 5509 2221 5541 "
2260 5508 2303 5563 Β
2344 5511 2396 5563 iu
2427 5510 2653 5570 iericlto,
2701 5505 2765 5557 B‘
2809 5517 2907 5571 pro
2949 5501 3149 5554 terit-hu
3195 5502 3261 5554 ad
3305 5514 3480 5569 marg.

1928 5602 1971 5634 "
2008 5602 2051 5656 B
2090 5620 2200 5657 nec.
2305 5604 2349 5634 ³³
2380 5584 2568 5657 n'néc.
2605 5584 2617 5597 ’
2674 5598 2741 5630 ⁸³·
2764 5592 2836 5647 Ex
2872 5607 3013 5645 vers.
3036 5633 3049 5655 ,
3085 5591 3215 5647 ABG
3244 5605 3484 5661 expecta
