3952 6156
1905 151 1937 172 ς

422 242 524 300 159

1462 194 1465 195 ί
1522 225 2021 280 usuusu-tusus
2053 229 2336 283 JUANNIS
2372 225 2569 282 SLO'l‘l

3580 217 3687 275 {60

422 352 516 401 τῆς
546 339 729 412 ψυχῆς
758 356 777 390 ι
800 377 815 400 ,
852 337 955 392 hoc
991 344 1109 391 est:
1155 335 1298 404 quod
1338 348 1550 388 sursum
1588 333 1760 388 fertur
1789 336 1842 389 in
1880 336 2002 390 ani-
2030 344 2079 401 Α
2108 334 2375 404 theologia
2403 350 2502 405 per
2540 334 2948 391 descensionem
2996 334 3062 389 ad
3091 333 3419 390 humillimas
3457 342 3513 389 et
3546 350 3683 392 cou-

424 445 532 481 ma.
563 428 710 483 Mens
737 428 955 496 quippe,
995 441 1134 495 quae
1166 434 1384 478 nostrae
1420 432 1644 478 naturae
1681 425 2004 479 sublimissi—

425 536 512 573 ma
541 536 665 588 pars
684 528 787 579 est,
806 533 1017 571 sursum
1049 530 1265 583 semper
1309 516 1375 568 ad
1408 516 1708 585 spiritualia
1737 518 2001 570 uaturali‘

425 612 659 680 appetitu
691 609 879 663 fertur.
913 608 1049 661 llinc
1072 609 1092 637 '
1123 608 1199 660 ait
1225 607 1556 676 Apostolus:
1587 618 1805 661 nitente
1828 609 2005 662 servio

425 703 528 773 legi
561 704 653 756 Dei
678 742 690 761 ,
722 716 887 754 carne
927 710 1105 753 autem
1150 699 1252 766 legi
1294 700 1504 767 peccati
1533 715 1590 763 ›;
1628 700 1855 767 ideoque
1892 701 2005 769 ipsa

425 808 552 860 pars
625 800 807 843 nostra
849 787 869 818 ³
910 788 1123 841 divinae
1184 788 1485 859 tbeologiae
1544 789 2007 843 administratione

425 894 707 951 purgatur,
738 889 797 931 ut
819 888 1044 949 purgata
1073 880 1126 932 in
1155 879 1470 932 caelestium
1500 880 1780 943 virtutum,
1814 882 2008 950 ipsius-

426 986 530 1039 que
556 985 750 1023 ransae
772 971 1014 1023 onmium
1037 969 1544 1037 contemplationem
1574 980 1697 1038 apta
1731 972 1822 1023 liat
1850 979 2009 1039 atque

417 1044 717 1116 instructa.
765 1060 834 1114 Et
879 1075 1204 1129 suggerens,
1250 1060 1393 1113 velut
1434 1061 1653 1129 proprie
1686 1060 2012 1115 transfertur

431 1154 772 1221 mbpungens
828 1150 849 1181 ⁸⁵
912 1167 1006 1205 seu
1066 1152 1453 1206 substintulans
1521 1160 1756 1207 mentem
1792 1193 1808 1217 ,
1896 1154 2010 1222 ipsa

427 1250 445 1298 ε
472 1241 697 1311 neologia
728 1256 823 1309 per
843 1239 1240 1294 deformitatem
1280 1242 1751 1309 compositionum,
1776 1243 1880 1296 hoc
1906 1250 2006 1304 est,

426 1345 525 1402 per
554 1330 822 1385 deformes
850 1331 1289 1397 imaginationum
1333 1332 1615 1385 mixturas.
1657 1332 1724 1385 Et
1764 1333 1864 1386 hoc
1897 1348 2015 1403 sug-

430 1422 573 1491 gerit
625 1420 813 1484 menti,
848 1420 1000 1488 quia,
1032 1420 1172 1474 sicut
1214 1420 1585 1490 insipientibus
1613 1421 1634 1451 '
1662 1421 1896 1485 videtur,
1928 1422 2012 1474 di-

432 1516 558 1570 vina
618 1515 645 1546 ⁴
684 1514 987 1584 spectacula
1025 1521 1080 1568 et
1116 1513 1532 1583 superent-lestia
1591 1513 1786 1567 similia
1831 1522 1955 1567 sunt
1989 1513 2010 1543 ⁷

431 1607 725 1661 secundum
743 1606 1029 1659 veritatem
1052 1606 1296 1672 turpibus
1312 1604 1804 1674 imaginationibus.
1832 1603 2014 1672 Neque

2103 422 2251 477 fusas
2291 423 2712 493 inbonestasque
2752 423 3111 477 materialium
3155 439 3333 478 rerum
3380 421 3689 479 conforma-

2105 516 2353 579 tiones",
2377 518 2570 586 quibus
2589 518 2754 573 divini
2767 517 2931 570 animi
2961 515 3352 587 significantur.
3383 515 3538 571 Nunc
3559 529 3697 570 vero

2106 608 2563 676 tractareincipit,
2584 610 2726 678 quod
2745 625 2846 661 non
2862 609 2978 663 sine
3000 608 3206 661 ratione
3223 609 3402 661 divina
3421 607 3700 675 theologia

2106 697 2490 751 similitudines
2513 713 2692 752 rerum
2720 698 3065 751 invisibiliqu
3080 711 3146 749 ex
3162 697 3308 750 omni
3324 696 3519 750 visibili
3535 710 3695 751 crea-

2110 795 2228 840 tura
2258 788 2566 856 sumpserit.
2608 787 2899 856 Propterea
2944 787 3191 855 sequitur
3229 800 3245 839 :
3281 784 3385 840 Sed
3428 788 3602 854 itaque
3637 788 3696 830 ει

2107 879 2204 932 hoc
2251 878 2537 949 intelligere
2592 888 2830 948 oportet,
2881 878 3009 931 nihil
3057 893 3274 940 eorum,
3334 894 3469 947 quae
3527 886 3689 939 sunt,

2107 988 2217 1025 esse
2253 969 2611 1024 universaliter
2647 971 2766 1024 boni
2792 971 3190 1040 participatione
3212 971 3500 1039 privatum,
3531 971 3705 1042 siqui-

2111 1065 2247 1127 dem,
2279 1073 2335 1115 ut
2365 1064 2687 1132 eloquiorum
2722 1065 2908 1117 veritas
2932 1064 2980 1095 "
3007 1065 3105 1128 ait,
3140 1065 3316 1117 omnia
3351 1065 3484 1118 bona
3520 1068 3694 1121 valde.

2110 1153 2335 1223 Oportet
2370 1168 2492 1217 nos,
2532 1153 2732 1223 inquit,
2764 1152 2811 1183 “
2840 1153 3161 1223 intelligere,
3190 1154 3333 1223 quod
3373 1154 3518 1208 nulla
3544 1169 3698 1209 crea-

2111 1250 2232 1296 tura
2262 1252 2376 1307 est,
2403 1258 2541 1311 quae
2569 1242 2789 1295 omnino
2816 1240 2971 1308 juxta
3006 1256 3158 1295 suam
3188 1242 3492 1312 analogiam
3525 1244 3697 1311 parti-

2114 1333 2381 1401 cipatione
2405 1333 2599 1386 summi
2628 1332 2753 1385 boni
2785 1333 3045 1401 privetur.
3083 1332 3174 1386 Ait
3202 1333 3345 1387 enim
3378 1332 3694 1401 Scriptura:

2119 1441 2137 1473 ‹
2171 1432 2223 1475 et
2251 1422 2382 1476 vidit
2407 1422 2565 1488 Deus,
2596 1430 2652 1476 et
2677 1437 2805 1477 ecce
2833 1424 3012 1476 omnia
3050 1424 3190 1478 bona
3223 1423 3373 1477 valde
3404 1444 3451 1477 ι.
3484 1424 3548 1477 Et
3576 1425 3621 1456 ³⁷
3650 1424 3697 1479 si

2116 1510 2189 1565 ita
2215 1520 2330 1576 est,
2357 1512 2484 1581 quid
2514 1513 2730 1579 mirum,
2760 1514 2808 1568 si
2833 1513 2888 1568 in
2918 1514 3077 1567 rebus
3101 1514 3470 1569 materialibus
3503 1530 3698 1584 specu-

2117 1602 2334 1655 lationis
2380 1601 2798 1670 intelligibilium
2845 1603 3061 1656 occasio
3108 1613 3372 1666 sumatur,
3422 1612 3511 1667 ut,
3560 1619 3700 1673 quo-

427 1695 629 1765 jnstum
658 1712 829 1764 neque
856 1710 1039 1748 verum
1082 1694 1183 1748 hoc
1207 1703 1312 1758 est,
1344 1709 1517 1763 neque
1551 1693 1656 1747 ulla
1681 1693 1892 1762 justitia
1921 1707 2017 1746 ne—
2045 1682 2090 1740 Β
2120 1693 2261 1745 niam
2292 1693 2473 1745 omnia
2522 1708 2790 1746 summum
2835 1692 3035 1748 bonum
3069 1692 3425 1763 participant,
3450 1709 3514 1749 ex
3548 1696 3699 1750 simi—

431 1802 537 1857 que
564 1786 669 1839 ulla
701 1786 904 1840 veritas
933 1785 1219 1854 approbat,
1250 1798 1423 1852 neque
1446 1784 1605 1837 valde
1626 1798 1713 1839 res
1737 1783 1885 1851 ipsae
1908 1795 2017 1838 ma-

434 1878 653 1931 teriales
700 1876 833 1931 fiunt
891 1875 1534 1944 incircumscriptibilium
1562 1875 1584 1906 °
1646 1874 1931 1944 spirituum
1971 1872 2018 1938 ’,

432 1968 635 2021 similes
664 1966 707 1998 ¹⁰
754 1966 853 2020 sibi
884 1980 1004 2020 esse
1042 1966 1471 2034 supercaelestes
1513 1964 1780 2018 essentias
1826 1976 2022 2032 appro-

434 2057 587 2120 bant,
620 2056 791 2123 magis
815 2064 993 2107 autem
1019 2054 1132 2107 suis
1156 2053 1437 2122 speciebus
1467 2061 1749 2122 respuunt.
1786 2052 2018 2105 Natura-

436 2134 563 2197 liter
585 2144 782 2213 quippe
807 2142 1106 2197 tuaterialia
1136 2144 1315 2196 omnia
1339 2143 1391 2195 in
1412 2142 1712 2212 spiritualia
1740 2140 2018 2195 transferri

438 2242 716 2302 appetunt,
748 2232 1049 2301 spiritualia
1075 2247 1204 2285 vero
1233 2232 1300 2285 ad
1347 2219 1725 2285 materialium’
1756 2230 2019 2284 humilem

435 2325 861 2392 vilissimamque
908 2323 1309 2377 extremitatem
1352 2323 1600 2378 inclinari
1643 2323 1860 2386 nolunt,
1893 2338 2024 2391 quo-

436 2416 580 2469 niam
609 2413 937 2483 impossibile
962 2422 1065 2468 est.
1090 2413 1352 2468 Possibile
1376 2422 1460 2469 est
1488 2429 1720 2482 namque
1767 2412 2023 2466 inferiora

437 2505 505 2557 ad
531 2506 807 2573 superiora
839 2504 1132 2559 ascendere
1156 2542 1172 2568 ,
1196 2504 1526 2559 descendere
1560 2519 1693 2558 vero
1742 2502 2024 2573 superiora

437 2596 506 2649 ad
563 2595 818 2651 inferiora
870 2595 1102 2649 naturali
1158 2597 1639 2657 transmutatione,
1692 2594 2025 2664 impossibile

437 2695 540 2740 est.
582 2686 649 2739 Et
701 2687 746 2739 si
797 2686 920 2756 quis
974 2687 1170 2740 dixerit
1220 2703 1234 2738 :
1281 2686 1492 2740 videtur
1528 2686 1570 2717 ¹¹
1604 2686 1785 2754 itaque
1835 2687 2026 2742 beatus

444 2777 730 2847 Dionysius
760 2778 1027 2848 angelicas
1058 2778 1286 2832 virtutes
1309 2778 1529 2831 omnino
1552 2793 1741 2833 carere
1770 2779 1812 2808 “
1838 2792 2028 2847 corpo-

440 2868 591 2921 ribus
648 2868 941 2937 praedictis
992 2868 1293 2923 rationibus
1343 2866 1567 2940 [dicere]
1609 2867 1673 2920 ¹³.
1716 2866 1815 2922 Cui
1850 2867 2027 2921 brevi-

442 2967 525 3012 ter
580 2966 664 3012 est
694 2957 739 2989 ¹⁸⁵
772 2958 1224 3027 respondendum.
1265 2957 1502 3013 Terrena
1541 2957 1946 3026 materialiaque
1979 2955 2023 2987 "

2118 1785 2343 1839 litudine
2376 1783 2690 1838 inferiorum
2732 1784 2995 1839 bonorum
3027 1787 3093 1839 ad
3132 1786 3489 1853 cognitionem
3532 1786 3700 1840 subli-

2070 1867 2087 1882 ⁸
2120 1876 2287 1930 mium
2312 1876 2581 1930 humanus
2608 1875 2821 1930 animus
2848 1876 3018 1944 possit
3044 1876 3372 1931 ascendere?
3400 1876 3467 1931 Et
3493 1877 3594 1931 hoc
3616 1886 3698 1932 est

2119 1966 2262 2037 quod
2289 1969 2576 2037 sequitur:

2192 2054 2222 2127 5
2256 2056 2312 2110 4.
2347 2054 2444 2109 Est
2466 2070 2590 2125 ergo
2613 2069 2679 2107 ea:
2719 2053 2962 2108 omnibus
2988 2054 3279 2126 intelligere
3304 2057 3465 2111 bonas
3497 2074 3687 2125 specu-

2120 2152 2366 2213 lationes,
2390 2159 2435 2201 et
2460 2146 2808 2199 inuisibilibus
2830 2156 2880 2199 et
2909 2149 3349 2204 intellectualibus
3367 2167 3431 2206 ex
3446 2155 3686 2206 materiis

2123 2243 2169 2270 "
2201 2240 2491 2308 reformare
2530 2238 2696 2290 dictas
2720 2238 3000 2291 dissimilu
3028 2241 3073 2271 ⁸⁵
3100 2241 3489 2306 similitudines,
3516 2255 3689 2297 a.teio

2124 2332 2278 2385 modo
2332 2329 2770 2383 intellectualibus
2812 2330 3139 2391 habentibus,
3192 2348 3327 2400 quae
3357 2334 3688 2386 sensibilibus

2121 2426 2277 2480 aliter
2296 2425 2582 2477 distributa
2604 2432 2749 2476 sunt.
2780 2424 2859 2484 Si,
2892 2424 3087 2492 inquit,
3124 2427 3305 2480 omnia
3336 2441 3532 2481 sttmmt
3560 2426 3688 2482 boni

2123 2516 2499 2587 partieipantia
2528 2522 2678 2573 sunt,
2712 2522 2925 2579 oportet
2956 2526 3196 2584 proiecto
3230 2532 3295 2569 ex
3324 2520 3576 2571 omnibus
3608 2523 3692 2571 ll:-

2119 2608 2384 2680 telligere,
2428 2605 2532 2661 hoc
2563 2616 2667 2671 est,
2705 2608 2759 2660 in
2799 2608 3053 2662 omnibus
3087 2607 3449 2661 materiatibus
3474 2608 3693 2676 conspi-

2124 2689 2237 2742 Cari
2266 2690 2435 2742 bonas
2465 2688 2898 2742 innnaterialium
2934 2687 2978 2719 ³⁸
3010 2690 3520 2758 contemplationes.
3551 2698 3607 2743 et
3635 2705 3703 2742 ex

2126 2778 2370 2832 materiis
2414 2778 2761 2833 sensibilibus
2786 2766 3036 2833 formare
3073 2780 3378 2848 praedictas
3417 2777 3708 2833 dissimiles

2126 2869 2534 2933 similitudines,
2564 2878 2623 2924 ut
2654 2885 2750 2939 per
2777 2885 2870 2924 eas
2900 2870 3195 2924 invisibiles
3220 2878 3276 2924 et
3311 2869 3706 2923 intellectuales

2127 2960 2495 3032 intelligantur
2531 2960 2782 3025 virtutes,
2825 2962 2951 3014 dum
2990 2976 3095 3016 non
3136 2961 3361 3023 eodem,
3401 2961 3494 3014 sed
3534 2960 3708 3013 altero

440 3067 668 3122 corpora
692 3054 961 3117 mortalia,
996 3052 1389 3121 corruptibiba,
1422 3053 1784 3106 membrorum
1817 3050 1861 3081 ¹⁶
1881 3064 2023 3104 com-
2048 3020 2094 3082 (ἶ
2126 3020 2755 3119 modovintelligibilium
2807 3049 2976 3104 virtus
3019 3059 3076 3102 et
3125 3049 3460 3104 sensibilium
3510 3059 3707 3102 natura

440 3143 796 3213 positionibus
837 3142 1120 3206 distincta,
1156 3143 1500 3197 sensibilibus
1540 3144 1580 3173 "
1610 3142 1798 3196 formis
1834 3141 2023 3196 locali—

441 3236 651 3301 busque
679 3233 868 3300 spatiis
896 3232 1326 3298 circumscripta,
1365 3232 1698 3300 temporibus
1726 3230 2021 3294 mutabilia,

442 3336 539 3376 seu
595 3324 784 3374 borum
830 3321 1070 3374 omnium
1120 3321 1413 3390 imagines,
1462 3321 1578 3374 sive
1619 3320 1661 3351 ¹⁸
1693 3321 1921 3374 interius
1970 3321 2024 3374 in

442 3411 743 3480 pbantasiis
769 3409 812 3440 “
857 3410 1184 3475 memoriae,
1228 3411 1344 3466 sive
1388 3410 1625 3465 exterius
1667 3412 1719 3463 iu
1768 3425 2025 3464 sensuum

443 3500 798 3568 impressione
830 3500 897 3565 '°,
921 3500 1131 3555 divinos
1157 3500 1371 3555 animos
1393 3500 1592 3556 habere
1618 3501 1833 3568 penitus
1859 3501 2024 3554 dene-

441 3599 551 3660 gat.
584 3588 895 3660 Spiritualia
928 3598 1109 3644 autem
1138 3605 1365 3660 corpora
1399 3590 1690 3660 simplicia,
1720 3590 1883 3643 nullis
1912 3590 2023 3642 for-

443 3694 652 3733 marum
713 3678 1046 3733 sensibilium
1098 3679 1141 3708 ²⁸
1176 3668 1543 3733 Ἰὶιιεειιηοηιὶε
1580 3681 1625 3709 ³⁸
1672 3686 1916 3733 coartata
1955 3677 2021 3741 “,

442 3770 573 3839 ipsis
616 3770 814 3824 divinis
853 3769 1050 3824 animis
1100 3770 1371 3826 simillima
1419 3781 1473 3827 et
1512 3772 2022 3826 convenientissima

439 3862 719 3932 possidere
756 3877 849 3916 eos
882 3876 989 3915 non
1020 3861 1193 3916 solum
1226 3878 1335 3929 non
1364 3864 1614 3933 denegat,
1643 3878 1829 3918 verum
1858 3863 2022 3917 etiam

439 3951 689 4006 alIirmat.
716 3953 773 4006 In
813 3952 1027 4023 quibus,
1064 3953 1392 4010 caelestibus
1430 3954 1681 4010 videlicet
1724 3953 2017 4009 subtilissi-

439 4045 650 4115 misque
698 4045 813 4100 suis
850 4045 1189 4114 corporibus,
1243 4045 1497 4099 humanis
1537 4046 1816 4101 obtutibus
1862 4058 2022 4115 saepe

443 4135 724 4191 visibiliter
758 4152 1073 4206 apparuere,
1098 4145 1158 4190 ut
1185 4136 1454 4191 Abraham
1478 4145 1533 4190 et
1562 4135 1761 4191 Tobiae
1787 4176 1803 4202 ,
1844 4145 2023 4191 trans-

439 4237 710 4283 mutantes
741 4228 1038 4282 invisibiles
1064 4236 1119 4282 et
1141 4228 1634 4298 incircumscriptas
1668 4243 1886 4283 suorqu
1913 4229 2023 4299 spi-

439 4317 714 4371 ritualium
754 4333 1042 4387 corporum
1067 4317 1355 4386 qualitates
1378 4318 1431 4370 in
1447 4331 1797 4386 quascunque
1817 4315 2023 4372 formas

438 4410 712 4475 visibiles,
750 4410 803 4463 in
843 4410 1037 4478 quibus
1080 4408 1392 4464 hominibus
1430 4423 1489 4464 se
1532 4408 1882 4463 manifestare
1924 4422 2019 4462 ve-

438 4499 557 4554 littt.

503 4590 774 4647 Hactenus
798 4589 865 4645 de
890 4590 1110 4660 provida
1124 4606 1249 4662 erga
1266 4591 1636 4662 purgationem
1653 4591 1820 4646 nostri
1850 4590 2016 4645 animi

2125 3141 2466 3213 perspicitur.
2492 3140 2642 3207 Quod
2670 3150 3066 3209 consequenter
3091 3140 3358 3197 subnectit
3384 3141 3607 3196 dicens:
3631 3135 3707 3193 Et

2126 3234 2262 3286 enim
2304 3231 2455 3300 furor
2486 3230 2934 3284 irrationabilibus
2961 3230 3169 3300 quidem
3198 3246 3263 3284 ea:
3297 3229 3532 3300 possibili
3563 3241 3709 3286 motu

2126 3324 2278 3385 inest,
2302 3332 2357 3385 et,
2377 3322 2515 3375 omni
2543 3322 3005 3375 irrationabilitate
3032 3331 3107 3375 est
3138 3321 3361 3392 repletus
3391 3321 3711 3391 furibundus

2125 3430 2306 3468 eorum
2352 3422 2554 3476 motus;
2604 3412 2694 3466 sed
2742 3414 2798 3465 in
2850 3400 3287 3466 intellectualibus
3335 3412 3499 3466 altera
3547 3413 3707 3467 modo

2126 3511 2322 3572 Oportet
2373 3501 2633 3556 irascibile
2678 3502 2983 3571 intelligere.
3034 3503 3227 3568 Furor,
3276 3503 3474 3573 inquit,
3516 3511 3573 3556 et
3621 3503 3707 3556 ira

2125 3592 2313 3647 bestiis
2344 3593 2550 3646 ratione
2578 3593 2891 3646 carentibus
2919 3608 2988 3647 ex
3026 3592 3298 3661 passibili,
3343 3590 3576 3646 naturali
3623 3603 3707 3645 ta-

2126 3702 2249 3738 men
2298 3694 2465 3748 motu,
2502 3685 2642 3748 vel,
2669 3685 2809 3740 sicut
2840 3686 2891 3739 in
2921 3684 3130 3741 Graeco
3157 3686 3435 3752 scribitur,
3462 3686 3513 3750 ἐξ
3542 3687 3714 3757 {pna-

2122 3772 2240 3838 θοῦς
2263 3775 2443 3848 ὁρμῆς,
2479 3790 2545 3828 ex
2575 3775 2814 3843 possibili
2849 3775 3053 3845 impetu
3083 3775 3167 3829 vel
3197 3775 3511 3843 cupiditate,
3543 3775 3711 3830 insita

2124 3877 2279 3930 sunt,
2314 3868 2806 3938 irrationabilisque
2835 3882 3027 3941 eorum
3055 3876 3231 3921 motus
3260 3866 3451 3935 plenus
3476 3876 3561 3922 est
3594 3868 3714 3923 irae

2098 3959 2287 4029 ‘atque
2316 3960 2533 4024 furoris,
2570 3969 2629 4013 ut
2659 3962 2711 4014 in
2743 3960 2988 4016 leonibus
3013 3960 3317 4029 ceterisque
3347 3958 3479 4015 feris
3513 3960 3711 4015 feroci-

2121 4050 2242 4114 bus,
2289 4067 2520 4122 quarum
2548 4052 2855 4107 furibunda
2900 4053 3077 4108 rabies
3121 4052 3213 4106 vix
3257 4052 3466 4106 domari
3506 4060 3710 4122 potest.

2125 4140 2241 4195 Non
2285 4150 2460 4196 tamen
2501 4142 2553 4194 in
2580 4143 2659 4195 eis
2687 4142 2820 4196 tales
2848 4151 3027 4197 motus
3054 4142 3710 4212 reprehenduntur,th

2125 4230 2271 4283 niam
2320 4229 2592 4283 naturales
2621 4240 2779 4293 sunt,
2816 4240 2873 4284 et
2911 4230 3029 4284 sine
3070 4229 3266 4299 quibus
3310 4238 3535 4285 naturae
3580 4245 3710 4299 pro-

2126 4321 2328 4389 prietas
2360 4320 2596 4388 ipsarum
2627 4318 2920 4372 bestiarum
2949 4316 3186 4386 perfecta
3214 4332 3335 4373 esse
3364 4333 3471 4373 non
3497 4326 3706 4388 potest;

2123 4409 2272 4463 mitis
2305 4410 2448 4464 enim
2490 4409 2573 4463 leo
2608 4408 2692 4463 leo
2727 4424 2833 4463 non
2871 4418 2985 4473 est;
3017 4410 3111 4464 sed
3145 4408 3272 4463 dum
3315 4409 3439 4463 talis
3478 4411 3712 4478 impetus

2123 4499 2321 4556 furoris
2363 4511 2418 4555 et
2464 4502 2577 4556 irae
2622 4501 2737 4556 sive
2781 4503 2849 4556 de
2890 4502 3023 4565 Deo,
3072 4502 3185 4555 sive
3227 4503 3293 4556 de
3336 4501 3706 4564 intellectuali,

2123 4591 2238 4645 sive
2282 4591 2529 4646 rationali
2562 4592 2604 4623 “
2636 4591 2896 4661 sapientia
2918 4631 2934 4657 ,
2964 4600 3142 4646 tamen
3183 4600 3431 4645 creatura
3451 4632 3465 4656 ,
3497 4592 3711 4659 praedi-

1741 4701 1998 4755 VARIAE
2037 4700 2437 4757 LECTIONES.

525 4810 543 4841 ⁸
578 4808 671 4864 Sic
699 4806 764 4872 C,
793 4808 837 4860 Δ
876 4803 1170 4869 naturalia,
1201 4805 1244 4859 B
1271 4802 1548 4857 naturalia
1587 4809 1801 4872 (punct.
1835 4801 1952 4869 adi.
1978 4800 2088 4870 ιν).

453 4879 629 4950 psisse
661 4880 882 4932 videtur
909 4876 1289 4996 subgongens),
1315 4876 1356 4928 Α
1385 4874 1724 4951 subjungens,
1760 4873 1799 4925 C
1829 4873 2180 4940 subpongens.
2286 4873 2308 4900 '
2347 4873 2436 4922 Sic
2459 4873 2523 4950 (ξ,
2567 4873 2576 4919 l

453 4948 846 4996 iiisinientibus.
955 4947 975 4976 ⁸
1050 4949 1064 4965 ⁸
1099 4962 1261 4996 suum
1295 4947 1446 4996 atlsc.
1480 4946 1618 4996 auod
1642 4945 1843 4996 divina.
1961 4943 1981 4972 ⁷
2015 4942 2052 4993 Β
2099 4942 2214 4994 rati.
2247 4955 2392 4995 corr.
2448 4947 2576 4992 sint.

452 4944 846 5017 insipientibus.
955 4947 975 4976 '
1004 4944 1064 4996 B‘
1099 4944 1261 5015 supra
1295 4947 1446 4998 adsc.
1480 4944 1618 5012 quod
1642 4945 1843 5017 divina.

2192 4804 2212 4833 '
2246 4799 2287 4854 B
2316 4795 2493 4851 Nunc.
2568 4796 2621 4868 _7'
2729 4806 2911 4851 nostra
2940 4806 3037 4850 est.
3144 4796 3176 4868 ξ
3200 4796 3359 4853 Corr.
3389 4797 3450 4850 Β·
3475 4797 3541 4868 (Β
3566 4799 3707 4852 sori-

2286 4869 2308 4900 ⁸
2347 4869 2436 4922 Sic
2459 4868 2523 4932 C,
2567 4865 2610 4919 Β
2647 4866 3045 4938 inspicientibus
3076 4885 3091 4932 ;
3147 4866 3206 4920 Β·
3237 4868 3303 4921 ad
3337 4865 3513 4938 κιαι-ς.
3551 4884 3705 4926 corr.

2685 4936 2709 4968 ⁸
2736 4944 2780 4992 Δ
2803 4940 3356 5006 incircumscriptum,
3412 4936 3710 4994 B'videtur

454 5008 711 5073 habuisse
751 5008 1325 5086 incircumscript'uum.
1353 5017 1445 5068 sed
1486 5008 1605 5069 rad.
1636 5029 1781 5086 cor_r.
1814 5013 2353 5086 incircumscriptltni,
2392 5008 2827 5086 supraad‘sc.
2861 5024 3010 5061 corr.
3045 5008 3712 5086 iricircumscriptibiltum,

410 5110 417 5133 ε
459 5090 500 5145 C
530 5084 1128 5155 incircumscriptorum.
1225 5088 1245 5119 ⁹
1270 5087 1554 5153 spirituum
1580 5102 1690 5139 om.
1722 5084 1783 5138 B.

410 5214 413 5219 ,
453 5162 606 5215 beant
639 5176 882 5228 corpora.
991 5157 1035 5187 “
1061 5160 1150 5212 Sic
1175 5157 1323 5211 ΑΒΕ.

455 5244 927 5299 ηινηιυτοηιηιιιιιε.

455 5336 613 5372 suum
663 5320 1081 5387 impressionem.

1434 5156 1476 5186 “
1504 5158 1676 5209 dicere
1708 5170 1842 5217 om.,
1878 5153 2061 5205 addidi
2092 5167 2157 5205 ex
2205 5152 2349 5203 cuni.

1040 5230 1081 5260 "
1134 5229 1175 5281 B
1210 5229 1474 5290 sensibus,
1509 5227 1736 5295 U'supra
1769 5224 2038 5279 adsc.-li-.

1184 5317 1229 5347 ¹¹
1271 5315 1648 5371 Βοεεηεᾶιὶωη,
1698 5314 1753 5365 B‘
1791 5329 1936 5366 corr.
1991 5311 2344 5363 sensibilium.

1890 5084 1936 5113 ‘°
1966 5081 2155 5143 Coni.,
2178 5080 2329 5135 ΑΒΕ.
2359 5077 2579 5132 similia.
2617 5079 2657 5111 “
2690 5079 2752 5132 B‘
2786 5093 2959 5148 marg.
2990 5080 3169 5131 adscr.
3207 5090 3381 5130 utrum
3407 5080 3578 5146 angeli
3609 5085 3713 5134 ha-

2456 5149 2503 5181 "
2545 5149 2635 5201 Est
2676 5164 2786 5201 οηι.
2836 5151 2901 5202 Α.
3017 5150 3058 5179 ⁸⁵
3090 5148 3478 5202 Bmaterialia.
3585 5152 3630 5182 “
3672 5153 3716 5206 Β

2518 5219 2560 5250 “
2588 5219 2629 5272 Β
2648 5221 2878 5272 exterius
2922 5218 3253 5284 pliantasius.
3360 5219 3408 5249 ”
3429 5218 3472 5272 Β
3497 5216 3554 5268 in
3577 5239 3709 5276 sen-

3185 5304 3230 5337 ¹³
3265 5304 3396 5359 ABC
3441 5293 3711 5363 coartata.

2146 5222 2189 5252 ⁸⁸
2218 5221 2260 5274 Β
2292 5237 2404 5275 seu.

2468 5309 2514 5339 “
2573 5305 2704 5360 ΑΒΘ
2735 5306 3078 5360 liniamentis.

459 5397 502 5419 ’⁵
540 5391 578 5440 ll
614 5375 1036 5459 reici-motiones.
1111 5387 1160 5418 “
1192 5385 1284 5441 Sic
1316 5386 1381 5439 ad
1414 5401 1585 5454 marg.
1617 5399 1765 5438 corr.
1798 5384 1858 5435 B‘
1888 5402 1901 5449 ;
1937 5384 1981 5436 A
2009 5394 2217 5442 ueteris,
2273 5381 2311 5432 li
2356 5383 2793 5466 veterisnlpunct.
2849 5378 2995 5445 subj.
3033 5375 3140 5444 B').
3223 5377 3268 5408 ”
3303 5375 3346 5429 Β
3394 5381 3562 5448 inquit
3591 5398 3712 5434 nos.

459 5476 507 5508 "
539 5476 582 5529 B
622 5477 734 5530 sed.
837 5474 883 5507 ⁸⁸
923 5476 1013 5531 Sic
1042 5475 1150 5529 AB.
1258 5478 1300 5509 "
1343 5473 1387 5529 Β
1422 5474 1641 5535 similes,
1674 5472 1716 5526 Β
1764 5487 1951 5536 supra.
1996 5474 2175 5526 adscr.
2203 5472 2333 5524 dis-.
2443 5471 2486 5501 ³ο
2518 5471 2610 5527 Sic
2644 5467 2708 5533 C,
2737 5467 2827 5520 AB
2858 5467 2994 5520 bona
3024 5468 3069 5519 si
3101 5465 3157 5519 in
3212 5469 3602 5531 ntaterialibus,
3674 5469 3727 5523 Β

458 5562 606 5603 (οη.
633 5549 797 5602 bonas
818 5548 933 5601 siin
960 5546 1343 5604 materialium.
1453 5544 1495 5577 “
1536 5546 1577 5599 A
1614 5543 1913 5597 rationalis.
