  <div class='ocr_page' id='page_1' title='image "/cluster/home/n/w/nwhite01/storage/ocr_20150623/122/hvd.32044054759840/118.png"; bbox 0 0 3920 6154; ppageno 0'>
   <div class='ocr_carea' id='block_1_1' title="bbox 227 250 2620 312">
    <p class='ocr_par' dir='ltr' id='par_1_1' title="bbox 227 250 2620 312">
     <span class='ocr_line' id='line_1_1' title="bbox 227 250 2620 312; baseline -0.002 -2"><span class='ocrx_word' id='word_1_1' title='bbox 227 255 312 312; x_wconf 71' lang='grc'><strong>161</strong></span> <span class='ocrx_word' id='word_1_2' title='bbox 1033 250 1255 308; x_wconf 74' lang='lat' dir='ltr'><strong>SUPER</strong></span> <span class='ocrx_word' id='word_1_3' title='bbox 1295 250 1719 307; x_wconf 59' lang='lat' dir='ltr'><strong>IERARCHIAM</strong></span> <span class='ocrx_word' id='word_1_4' title='bbox 1757 251 2165 308; x_wconf 76' lang='lat' dir='ltr'><strong>CAELESTEM</strong></span> <span class='ocrx_word' id='word_1_5' title='bbox 2207 251 2262 307; x_wconf 85' lang='lat' dir='ltr'><strong>S.</strong></span> <span class='ocrx_word' id='word_1_6' title='bbox 2307 252 2620 310; x_wconf 69' lang='lat' dir='ltr'><strong>DlONYSll.</strong></span> 
     </span>
    </p>
   </div>
   <div class='ocr_carea' id='block_1_2' title="bbox 3376 257 3473 313">
    <p class='ocr_par' dir='ltr' id='par_1_2' title="bbox 3376 257 3473 313">
     <span class='ocr_line' id='line_1_2' title="bbox 3376 257 3473 313; baseline 0.052 -5"><span class='ocrx_word' id='word_1_7' title='bbox 3376 257 3473 313; x_wconf 67' lang='lat' dir='ltr'><strong>t0&quot;:</strong></span> 
     </span>
    </p>
   </div>
   <div class='ocr_carea' id='block_1_3' title="bbox 222 367 3471 440">
    <p class='ocr_par' dir='ltr' id='par_1_3' title="bbox 222 367 3471 440">
     <span class='ocr_line' id='line_1_3' title="bbox 222 367 3471 440; baseline 0 -16"><span class='ocrx_word' id='word_1_8' title='bbox 222 383 388 432; x_wconf 85' lang='lat' dir='ltr'><strong>catur,</strong></span> <span class='ocrx_word' id='word_1_9' title='bbox 434 367 602 424; x_wconf 87' lang='lat' dir='ltr'><strong>altera</strong></span> <span class='ocrx_word' id='word_1_10' title='bbox 653 368 878 433; x_wconf 76' lang='lat' dir='ltr'><strong>ratione,</strong></span> <span class='ocrx_word' id='word_1_11' title='bbox 914 383 1073 437; x_wconf 89' lang='lat' dir='ltr'><strong>quam</strong></span> <span class='ocrx_word' id='word_1_12' title='bbox 1119 370 1171 422; x_wconf 90' lang='lat' dir='ltr'><strong>in</strong></span> <span class='ocrx_word' id='word_1_13' title='bbox 1220 368 1405 424; x_wconf 87' lang='lat' dir='ltr'><strong>bestiis</strong></span> <span class='ocrx_word' id='word_1_14' title='bbox 1443 369 1784 438; x_wconf 85' lang='lat' dir='ltr'><strong>perspicitur,</strong></span> <span class='ocrx_word' id='word_1_15' title='bbox 1815 376 1861 434; x_wconf 78' lang='grc' dir='ltr'><strong>Α</strong></span> <span class='ocrx_word' id='word_1_16' title='bbox 1889 370 2341 440; x_wconf 77' lang='lat' dir='ltr'><strong>explanationem.</strong></span> <span class='ocrx_word' id='word_1_17' title='bbox 2390 373 2478 426; x_wconf 85' lang='lat' dir='ltr'><strong>Ait</strong></span> <span class='ocrx_word' id='word_1_18' title='bbox 2518 372 2658 425; x_wconf 86' lang='lat' dir='ltr'><strong>enim</strong></span> <span class='ocrx_word' id='word_1_19' title='bbox 2715 369 2933 425; x_wconf 88' lang='lat' dir='ltr'><strong>:Simili</strong></span> <span class='ocrx_word' id='word_1_20' title='bbox 2982 374 3172 437; x_wconf 77' lang='lat' dir='ltr'><strong>modo,</strong></span> <span class='ocrx_word' id='word_1_21' title='bbox 3217 371 3319 427; x_wconf 83' lang='lat' dir='ltr'><strong>hoc</strong></span> <span class='ocrx_word' id='word_1_22' title='bbox 3369 389 3471 436; x_wconf 76' lang='lat' dir='ltr'><strong>est,</strong></span> 
     </span>
    </p>
   </div>
   <div class='ocr_carea' id='block_1_4' title="bbox 220 456 1791 528">
    <p class='ocr_par' dir='ltr' id='par_1_4' title="bbox 220 456 1791 528">
     <span class='ocr_line' id='line_1_4' title="bbox 220 456 1791 528; baseline -0.001 -16"><span class='ocrx_word' id='word_1_23' title='bbox 220 465 425 527; x_wconf 86' lang='lat' dir='ltr'><strong>oportet</strong></span> <span class='ocrx_word' id='word_1_24' title='bbox 457 456 704 528; x_wconf 74' lang='lat' dir='ltr'><strong>intelligi.</strong></span> <span class='ocrx_word' id='word_1_25' title='bbox 749 456 1038 525; x_wconf 82' lang='lat' dir='ltr'><strong>Propterea</strong></span> <span class='ocrx_word' id='word_1_26' title='bbox 1076 457 1362 525; x_wconf 85' lang='lat' dir='ltr'><strong>sequitur:</strong></span> <span class='ocrx_word' id='word_1_27' title='bbox 1400 456 1710 520; x_wconf 88' lang='lat' dir='ltr'><strong>Declarans,</strong></span> <span class='ocrx_word' id='word_1_28' title='bbox 1737 468 1791 510; x_wconf 90' lang='lat' dir='ltr'><strong>ut</strong></span> 
     </span>
    </p>
   </div>
   <div class='ocr_carea' id='block_1_5' title="bbox 223 545 1795 614">
    <p class='ocr_par' dir='ltr' id='par_1_5' title="bbox 223 545 1795 614">
     <span class='ocr_line' id='line_1_5' title="bbox 223 545 1795 614; baseline 0 -14"><span class='ocrx_word' id='word_1_29' title='bbox 223 550 451 614; x_wconf 76' lang='lat' dir='ltr'><strong>aestimo,</strong></span> <span class='ocrx_word' id='word_1_30' title='bbox 476 563 656 602; x_wconf 86' lang='lat' dir='ltr'><strong>eorum</strong></span> <span class='ocrx_word' id='word_1_31' title='bbox 692 545 890 601; x_wconf 77' lang='lat' dir='ltr'><strong>virilem</strong></span> <span class='ocrx_word' id='word_1_32' title='bbox 935 547 1394 601; x_wconf 75' lang='lat' dir='ltr'><strong>rationabilitatem</strong></span> <span class='ocrx_word' id='word_1_33' title='bbox 1425 549 1440 577; x_wconf 86' lang='grc'>¹</span> <span class='ocrx_word' id='word_1_34' title='bbox 1471 557 1520 601; x_wconf 85' lang='lat' dir='ltr'><strong>et</strong></span> <span class='ocrx_word' id='word_1_35' title='bbox 1545 550 1795 602; x_wconf 75' lang='lat' dir='ltr'><strong>immitem</strong></span> 
     </span>
    </p>
   </div>
   <div class='ocr_carea' id='block_1_6' title="bbox 221 638 1796 709">
    <p class='ocr_par' dir='ltr' id='par_1_6' title="bbox 221 638 1796 709">
     <span class='ocr_line' id='line_1_6' title="bbox 221 638 1796 709; baseline 0 -15"><span class='ocrx_word' id='word_1_36' title='bbox 221 642 434 709; x_wconf 78' lang='lat' dir='ltr'><strong>quietem</strong></span> <span class='ocrx_word' id='word_1_37' title='bbox 463 641 522 694; x_wconf 82' lang='lat' dir='ltr'><strong>in</strong></span> <span class='ocrx_word' id='word_1_38' title='bbox 548 640 738 693; x_wconf 83' lang='lat' dir='ltr'><strong>divinis</strong></span> <span class='ocrx_word' id='word_1_39' title='bbox 760 648 808 692; x_wconf 88' lang='lat' dir='ltr'><strong>et</strong></span> <span class='ocrx_word' id='word_1_40' title='bbox 839 638 1250 693; x_wconf 83' lang='lat' dir='ltr'><strong>immutabilibus</strong></span> <span class='ocrx_word' id='word_1_41' title='bbox 1277 639 1652 708; x_wconf 77' lang='lat' dir='ltr'><strong>fundamentis.</strong></span> <span class='ocrx_word' id='word_1_42' title='bbox 1691 639 1796 694; x_wconf 86' lang='lat' dir='ltr'><strong>Fu-</strong></span> 
     </span>
    </p>
   </div>
   <div class='ocr_carea' id='block_1_7' title="bbox 223 730 1798 801">
    <p class='ocr_par' dir='ltr' id='par_1_7' title="bbox 223 730 1798 801">
     <span class='ocr_line' id='line_1_7' title="bbox 223 730 1798 801; baseline -0.001 -14"><span class='ocrx_word' id='word_1_43' title='bbox 223 749 305 787; x_wconf 85' lang='lat' dir='ltr'><strong>ror</strong></span> <span class='ocrx_word' id='word_1_44' title='bbox 347 732 531 801; x_wconf 82' lang='lat' dir='ltr'><strong>itaque</strong></span> <span class='ocrx_word' id='word_1_45' title='bbox 558 739 614 786; x_wconf 91' lang='lat' dir='ltr'><strong>et</strong></span> <span class='ocrx_word' id='word_1_46' title='bbox 643 732 748 795; x_wconf 87' lang='lat' dir='ltr'><strong>ira,</strong></span> <span class='ocrx_word' id='word_1_47' title='bbox 789 731 915 786; x_wconf 92' lang='lat' dir='ltr'><strong>dum</strong></span> <span class='ocrx_word' id='word_1_48' title='bbox 948 731 1013 785; x_wconf 90' lang='lat' dir='ltr'><strong>de</strong></span> <span class='ocrx_word' id='word_1_49' title='bbox 1056 730 1508 786; x_wconf 89' lang='lat' dir='ltr'><strong>intellectualibus</strong></span> <span class='ocrx_word' id='word_1_50' title='bbox 1549 731 1798 800; x_wconf 84' lang='lat' dir='ltr'><strong>leguntur</strong></span> 
     </span>
    </p>
   </div>
   <div class='ocr_carea' id='block_1_8' title="bbox 223 821 1797 892">
    <p class='ocr_par' dir='ltr' id='par_1_8' title="bbox 223 821 1797 892">
     <span class='ocr_line' id='line_1_8' title="bbox 223 821 1797 892; baseline -0.001 -15"><span class='ocrx_word' id='word_1_51' title='bbox 223 823 446 886; x_wconf 82' lang='lat' dir='ltr'><strong>naturis,</strong></span> <span class='ocrx_word' id='word_1_52' title='bbox 479 837 585 876; x_wconf 92' lang='lat' dir='ltr'><strong>non</strong></span> <span class='ocrx_word' id='word_1_53' title='bbox 613 821 850 877; x_wconf 77' lang='lat' dir='ltr'><strong>ferocem</strong></span> <span class='ocrx_word' id='word_1_54' title='bbox 877 822 1156 892; x_wconf 85' lang='lat' dir='ltr'><strong>impetum,</strong></span> <span class='ocrx_word' id='word_1_55' title='bbox 1191 822 1285 878; x_wconf 89' lang='lat' dir='ltr'><strong>sed</strong></span> <span class='ocrx_word' id='word_1_56' title='bbox 1326 823 1555 892; x_wconf 91' lang='lat' dir='ltr'><strong>quadam</strong></span> <span class='ocrx_word' id='word_1_57' title='bbox 1603 822 1797 877; x_wconf 90' lang='lat' dir='ltr'><strong>simili-</strong></span> 
     </span>
    </p>
   </div>
   <div class='ocr_carea' id='block_1_9' title="bbox 226 909 1798 979">
    <p class='ocr_par' dir='ltr' id='par_1_9' title="bbox 226 909 1798 979">
     <span class='ocr_line' id='line_1_9' title="bbox 226 909 1798 979; baseline -0.001 -16"><span class='ocrx_word' id='word_1_58' title='bbox 226 911 403 966; x_wconf 85' lang='lat' dir='ltr'><strong>tudine</strong></span> <span class='ocrx_word' id='word_1_59' title='bbox 431 910 644 964; x_wconf 86' lang='lat' dir='ltr'><strong>virilem</strong></span> <span class='ocrx_word' id='word_1_60' title='bbox 675 911 978 979; x_wconf 76' lang='lat' dir='ltr'><strong>fortemque</strong></span> <span class='ocrx_word' id='word_1_61' title='bbox 1005 909 1509 976; x_wconf 87' lang='lat' dir='ltr'><strong>rationabilitatem,</strong></span> <span class='ocrx_word' id='word_1_62' title='bbox 1537 918 1593 964; x_wconf 91' lang='lat' dir='ltr'><strong>et</strong></span> <span class='ocrx_word' id='word_1_63' title='bbox 1623 910 1798 963; x_wconf 85' lang='lat' dir='ltr'><strong>immi-</strong></span> 
     </span>
    </p>
   </div>
   <div class='ocr_carea' id='block_1_10' title="bbox 225 999 1798 1072">
    <p class='ocr_par' dir='ltr' id='par_1_10' title="bbox 225 999 1798 1072">
     <span class='ocr_line' id='line_1_10' title="bbox 225 999 1798 1072; baseline -0.002 -14"><span class='ocrx_word' id='word_1_64' title='bbox 225 1015 322 1059; x_wconf 91' lang='lat' dir='ltr'><strong>tem</strong></span> <span class='ocrx_word' id='word_1_65' title='bbox 375 1006 432 1071; x_wconf 79' lang='lat'><strong>&#39;,</strong></span> <span class='ocrx_word' id='word_1_66' title='bbox 488 1003 592 1058; x_wconf 87' lang='lat' dir='ltr'><strong>hoc</strong></span> <span class='ocrx_word' id='word_1_67' title='bbox 633 1013 718 1058; x_wconf 91' lang='lat' dir='ltr'><strong>est</strong></span> <span class='ocrx_word' id='word_1_68' title='bbox 761 1001 1286 1072; x_wconf 89' lang='lat' dir='ltr'><strong>irreprebensibilem</strong></span> <span class='ocrx_word' id='word_1_69' title='bbox 1322 1002 1364 1067; x_wconf 90' lang='grc'><em>³,</em></span> <span class='ocrx_word' id='word_1_70' title='bbox 1403 1003 1636 1072; x_wconf 88' lang='lat' dir='ltr'><strong>quietem</strong></span> <span class='ocrx_word' id='word_1_71' title='bbox 1676 999 1700 1033; x_wconf 71' lang='grc'>⁸</span> <span class='ocrx_word' id='word_1_72' title='bbox 1744 999 1798 1056; x_wconf 91' lang='lat' dir='ltr'><strong>in</strong></span> 
     </span>
    </p>
   </div>
   <div class='ocr_carea' id='block_1_11' title="bbox 223 1091 1796 1163">
    <p class='ocr_par' dir='ltr' id='par_1_11' title="bbox 223 1091 1796 1163">
     <span class='ocr_line' id='line_1_11' title="bbox 223 1091 1796 1163; baseline -0.003 -14"><span class='ocrx_word' id='word_1_73' title='bbox 223 1096 413 1150; x_wconf 84' lang='lat' dir='ltr'><strong>divinis</strong></span> <span class='ocrx_word' id='word_1_74' title='bbox 447 1109 516 1149; x_wconf 89' lang='lat' dir='ltr'><strong>ac</strong></span> <span class='ocrx_word' id='word_1_75' title='bbox 551 1109 764 1163; x_wconf 83' lang='lat' dir='ltr'><strong>semper</strong></span> <span class='ocrx_word' id='word_1_76' title='bbox 793 1093 1135 1148; x_wconf 89' lang='lat' dir='ltr'><strong>manentibus</strong></span> <span class='ocrx_word' id='word_1_77' title='bbox 1182 1093 1454 1156; x_wconf 89' lang='lat' dir='ltr'><strong>essentiis,</strong></span> <span class='ocrx_word' id='word_1_78' title='bbox 1485 1091 1725 1146; x_wconf 84' lang='lat' dir='ltr'><strong>declarat</strong></span> <span class='ocrx_word' id='word_1_79' title='bbox 1752 1091 1796 1158; x_wconf 85' lang='grc'><strong>⁸,</strong></span> 
     </span>
    </p>
   </div>
   <div class='ocr_carea' id='block_1_12' title="bbox 224 1184 1794 1255">
    <p class='ocr_par' dir='ltr' id='par_1_12' title="bbox 224 1184 1794 1255">
     <span class='ocr_line' id='line_1_12' title="bbox 224 1184 1794 1255; baseline 0 -17"><span class='ocrx_word' id='word_1_80' title='bbox 224 1196 274 1238; x_wconf 91' lang='lat' dir='ltr'><strong>ut</strong></span> <span class='ocrx_word' id='word_1_81' title='bbox 297 1184 320 1215; x_wconf 85' lang='grc'><strong>⁶</strong></span> <span class='ocrx_word' id='word_1_82' title='bbox 346 1186 584 1255; x_wconf 86' lang='lat' dir='ltr'><strong>quadam</strong></span> <span class='ocrx_word' id='word_1_83' title='bbox 615 1186 974 1255; x_wconf 88' lang='lat' dir='ltr'><strong>pulcherrima</strong></span> <span class='ocrx_word' id='word_1_84' title='bbox 1001 1186 1317 1254; x_wconf 82' lang='lat' dir='ltr'><strong>metaphora</strong></span> <span class='ocrx_word' id='word_1_85' title='bbox 1345 1185 1496 1238; x_wconf 82' lang='lat' dir='ltr'><strong>furor</strong></span> <span class='ocrx_word' id='word_1_86' title='bbox 1523 1185 1573 1239; x_wconf 90' lang='lat' dir='ltr'><strong>in</strong></span> <span class='ocrx_word' id='word_1_87' title='bbox 1603 1186 1794 1246; x_wconf 90' lang='lat' dir='ltr'><strong>bestia,</strong></span> 
     </span>
    </p>
   </div>
   <div class='ocr_carea' id='block_1_13' title="bbox 224 1276 1797 1346">
    <p class='ocr_par' dir='ltr' id='par_1_13' title="bbox 224 1276 1797 1346">
     <span class='ocr_line' id='line_1_13' title="bbox 224 1276 1797 1346; baseline -0.002 -15"><span class='ocrx_word' id='word_1_88' title='bbox 224 1277 606 1332; x_wconf 86' lang='lat' dir='ltr'><strong>irrationabilis</strong></span> <span class='ocrx_word' id='word_1_89' title='bbox 633 1277 881 1332; x_wconf 90' lang='lat' dir='ltr'><strong>videlicet</strong></span> <span class='ocrx_word' id='word_1_90' title='bbox 911 1287 1108 1340; x_wconf 89' lang='lat' dir='ltr'><strong>motus,</strong></span> <span class='ocrx_word' id='word_1_91' title='bbox 1152 1276 1489 1332; x_wconf 82' lang='lat' dir='ltr'><strong>rationabilis</strong></span> <span class='ocrx_word' id='word_1_92' title='bbox 1515 1277 1670 1346; x_wconf 81' lang='lat' dir='ltr'><strong>vigor</strong></span> <span class='ocrx_word' id='word_1_93' title='bbox 1697 1285 1751 1331; x_wconf 92' lang='lat' dir='ltr'><strong>et</strong></span> <span class='ocrx_word' id='word_1_94' title='bbox 1775 1277 1797 1308; x_wconf 82' lang='grc'><strong>⁷</strong></span> 
     </span>
    </p>
   </div>
   <div class='ocr_carea' id='block_1_14' title="bbox 223 1367 1801 1437">
    <p class='ocr_par' dir='ltr' id='par_1_14' title="bbox 223 1367 1801 1437">
     <span class='ocr_line' id='line_1_14' title="bbox 223 1367 1801 1437; baseline 0.001 -16"><span class='ocrx_word' id='word_1_95' title='bbox 223 1368 479 1422; x_wconf 74' lang='lat' dir='ltr'><strong>fortitudo</strong></span> <span class='ocrx_word' id='word_1_96' title='bbox 507 1368 558 1421; x_wconf 92' lang='lat' dir='ltr'><strong>in</strong></span> <span class='ocrx_word' id='word_1_97' title='bbox 586 1378 776 1422; x_wconf 88' lang='lat' dir='ltr'><strong>natura</strong></span> <span class='ocrx_word' id='word_1_98' title='bbox 819 1367 1140 1435; x_wconf 79' lang='lat' dir='ltr'><strong>iutelligibili</strong></span> <span class='ocrx_word' id='word_1_99' title='bbox 1181 1368 1464 1437; x_wconf 87' lang='lat' dir='ltr'><strong>acetpitur,</strong></span> <span class='ocrx_word' id='word_1_100' title='bbox 1504 1378 1560 1423; x_wconf 90' lang='lat' dir='ltr'><strong>et</strong></span> <span class='ocrx_word' id='word_1_101' title='bbox 1601 1369 1801 1424; x_wconf 86' lang='lat' dir='ltr'><strong>bestia-</strong></span> 
     </span>
    </p>
   </div>
   <div class='ocr_carea' id='block_1_15' title="bbox 225 1458 1798 1530">
    <p class='ocr_par' dir='ltr' id='par_1_15' title="bbox 225 1458 1798 1530">
     <span class='ocr_line' id='line_1_15' title="bbox 225 1458 1798 1530; baseline 0.001 -17"><span class='ocrx_word' id='word_1_102' title='bbox 225 1461 323 1514; x_wconf 70' lang='lat' dir='ltr'><strong>lis&#39;</strong></span> <span class='ocrx_word' id='word_1_103' title='bbox 354 1460 436 1512; x_wconf 87' lang='lat' dir='ltr'><strong>ira</strong></span> <span class='ocrx_word' id='word_1_104' title='bbox 469 1459 992 1530; x_wconf 82' lang='lat' dir='ltr'><strong>irrepreltensibilem</strong></span> <span class='ocrx_word' id='word_1_105' title='bbox 1033 1458 1054 1490; x_wconf 83' lang='grc'>⁹</span> <span class='ocrx_word' id='word_1_106' title='bbox 1093 1459 1333 1530; x_wconf 86' lang='lat' dir='ltr'><strong>quietem</strong></span> <span class='ocrx_word' id='word_1_107' title='bbox 1355 1460 1520 1514; x_wconf 89' lang='lat' dir='ltr'><strong>divini</strong></span> <span class='ocrx_word' id='word_1_108' title='bbox 1550 1459 1714 1514; x_wconf 90' lang='lat' dir='ltr'><strong>animi</strong></span> <span class='ocrx_word' id='word_1_109' title='bbox 1747 1461 1798 1514; x_wconf 92' lang='lat' dir='ltr'><strong>in</strong></span> 
     </span>
    </p>
   </div>
   <div class='ocr_carea' id='block_1_16' title="bbox 223 1547 1800 1616">
    <p class='ocr_par' dir='ltr' id='par_1_16' title="bbox 223 1547 1800 1616">
     <span class='ocr_line' id='line_1_16' title="bbox 223 1547 1800 1616; baseline 0 -16"><span class='ocrx_word' id='word_1_110' title='bbox 223 1548 417 1601; x_wconf 80' lang='lat' dir='ltr'><strong>divinis</strong></span> <span class='ocrx_word' id='word_1_111' title='bbox 444 1547 924 1612; x_wconf 88' lang='lat' dir='ltr'><strong>collocationibus,</strong></span> <span class='ocrx_word' id='word_1_112' title='bbox 954 1563 1093 1616; x_wconf 90' lang='lat' dir='ltr'><strong>quae</strong></span> <span class='ocrx_word' id='word_1_113' title='bbox 1121 1562 1335 1616; x_wconf 88' lang='lat' dir='ltr'><strong>semper</strong></span> <span class='ocrx_word' id='word_1_114' title='bbox 1364 1555 1418 1602; x_wconf 92' lang='lat' dir='ltr'><strong>et</strong></span> <span class='ocrx_word' id='word_1_115' title='bbox 1448 1547 1800 1602; x_wconf 86' lang='lat' dir='ltr'><strong>incommuta-</strong></span> 
     </span>
    </p>
   </div>
   <div class='ocr_carea' id='block_1_17' title="bbox 226 1637 1801 1708">
    <p class='ocr_par' dir='ltr' id='par_1_17' title="bbox 226 1637 1801 1708">
     <span class='ocr_line' id='line_1_17' title="bbox 226 1637 1801 1708; baseline 0.001 -16"><span class='ocrx_word' id='word_1_116' title='bbox 226 1639 404 1692; x_wconf 86' lang='lat' dir='ltr'><strong>biliter</strong></span> <span class='ocrx_word' id='word_1_117' title='bbox 431 1647 672 1692; x_wconf 85' lang='lat' dir='ltr'><strong>manent.</strong></span> <span class='ocrx_word' id='word_1_118' title='bbox 706 1638 802 1692; x_wconf 86' lang='lat' dir='ltr'><strong>Est</strong></span> <span class='ocrx_word' id='word_1_119' title='bbox 840 1638 1004 1708; x_wconf 79' lang='lat' dir='ltr'><strong>igitur</strong></span> <span class='ocrx_word' id='word_1_120' title='bbox 1034 1637 1184 1692; x_wconf 80' lang='lat' dir='ltr'><strong>furor</strong></span> <span class='ocrx_word' id='word_1_121' title='bbox 1223 1637 1609 1692; x_wconf 89' lang='lat' dir='ltr'><strong>irrationabilis</strong></span> <span class='ocrx_word' id='word_1_122' title='bbox 1639 1640 1801 1693; x_wconf 88' lang='lat' dir='ltr'><strong>ratio-</strong></span> 
     </span>
    </p>
   </div>
   <div class='ocr_carea' id='block_1_18' title="bbox 1896 462 3473 532">
    <p class='ocr_par' dir='ltr' id='par_1_18' title="bbox 1896 462 3473 532">
     <span class='ocr_line' id='line_1_18' title="bbox 1896 462 3473 532; baseline 0.004 -16"><span class='ocrx_word' id='word_1_123' title='bbox 1896 463 2345 532; x_wconf 84' lang='lat' dir='ltr'><strong>quemadmodum</strong></span> <span class='ocrx_word' id='word_1_124' title='bbox 2387 464 2452 518; x_wconf 89' lang='lat' dir='ltr'><strong>de</strong></span> <span class='ocrx_word' id='word_1_125' title='bbox 2497 462 2694 525; x_wconf 84' lang='lat' dir='ltr'><strong>furore,</strong></span> <span class='ocrx_word' id='word_1_126' title='bbox 2721 463 2843 527; x_wconf 90' lang='lat' dir='ltr'><strong>ista,</strong></span> <span class='ocrx_word' id='word_1_127' title='bbox 2885 479 3022 532; x_wconf 85' lang='lat' dir='ltr'><strong>quae</strong></span> <span class='ocrx_word' id='word_1_128' title='bbox 3053 463 3099 494; x_wconf 81' lang='grc'><strong>¹⁹</strong></span> <span class='ocrx_word' id='word_1_129' title='bbox 3130 463 3473 522; x_wconf 75' lang='lat' dir='ltr'><strong>dixinttts.t&#39;e</strong></span> 
     </span>
    </p>
   </div>
   <div class='ocr_carea' id='block_1_19' title="bbox 1896 553 3478 623">
    <p class='ocr_par' dir='ltr' id='par_1_19' title="bbox 1896 553 3478 623">
     <span class='ocr_line' id='line_1_19' title="bbox 1896 553 3478 623; baseline 0 -17"><span class='ocrx_word' id='word_1_130' title='bbox 1896 554 2330 622; x_wconf 82' lang='lat' dir='ltr'><strong>concupiscentia</strong></span> <span class='ocrx_word' id='word_1_131' title='bbox 2381 569 2594 623; x_wconf 89' lang='lat' dir='ltr'><strong>quoque</strong></span> <span class='ocrx_word' id='word_1_132' title='bbox 2658 553 3106 607; x_wconf 87' lang='lat' dir='ltr'><strong>irrationabilium</strong></span> <span class='ocrx_word' id='word_1_133' title='bbox 3165 553 3478 608; x_wconf 80' lang='lat' dir='ltr'><strong>animalium</strong></span> 
     </span>
    </p>
   </div>
   <div class='ocr_carea' id='block_1_20' title="bbox 1897 641 3477 714">
    <p class='ocr_par' dir='ltr' id='par_1_20' title="bbox 1897 641 3477 714">
     <span class='ocr_line' id='line_1_20' title="bbox 1897 641 3477 714; baseline -0.001 -18"><span class='ocrx_word' id='word_1_134' title='bbox 1897 641 2078 697; x_wconf 85' lang='lat' dir='ltr'><strong>dicere</strong></span> <span class='ocrx_word' id='word_1_135' title='bbox 2108 643 2385 696; x_wconf 84' lang='lat' dir='ltr'><strong>debemus.</strong></span> <span class='ocrx_word' id='word_1_136' title='bbox 2420 643 2561 696; x_wconf 81' lang='lat' dir='ltr'><strong>Nihil</strong></span> <span class='ocrx_word' id='word_1_137' title='bbox 2588 643 2731 696; x_wconf 83' lang='lat' dir='ltr'><strong>aliud</strong></span> <span class='ocrx_word' id='word_1_138' title='bbox 2757 644 2951 711; x_wconf 84' lang='lat' dir='ltr'><strong>quippe</strong></span> <span class='ocrx_word' id='word_1_139' title='bbox 2975 651 3060 698; x_wconf 91' lang='lat' dir='ltr'><strong>est</strong></span> <span class='ocrx_word' id='word_1_140' title='bbox 3088 643 3477 714; x_wconf 80' lang='lat' dir='ltr'><strong>concupiscen-</strong></span> 
     </span>
    </p>
   </div>
   <div class='ocr_carea' id='block_1_21' title="bbox 1900 731 3481 801">
    <p class='ocr_par' dir='ltr' id='par_1_21' title="bbox 1900 731 3481 801">
     <span class='ocr_line' id='line_1_21' title="bbox 1900 731 3481 801; baseline 0.001 -17"><span class='ocrx_word' id='word_1_141' title='bbox 1900 731 1972 784; x_wconf 88' lang='lat' dir='ltr'><strong>tia</strong></span> <span class='ocrx_word' id='word_1_142' title='bbox 2002 731 2448 786; x_wconf 89' lang='lat' dir='ltr'><strong>irrationabilium</strong></span> <span class='ocrx_word' id='word_1_143' title='bbox 2468 773 2482 796; x_wconf 94' lang='lat'><strong>,</strong></span> <span class='ocrx_word' id='word_1_144' title='bbox 2514 733 2614 787; x_wconf 87' lang='lat' dir='ltr'><strong>nisi</strong></span> <span class='ocrx_word' id='word_1_145' title='bbox 2645 733 2973 796; x_wconf 90' lang='lat' dir='ltr'><strong>inconsulta,</strong></span> <span class='ocrx_word' id='word_1_146' title='bbox 3012 733 3214 801; x_wconf 85' lang='lat' dir='ltr'><strong>absque</strong></span> <span class='ocrx_word' id='word_1_147' title='bbox 3245 734 3481 788; x_wconf 85' lang='lat' dir='ltr'><strong>rationa-</strong></span> 
     </span>
    </p>
   </div>
   <div class='ocr_carea' id='block_1_22' title="bbox 1898 819 3484 893">
    <p class='ocr_par' dir='ltr' id='par_1_22' title="bbox 1898 819 3484 893">
     <span class='ocr_line' id='line_1_22' title="bbox 1898 819 3484 893; baseline 0.001 -20"><span class='ocrx_word' id='word_1_148' title='bbox 1898 820 1989 874; x_wconf 87' lang='lat' dir='ltr'><strong>bili</strong></span> <span class='ocrx_word' id='word_1_149' title='bbox 2025 819 2273 875; x_wconf 88' lang='lat' dir='ltr'><strong>videlicet</strong></span> <span class='ocrx_word' id='word_1_150' title='bbox 2300 821 2542 883; x_wconf 90' lang='lat' dir='ltr'><strong>consilio,</strong></span> <span class='ocrx_word' id='word_1_151' title='bbox 2573 829 2627 874; x_wconf 91' lang='lat' dir='ltr'><strong>et</strong></span> <span class='ocrx_word' id='word_1_152' title='bbox 2656 822 2952 876; x_wconf 88' lang='lat' dir='ltr'><strong>materialis</strong></span> <span class='ocrx_word' id='word_1_153' title='bbox 2990 822 3224 893; x_wconf 79' lang='lat' dir='ltr'><strong>ingenita</strong></span> <span class='ocrx_word' id='word_1_154' title='bbox 3253 823 3484 892; x_wconf 84' lang='lat' dir='ltr'><strong>passibi-</strong></span> 
     </span>
    </p>
   </div>
   <div class='ocr_carea' id='block_1_23' title="bbox 1897 905 3483 982">
    <p class='ocr_par' dir='ltr' id='par_1_23' title="bbox 1897 905 3483 982">
     <span class='ocr_line' id='line_1_23' title="bbox 1897 905 3483 982; baseline 0.001 -20"><span class='ocrx_word' id='word_1_155' title='bbox 1897 905 2052 974; x_wconf 88' lang='lat' dir='ltr'><strong>litas,</strong></span> <span class='ocrx_word' id='word_1_156' title='bbox 2094 924 2232 978; x_wconf 91' lang='lat' dir='ltr'><strong>quae</strong></span> <span class='ocrx_word' id='word_1_157' title='bbox 2271 925 2339 965; x_wconf 81' lang='lat' dir='ltr'><strong>ex</strong></span> <span class='ocrx_word' id='word_1_158' title='bbox 2385 910 2615 963; x_wconf 86' lang='lat' dir='ltr'><strong>naturali</strong></span> <span class='ocrx_word' id='word_1_159' title='bbox 2657 923 2804 964; x_wconf 92' lang='lat' dir='ltr'><strong>motu</strong></span> <span class='ocrx_word' id='word_1_160' title='bbox 2845 926 2940 965; x_wconf 86' lang='lat' dir='ltr'><strong>seu</strong></span> <span class='ocrx_word' id='word_1_161' title='bbox 2985 911 3252 982; x_wconf 83' lang='lat' dir='ltr'><strong>frequenti</strong></span> <span class='ocrx_word' id='word_1_162' title='bbox 3280 911 3325 945; x_wconf 81' lang='grc'><strong><em>³⁸</em></strong></span> <span class='ocrx_word' id='word_1_163' title='bbox 3355 927 3483 967; x_wconf 89' lang='lat' dir='ltr'><strong>con-</strong></span> 
     </span>
    </p>
   </div>
   <div class='ocr_carea' id='block_1_24' title="bbox 1899 999 3485 1064">
    <p class='ocr_par' dir='ltr' id='par_1_24' title="bbox 1899 999 3485 1064">
     <span class='ocr_line' id='line_1_24' title="bbox 1899 999 3485 1064; baseline 0.001 -11"><span class='ocrx_word' id='word_1_164' title='bbox 1899 1001 2215 1064; x_wconf 88' lang='lat' dir='ltr'><strong>suetudine,</strong></span> <span class='ocrx_word' id='word_1_165' title='bbox 2252 1000 2370 1054; x_wconf 90' lang='lat' dir='ltr'><strong>sine</strong></span> <span class='ocrx_word' id='word_1_166' title='bbox 2403 999 2507 1053; x_wconf 89' lang='lat' dir='ltr'><strong>ulla</strong></span> <span class='ocrx_word' id='word_1_167' title='bbox 2538 1001 2901 1064; x_wconf 89' lang='lat' dir='ltr'><strong>continentia,</strong></span> <span class='ocrx_word' id='word_1_168' title='bbox 2938 1001 2992 1055; x_wconf 92' lang='lat' dir='ltr'><strong>in</strong></span> <span class='ocrx_word' id='word_1_169' title='bbox 3037 1017 3214 1056; x_wconf 91' lang='lat' dir='ltr'><strong>rerum</strong></span> <span class='ocrx_word' id='word_1_170' title='bbox 3255 1002 3485 1057; x_wconf 84' lang='lat' dir='ltr'><strong>mutabi-</strong></span> 
     </span>
    </p>
   </div>
   <div class='ocr_carea' id='block_1_25' title="bbox 1900 1091 3484 1160">
    <p class='ocr_par' dir='ltr' id='par_1_25' title="bbox 1900 1091 3484 1160">
     <span class='ocr_line' id='line_1_25' title="bbox 1900 1091 3484 1160; baseline 0.003 -16"><span class='ocrx_word' id='word_1_171' title='bbox 1900 1091 2027 1144; x_wconf 88' lang='lat' dir='ltr'><strong>lium</strong></span> <span class='ocrx_word' id='word_1_172' title='bbox 2074 1092 2376 1160; x_wconf 88' lang='lat' dir='ltr'><strong>impatienti</strong></span> <span class='ocrx_word' id='word_1_173' title='bbox 2412 1107 2594 1147; x_wconf 91' lang='lat' dir='ltr'><strong>amore</strong></span> <span class='ocrx_word' id='word_1_174' title='bbox 2625 1093 2670 1126; x_wconf 71' lang='grc' dir='ltr'><strong>’ί</strong></span> <span class='ocrx_word' id='word_1_175' title='bbox 2703 1094 2961 1160; x_wconf 87' lang='lat' dir='ltr'><strong>nascitur,</strong></span> <span class='ocrx_word' id='word_1_176' title='bbox 3001 1105 3056 1148; x_wconf 90' lang='lat' dir='ltr'><strong>et</strong></span> <span class='ocrx_word' id='word_1_177' title='bbox 3098 1094 3484 1149; x_wconf 89' lang='lat' dir='ltr'><strong>irrationabilis</strong></span> 
     </span>
    </p>
   </div>
   <div class='ocr_carea' id='block_1_26' title="bbox 1900 1183 3488 1254">
    <p class='ocr_par' dir='ltr' id='par_1_26' title="bbox 1900 1183 3488 1254">
     <span class='ocr_line' id='line_1_26' title="bbox 1900 1183 3488 1254; baseline 0.001 -18"><span class='ocrx_word' id='word_1_178' title='bbox 1900 1197 2196 1249; x_wconf 76' lang='lat' dir='ltr'><strong>corporeae</strong></span> <span class='ocrx_word' id='word_1_179' title='bbox 2220 1183 2458 1238; x_wconf 86' lang='lat' dir='ltr'><strong>libidinis</strong></span> <span class='ocrx_word' id='word_1_180' title='bbox 2474 1183 2785 1248; x_wconf 88' lang='lat' dir='ltr'><strong>assiduitas,</strong></span> <span class='ocrx_word' id='word_1_181' title='bbox 2803 1199 2940 1252; x_wconf 84' lang='lat' dir='ltr'><strong>quae</strong></span> <span class='ocrx_word' id='word_1_182' title='bbox 2953 1199 3111 1238; x_wconf 91' lang='lat' dir='ltr'><strong>omne</strong></span> <span class='ocrx_word' id='word_1_183' title='bbox 3127 1184 3326 1239; x_wconf 86' lang='lat' dir='ltr'><strong>animal</strong></span> <span class='ocrx_word' id='word_1_184' title='bbox 3343 1187 3488 1254; x_wconf 86' lang='lat' dir='ltr'><strong>cogit</strong></span> 
     </span>
    </p>
   </div>
   <div class='ocr_carea' id='block_1_27' title="bbox 1902 1273 3482 1346">
    <p class='ocr_par' dir='ltr' id='par_1_27' title="bbox 1902 1273 3482 1346">
     <span class='ocr_line' id='line_1_27' title="bbox 1902 1273 3482 1346; baseline 0.006 -20"><span class='ocrx_word' id='word_1_185' title='bbox 1902 1273 1956 1327; x_wconf 90' lang='lat' dir='ltr'><strong>in</strong></span> <span class='ocrx_word' id='word_1_186' title='bbox 1987 1273 2114 1329; x_wconf 90' lang='lat' dir='ltr'><strong>illud</strong></span> <span class='ocrx_word' id='word_1_187' title='bbox 2143 1277 2582 1346; x_wconf 82' lang='lat' dir='ltr'><strong>concupiscibile,</strong></span> <span class='ocrx_word' id='word_1_188' title='bbox 2615 1279 2757 1346; x_wconf 91' lang='lat' dir='ltr'><strong>quod</strong></span> <span class='ocrx_word' id='word_1_189' title='bbox 2787 1285 2872 1331; x_wconf 90' lang='lat' dir='ltr'><strong>est</strong></span> <span class='ocrx_word' id='word_1_190' title='bbox 2909 1277 3200 1332; x_wconf 88' lang='lat' dir='ltr'><strong>secundum</strong></span> <span class='ocrx_word' id='word_1_191' title='bbox 3243 1293 3482 1336; x_wconf 82' lang='lat' dir='ltr'><strong>sensum.</strong></span> 
     </span>
    </p>
   </div>
   <div class='ocr_carea' id='block_1_28' title="bbox 1900 1365 3486 1436">
    <p class='ocr_par' dir='ltr' id='par_1_28' title="bbox 1900 1365 3486 1436">
     <span class='ocr_line' id='line_1_28' title="bbox 1900 1365 3486 1436; baseline 0.001 -17"><span class='ocrx_word' id='word_1_192' title='bbox 1900 1381 2072 1436; x_wconf 90' lang='lat' dir='ltr'><strong>prono</strong></span> <span class='ocrx_word' id='word_1_193' title='bbox 2099 1367 2298 1436; x_wconf 84' lang='lat' dir='ltr'><strong>impetu</strong></span> <span class='ocrx_word' id='word_1_194' title='bbox 2327 1383 2503 1421; x_wconf 85' lang='lat' dir='ltr'><strong>ruere.</strong></span> <span class='ocrx_word' id='word_1_195' title='bbox 2529 1365 2661 1421; x_wconf 87' lang='lat' dir='ltr'><strong>Cum</strong></span> <span class='ocrx_word' id='word_1_196' title='bbox 2686 1385 2800 1422; x_wconf 85' lang='lat' dir='ltr'><strong>vero</strong></span> <span class='ocrx_word' id='word_1_197' title='bbox 2823 1368 3100 1422; x_wconf 78' lang='lat' dir='ltr'><strong>dissimiles</strong></span> <span class='ocrx_word' id='word_1_198' title='bbox 3121 1369 3486 1422; x_wconf 68' lang='lat' dir='ltr'><strong>similitudines</strong></span> 
     </span>
    </p>
   </div>
   <div class='ocr_carea' id='block_1_29' title="bbox 1903 1454 3486 1527">
    <p class='ocr_par' dir='ltr' id='par_1_29' title="bbox 1903 1454 3486 1527">
     <span class='ocr_line' id='line_1_29' title="bbox 1903 1454 3486 1527; baseline 0.002 -20"><span class='ocrx_word' id='word_1_199' title='bbox 1903 1454 2334 1509; x_wconf 75' lang='lat' dir='ltr'><strong>intellecturi/ibus</strong></span> <span class='ocrx_word' id='word_1_200' title='bbox 2383 1459 2844 1527; x_wconf 84' lang='lat' dir='ltr'><strong>circumponentes,</strong></span> <span class='ocrx_word' id='word_1_201' title='bbox 2897 1459 3366 1527; x_wconf 78' lang='lat' dir='ltr'><strong>concupiscentiam</strong></span> <span class='ocrx_word' id='word_1_202' title='bbox 3414 1460 3486 1512; x_wconf 87' lang='lat' dir='ltr'><strong>eis</strong></span> 
     </span>
    </p>
   </div>
   <div class='ocr_carea' id='block_1_30' title="bbox 1903 1547 3490 1617">
    <p class='ocr_par' dir='ltr' id='par_1_30' title="bbox 1903 1547 3490 1617">
     <span class='ocr_line' id='line_1_30' title="bbox 1903 1547 3490 1617; baseline 0.003 -21"><span class='ocrx_word' id='word_1_203' title='bbox 1903 1547 2284 1613; x_wconf 74' lang='lat' dir='ltr'><strong>conformemus</strong></span> <span class='ocrx_word' id='word_1_204' title='bbox 2325 1547 2392 1611; x_wconf 79' lang='grc'><strong>³¹,</strong></span> <span class='ocrx_word' id='word_1_205' title='bbox 2441 1564 2669 1600; x_wconf 88' lang='lat' dir='ltr'><strong>amorem</strong></span> <span class='ocrx_word' id='word_1_206' title='bbox 2716 1548 2947 1602; x_wconf 79' lang='lat' dir='ltr'><strong>divinum</strong></span> <span class='ocrx_word' id='word_1_207' title='bbox 2997 1549 3163 1617; x_wconf 87' lang='lat' dir='ltr'><strong>ipsam</strong></span> <span class='ocrx_word' id='word_1_208' title='bbox 3207 1549 3490 1617; x_wconf 71' lang='lat' dir='ltr'><strong>intelligere</strong></span> 
     </span>
    </p>
   </div>
   <div class='ocr_carea' id='block_1_31' title="bbox 1904 1636 3488 1704">
    <p class='ocr_par' dir='ltr' id='par_1_31' title="bbox 1904 1636 3488 1704">
     <span class='ocr_line' id='line_1_31' title="bbox 1904 1636 3488 1704; baseline 0.004 -20"><span class='ocrx_word' id='word_1_209' title='bbox 1904 1643 2101 1703; x_wconf 82' lang='lat' dir='ltr'><strong>oportet</strong></span> <span class='ocrx_word' id='word_1_210' title='bbox 2127 1652 2281 1704; x_wconf 82' lang='lat' dir='ltr'><strong>super</strong></span> <span class='ocrx_word' id='word_1_211' title='bbox 2310 1637 2559 1690; x_wconf 79' lang='lat' dir='ltr'><strong>rationem</strong></span> <span class='ocrx_word' id='word_1_212' title='bbox 2592 1648 2638 1691; x_wconf 88' lang='lat' dir='ltr'><strong>et</strong></span> <span class='ocrx_word' id='word_1_213' title='bbox 2665 1636 2979 1690; x_wconf 86' lang='lat' dir='ltr'><strong>intellectum</strong></span> <span class='ocrx_word' id='word_1_214' title='bbox 3005 1639 3488 1702; x_wconf 80' lang='lat' dir='ltr'><strong>immaterialitatis,</strong></span> 
     </span>
    </p>
   </div>
   <div class='ocr_carea' id='block_1_32' title="bbox 225 1721 3491 1800">
    <p class='ocr_par' dir='ltr' id='par_1_32' title="bbox 225 1721 3491 1800">
     <span class='ocr_line' id='line_1_32' title="bbox 225 1721 3491 1800; baseline 0.002 -22"><span class='ocrx_word' id='word_1_215' title='bbox 225 1728 414 1782; x_wconf 83' lang='lat' dir='ltr'><strong>uabilis</strong></span> <span class='ocrx_word' id='word_1_216' title='bbox 465 1727 799 1782; x_wconf 85' lang='lat' dir='ltr'><strong>fortitudinis</strong></span> <span class='ocrx_word' id='word_1_217' title='bbox 845 1729 1019 1798; x_wconf 82' lang='lat' dir='ltr'><strong>imago</strong></span> <span class='ocrx_word' id='word_1_218' title='bbox 1063 1727 1140 1794; x_wconf 74' lang='lat'><strong>‘°;</strong></span> <span class='ocrx_word' id='word_1_219' title='bbox 1187 1737 1270 1783; x_wconf 88' lang='lat' dir='ltr'><strong>est</strong></span> <span class='ocrx_word' id='word_1_220' title='bbox 1315 1729 1394 1783; x_wconf 85' lang='lat' dir='ltr'><strong>ira</strong></span> <span class='ocrx_word' id='word_1_221' title='bbox 1433 1730 1473 1761; x_wconf 81' lang='grc'>¹¹</span> <span class='ocrx_word' id='word_1_222' title='bbox 1512 1728 1804 1800; x_wconf 79' lang='lat' dir='ltr'><strong>feralisque</strong></span> <span class='ocrx_word' id='word_1_223' title='bbox 1834 1721 1878 1780; x_wconf 87' lang='grc' dir='ltr'><strong>Β</strong></span> <span class='ocrx_word' id='word_1_224' title='bbox 1905 1734 1951 1776; x_wconf 88' lang='lat' dir='ltr'><strong>et</strong></span> <span class='ocrx_word' id='word_1_225' title='bbox 1975 1725 2279 1795; x_wconf 71' lang='lat' dir='ltr'><strong>inflexibile,</strong></span> <span class='ocrx_word' id='word_1_226' title='bbox 2302 1736 2351 1780; x_wconf 88' lang='lat' dir='ltr'><strong>et</strong></span> <span class='ocrx_word' id='word_1_227' title='bbox 2373 1744 2476 1781; x_wconf 90' lang='lat' dir='ltr'><strong>non</strong></span> <span class='ocrx_word' id='word_1_228' title='bbox 2497 1729 2729 1798; x_wconf 75' lang='lat' dir='ltr'><strong>indigens</strong></span> <span class='ocrx_word' id='word_1_229' title='bbox 2749 1729 3063 1782; x_wconf 85' lang='lat' dir='ltr'><strong>desiderium</strong></span> <span class='ocrx_word' id='word_1_230' title='bbox 3085 1731 3491 1800; x_wconf 85' lang='lat' dir='ltr'><strong>superessentia-</strong></span> 
     </span>
    </p>
   </div>
   <div class='ocr_carea' id='block_1_33' title="bbox 225 1819 1804 1889">
    <p class='ocr_par' dir='ltr' id='par_1_33' title="bbox 225 1819 1804 1889">
     <span class='ocr_line' id='line_1_33' title="bbox 225 1819 1804 1889; baseline 0.005 -19"><span class='ocrx_word' id='word_1_231' title='bbox 225 1819 452 1888; x_wconf 83' lang='lat' dir='ltr'><strong>impetus</strong></span> <span class='ocrx_word' id='word_1_232' title='bbox 486 1821 530 1850; x_wconf 80' lang='lat'><strong>&quot;</strong></span> <span class='ocrx_word' id='word_1_233' title='bbox 561 1819 971 1889; x_wconf 87' lang='lat' dir='ltr'><strong>intelligibilium</strong></span> <span class='ocrx_word' id='word_1_234' title='bbox 1005 1819 1308 1875; x_wconf 86' lang='lat' dir='ltr'><strong>animorum</strong></span> <span class='ocrx_word' id='word_1_235' title='bbox 1344 1821 1398 1876; x_wconf 92' lang='lat' dir='ltr'><strong>in</strong></span> <span class='ocrx_word' id='word_1_236' title='bbox 1434 1821 1613 1876; x_wconf 88' lang='lat' dir='ltr'><strong>divina</strong></span> <span class='ocrx_word' id='word_1_237' title='bbox 1647 1823 1691 1854; x_wconf 79' lang='lat'>&quot;</span> <span class='ocrx_word' id='word_1_238' title='bbox 1721 1838 1804 1878; x_wconf 89' lang='lat' dir='ltr'><strong>se-</strong></span> 
     </span>
    </p>
   </div>
   <div class='ocr_carea' id='block_1_34' title="bbox 226 1907 1804 1978">
    <p class='ocr_par' dir='ltr' id='par_1_34' title="bbox 226 1907 1804 1978">
     <span class='ocr_line' id='line_1_34' title="bbox 226 1907 1804 1978; baseline 0.007 -22"><span class='ocrx_word' id='word_1_239' title='bbox 226 1909 450 1961; x_wconf 74' lang='lat' dir='ltr'><strong>veritate</strong></span> <span class='ocrx_word' id='word_1_240' title='bbox 509 1907 673 1976; x_wconf 87' lang='lat' dir='ltr'><strong>inque</strong></span> <span class='ocrx_word' id='word_1_241' title='bbox 713 1909 1033 1963; x_wconf 87' lang='lat' dir='ltr'><strong>immutabili</strong></span> <span class='ocrx_word' id='word_1_242' title='bbox 1075 1925 1261 1965; x_wconf 89' lang='lat' dir='ltr'><strong>amore</strong></span> <span class='ocrx_word' id='word_1_243' title='bbox 1299 1909 1542 1978; x_wconf 79' lang='lat' dir='ltr'><strong>iustitiae</strong></span> <span class='ocrx_word' id='word_1_244' title='bbox 1584 1913 1804 1968; x_wconf 89' lang='lat' dir='ltr'><strong>immitis</strong></span> 
     </span>
    </p>
   </div>
   <div class='ocr_carea' id='block_1_35' title="bbox 226 1999 1805 2074">
    <p class='ocr_par' dir='ltr' id='par_1_35' title="bbox 226 1999 1805 2074">
     <span class='ocr_line' id='line_1_35' title="bbox 226 1999 1805 2074; baseline 0.006 -24"><span class='ocrx_word' id='word_1_245' title='bbox 226 1999 815 2068; x_wconf 85' lang='lat' dir='ltr'><strong>irreprebensibilisque</strong></span> <span class='ocrx_word' id='word_1_246' title='bbox 841 1999 886 2031; x_wconf 74' lang='lat'>“</span> <span class='ocrx_word' id='word_1_247' title='bbox 922 2001 1127 2071; x_wconf 85' lang='lat' dir='ltr'><strong>absque</strong></span> <span class='ocrx_word' id='word_1_248' title='bbox 1177 2002 1282 2056; x_wconf 88' lang='lat' dir='ltr'><strong>ulla</strong></span> <span class='ocrx_word' id='word_1_249' title='bbox 1331 2003 1640 2059; x_wconf 89' lang='lat' dir='ltr'><strong>adulatione</strong></span> <span class='ocrx_word' id='word_1_250' title='bbox 1682 2021 1805 2074; x_wconf 83' lang='lat' dir='ltr'><strong>per-</strong></span> 
     </span>
    </p>
   </div>
   <div class='ocr_carea' id='block_1_36' title="bbox 225 2088 1805 2162">
    <p class='ocr_par' dir='ltr' id='par_1_36' title="bbox 225 2088 1805 2162">
     <span class='ocr_line' id='line_1_36' title="bbox 225 2088 1805 2162; baseline 0.005 -22"><span class='ocrx_word' id='word_1_251' title='bbox 225 2097 411 2155; x_wconf 84' lang='lat' dir='ltr'><strong>petuae</strong></span> <span class='ocrx_word' id='word_1_252' title='bbox 437 2088 770 2156; x_wconf 90' lang='lat' dir='ltr'><strong>quietudinis</strong></span> <span class='ocrx_word' id='word_1_253' title='bbox 799 2089 1119 2160; x_wconf 86' lang='lat' dir='ltr'><strong>symbolum.</strong></span> <span class='ocrx_word' id='word_1_254' title='bbox 1153 2089 1386 2146; x_wconf 85' lang='lat' dir='ltr'><strong>Videsne</strong></span> <span class='ocrx_word' id='word_1_255' title='bbox 1412 2093 1684 2162; x_wconf 92' lang='lat' dir='ltr'><strong>quomodo</strong></span> <span class='ocrx_word' id='word_1_256' title='bbox 1722 2094 1805 2147; x_wconf 81' lang='lat' dir='ltr'><strong>iu—</strong></span> 
     </span>
    </p>
   </div>
   <div class='ocr_carea' id='block_1_37' title="bbox 223 2176 1806 2249">
    <p class='ocr_par' dir='ltr' id='par_1_37' title="bbox 223 2176 1806 2249">
     <span class='ocr_line' id='line_1_37' title="bbox 223 2176 1806 2249; baseline 0.008 -23"><span class='ocrx_word' id='word_1_257' title='bbox 223 2176 416 2230; x_wconf 84' lang='lat' dir='ltr'><strong>leriora</strong></span> <span class='ocrx_word' id='word_1_258' title='bbox 445 2178 610 2241; x_wconf 88' lang='lat' dir='ltr'><strong>bona,</strong></span> <span class='ocrx_word' id='word_1_259' title='bbox 637 2193 778 2247; x_wconf 87' lang='lat' dir='ltr'><strong>quae</strong></span> <span class='ocrx_word' id='word_1_260' title='bbox 818 2195 884 2234; x_wconf 74' lang='lat' dir='ltr'><strong>ex</strong></span> <span class='ocrx_word' id='word_1_261' title='bbox 925 2179 1338 2249; x_wconf 89' lang='lat' dir='ltr'><strong>participatione</strong></span> <span class='ocrx_word' id='word_1_262' title='bbox 1379 2184 1574 2237; x_wconf 91' lang='lat' dir='ltr'><strong>summi</strong></span> <span class='ocrx_word' id='word_1_263' title='bbox 1606 2185 1729 2239; x_wconf 87' lang='lat' dir='ltr'><strong>boui</strong></span> <span class='ocrx_word' id='word_1_264' title='bbox 1759 2184 1806 2216; x_wconf 81' lang='lat'>“</span> 
     </span>
    </p>
   </div>
   <div class='ocr_carea' id='block_1_38' title="bbox 224 2269 1805 2345">
    <p class='ocr_par' dir='ltr' id='par_1_38' title="bbox 224 2269 1805 2345">
     <span class='ocr_line' id='line_1_38' title="bbox 224 2269 1805 2345; baseline 0.006 -25"><span class='ocrx_word' id='word_1_265' title='bbox 224 2270 540 2337; x_wconf 80' lang='lat' dir='ltr'><strong>proveniunt</strong></span> <span class='ocrx_word' id='word_1_266' title='bbox 557 2309 572 2331; x_wconf 94' lang='lat'><strong>,</strong></span> <span class='ocrx_word' id='word_1_267' title='bbox 595 2269 879 2339; x_wconf 87' lang='lat' dir='ltr'><strong>primaque</strong></span> <span class='ocrx_word' id='word_1_268' title='bbox 909 2270 951 2302; x_wconf 76' lang='lat'>&quot;</span> <span class='ocrx_word' id='word_1_269' title='bbox 981 2271 1142 2338; x_wconf 80' lang='lat' dir='ltr'><strong>bona.</strong></span> <span class='ocrx_word' id='word_1_270' title='bbox 1169 2287 1488 2342; x_wconf 89' lang='lat' dir='ltr'><strong>summoque</strong></span> <span class='ocrx_word' id='word_1_271' title='bbox 1515 2274 1656 2328; x_wconf 93' lang='lat' dir='ltr'><strong>bono</strong></span> <span class='ocrx_word' id='word_1_272' title='bbox 1681 2290 1805 2345; x_wconf 84' lang='lat' dir='ltr'><strong>pro-</strong></span> 
     </span>
    </p>
   </div>
   <div class='ocr_carea' id='block_1_39' title="bbox 225 2359 1807 2434">
    <p class='ocr_par' dir='ltr' id='par_1_39' title="bbox 225 2359 1807 2434">
     <span class='ocr_line' id='line_1_39' title="bbox 225 2359 1807 2434; baseline 0.007 -24"><span class='ocrx_word' id='word_1_273' title='bbox 225 2359 362 2411; x_wconf 66' lang='lat' dir='ltr'><strong>sima</strong></span> <span class='ocrx_word' id='word_1_274' title='bbox 399 2359 768 2427; x_wconf 75' lang='lat' dir='ltr'><strong>imaginantur</strong></span> <span class='ocrx_word' id='word_1_275' title='bbox 798 2360 875 2412; x_wconf 87' lang='lat'><strong>&quot;?</strong></span> <span class='ocrx_word' id='word_1_276' title='bbox 912 2360 980 2414; x_wconf 89' lang='lat' dir='ltr'><strong>Et</strong></span> <span class='ocrx_word' id='word_1_277' title='bbox 1016 2377 1086 2416; x_wconf 88' lang='lat' dir='ltr'><strong>ne</strong></span> <span class='ocrx_word' id='word_1_278' title='bbox 1113 2363 1325 2417; x_wconf 86' lang='lat' dir='ltr'><strong>mireris</strong></span> <span class='ocrx_word' id='word_1_279' title='bbox 1353 2363 1416 2426; x_wconf 82' lang='grc'><strong>¹⁸,</strong></span> <span class='ocrx_word' id='word_1_280' title='bbox 1446 2365 1590 2434; x_wconf 91' lang='lat' dir='ltr'><strong>quod</strong></span> <span class='ocrx_word' id='word_1_281' title='bbox 1619 2368 1807 2421; x_wconf 90' lang='lat' dir='ltr'><strong>beatus</strong></span> 
     </span>
    </p>
   </div>
   <div class='ocr_carea' id='block_1_40' title="bbox 226 2449 1804 2525">
    <p class='ocr_par' dir='ltr' id='par_1_40' title="bbox 226 2449 1804 2525">
     <span class='ocr_line' id='line_1_40' title="bbox 226 2449 1804 2525; baseline 0.008 -26"><span class='ocrx_word' id='word_1_282' title='bbox 226 2449 478 2518; x_wconf 80' lang='lat' dir='ltr'><strong>magister</strong></span> <span class='ocrx_word' id='word_1_283' title='bbox 505 2452 793 2525; x_wconf 74' lang='grc' dir='ltr'><strong>ἀμείλικτον</strong></span> <span class='ocrx_word' id='word_1_284' title='bbox 817 2451 1053 2518; x_wconf 74' lang='grc' dir='ltr'><strong>ἕξιν,1ιοο</strong></span> <span class='ocrx_word' id='word_1_285' title='bbox 1077 2463 1180 2516; x_wconf 91' lang='lat' dir='ltr'><strong>est,</strong></span> <span class='ocrx_word' id='word_1_286' title='bbox 1200 2453 1458 2509; x_wconf 87' lang='lat' dir='ltr'><strong>immitem</strong></span> <span class='ocrx_word' id='word_1_287' title='bbox 1485 2456 1720 2524; x_wconf 88' lang='lat' dir='ltr'><strong>quietem</strong></span> <span class='ocrx_word' id='word_1_288' title='bbox 1750 2457 1804 2512; x_wconf 92' lang='lat' dir='ltr'><strong>in</strong></span> 
     </span>
    </p>
   </div>
   <div class='ocr_carea' id='block_1_41' title="bbox 224 2538 1805 2601">
    <p class='ocr_par' dir='ltr' id='par_1_41' title="bbox 224 2538 1805 2601">
     <span class='ocr_line' id='line_1_41' title="bbox 224 2538 1805 2601; baseline 0.008 -12"><span class='ocrx_word' id='word_1_289' title='bbox 224 2538 419 2594; x_wconf 85' lang='lat' dir='ltr'><strong>divinis</strong></span> <span class='ocrx_word' id='word_1_290' title='bbox 446 2549 503 2594; x_wconf 90' lang='lat' dir='ltr'><strong>et</strong></span> <span class='ocrx_word' id='word_1_291' title='bbox 537 2541 959 2597; x_wconf 81' lang='lat' dir='ltr'><strong>intmutabilibus</strong></span> <span class='ocrx_word' id='word_1_292' title='bbox 985 2542 1347 2599; x_wconf 84' lang='lat' dir='ltr'><strong>fundamentis</strong></span> <span class='ocrx_word' id='word_1_293' title='bbox 1375 2545 1592 2600; x_wconf 79' lang='lat' dir='ltr'><strong>dixerit.</strong></span> <span class='ocrx_word' id='word_1_294' title='bbox 1625 2547 1805 2601; x_wconf 89' lang='lat' dir='ltr'><strong>Immi-</strong></span> 
     </span>
    </p>
   </div>
   <div class='ocr_carea' id='block_1_42' title="bbox 227 2628 1807 2699">
    <p class='ocr_par' dir='ltr' id='par_1_42' title="bbox 227 2628 1807 2699">
     <span class='ocr_line' id='line_1_42' title="bbox 227 2628 1807 2699; baseline 0.01 -20"><span class='ocrx_word' id='word_1_295' title='bbox 227 2629 292 2682; x_wconf 90' lang='lat' dir='ltr'><strong>tis</strong></span> <span class='ocrx_word' id='word_1_296' title='bbox 316 2628 366 2660; x_wconf 84' lang='grc'><strong>¹⁹</strong></span> <span class='ocrx_word' id='word_1_297' title='bbox 393 2631 539 2684; x_wconf 89' lang='lat' dir='ltr'><strong>enim</strong></span> <span class='ocrx_word' id='word_1_298' title='bbox 577 2633 733 2699; x_wconf 88' lang='lat' dir='ltr'><strong>quies</strong></span> <span class='ocrx_word' id='word_1_299' title='bbox 757 2639 843 2688; x_wconf 90' lang='lat' dir='ltr'><strong>est</strong></span> <span class='ocrx_word' id='word_1_300' title='bbox 882 2647 1070 2688; x_wconf 86' lang='lat' dir='ltr'><strong>severa</strong></span> <span class='ocrx_word' id='word_1_301' title='bbox 1100 2643 1155 2688; x_wconf 89' lang='lat' dir='ltr'><strong>et</strong></span> <span class='ocrx_word' id='word_1_302' title='bbox 1184 2633 1489 2692; x_wconf 79' lang='lat' dir='ltr'><strong>inﬂexibilis</strong></span> <span class='ocrx_word' id='word_1_303' title='bbox 1529 2637 1580 2691; x_wconf 92' lang='lat' dir='ltr'><strong>in</strong></span> <span class='ocrx_word' id='word_1_304' title='bbox 1623 2655 1807 2694; x_wconf 87' lang='lat' dir='ltr'><strong>amore</strong></span> 
     </span>
    </p>
   </div>
   <div class='ocr_carea' id='block_1_43' title="bbox 228 2720 1802 2796">
    <p class='ocr_par' dir='ltr' id='par_1_43' title="bbox 228 2720 1802 2796">
     <span class='ocr_line' id='line_1_43' title="bbox 228 2720 1802 2796; baseline 0.009 -26"><span class='ocrx_word' id='word_1_305' title='bbox 228 2720 548 2774; x_wconf 78' lang='lat' dir='ltr'><strong>caelestium</strong></span> <span class='ocrx_word' id='word_1_306' title='bbox 596 2723 856 2777; x_wconf 87' lang='lat' dir='ltr'><strong>virtutum</strong></span> <span class='ocrx_word' id='word_1_307' title='bbox 905 2723 1469 2796; x_wconf 88' lang='lat' dir='ltr'><strong>incommutabilisque</strong></span> <span class='ocrx_word' id='word_1_308' title='bbox 1514 2731 1802 2796; x_wconf 88' lang='lat' dir='ltr'><strong>possessio.</strong></span> 
     </span>
    </p>
   </div>
   <div class='ocr_carea' id='block_1_44' title="bbox 224 2807 1808 2890">
    <p class='ocr_par' dir='ltr' id='par_1_44' title="bbox 224 2807 1808 2890">
     <span class='ocr_line' id='line_1_44' title="bbox 224 2807 1808 2890; baseline 0.009 -30"><span class='ocrx_word' id='word_1_309' title='bbox 224 2807 328 2864; x_wconf 76' lang='lat' dir='ltr'><strong>Nec</strong></span> <span class='ocrx_word' id='word_1_310' title='bbox 359 2812 586 2876; x_wconf 86' lang='lat' dir='ltr'><strong>resistit,</strong></span> <span class='ocrx_word' id='word_1_311' title='bbox 617 2813 760 2882; x_wconf 89' lang='lat' dir='ltr'><strong>quod</strong></span> <span class='ocrx_word' id='word_1_312' title='bbox 786 2813 864 2868; x_wconf 88' lang='lat' dir='ltr'><strong>ait</strong></span> <span class='ocrx_word' id='word_1_313' title='bbox 888 2812 1148 2870; x_wconf 87' lang='lat' dir='ltr'><strong>Dominus</strong></span> <span class='ocrx_word' id='word_1_314' title='bbox 1176 2833 1188 2868; x_wconf 91' lang='lat'><strong>:</strong></span> <span class='ocrx_word' id='word_1_315' title='bbox 1225 2833 1243 2865; x_wconf 78' lang='grc' dir='ltr'>ι</span> <span class='ocrx_word' id='word_1_316' title='bbox 1277 2815 1428 2870; x_wconf 87' lang='lat' dir='ltr'><strong>Beati</strong></span> <span class='ocrx_word' id='word_1_317' title='bbox 1463 2818 1644 2883; x_wconf 88' lang='lat' dir='ltr'><strong>mites,</strong></span> <span class='ocrx_word' id='word_1_318' title='bbox 1674 2836 1808 2890; x_wconf 89' lang='lat' dir='ltr'><strong>quo-</strong></span> 
     </span>
    </p>
   </div>
   <div class='ocr_carea' id='block_1_45' title="bbox 225 2903 1802 2976">
    <p class='ocr_par' dir='ltr' id='par_1_45' title="bbox 225 2903 1802 2976">
     <span class='ocr_line' id='line_1_45' title="bbox 225 2903 1802 2976; baseline 0.007 -22"><span class='ocrx_word' id='word_1_319' title='bbox 225 2903 368 2956; x_wconf 88' lang='lat' dir='ltr'><strong>niam</strong></span> <span class='ocrx_word' id='word_1_320' title='bbox 410 2905 512 2974; x_wconf 90' lang='lat' dir='ltr'><strong>ipsi</strong></span> <span class='ocrx_word' id='word_1_321' title='bbox 551 2906 902 2974; x_wconf 89' lang='lat' dir='ltr'><strong>possidebunt</strong></span> <span class='ocrx_word' id='word_1_322' title='bbox 946 2915 1146 2962; x_wconf 89' lang='lat' dir='ltr'><strong>terram</strong></span> <span class='ocrx_word' id='word_1_323' title='bbox 1180 2927 1228 2961; x_wconf 74' lang='grc' dir='ltr'><strong>ι.</strong></span> <span class='ocrx_word' id='word_1_324' title='bbox 1260 2906 1492 2964; x_wconf 83' lang='lat' dir='ltr'><strong>Necesse</strong></span> <span class='ocrx_word' id='word_1_325' title='bbox 1517 2920 1601 2964; x_wconf 90' lang='lat' dir='ltr'><strong>est</strong></span> <span class='ocrx_word' id='word_1_326' title='bbox 1637 2911 1802 2976; x_wconf 89' lang='lat' dir='ltr'><strong>enim,</strong></span> 
     </span>
    </p>
   </div>
   <div class='ocr_carea' id='block_1_46' title="bbox 225 2996 1806 3065">
    <p class='ocr_par' dir='ltr' id='par_1_46' title="bbox 225 2996 1806 3065">
     <span class='ocr_line' id='line_1_46' title="bbox 225 2996 1806 3065; baseline 0.006 -18"><span class='ocrx_word' id='word_1_327' title='bbox 225 3008 330 3058; x_wconf 83' lang='lat' dir='ltr'><strong>eos,</strong></span> <span class='ocrx_word' id='word_1_328' title='bbox 363 2996 460 3065; x_wconf 86' lang='lat' dir='ltr'><strong>qui</strong></span> <span class='ocrx_word' id='word_1_329' title='bbox 494 2997 652 3052; x_wconf 88' lang='lat' dir='ltr'><strong>mites</strong></span> <span class='ocrx_word' id='word_1_330' title='bbox 677 3007 802 3052; x_wconf 89' lang='lat' dir='ltr'><strong>sunt</strong></span> <span class='ocrx_word' id='word_1_331' title='bbox 839 2999 890 3052; x_wconf 92' lang='lat' dir='ltr'><strong>in</strong></span> <span class='ocrx_word' id='word_1_332' title='bbox 920 2999 1083 3062; x_wconf 89' lang='lat' dir='ltr'><strong>malo,</strong></span> <span class='ocrx_word' id='word_1_333' title='bbox 1110 2999 1210 3054; x_wconf 85' lang='lat' dir='ltr'><strong>hoc</strong></span> <span class='ocrx_word' id='word_1_334' title='bbox 1235 3006 1340 3062; x_wconf 89' lang='lat' dir='ltr'><strong>est,</strong></span> <span class='ocrx_word' id='word_1_335' title='bbox 1377 3009 1541 3056; x_wconf 78' lang='lat' dir='ltr'><strong>totius</strong></span> <span class='ocrx_word' id='word_1_336' title='bbox 1569 3001 1806 3058; x_wconf 87' lang='lat' dir='ltr'><strong>malitiae</strong></span> 
     </span>
    </p>
   </div>
   <div class='ocr_carea' id='block_1_47' title="bbox 1905 1813 3490 1888">
    <p class='ocr_par' dir='ltr' id='par_1_47' title="bbox 1905 1813 3490 1888">
     <span class='ocr_line' id='line_1_47' title="bbox 1905 1813 3490 1888; baseline 0.004 -23"><span class='ocrx_word' id='word_1_337' title='bbox 1905 1813 2025 1868; x_wconf 86' lang='lat' dir='ltr'><strong>liter</strong></span> <span class='ocrx_word' id='word_1_338' title='bbox 2045 1825 2218 1869; x_wconf 87' lang='lat' dir='ltr'><strong>castae</strong></span> <span class='ocrx_word' id='word_1_339' title='bbox 2237 1826 2285 1869; x_wconf 88' lang='lat' dir='ltr'><strong>et</strong></span> <span class='ocrx_word' id='word_1_340' title='bbox 2313 1817 2648 1886; x_wconf 86' lang='lat' dir='ltr'><strong>impassibilis</strong></span> <span class='ocrx_word' id='word_1_341' title='bbox 2672 1817 3139 1888; x_wconf 86' lang='lat' dir='ltr'><strong>contemplationis,</strong></span> <span class='ocrx_word' id='word_1_342' title='bbox 3167 1828 3216 1871; x_wconf 88' lang='lat' dir='ltr'><strong>et</strong></span> <span class='ocrx_word' id='word_1_343' title='bbox 3244 1819 3314 1870; x_wconf 85' lang='lat' dir='ltr'><strong>ad</strong></span> <span class='ocrx_word' id='word_1_344' title='bbox 3343 1818 3490 1872; x_wconf 84' lang='lat' dir='ltr'><strong>illam</strong></span> 
     </span>
    </p>
   </div>
   <div class='ocr_carea' id='block_1_48' title="bbox 1904 1909 3491 1977">
    <p class='ocr_par' dir='ltr' id='par_1_48' title="bbox 1904 1909 3491 1977">
     <span class='ocr_line' id='line_1_48' title="bbox 1904 1909 3491 1977; baseline 0.001 -17"><span class='ocrx_word' id='word_1_345' title='bbox 1904 1925 2089 1977; x_wconf 86' lang='lat' dir='ltr'><strong>puram</strong></span> <span class='ocrx_word' id='word_1_346' title='bbox 2126 1918 2172 1962; x_wconf 90' lang='lat' dir='ltr'><strong>et</strong></span> <span class='ocrx_word' id='word_1_347' title='bbox 2209 1910 2632 1964; x_wconf 86' lang='lat' dir='ltr'><strong>sublimissimam</strong></span> <span class='ocrx_word' id='word_1_348' title='bbox 2672 1910 2985 1976; x_wconf 83' lang='lat' dir='ltr'><strong>claritatem,</strong></span> <span class='ocrx_word' id='word_1_349' title='bbox 3025 1919 3072 1963; x_wconf 77' lang='lat' dir='ltr'><strong>et</strong></span> <span class='ocrx_word' id='word_1_350' title='bbox 3107 1909 3413 1963; x_wconf 77' lang='lat' dir='ltr'><strong>inuisibilem</strong></span> <span class='ocrx_word' id='word_1_351' title='bbox 3441 1918 3491 1964; x_wconf 77' lang='lat' dir='ltr'><strong>rt</strong></span> 
     </span>
    </p>
   </div>
   <div class='ocr_carea' id='block_1_49' title="bbox 1905 1997 3491 2066">
    <p class='ocr_par' dir='ltr' id='par_1_49' title="bbox 1905 1997 3491 2066">
     <span class='ocr_line' id='line_1_49' title="bbox 1905 1997 3491 2066; baseline 0.002 -16"><span class='ocrx_word' id='word_1_352' title='bbox 1905 1997 2180 2064; x_wconf 76' lang='lat' dir='ltr'><strong>formicam</strong></span> <span class='ocrx_word' id='word_1_353' title='bbox 2218 1999 2658 2066; x_wconf 84' lang='lat' dir='ltr'><strong>pulchritudinem</strong></span> <span class='ocrx_word' id='word_1_354' title='bbox 2699 2011 2939 2054; x_wconf 85' lang='lat' dir='ltr'><strong>aeternae</strong></span> <span class='ocrx_word' id='word_1_355' title='bbox 2977 2018 3088 2055; x_wconf 87' lang='lat' dir='ltr'><strong>vere</strong></span> <span class='ocrx_word' id='word_1_356' title='bbox 3135 2011 3181 2054; x_wconf 88' lang='lat' dir='ltr'><strong>et</strong></span> <span class='ocrx_word' id='word_1_357' title='bbox 3217 2000 3491 2053; x_wconf 79' lang='lat' dir='ltr'><strong>invisibilis</strong></span> 
     </span>
    </p>
   </div>
   <div class='ocr_carea' id='block_1_50' title="bbox 1903 2088 3490 2163">
    <p class='ocr_par' dir='ltr' id='par_1_50' title="bbox 1903 2088 3490 2163">
     <span class='ocr_line' id='line_1_50' title="bbox 1903 2088 3490 2163; baseline 0.003 -24"><span class='ocrx_word' id='word_1_358' title='bbox 1903 2088 2186 2141; x_wconf 81' lang='lat' dir='ltr'><strong>societatis.</strong></span> <span class='ocrx_word' id='word_1_359' title='bbox 2245 2089 2308 2142; x_wconf 75' lang='lat' dir='ltr'><strong>Et</strong></span> <span class='ocrx_word' id='word_1_360' title='bbox 2357 2093 2639 2158; x_wconf 79' lang='lat' dir='ltr'><strong>potentiam</strong></span> <span class='ocrx_word' id='word_1_361' title='bbox 2690 2092 2880 2161; x_wconf 78' lang='lat' dir='ltr'><strong>excipit</strong></span> <span class='ocrx_word' id='word_1_362' title='bbox 2925 2093 3132 2161; x_wconf 85' lang='lat' dir='ltr'><strong>quidem</strong></span> <span class='ocrx_word' id='word_1_363' title='bbox 3170 2091 3216 2124; x_wconf 83' lang='grc'><strong>⁸³</strong></span> <span class='ocrx_word' id='word_1_364' title='bbox 3256 2094 3310 2146; x_wconf 86' lang='lat' dir='ltr'><strong>in</strong></span> <span class='ocrx_word' id='word_1_365' title='bbox 3345 2092 3490 2163; x_wconf 64' lang='lat' dir='ltr'><strong>stt/[i—</strong></span> 
     </span>
    </p>
   </div>
   <div class='ocr_carea' id='block_1_51' title="bbox 1905 2175 3492 2254">
    <p class='ocr_par' dir='ltr' id='par_1_51' title="bbox 1905 2175 3492 2254">
     <span class='ocr_line' id='line_1_51' title="bbox 1905 2175 3492 2254; baseline 0.003 -26"><span class='ocrx_word' id='word_1_366' title='bbox 1905 2175 2058 2229; x_wconf 88' lang='lat' dir='ltr'><strong>cienti</strong></span> <span class='ocrx_word' id='word_1_367' title='bbox 2082 2177 2146 2242; x_wconf 63' lang='lat'><strong>3&quot;,</strong></span> <span class='ocrx_word' id='word_1_368' title='bbox 2175 2190 2222 2231; x_wconf 87' lang='lat' dir='ltr'><strong>et</strong></span> <span class='ocrx_word' id='word_1_369' title='bbox 2253 2180 2652 2241; x_wconf 80' lang='lat' dir='ltr'><strong>inconversibili,</strong></span> <span class='ocrx_word' id='word_1_370' title='bbox 2684 2193 2729 2234; x_wconf 88' lang='lat' dir='ltr'><strong>et</strong></span> <span class='ocrx_word' id='word_1_371' title='bbox 2759 2199 2790 2233; x_wconf 90' lang='lat' dir='ltr'><strong>a</strong></span> <span class='ocrx_word' id='word_1_372' title='bbox 2819 2181 2962 2234; x_wconf 86' lang='lat' dir='ltr'><strong>nullo</strong></span> <span class='ocrx_word' id='word_1_373' title='bbox 2997 2182 3154 2254; x_wconf 70' lang='lat' dir='ltr'><strong>afﬂigi</strong></span> <span class='ocrx_word' id='word_1_374' title='bbox 3179 2183 3376 2236; x_wconf 85' lang='lat' dir='ltr'><strong>valente</strong></span> <span class='ocrx_word' id='word_1_375' title='bbox 3400 2198 3492 2251; x_wconf 66' lang='lat' dir='ltr'><strong>per</strong></span> 
     </span>
    </p>
   </div>
   <div class='ocr_carea' id='block_1_52' title="bbox 1906 2267 3490 2340">
    <p class='ocr_par' dir='ltr' id='par_1_52' title="bbox 1906 2267 3490 2340">
     <span class='ocr_line' id='line_1_52' title="bbox 1906 2267 3490 2340; baseline 0.001 -20"><span class='ocrx_word' id='word_1_376' title='bbox 1906 2267 2236 2335; x_wconf 78' lang='lat' dir='ltr'><strong>inconfusam</strong></span> <span class='ocrx_word' id='word_1_377' title='bbox 2289 2279 2336 2322; x_wconf 89' lang='lat' dir='ltr'><strong>et</strong></span> <span class='ocrx_word' id='word_1_378' title='bbox 2403 2270 2776 2323; x_wconf 84' lang='lat' dir='ltr'><strong>immutabilem</strong></span> <span class='ocrx_word' id='word_1_379' title='bbox 2826 2273 3034 2326; x_wconf 85' lang='lat' dir='ltr'><strong>divinae</strong></span> <span class='ocrx_word' id='word_1_380' title='bbox 3085 2272 3490 2340; x_wconf 75' lang='lat' dir='ltr'><strong>pulchritudinis</strong></span> 
     </span>
    </p>
   </div>
   <div class='ocr_carea' id='block_1_53' title="bbox 1906 2361 3491 2431">
    <p class='ocr_par' dir='ltr' id='par_1_53' title="bbox 1906 2361 3491 2431">
     <span class='ocr_line' id='line_1_53' title="bbox 1906 2361 3491 2431; baseline 0.003 -22"><span class='ocrx_word' id='word_1_381' title='bbox 1906 2373 2135 2412; x_wconf 86' lang='lat' dir='ltr'><strong>amorem</strong></span> <span class='ocrx_word' id='word_1_382' title='bbox 2189 2369 2236 2412; x_wconf 91' lang='lat' dir='ltr'><strong>et</strong></span> <span class='ocrx_word' id='word_1_383' title='bbox 2289 2361 2630 2414; x_wconf 75' lang='lat' dir='ltr'><strong>uniuersalem</strong></span> <span class='ocrx_word' id='word_1_384' title='bbox 2685 2364 3058 2415; x_wconf 81' lang='lat' dir='ltr'><strong>revocationem</strong></span> <span class='ocrx_word' id='word_1_385' title='bbox 3104 2365 3156 2414; x_wconf 89' lang='lat' dir='ltr'><strong>in</strong></span> <span class='ocrx_word' id='word_1_386' title='bbox 3212 2363 3300 2426; x_wconf 90' lang='lat' dir='ltr'><strong>id,</strong></span> <span class='ocrx_word' id='word_1_387' title='bbox 3351 2363 3491 2431; x_wconf 87' lang='lat' dir='ltr'><strong>qucd</strong></span> 
     </span>
    </p>
   </div>
   <div class='ocr_carea' id='block_1_54' title="bbox 1905 2451 3491 2520">
    <p class='ocr_par' dir='ltr' id='par_1_54' title="bbox 1905 2451 3491 2520">
     <span class='ocr_line' id='line_1_54' title="bbox 1905 2451 3491 2520; baseline 0.001 -19"><span class='ocrx_word' id='word_1_388' title='bbox 1905 2463 2021 2501; x_wconf 79' lang='lat' dir='ltr'><strong>uere</strong></span> <span class='ocrx_word' id='word_1_389' title='bbox 2048 2458 2121 2502; x_wconf 88' lang='lat' dir='ltr'><strong>est</strong></span> <span class='ocrx_word' id='word_1_390' title='bbox 2147 2451 2505 2520; x_wconf 86' lang='lat' dir='ltr'><strong>appetendum.</strong></span> <span class='ocrx_word' id='word_1_391' title='bbox 2538 2451 2672 2504; x_wconf 90' lang='lat' dir='ltr'><strong>Dum</strong></span> <span class='ocrx_word' id='word_1_392' title='bbox 2706 2467 2853 2514; x_wconf 88' lang='lat' dir='ltr'><strong>vero,</strong></span> <span class='ocrx_word' id='word_1_393' title='bbox 2891 2453 3095 2520; x_wconf 86' lang='lat' dir='ltr'><strong>inquit,</strong></span> <span class='ocrx_word' id='word_1_394' title='bbox 3132 2453 3178 2483; x_wconf 80' lang='grc'>³⁵</span> <span class='ocrx_word' id='word_1_395' title='bbox 3205 2452 3491 2507; x_wconf 72' lang='lat' dir='ltr'><strong>dissuuilos</strong></span> 
     </span>
    </p>
   </div>
   <div class='ocr_carea' id='block_1_55' title="bbox 1907 2539 3494 2612">
    <p class='ocr_par' dir='ltr' id='par_1_55' title="bbox 1907 2539 3494 2612">
     <span class='ocr_line' id='line_1_55' title="bbox 1907 2539 3494 2612; baseline 0.001 -18"><span class='ocrx_word' id='word_1_396' title='bbox 1907 2539 2288 2595; x_wconf 82' lang='lat' dir='ltr'><strong>similitudines</strong></span> <span class='ocrx_word' id='word_1_397' title='bbox 2316 2556 2382 2596; x_wconf 80' lang='lat' dir='ltr'><strong>ex</strong></span> <span class='ocrx_word' id='word_1_398' title='bbox 2422 2541 2781 2595; x_wconf 86' lang='lat' dir='ltr'><strong>materialium</strong></span> <span class='ocrx_word' id='word_1_399' title='bbox 2827 2558 3005 2596; x_wconf 89' lang='lat' dir='ltr'><strong>rerum</strong></span> <span class='ocrx_word' id='word_1_400' title='bbox 3046 2544 3359 2612; x_wconf 88' lang='lat' dir='ltr'><strong>rationeque</strong></span> <span class='ocrx_word' id='word_1_401' title='bbox 3403 2559 3494 2596; x_wconf 81' lang='lat' dir='ltr'><strong>ca-</strong></span> 
     </span>
    </p>
   </div>
   <div class='ocr_carea' id='block_1_56' title="bbox 1909 2629 3491 2695">
    <p class='ocr_par' dir='ltr' id='par_1_56' title="bbox 1909 2629 3491 2695">
     <span class='ocr_line' id='line_1_56' title="bbox 1909 2629 3491 2695; baseline 0.001 -13"><span class='ocrx_word' id='word_1_402' title='bbox 1909 2629 2141 2683; x_wconf 87' lang='lat' dir='ltr'><strong>rentium</strong></span> <span class='ocrx_word' id='word_1_403' title='bbox 2171 2629 2217 2660; x_wconf 85' lang='grc'>³⁶</span> <span class='ocrx_word' id='word_1_404' title='bbox 2245 2630 2578 2686; x_wconf 88' lang='lat' dir='ltr'><strong>naturalibus</strong></span> <span class='ocrx_word' id='word_1_405' title='bbox 2605 2629 2650 2663; x_wconf 71' lang='grc' dir='ltr'>π</span> <span class='ocrx_word' id='word_1_406' title='bbox 2683 2631 2828 2686; x_wconf 89' lang='lat' dir='ltr'><strong>circa</strong></span> <span class='ocrx_word' id='word_1_407' title='bbox 2870 2631 3255 2687; x_wconf 89' lang='lat' dir='ltr'><strong>intellectuales</strong></span> <span class='ocrx_word' id='word_1_408' title='bbox 3274 2672 3288 2695; x_wconf 95' lang='lat'><strong>,</strong></span> <span class='ocrx_word' id='word_1_409' title='bbox 3327 2629 3491 2687; x_wconf 75' lang='lat' dir='ltr'><strong>veluti</strong></span> 
     </span>
    </p>
   </div>
   <div class='ocr_carea' id='block_1_57' title="bbox 1907 2723 3494 2794">
    <p class='ocr_par' dir='ltr' id='par_1_57' title="bbox 1907 2723 3494 2794">
     <span class='ocr_line' id='line_1_57' title="bbox 1907 2723 3494 2794; baseline 0.005 -21"><span class='ocrx_word' id='word_1_410' title='bbox 1907 2723 2169 2790; x_wconf 89' lang='lat' dir='ltr'><strong>quaedam</strong></span> <span class='ocrx_word' id='word_1_411' title='bbox 2215 2724 2566 2790; x_wconf 88' lang='lat' dir='ltr'><strong>vestimenta,</strong></span> <span class='ocrx_word' id='word_1_412' title='bbox 2617 2726 2868 2794; x_wconf 91' lang='lat' dir='ltr'><strong>ponimus</strong></span> <span class='ocrx_word' id='word_1_413' title='bbox 2903 2725 3158 2786; x_wconf 85' lang='lat' dir='ltr'><strong>virtutes,</strong></span> <span class='ocrx_word' id='word_1_414' title='bbox 3203 2737 3258 2779; x_wconf 91' lang='lat' dir='ltr'><strong>et</strong></span> <span class='ocrx_word' id='word_1_415' title='bbox 3294 2740 3494 2781; x_wconf 85' lang='lat' dir='ltr'><strong>coner.-</strong></span> 
     </span>
    </p>
   </div>
   <div class='ocr_carea' id='block_1_58' title="bbox 1907 2811 3490 2880">
    <p class='ocr_par' dir='ltr' id='par_1_58' title="bbox 1907 2811 3490 2880">
     <span class='ocr_line' id='line_1_58' title="bbox 1907 2811 3490 2880; baseline 0.003 -16"><span class='ocrx_word' id='word_1_416' title='bbox 1907 2811 2223 2880; x_wconf 90' lang='lat' dir='ltr'><strong>piscentiam</strong></span> <span class='ocrx_word' id='word_1_417' title='bbox 2250 2814 2329 2868; x_wconf 93' lang='lat' dir='ltr'><strong>eis</strong></span> <span class='ocrx_word' id='word_1_418' title='bbox 2362 2816 2884 2880; x_wconf 77' lang='lat' dir='ltr'><strong>circumformamus,</strong></span> <span class='ocrx_word' id='word_1_419' title='bbox 2924 2831 3030 2872; x_wconf 91' lang='lat' dir='ltr'><strong>non</strong></span> <span class='ocrx_word' id='word_1_420' title='bbox 3068 2815 3490 2869; x_wconf 86' lang='lat' dir='ltr'><strong>irrationabtlem</strong></span> 
     </span>
    </p>
   </div>
   <div class='ocr_carea' id='block_1_59' title="bbox 1907 2905 3489 2975">
    <p class='ocr_par' dir='ltr' id='par_1_59' title="bbox 1907 2905 3489 2975">
     <span class='ocr_line' id='line_1_59' title="bbox 1907 2905 3489 2975; baseline 0.003 -23"><span class='ocrx_word' id='word_1_421' title='bbox 1907 2909 2144 2967; x_wconf 87' lang='lat' dir='ltr'><strong>motum,</strong></span> <span class='ocrx_word' id='word_1_422' title='bbox 2191 2905 2284 2958; x_wconf 90' lang='lat' dir='ltr'><strong>sed</strong></span> <span class='ocrx_word' id='word_1_423' title='bbox 2321 2919 2559 2958; x_wconf 89' lang='lat' dir='ltr'><strong>amorem</strong></span> <span class='ocrx_word' id='word_1_424' title='bbox 2605 2906 2841 2960; x_wconf 86' lang='lat' dir='ltr'><strong>divinum</strong></span> <span class='ocrx_word' id='word_1_425' title='bbox 2884 2921 2981 2974; x_wconf 89' lang='lat' dir='ltr'><strong>per</strong></span> <span class='ocrx_word' id='word_1_426' title='bbox 3027 2907 3196 2974; x_wconf 87' lang='lat' dir='ltr'><strong>ipsam</strong></span> <span class='ocrx_word' id='word_1_427' title='bbox 3233 2908 3489 2975; x_wconf 80' lang='lat' dir='ltr'><strong>concupi-</strong></span> 
     </span>
    </p>
   </div>
   <div class='ocr_carea' id='block_1_60' title="bbox 1908 2993 3493 3064">
    <p class='ocr_par' dir='ltr' id='par_1_60' title="bbox 1908 2993 3493 3064">
     <span class='ocr_line' id='line_1_60' title="bbox 1908 2993 3493 3064; baseline 0.001 -18"><span class='ocrx_word' id='word_1_428' title='bbox 1908 2993 2168 3046; x_wconf 88' lang='lat' dir='ltr'><strong>scentiam</strong></span> <span class='ocrx_word' id='word_1_429' title='bbox 2217 2993 2511 3064; x_wconf 78' lang='lat' dir='ltr'><strong>intelligere</strong></span> <span class='ocrx_word' id='word_1_430' title='bbox 2551 2995 2824 3050; x_wconf 88' lang='lat' dir='ltr'><strong>debemus.</strong></span> <span class='ocrx_word' id='word_1_431' title='bbox 2873 2997 3009 3062; x_wconf 85' lang='lat' dir='ltr'><strong>Quid</strong></span> <span class='ocrx_word' id='word_1_432' title='bbox 3055 2995 3268 3048; x_wconf 82' lang='lat' dir='ltr'><strong>divinus</strong></span> <span class='ocrx_word' id='word_1_433' title='bbox 3300 2998 3493 3048; x_wconf 81' lang='lat' dir='ltr'><strong>amor?</strong></span> 
     </span>
    </p>
   </div>
   <div class='ocr_carea' id='block_1_61' title="bbox 225 3080 3488 3156">
    <p class='ocr_par' dir='ltr' id='par_1_61' title="bbox 225 3080 3488 3156">
     <span class='ocr_line' id='line_1_61' title="bbox 225 3080 3488 3156; baseline 0.003 -27"><span class='ocrx_word' id='word_1_434' title='bbox 225 3097 498 3156; x_wconf 62' lang='lat' dir='ltr'><strong>expertes,</strong></span> <span class='ocrx_word' id='word_1_435' title='bbox 541 3087 778 3144; x_wconf 63' lang='lat' dir='ltr'><strong>immites</strong></span> <span class='ocrx_word' id='word_1_436' title='bbox 807 3088 922 3144; x_wconf 67' lang='lat' dir='ltr'><strong>ﬁeri</strong></span> <span class='ocrx_word' id='word_1_437' title='bbox 961 3091 1015 3145; x_wconf 70' lang='lat' dir='ltr'><strong>in</strong></span> <span class='ocrx_word' id='word_1_438' title='bbox 1055 3091 1214 3154; x_wconf 67' lang='lat' dir='ltr'><strong>bono,</strong></span> <span class='ocrx_word' id='word_1_439' title='bbox 1261 3090 1317 3147; x_wconf 72' lang='lat' dir='ltr'><strong>in</strong></span> <span class='ocrx_word' id='word_1_440' title='bbox 1357 3092 1618 3148; x_wconf 65' lang='lat' dir='ltr'><strong>bonarum</strong></span> <span class='ocrx_word' id='word_1_441' title='bbox 1660 3095 1806 3152; x_wconf 65' lang='lat' dir='ltr'><strong>vide.</strong></span> <span class='ocrx_word' id='word_1_442' title='bbox 1835 3091 1880 3156; x_wconf 73' lang='grc' dir='ltr'><em>ς</em></span> <span class='ocrx_word' id='word_1_443' title='bbox 1911 3081 2004 3135; x_wconf 87' lang='lat' dir='ltr'><strong>Est</strong></span> <span class='ocrx_word' id='word_1_444' title='bbox 2031 3080 2310 3137; x_wconf 74' lang='lat' dir='ltr'><strong>laudabilis</strong></span> <span class='ocrx_word' id='word_1_445' title='bbox 2329 3084 2762 3153; x_wconf 86' lang='lat' dir='ltr'><strong>concupiscentia</strong></span> <span class='ocrx_word' id='word_1_446' title='bbox 2789 3086 2955 3154; x_wconf 88' lang='lat' dir='ltr'><strong>ipsius</strong></span> <span class='ocrx_word' id='word_1_447' title='bbox 2993 3085 3488 3147; x_wconf 81' lang='lat' dir='ltr'><strong>immaterialitatis,</strong></span> 
     </span>
    </p>
   </div>
   <div class='ocr_carea' id='block_1_62' title="bbox 225 3171 1810 3251">
    <p class='ocr_par' dir='ltr' id='par_1_62' title="bbox 225 3171 1810 3251">
     <span class='ocr_line' id='line_1_62' title="bbox 225 3171 1810 3251; baseline 0.009 -25"><span class='ocrx_word' id='word_1_448' title='bbox 225 3171 347 3228; x_wconf 88' lang='lat' dir='ltr'><strong>licet</strong></span> <span class='ocrx_word' id='word_1_449' title='bbox 373 3176 633 3230; x_wconf 86' lang='lat' dir='ltr'><strong>virtutum</strong></span> <span class='ocrx_word' id='word_1_450' title='bbox 655 3177 700 3208; x_wconf 78' lang='lat'><strong><em>”</em></strong></span> <span class='ocrx_word' id='word_1_451' title='bbox 723 3193 912 3232; x_wconf 89' lang='lat' dir='ltr'><strong>severa</strong></span> <span class='ocrx_word' id='word_1_452' title='bbox 940 3178 1286 3251; x_wconf 87' lang='lat' dir='ltr'><strong>diligentique</strong></span> <span class='ocrx_word' id='word_1_453' title='bbox 1311 3183 1574 3246; x_wconf 88' lang='lat' dir='ltr'><strong>custodia,</strong></span> <span class='ocrx_word' id='word_1_454' title='bbox 1597 3199 1810 3240; x_wconf 89' lang='lat' dir='ltr'><strong>earum-</strong></span> 
     </span>
    </p>
   </div>
   <div class='ocr_carea' id='block_1_63' title="bbox 226 3266 1806 3336">
    <p class='ocr_par' dir='ltr' id='par_1_63' title="bbox 226 3266 1806 3336">
     <span class='ocr_line' id='line_1_63' title="bbox 226 3266 1806 3336; baseline 0.011 -20"><span class='ocrx_word' id='word_1_455' title='bbox 226 3278 327 3330; x_wconf 88' lang='lat' dir='ltr'><strong>que</strong></span> <span class='ocrx_word' id='word_1_456' title='bbox 352 3266 476 3320; x_wconf 75' lang='lat' dir='ltr'><strong>selo</strong></span> <span class='ocrx_word' id='word_1_457' title='bbox 506 3267 757 3322; x_wconf 87' lang='lat' dir='ltr'><strong>laudabili</strong></span> <span class='ocrx_word' id='word_1_458' title='bbox 803 3268 880 3322; x_wconf 89' lang='lat' dir='ltr'><strong>ira</strong></span> <span class='ocrx_word' id='word_1_459' title='bbox 911 3279 1230 3336; x_wconf 90' lang='lat' dir='ltr'><strong>commotos,</strong></span> <span class='ocrx_word' id='word_1_460' title='bbox 1271 3273 1530 3330; x_wconf 86' lang='lat' dir='ltr'><strong>adversus</strong></span> <span class='ocrx_word' id='word_1_461' title='bbox 1555 3276 1595 3307; x_wconf 79' lang='lat'>&quot;</span> <span class='ocrx_word' id='word_1_462' title='bbox 1629 3278 1806 3332; x_wconf 91' lang='lat' dir='ltr'><strong>omnia</strong></span> 
     </span>
    </p>
   </div>
   <div class='ocr_carea' id='block_1_64' title="bbox 227 3355 1811 3436">
    <p class='ocr_par' dir='ltr' id='par_1_64' title="bbox 227 3355 1811 3436">
     <span class='ocr_line' id='line_1_64' title="bbox 227 3355 1811 3436; baseline 0.006 -26"><span class='ocrx_word' id='word_1_463' title='bbox 227 3355 352 3411; x_wconf 71' lang='lat' dir='ltr'><strong>vitia</strong></span> <span class='ocrx_word' id='word_1_464' title='bbox 380 3360 430 3389; x_wconf 79' lang='lat'><strong>”</strong></span> <span class='ocrx_word' id='word_1_465' title='bbox 467 3373 704 3429; x_wconf 86' lang='lat' dir='ltr'><strong>pugnare</strong></span> <span class='ocrx_word' id='word_1_466' title='bbox 732 3375 838 3415; x_wconf 89' lang='lat' dir='ltr'><strong>non</strong></span> <span class='ocrx_word' id='word_1_467' title='bbox 869 3361 1195 3426; x_wconf 88' lang='lat' dir='ltr'><strong>desinentes,</strong></span> <span class='ocrx_word' id='word_1_468' title='bbox 1229 3363 1276 3394; x_wconf 80' lang='grc'><strong><em>⁸³</em></strong></span> <span class='ocrx_word' id='word_1_469' title='bbox 1310 3364 1561 3434; x_wconf 74' lang='lat' dir='ltr'><strong>vigilique</strong></span> <span class='ocrx_word' id='word_1_470' title='bbox 1595 3381 1811 3436; x_wconf 89' lang='lat' dir='ltr'><strong>semper</strong></span> 
     </span>
    </p>
   </div>
   <div class='ocr_carea' id='block_1_65' title="bbox 225 3446 1804 3522">
    <p class='ocr_par' dir='ltr' id='par_1_65' title="bbox 225 3446 1804 3522">
     <span class='ocr_line' id='line_1_65' title="bbox 225 3446 1804 3522; baseline 0.007 -22"><span class='ocrx_word' id='word_1_471' title='bbox 225 3446 424 3513; x_wconf 75' lang='lat' dir='ltr'><strong>animo,</strong></span> <span class='ocrx_word' id='word_1_472' title='bbox 475 3463 545 3503; x_wconf 91' lang='lat' dir='ltr'><strong>ne</strong></span> <span class='ocrx_word' id='word_1_473' title='bbox 591 3448 772 3518; x_wconf 89' lang='lat' dir='ltr'><strong>aliquo</strong></span> <span class='ocrx_word' id='word_1_474' title='bbox 819 3451 1190 3520; x_wconf 86' lang='lat' dir='ltr'><strong>praevaleant,</strong></span> <span class='ocrx_word' id='word_1_475' title='bbox 1239 3453 1292 3506; x_wconf 92' lang='lat' dir='ltr'><strong>in</strong></span> <span class='ocrx_word' id='word_1_476' title='bbox 1340 3469 1472 3522; x_wconf 87' lang='lat' dir='ltr'><strong>pace</strong></span> <span class='ocrx_word' id='word_1_477' title='bbox 1513 3455 1804 3521; x_wconf 87' lang='lat' dir='ltr'><strong>virtutum,</strong></span> 
     </span>
    </p>
   </div>
   <div class='ocr_carea' id='block_1_66' title="bbox 225 3539 1809 3613">
    <p class='ocr_par' dir='ltr' id='par_1_66' title="bbox 225 3539 1809 3613">
     <span class='ocr_line' id='line_1_66' title="bbox 225 3539 1809 3613; baseline 0.006 -22"><span class='ocrx_word' id='word_1_478' title='bbox 225 3552 358 3604; x_wconf 86' lang='lat' dir='ltr'><strong>quas</strong></span> <span class='ocrx_word' id='word_1_479' title='bbox 409 3539 754 3604; x_wconf 89' lang='lat' dir='ltr'><strong>custodiunt,</strong></span> <span class='ocrx_word' id='word_1_480' title='bbox 801 3540 1164 3610; x_wconf 87' lang='lat' dir='ltr'><strong>quiescentes.</strong></span> <span class='ocrx_word' id='word_1_481' title='bbox 1224 3542 1358 3597; x_wconf 79' lang='lat' dir='ltr'><strong>Hinc</strong></span> <span class='ocrx_word' id='word_1_482' title='bbox 1406 3546 1682 3613; x_wconf 81' lang='lat' dir='ltr'><strong>apostolus</strong></span> <span class='ocrx_word' id='word_1_483' title='bbox 1729 3548 1809 3601; x_wconf 80' lang='lat' dir='ltr'><strong>tli-</strong></span> 
     </span>
    </p>
   </div>
   <div class='ocr_carea' id='block_1_67' title="bbox 229 3629 1808 3702">
    <p class='ocr_par' dir='ltr' id='par_1_67' title="bbox 229 3629 1808 3702">
     <span class='ocr_line' id='line_1_67' title="bbox 229 3629 1808 3702; baseline 0.006 -22"><span class='ocrx_word' id='word_1_484' title='bbox 229 3629 297 3682; x_wconf 86' lang='lat' dir='ltr'><strong>cit</strong></span> <span class='ocrx_word' id='word_1_485' title='bbox 331 3629 422 3682; x_wconf 70' lang='lat' dir='ltr'><strong>&quot;z</strong></span> <span class='ocrx_word' id='word_1_486' title='bbox 461 3649 480 3679; x_wconf 78' lang='lat' dir='ltr'><strong>s</strong></span> <span class='ocrx_word' id='word_1_487' title='bbox 517 3630 816 3685; x_wconf 87' lang='lat' dir='ltr'><strong>lrascimini</strong></span> <span class='ocrx_word' id='word_1_488' title='bbox 855 3640 910 3684; x_wconf 90' lang='lat' dir='ltr'><strong>et</strong></span> <span class='ocrx_word' id='word_1_489' title='bbox 948 3631 1113 3687; x_wconf 90' lang='lat' dir='ltr'><strong>nolite</strong></span> <span class='ocrx_word' id='word_1_490' title='bbox 1146 3647 1427 3702; x_wconf 67' lang='lat' dir='ltr'><strong>peccaret.</strong></span> <span class='ocrx_word' id='word_1_491' title='bbox 1467 3634 1533 3688; x_wconf 86' lang='lat' dir='ltr'><strong>Et</strong></span> <span class='ocrx_word' id='word_1_492' title='bbox 1571 3635 1696 3690; x_wconf 91' lang='lat' dir='ltr'><strong>alibi</strong></span> <span class='ocrx_word' id='word_1_493' title='bbox 1740 3636 1808 3690; x_wconf 91' lang='lat' dir='ltr'><strong>de</strong></span> 
     </span>
    </p>
   </div>
   <div class='ocr_carea' id='block_1_68' title="bbox 229 3719 1807 3793">
    <p class='ocr_par' dir='ltr' id='par_1_68' title="bbox 229 3719 1807 3793">
     <span class='ocr_line' id='line_1_68' title="bbox 229 3719 1807 3793; baseline 0.006 -23"><span class='ocrx_word' id='word_1_494' title='bbox 229 3719 405 3773; x_wconf 77' lang='lat' dir='ltr'><strong>lurore</strong></span> <span class='ocrx_word' id='word_1_495' title='bbox 442 3720 710 3788; x_wconf 87' lang='lat' dir='ltr'><strong>spirituali</strong></span> <span class='ocrx_word' id='word_1_496' title='bbox 753 3729 916 3790; x_wconf 88' lang='lat' dir='ltr'><strong>atque</strong></span> <span class='ocrx_word' id='word_1_497' title='bbox 952 3721 1203 3792; x_wconf 88' lang='lat' dir='ltr'><strong>superbia</strong></span> <span class='ocrx_word' id='word_1_498' title='bbox 1236 3723 1282 3754; x_wconf 83' lang='grc'><strong>³⁸</strong></span> <span class='ocrx_word' id='word_1_499' title='bbox 1312 3723 1562 3777; x_wconf 87' lang='lat' dir='ltr'><strong>laudabili</strong></span> <span class='ocrx_word' id='word_1_500' title='bbox 1601 3727 1807 3793; x_wconf 87' lang='lat' dir='ltr'><strong>praeci-</strong></span> 
     </span>
    </p>
   </div>
   <div class='ocr_carea' id='block_1_69' title="bbox 232 3810 1808 3884">
    <p class='ocr_par' dir='ltr' id='par_1_69' title="bbox 232 3810 1808 3884">
     <span class='ocr_line' id='line_1_69' title="bbox 232 3810 1808 3884; baseline 0.006 -24"><span class='ocrx_word' id='word_1_501' title='bbox 232 3810 350 3876; x_wconf 89' lang='lat' dir='ltr'><strong>pit:</strong></span> <span class='ocrx_word' id='word_1_502' title='bbox 389 3833 408 3859; x_wconf 71' lang='grc' dir='ltr'>ι</span> <span class='ocrx_word' id='word_1_503' title='bbox 446 3810 598 3878; x_wconf 84' lang='lat' dir='ltr'><strong>Quae</strong></span> <span class='ocrx_word' id='word_1_504' title='bbox 644 3826 859 3866; x_wconf 88' lang='lat' dir='ltr'><strong>sursum</strong></span> <span class='ocrx_word' id='word_1_505' title='bbox 909 3821 1037 3867; x_wconf 87' lang='lat' dir='ltr'><strong>sunt</strong></span> <span class='ocrx_word' id='word_1_506' title='bbox 1083 3814 1275 3882; x_wconf 90' lang='lat' dir='ltr'><strong>sapite,</strong></span> <span class='ocrx_word' id='word_1_507' title='bbox 1307 3828 1413 3867; x_wconf 92' lang='lat' dir='ltr'><strong>non</strong></span> <span class='ocrx_word' id='word_1_508' title='bbox 1459 3829 1599 3882; x_wconf 89' lang='lat' dir='ltr'><strong>quae</strong></span> <span class='ocrx_word' id='word_1_509' title='bbox 1646 3830 1808 3884; x_wconf 88' lang='lat' dir='ltr'><strong>super</strong></span> 
     </span>
    </p>
   </div>
   <div class='ocr_carea' id='block_1_70' title="bbox 231 3901 1807 3976">
    <p class='ocr_par' dir='ltr' id='par_1_70' title="bbox 231 3901 1807 3976">
     <span class='ocr_line' id='line_1_70' title="bbox 231 3901 1807 3976; baseline 0.006 -23"><span class='ocrx_word' id='word_1_510' title='bbox 231 3911 422 3956; x_wconf 85' lang='lat' dir='ltr'><strong>terram</strong></span> <span class='ocrx_word' id='word_1_511' title='bbox 461 3923 504 3956; x_wconf 73' lang='grc' dir='ltr'><strong>ι.</strong></span> <span class='ocrx_word' id='word_1_512' title='bbox 549 3901 809 3972; x_wconf 86' lang='lat' dir='ltr'><strong>Sequitur</strong></span> <span class='ocrx_word' id='word_1_513' title='bbox 848 3922 862 3957; x_wconf 88' lang='lat'><strong>:</strong></span> <span class='ocrx_word' id='word_1_514' title='bbox 905 3904 1101 3958; x_wconf 84' lang='lat' dir='ltr'><strong>Eodem</strong></span> <span class='ocrx_word' id='word_1_515' title='bbox 1140 3908 1292 3959; x_wconf 89' lang='lat' dir='ltr'><strong>modo</strong></span> <span class='ocrx_word' id='word_1_516' title='bbox 1336 3909 1807 3976; x_wconf 81' lang='lat' dir='ltr'><strong>concupiscentiam</strong></span> 
     </span>
    </p>
   </div>
   <div class='ocr_carea' id='block_1_71' title="bbox 227 3993 1806 4060">
    <p class='ocr_par' dir='ltr' id='par_1_71' title="bbox 227 3993 1806 4060">
     <span class='ocr_line' id='line_1_71' title="bbox 227 3993 1806 4060; baseline 0.006 -17"><span class='ocrx_word' id='word_1_517' title='bbox 227 3993 428 4060; x_wconf 77' lang='lat' dir='ltr'><strong>quidem</strong></span> <span class='ocrx_word' id='word_1_518' title='bbox 466 4010 577 4048; x_wconf 88' lang='lat' dir='ltr'><strong>esse</strong></span> <span class='ocrx_word' id='word_1_519' title='bbox 613 3994 839 4049; x_wconf 88' lang='lat' dir='ltr'><strong>dicimus</strong></span> <span class='ocrx_word' id='word_1_520' title='bbox 869 3997 924 4048; x_wconf 87' lang='lat' dir='ltr'><strong>in</strong></span> <span class='ocrx_word' id='word_1_521' title='bbox 967 3996 1416 4051; x_wconf 86' lang='lat' dir='ltr'><strong>irrationabilibus</strong></span> <span class='ocrx_word' id='word_1_522' title='bbox 1457 3999 1806 4052; x_wconf 86' lang='lat' dir='ltr'><strong>inconsultam</strong></span> 
     </span>
    </p>
   </div>
   <div class='ocr_carea' id='block_1_72' title="bbox 224 4085 1808 4153">
    <p class='ocr_par' dir='ltr' id='par_1_72' title="bbox 224 4085 1808 4153">
     <span class='ocr_line' id='line_1_72' title="bbox 224 4085 1808 4153; baseline 0.006 -18"><span class='ocrx_word' id='word_1_523' title='bbox 224 4085 488 4153; x_wconf 74' lang='lat' dir='ltr'><strong>quandam</strong></span> <span class='ocrx_word' id='word_1_524' title='bbox 527 4095 576 4138; x_wconf 86' lang='lat' dir='ltr'><strong>et</strong></span> <span class='ocrx_word' id='word_1_525' title='bbox 620 4085 946 4139; x_wconf 85' lang='lat' dir='ltr'><strong>materialem</strong></span> <span class='ocrx_word' id='word_1_526' title='bbox 987 4103 1050 4140; x_wconf 81' lang='lat' dir='ltr'><strong>ea:</strong></span> <span class='ocrx_word' id='word_1_527' title='bbox 1092 4088 1324 4141; x_wconf 87' lang='lat' dir='ltr'><strong>naturali</strong></span> <span class='ocrx_word' id='word_1_528' title='bbox 1364 4099 1509 4143; x_wconf 88' lang='lat' dir='ltr'><strong>motu</strong></span> <span class='ocrx_word' id='word_1_529' title='bbox 1555 4099 1646 4144; x_wconf 88' lang='lat' dir='ltr'><strong>aut</strong></span> <span class='ocrx_word' id='word_1_530' title='bbox 1685 4107 1808 4144; x_wconf 85' lang='lat' dir='ltr'><strong>con-</strong></span> 
     </span>
    </p>
   </div>
   <div class='ocr_carea' id='block_1_73' title="bbox 225 4176 1804 4250">
    <p class='ocr_par' dir='ltr' id='par_1_73' title="bbox 225 4176 1804 4250">
     <span class='ocr_line' id='line_1_73' title="bbox 225 4176 1804 4250; baseline 0.004 -22"><span class='ocrx_word' id='word_1_531' title='bbox 225 4177 493 4230; x_wconf 72' lang='lat' dir='ltr'><strong>suetudine</strong></span> <span class='ocrx_word' id='word_1_532' title='bbox 519 4178 576 4229; x_wconf 85' lang='lat' dir='ltr'><strong>in</strong></span> <span class='ocrx_word' id='word_1_533' title='bbox 609 4177 946 4230; x_wconf 81' lang='lat' dir='ltr'><strong>mutabilibus</strong></span> <span class='ocrx_word' id='word_1_534' title='bbox 973 4176 1018 4208; x_wconf 78' lang='grc'><strong>⁸⁸</strong></span> <span class='ocrx_word' id='word_1_535' title='bbox 1045 4179 1423 4233; x_wconf 80' lang='lat' dir='ltr'><strong>incontinenter</strong></span> <span class='ocrx_word' id='word_1_536' title='bbox 1445 4181 1728 4250; x_wconf 86' lang='lat' dir='ltr'><strong>ingenitam</strong></span> <span class='ocrx_word' id='word_1_537' title='bbox 1761 4183 1804 4214; x_wconf 84' lang='lat'><strong>&quot;&#39;</strong></span> 
     </span>
    </p>
   </div>
   <div class='ocr_carea' id='block_1_74' title="bbox 225 4265 1802 4340">
    <p class='ocr_par' dir='ltr' id='par_1_74' title="bbox 225 4265 1802 4340">
     <span class='ocr_line' id='line_1_74' title="bbox 225 4265 1802 4340; baseline 0.006 -24"><span class='ocrx_word' id='word_1_538' title='bbox 225 4265 651 4331; x_wconf 71' lang='lat' dir='ltr'><strong>possibilitatem,</strong></span> <span class='ocrx_word' id='word_1_539' title='bbox 696 4276 745 4320; x_wconf 88' lang='lat' dir='ltr'><strong>et</strong></span> <span class='ocrx_word' id='word_1_540' title='bbox 785 4267 1195 4321; x_wconf 85' lang='lat' dir='ltr'><strong>irrationabilem</strong></span> <span class='ocrx_word' id='word_1_541' title='bbox 1237 4269 1524 4339; x_wconf 87' lang='lat' dir='ltr'><strong>corporalis</strong></span> <span class='ocrx_word' id='word_1_542' title='bbox 1565 4271 1802 4340; x_wconf 83' lang='lat' dir='ltr'><strong>volupta-</strong></span> 
     </span>
    </p>
   </div>
   <div class='ocr_carea' id='block_1_75' title="bbox 229 4356 1802 4432">
    <p class='ocr_par' dir='ltr' id='par_1_75' title="bbox 229 4356 1802 4432">
     <span class='ocr_line' id='line_1_75' title="bbox 229 4356 1802 4432; baseline 0.006 -26"><span class='ocrx_word' id='word_1_543' title='bbox 229 4356 290 4408; x_wconf 87' lang='lat' dir='ltr'><strong>tis</strong></span> <span class='ocrx_word' id='word_1_544' title='bbox 313 4357 360 4388; x_wconf 82' lang='grc'><strong>³⁸</strong></span> <span class='ocrx_word' id='word_1_545' title='bbox 386 4358 772 4411; x_wconf 83' lang='lat' dir='ltr'><strong>continuitatem</strong></span> <span class='ocrx_word' id='word_1_546' title='bbox 792 4398 806 4420; x_wconf 94' lang='lat'><strong>,</strong></span> <span class='ocrx_word' id='word_1_547' title='bbox 845 4357 1003 4411; x_wconf 88' lang='lat' dir='ltr'><strong>simul</strong></span> <span class='ocrx_word' id='word_1_548' title='bbox 1039 4375 1189 4413; x_wconf 83' lang='lat' dir='ltr'><strong>omne</strong></span> <span class='ocrx_word' id='word_1_549' title='bbox 1222 4359 1421 4413; x_wconf 88' lang='lat' dir='ltr'><strong>animal</strong></span> <span class='ocrx_word' id='word_1_550' title='bbox 1452 4362 1802 4432; x_wconf 87' lang='lat' dir='ltr'><strong>compellentis</strong></span> 
     </span>
    </p>
   </div>
   <div class='ocr_carea' id='block_1_76' title="bbox 1913 3177 3490 3242">
    <p class='ocr_par' dir='ltr' id='par_1_76' title="bbox 1913 3177 3490 3242">
     <span class='ocr_line' id='line_1_76' title="bbox 1913 3177 3490 3242; baseline 0.004 -18"><span class='ocrx_word' id='word_1_551' title='bbox 1913 3188 2051 3242; x_wconf 84' lang='lat' dir='ltr'><strong>quae</strong></span> <span class='ocrx_word' id='word_1_552' title='bbox 2083 3183 2541 3241; x_wconf 76' lang='lat' dir='ltr'><strong>superatomuem</strong></span> <span class='ocrx_word' id='word_1_553' title='bbox 2571 3177 2833 3230; x_wconf 89' lang='lat' dir='ltr'><strong>rationem</strong></span> <span class='ocrx_word' id='word_1_554' title='bbox 2873 3187 2927 3231; x_wconf 90' lang='lat' dir='ltr'><strong>et</strong></span> <span class='ocrx_word' id='word_1_555' title='bbox 2958 3177 3309 3232; x_wconf 90' lang='lat' dir='ltr'><strong>intellectum.</strong></span> <span class='ocrx_word' id='word_1_556' title='bbox 3351 3177 3490 3231; x_wconf 86' lang='lat' dir='ltr'><strong>Ean-</strong></span> 
     </span>
    </p>
   </div>
   <div class='ocr_carea' id='block_1_77' title="bbox 1911 3263 3490 3337">
    <p class='ocr_par' dir='ltr' id='par_1_77' title="bbox 1911 3263 3490 3337">
     <span class='ocr_line' id='line_1_77' title="bbox 1911 3263 3490 3337; baseline 0.003 -22"><span class='ocrx_word' id='word_1_557' title='bbox 1911 3263 2030 3316; x_wconf 86' lang='lat' dir='ltr'><strong>dem</strong></span> <span class='ocrx_word' id='word_1_558' title='bbox 2072 3277 2286 3332; x_wconf 87' lang='lat' dir='ltr'><strong>quoque</strong></span> <span class='ocrx_word' id='word_1_559' title='bbox 2328 3265 2820 3334; x_wconf 82' lang='lat' dir='ltr'><strong>concupiscentiam</strong></span> <span class='ocrx_word' id='word_1_560' title='bbox 2869 3266 2920 3320; x_wconf 93' lang='lat' dir='ltr'><strong>in</strong></span> <span class='ocrx_word' id='word_1_561' title='bbox 2968 3265 3138 3337; x_wconf 82' lang='lat' dir='ltr'><strong>ﬁgura</strong></span> <span class='ocrx_word' id='word_1_562' title='bbox 3185 3265 3490 3321; x_wconf 79' lang='lat' dir='ltr'><strong>inﬂexibilis</strong></span> 
     </span>
    </p>
   </div>
   <div class='ocr_carea' id='block_1_78' title="bbox 1909 3357 3486 3428">
    <p class='ocr_par' dir='ltr' id='par_1_78' title="bbox 1909 3357 3486 3428">
     <span class='ocr_line' id='line_1_78' title="bbox 1909 3357 3486 3428; baseline 0.003 -20"><span class='ocrx_word' id='word_1_563' title='bbox 1909 3367 1961 3408; x_wconf 91' lang='lat' dir='ltr'><strong>et</strong></span> <span class='ocrx_word' id='word_1_564' title='bbox 1986 3371 2089 3412; x_wconf 90' lang='lat' dir='ltr'><strong>non</strong></span> <span class='ocrx_word' id='word_1_565' title='bbox 2122 3357 2426 3426; x_wconf 78' lang='lat' dir='ltr'><strong>indigentis,</strong></span> <span class='ocrx_word' id='word_1_566' title='bbox 2454 3359 2555 3412; x_wconf 83' lang='lat' dir='ltr'><strong>hoc</strong></span> <span class='ocrx_word' id='word_1_567' title='bbox 2581 3367 2685 3422; x_wconf 88' lang='lat' dir='ltr'><strong>est,</strong></span> <span class='ocrx_word' id='word_1_568' title='bbox 2716 3373 2820 3413; x_wconf 89' lang='lat' dir='ltr'><strong>non</strong></span> <span class='ocrx_word' id='word_1_569' title='bbox 2843 3373 2908 3413; x_wconf 77' lang='lat' dir='ltr'><strong>ex</strong></span> <span class='ocrx_word' id='word_1_570' title='bbox 2937 3358 3112 3428; x_wconf 88' lang='lat' dir='ltr'><strong>inopia</strong></span> <span class='ocrx_word' id='word_1_571' title='bbox 3142 3375 3320 3414; x_wconf 90' lang='lat' dir='ltr'><strong>rerum</strong></span> <span class='ocrx_word' id='word_1_572' title='bbox 3351 3369 3486 3414; x_wconf 58' lang='lat' dir='ltr'><strong>teme</strong></span> 
     </span>
    </p>
   </div>
   <div class='ocr_carea' id='block_1_79' title="bbox 1909 3448 3488 3519">
    <p class='ocr_par' dir='ltr' id='par_1_79' title="bbox 1909 3448 3488 3519">
     <span class='ocr_line' id='line_1_79' title="bbox 1909 3448 3488 3519; baseline 0.003 -19"><span class='ocrx_word' id='word_1_573' title='bbox 1909 3448 2171 3512; x_wconf 87' lang='lat' dir='ltr'><strong>poraliutn</strong></span> <span class='ocrx_word' id='word_1_574' title='bbox 2198 3449 2471 3504; x_wconf 88' lang='lat' dir='ltr'><strong>nascentis</strong></span> <span class='ocrx_word' id='word_1_575' title='bbox 2521 3449 2774 3504; x_wconf 88' lang='lat' dir='ltr'><strong>desiderii</strong></span> <span class='ocrx_word' id='word_1_576' title='bbox 2806 3451 3275 3519; x_wconf 84' lang='lat' dir='ltr'><strong>superessentialis</strong></span> <span class='ocrx_word' id='word_1_577' title='bbox 3312 3461 3366 3506; x_wconf 91' lang='lat' dir='ltr'><strong>et</strong></span> <span class='ocrx_word' id='word_1_578' title='bbox 3393 3467 3488 3507; x_wconf 88' lang='lat' dir='ltr'><strong>ca-</strong></span> 
     </span>
    </p>
   </div>
   <div class='ocr_carea' id='block_1_80' title="bbox 1908 3541 3490 3612">
    <p class='ocr_par' dir='ltr' id='par_1_80' title="bbox 1908 3541 3490 3612">
     <span class='ocr_line' id='line_1_80' title="bbox 1908 3541 3490 3612; baseline 0.001 -19"><span class='ocrx_word' id='word_1_579' title='bbox 1908 3551 2026 3594; x_wconf 89' lang='lat' dir='ltr'><strong>stae</strong></span> <span class='ocrx_word' id='word_1_580' title='bbox 2063 3553 2117 3595; x_wconf 92' lang='lat' dir='ltr'><strong>et</strong></span> <span class='ocrx_word' id='word_1_581' title='bbox 2168 3541 2520 3612; x_wconf 79' lang='lat' dir='ltr'><strong>impaSsibiIis</strong></span> <span class='ocrx_word' id='word_1_582' title='bbox 2579 3543 3076 3612; x_wconf 85' lang='lat' dir='ltr'><strong>contemplationis,</strong></span> <span class='ocrx_word' id='word_1_583' title='bbox 3127 3551 3184 3597; x_wconf 87' lang='lat' dir='ltr'><strong>et</strong></span> <span class='ocrx_word' id='word_1_584' title='bbox 3233 3552 3490 3598; x_wconf 81' lang='lat' dir='ltr'><strong>aeternae</strong></span> 
     </span>
    </p>
   </div>
   <div class='ocr_carea' id='block_1_81' title="bbox 1912 3629 3486 3702">
    <p class='ocr_par' dir='ltr' id='par_1_81' title="bbox 1912 3629 3486 3702">
     <span class='ocr_line' id='line_1_81' title="bbox 1912 3629 3486 3702; baseline 0.003 -23"><span class='ocrx_word' id='word_1_585' title='bbox 1912 3629 2175 3682; x_wconf 84' lang='lat' dir='ltr'><strong>veraciter</strong></span> <span class='ocrx_word' id='word_1_586' title='bbox 2221 3639 2276 3684; x_wconf 89' lang='lat' dir='ltr'><strong>et</strong></span> <span class='ocrx_word' id='word_1_587' title='bbox 2309 3629 2594 3684; x_wconf 85' lang='lat' dir='ltr'><strong>invisibilis</strong></span> <span class='ocrx_word' id='word_1_588' title='bbox 2625 3631 2970 3685; x_wconf 73' lang='lat' dir='ltr'><strong>adluationis</strong></span> <span class='ocrx_word' id='word_1_589' title='bbox 2999 3633 3065 3686; x_wconf 90' lang='lat' dir='ltr'><strong>ad</strong></span> <span class='ocrx_word' id='word_1_590' title='bbox 3109 3631 3254 3685; x_wconf 89' lang='lat' dir='ltr'><strong>illam</strong></span> <span class='ocrx_word' id='word_1_591' title='bbox 3296 3649 3486 3702; x_wconf 87' lang='lat' dir='ltr'><strong>puram</strong></span> 
     </span>
    </p>
   </div>
   <div class='ocr_carea' id='block_1_82' title="bbox 1908 3717 3488 3789">
    <p class='ocr_par' dir='ltr' id='par_1_82' title="bbox 1908 3717 3488 3789">
     <span class='ocr_line' id='line_1_82' title="bbox 1908 3717 3488 3789; baseline 0.001 -19"><span class='ocrx_word' id='word_1_592' title='bbox 1908 3727 1962 3770; x_wconf 89' lang='lat' dir='ltr'><strong>et</strong></span> <span class='ocrx_word' id='word_1_593' title='bbox 2005 3717 2430 3772; x_wconf 81' lang='lat' dir='ltr'><strong>excelsissimam</strong></span> <span class='ocrx_word' id='word_1_594' title='bbox 2489 3719 2832 3773; x_wconf 89' lang='lat' dir='ltr'><strong>luculeutiam</strong></span> <span class='ocrx_word' id='word_1_595' title='bbox 2888 3728 2942 3774; x_wconf 91' lang='lat' dir='ltr'><strong>ct</strong></span> <span class='ocrx_word' id='word_1_596' title='bbox 3000 3719 3323 3775; x_wconf 82' lang='lat' dir='ltr'><strong>invisibilem</strong></span> <span class='ocrx_word' id='word_1_597' title='bbox 3371 3723 3488 3789; x_wconf 88' lang='lat' dir='ltr'><strong>pul-</strong></span> 
     </span>
    </p>
   </div>
   <div class='ocr_carea' id='block_1_83' title="bbox 1908 3807 3488 3880">
    <p class='ocr_par' dir='ltr' id='par_1_83' title="bbox 1908 3807 3488 3880">
     <span class='ocr_line' id='line_1_83' title="bbox 1908 3807 3488 3880; baseline 0.005 -20"><span class='ocrx_word' id='word_1_598' title='bbox 1908 3807 2291 3874; x_wconf 81' lang='lat' dir='ltr'><strong>chritudinem,</strong></span> <span class='ocrx_word' id='word_1_599' title='bbox 2334 3825 2400 3863; x_wconf 79' lang='lat' dir='ltr'><strong>ex</strong></span> <span class='ocrx_word' id='word_1_600' title='bbox 2427 3824 2531 3878; x_wconf 89' lang='lat' dir='ltr'><strong>qua</strong></span> <span class='ocrx_word' id='word_1_601' title='bbox 2560 3811 2736 3864; x_wconf 88' lang='lat' dir='ltr'><strong>omnis</strong></span> <span class='ocrx_word' id='word_1_602' title='bbox 2773 3809 2947 3864; x_wconf 79' lang='lat' dir='ltr'><strong>forma</strong></span> <span class='ocrx_word' id='word_1_603' title='bbox 2993 3820 3046 3865; x_wconf 91' lang='lat' dir='ltr'><strong>et</strong></span> <span class='ocrx_word' id='word_1_604' title='bbox 3085 3811 3488 3880; x_wconf 65' lang='lat' dir='ltr'><strong>pulchritudo”!</strong></span> 
     </span>
    </p>
   </div>
   <div class='ocr_carea' id='block_1_84' title="bbox 1910 3895 3491 3970">
    <p class='ocr_par' dir='ltr' id='par_1_84' title="bbox 1910 3895 3491 3970">
     <span class='ocr_line' id='line_1_84' title="bbox 1910 3895 3491 3970; baseline 0.004 -20"><span class='ocrx_word' id='word_1_605' title='bbox 1910 3897 2049 3953; x_wconf 86' lang='lat' dir='ltr'><strong>facta</strong></span> <span class='ocrx_word' id='word_1_606' title='bbox 2076 3909 2188 3960; x_wconf 92' lang='lat' dir='ltr'><strong>est,</strong></span> <span class='ocrx_word' id='word_1_607' title='bbox 2237 3895 2482 3968; x_wconf 89' lang='lat' dir='ltr'><strong>accipere</strong></span> <span class='ocrx_word' id='word_1_608' title='bbox 2537 3915 2635 3954; x_wconf 90' lang='lat' dir='ltr'><strong>nos</strong></span> <span class='ocrx_word' id='word_1_609' title='bbox 2681 3910 2912 3969; x_wconf 81' lang='lat' dir='ltr'><strong>Oportet.</strong></span> <span class='ocrx_word' id='word_1_610' title='bbox 2963 3901 3024 3953; x_wconf 73' lang='lat' dir='ltr'><strong>[it</strong></span> <span class='ocrx_word' id='word_1_611' title='bbox 3054 3902 3166 3970; x_wconf 88' lang='lat' dir='ltr'><strong>ipsa</strong></span> <span class='ocrx_word' id='word_1_612' title='bbox 3195 3902 3491 3970; x_wconf 87' lang='lat' dir='ltr'><strong>spiritualis</strong></span> 
     </span>
    </p>
   </div>
   <div class='ocr_carea' id='block_1_85' title="bbox 1914 3991 3486 4062">
    <p class='ocr_par' dir='ltr' id='par_1_85' title="bbox 1914 3991 3486 4062">
     <span class='ocr_line' id='line_1_85' title="bbox 1914 3991 3486 4062; baseline 0.004 -20"><span class='ocrx_word' id='word_1_613' title='bbox 1914 3991 2350 4059; x_wconf 79' lang='lat' dir='ltr'><strong>concupiscentia</strong></span> <span class='ocrx_word' id='word_1_614' title='bbox 2379 3992 2694 4060; x_wconf 89' lang='lat' dir='ltr'><strong>potentiam,</strong></span> <span class='ocrx_word' id='word_1_615' title='bbox 2725 3993 2806 4046; x_wconf 88' lang='lat' dir='ltr'><strong>vel</strong></span> <span class='ocrx_word' id='word_1_616' title='bbox 2840 4003 2896 4047; x_wconf 92' lang='lat' dir='ltr'><strong>ut</strong></span> <span class='ocrx_word' id='word_1_617' title='bbox 2929 3993 2974 4024; x_wconf 74' lang='grc'><strong>³⁸</strong></span> <span class='ocrx_word' id='word_1_618' title='bbox 3007 3993 3398 4062; x_wconf 75' lang='lat' dir='ltr'><strong>signiﬁcantius</strong></span> <span class='ocrx_word' id='word_1_619' title='bbox 3421 4011 3486 4048; x_wconf 68' lang='lat' dir='ltr'><strong>ex</strong></span> 
     </span>
    </p>
   </div>
   <div class='ocr_carea' id='block_1_86' title="bbox 1909 4081 3488 4154">
    <p class='ocr_par' dir='ltr' id='par_1_86' title="bbox 1909 4081 3488 4154">
     <span class='ocr_line' id='line_1_86' title="bbox 1909 4081 3488 4154; baseline 0.003 -22"><span class='ocrx_word' id='word_1_620' title='bbox 1909 4081 2162 4150; x_wconf 83' lang='lat' dir='ltr'><strong>ambiguo</strong></span> <span class='ocrx_word' id='word_1_621' title='bbox 2183 4081 2414 4144; x_wconf 86' lang='lat' dir='ltr'><strong>Graeco,</strong></span> <span class='ocrx_word' id='word_1_622' title='bbox 2433 4081 2574 4151; x_wconf 90' lang='lat' dir='ltr'><strong>quod</strong></span> <span class='ocrx_word' id='word_1_623' title='bbox 2595 4091 2674 4136; x_wconf 86' lang='lat' dir='ltr'><strong>est</strong></span> <span class='ocrx_word' id='word_1_624' title='bbox 2696 4084 2754 4139; x_wconf 80' lang='grc' dir='ltr'><strong>τὸ</strong></span> <span class='ocrx_word' id='word_1_625' title='bbox 2780 4085 2990 4154; x_wconf 76' lang='grc' dir='ltr'><strong>ἀκρατὲς</strong></span> <span class='ocrx_word' id='word_1_626' title='bbox 3015 4083 3084 4148; x_wconf 78' lang='grc' dir='ltr'><strong>⁸ο,</strong></span> <span class='ocrx_word' id='word_1_627' title='bbox 3115 4093 3290 4153; x_wconf 81' lang='lat' dir='ltr'><strong>potest</strong></span> <span class='ocrx_word' id='word_1_628' title='bbox 3310 4093 3488 4136; x_wconf 84' lang='lat' dir='ltr'><strong>trans-</strong></span> 
     </span>
    </p>
   </div>
   <div class='ocr_carea' id='block_1_87' title="bbox 1913 4172 3487 4243">
    <p class='ocr_par' dir='ltr' id='par_1_87' title="bbox 1913 4172 3487 4243">
     <span class='ocr_line' id='line_1_87' title="bbox 1913 4172 3487 4243; baseline 0.001 -18"><span class='ocrx_word' id='word_1_629' title='bbox 1913 4173 2060 4236; x_wconf 77' lang='lat' dir='ltr'><strong>ferri,</strong></span> <span class='ocrx_word' id='word_1_630' title='bbox 2093 4172 2381 4242; x_wconf 88' lang='lat' dir='ltr'><strong>puritatem</strong></span> <span class='ocrx_word' id='word_1_631' title='bbox 2419 4174 2642 4243; x_wconf 90' lang='lat' dir='ltr'><strong>suscipit</strong></span> <span class='ocrx_word' id='word_1_632' title='bbox 2671 4174 2722 4227; x_wconf 91' lang='lat' dir='ltr'><strong>iu</strong></span> <span class='ocrx_word' id='word_1_633' title='bbox 2748 4173 3054 4239; x_wconf 73' lang='lat' dir='ltr'><strong>sufficienti,</strong></span> <span class='ocrx_word' id='word_1_634' title='bbox 3087 4175 3188 4228; x_wconf 87' lang='lat' dir='ltr'><strong>hoc</strong></span> <span class='ocrx_word' id='word_1_635' title='bbox 3225 4183 3306 4228; x_wconf 88' lang='lat' dir='ltr'><strong>est</strong></span> <span class='ocrx_word' id='word_1_636' title='bbox 3336 4174 3487 4236; x_wconf 82' lang='lat' dir='ltr'><strong>l‘orti,</strong></span> 
     </span>
    </p>
   </div>
   <div class='ocr_carea' id='block_1_88' title="bbox 1907 4264 3485 4330">
    <p class='ocr_par' dir='ltr' id='par_1_88' title="bbox 1907 4264 3485 4330">
     <span class='ocr_line' id='line_1_88' title="bbox 1907 4264 3485 4330; baseline -0.001 -10"><span class='ocrx_word' id='word_1_637' title='bbox 1907 4276 2158 4329; x_wconf 89' lang='lat' dir='ltr'><strong>strenuo,</strong></span> <span class='ocrx_word' id='word_1_638' title='bbox 2210 4264 2457 4326; x_wconf 89' lang='lat' dir='ltr'><strong>robusto,</strong></span> <span class='ocrx_word' id='word_1_639' title='bbox 2491 4276 2546 4320; x_wconf 90' lang='lat' dir='ltr'><strong>et</strong></span> <span class='ocrx_word' id='word_1_640' title='bbox 2573 4264 2968 4319; x_wconf 77' lang='lat' dir='ltr'><strong>inconversibili</strong></span> <span class='ocrx_word' id='word_1_641' title='bbox 2996 4267 3073 4330; x_wconf 76' lang='lat'><strong>“,</strong></span> <span class='ocrx_word' id='word_1_642' title='bbox 3106 4266 3158 4318; x_wconf 92' lang='lat' dir='ltr'><strong>in</strong></span> <span class='ocrx_word' id='word_1_643' title='bbox 3187 4280 3252 4320; x_wconf 92' lang='lat' dir='ltr'><strong>eo</strong></span> <span class='ocrx_word' id='word_1_644' title='bbox 3296 4265 3485 4321; x_wconf 67' lang='lat' dir='ltr'><strong>videli-</strong></span> 
     </span>
    </p>
   </div>
   <div class='ocr_carea' id='block_1_89' title="bbox 1907 4356 3488 4428">
    <p class='ocr_par' dir='ltr' id='par_1_89' title="bbox 1907 4356 3488 4428">
     <span class='ocr_line' id='line_1_89' title="bbox 1907 4356 3488 4428; baseline -0.001 -14"><span class='ocrx_word' id='word_1_645' title='bbox 1907 4369 2024 4424; x_wconf 88' lang='lat' dir='ltr'><strong>cet,</strong></span> <span class='ocrx_word' id='word_1_646' title='bbox 2076 4357 2216 4428; x_wconf 91' lang='lat' dir='ltr'><strong>quod</strong></span> <span class='ocrx_word' id='word_1_647' title='bbox 2261 4356 2535 4412; x_wconf 82' lang='lat' dir='ltr'><strong>sufﬁciens</strong></span> <span class='ocrx_word' id='word_1_648' title='bbox 2578 4365 2661 4410; x_wconf 88' lang='lat' dir='ltr'><strong>est</strong></span> <span class='ocrx_word' id='word_1_649' title='bbox 2687 4365 3072 4425; x_wconf 89' lang='lat' dir='ltr'><strong>strenuumque</strong></span> <span class='ocrx_word' id='word_1_650' title='bbox 3116 4367 3278 4426; x_wconf 88' lang='lat' dir='ltr'><strong>atque</strong></span> <span class='ocrx_word' id='word_1_651' title='bbox 3324 4359 3488 4412; x_wconf 78' lang='lat' dir='ltr'><strong>robu~</strong></span> 
     </span>
    </p>
   </div>
   <div class='ocr_carea' id='block_1_90' title="bbox 225 4445 3482 4524">
    <p class='ocr_par' dir='ltr' id='par_1_90' title="bbox 225 4445 3482 4524">
     <span class='ocr_line' id='line_1_90' title="bbox 225 4445 3482 4524; baseline 0.002 -26"><span class='ocrx_word' id='word_1_652' title='bbox 225 4445 278 4497; x_wconf 81' lang='lat' dir='ltr'><strong>in</strong></span> <span class='ocrx_word' id='word_1_653' title='bbox 307 4449 588 4502; x_wconf 82' lang='lat' dir='ltr'><strong>secundum</strong></span> <span class='ocrx_word' id='word_1_654' title='bbox 627 4463 835 4502; x_wconf 85' lang='lat' dir='ltr'><strong>sensum</strong></span> <span class='ocrx_word' id='word_1_655' title='bbox 875 4451 1288 4519; x_wconf 84' lang='lat' dir='ltr'><strong>concupiscibile.</strong></span> <span class='ocrx_word' id='word_1_656' title='bbox 1331 4449 1556 4508; x_wconf 85' lang='lat' dir='ltr'><strong>Brevem</strong></span> <span class='ocrx_word' id='word_1_657' title='bbox 1591 4455 1804 4524; x_wconf 76' lang='lat' dir='ltr'><strong>quaerit</strong></span> <span class='ocrx_word' id='word_1_658' title='bbox 1833 4447 1879 4504; x_wconf 93' lang='lat' dir='ltr'>D</span> <span class='ocrx_word' id='word_1_659' title='bbox 1906 4461 2079 4515; x_wconf 91' lang='lat' dir='ltr'><strong>stum,</strong></span> <span class='ocrx_word' id='word_1_660' title='bbox 2126 4447 2523 4504; x_wconf 84' lang='lat' dir='ltr'><strong>inconvcrsibili</strong></span> <span class='ocrx_word' id='word_1_661' title='bbox 2556 4447 2600 4477; x_wconf 62' lang='grc' dir='ltr'>δ’</span> <span class='ocrx_word' id='word_1_662' title='bbox 2625 4461 2872 4516; x_wconf 82' lang='lat' dir='ltr'><strong>quoque,</strong></span> <span class='ocrx_word' id='word_1_663' title='bbox 2920 4456 2974 4500; x_wconf 90' lang='lat' dir='ltr'><strong>et</strong></span> <span class='ocrx_word' id='word_1_664' title='bbox 3017 4447 3071 4500; x_wconf 90' lang='lat' dir='ltr'><strong>in</strong></span> <span class='ocrx_word' id='word_1_665' title='bbox 3117 4462 3214 4514; x_wconf 93' lang='lat' dir='ltr'><strong>eo,</strong></span> <span class='ocrx_word' id='word_1_666' title='bbox 3259 4449 3404 4520; x_wconf 88' lang='lat' dir='ltr'><strong>quod</strong></span> <span class='ocrx_word' id='word_1_667' title='bbox 3453 4469 3482 4504; x_wconf 89' lang='lat' dir='ltr'><strong>a</strong></span> 
     </span>
    </p>
   </div>
   <div class='ocr_carea' id='block_1_91' title="bbox 1515 4564 2206 4622">
    <p class='ocr_par' dir='ltr' id='par_1_91' title="bbox 1515 4564 2206 4622">
     <span class='ocr_line' id='line_1_91' title="bbox 1515 4564 2206 4622; baseline -0.004 -1"><span class='ocrx_word' id='word_1_668' title='bbox 1515 4567 1768 4621; x_wconf 75' lang='lat' dir='ltr'><strong>VARIAE</strong></span> <span class='ocrx_word' id='word_1_669' title='bbox 1807 4564 2206 4622; x_wconf 85' lang='lat' dir='ltr'><strong>LECTIONES.</strong></span> 
     </span>
    </p>
   </div>
   <div class='ocr_carea' id='block_1_92' title="bbox 297 4651 1034 4708">
    <p class='ocr_par' dir='ltr' id='par_1_92' title="bbox 297 4651 1034 4708">
     <span class='ocr_line' id='line_1_92' title="bbox 297 4651 1034 4708; baseline 0.004 -4"><span class='ocrx_word' id='word_1_670' title='bbox 297 4651 314 4681; x_wconf 89' lang='grc'>¹</span> <span class='ocrx_word' id='word_1_671' title='bbox 361 4651 422 4704; x_wconf 82' lang='grc' dir='ltr'><strong>Β⁶</strong></span> <span class='ocrx_word' id='word_1_672' title='bbox 460 4667 630 4708; x_wconf 71' lang='lat' dir='ltr'><strong>mare.</strong></span> <span class='ocrx_word' id='word_1_673' title='bbox 675 4653 853 4708; x_wconf 86' lang='lat' dir='ltr'><strong>adscr.</strong></span> <span class='ocrx_word' id='word_1_674' title='bbox 907 4653 1034 4707; x_wconf 87' lang='lat' dir='ltr'><strong>Not.</strong></span> 
     </span>
    </p>
   </div>
   <div class='ocr_carea' id='block_1_93' title="bbox 229 4719 1683 4801">
    <p class='ocr_par' dir='ltr' id='par_1_93' title="bbox 229 4719 1683 4801">
     <span class='ocr_line' id='line_1_93' title="bbox 229 4719 1683 4801; baseline 0.005 -28"><span class='ocrx_word' id='word_1_675' title='bbox 229 4719 252 4752; x_wconf 85' lang='grc'><em>³</em></span> <span class='ocrx_word' id='word_1_676' title='bbox 293 4719 339 4774; x_wconf 83' lang='grc' dir='ltr'><strong>Β</strong></span> <span class='ocrx_word' id='word_1_677' title='bbox 385 4719 899 4801; x_wconf 61' lang='grc' dir='ltr'><strong>ἱπερτεῇςξιεξὸίιεηι.</strong></span> <span class='ocrx_word' id='word_1_678' title='bbox 996 4724 1017 4754; x_wconf 73' lang='grc'>⁸</span> <span class='ocrx_word' id='word_1_679' title='bbox 1062 4719 1216 4779; x_wconf 83' lang='lat' dir='ltr'><strong>Corr.</strong></span> <span class='ocrx_word' id='word_1_680' title='bbox 1266 4723 1352 4790; x_wconf 80' lang='lat' dir='ltr'><strong>B‘,</strong></span> <span class='ocrx_word' id='word_1_681' title='bbox 1387 4719 1518 4780; x_wconf 78' lang='lat' dir='ltr'><strong>ABG</strong></span> <span class='ocrx_word' id='word_1_682' title='bbox 1555 4743 1683 4780; x_wconf 87' lang='lat' dir='ltr'><strong>rem.</strong></span> 
     </span>
    </p>
   </div>
   <div class='ocr_carea' id='block_1_94' title="bbox 224 4908 786 4978">
    <p class='ocr_par' dir='ltr' id='par_1_94' title="bbox 224 4908 786 4978">
     <span class='ocr_line' id='line_1_94' title="bbox 224 4908 786 4978; baseline -0.002 -15"><span class='ocrx_word' id='word_1_683' title='bbox 224 4923 322 4978; x_wconf 86' lang='lat' dir='ltr'><strong>pra</strong></span> <span class='ocrx_word' id='word_1_684' title='bbox 351 4908 526 4964; x_wconf 86' lang='lat' dir='ltr'><strong>adscr.</strong></span> <span class='ocrx_word' id='word_1_685' title='bbox 551 4910 590 4963; x_wconf 81' lang='grc' dir='ltr'><strong>ἱ.</strong></span> <span class='ocrx_word' id='word_1_686' title='bbox 617 4926 663 4964; x_wconf 88' lang='lat' dir='ltr'><strong>e.</strong></span> <span class='ocrx_word' id='word_1_687' title='bbox 693 4910 786 4962; x_wconf 86' lang='lat' dir='ltr'><strong>ad.</strong></span> 
     </span>
    </p>
   </div>
   <div class='ocr_carea' id='block_1_95' title="bbox 223 4978 626 5033">
    <p class='ocr_par' dir='ltr' id='par_1_95' title="bbox 223 4978 626 5033">
     <span class='ocr_line' id='line_1_95' title="bbox 223 4978 626 5033; baseline 0.007 -3"><span class='ocrx_word' id='word_1_688' title='bbox 223 4980 401 5032; x_wconf 72' lang='lat' dir='ltr'><strong>dicina</strong></span> <span class='ocrx_word' id='word_1_689' title='bbox 428 4993 534 5032; x_wconf 89' lang='lat' dir='ltr'><strong>om.</strong></span> <span class='ocrx_word' id='word_1_690' title='bbox 565 4978 626 5033; x_wconf 84' lang='grc' dir='ltr'><strong>Β.</strong></span> 
     </span>
    </p>
   </div>
   <div class='ocr_carea' id='block_1_96' title="bbox 223 5117 896 5172">
    <p class='ocr_par' dir='ltr' id='par_1_96' title="bbox 223 5117 896 5172">
     <span class='ocr_line' id='line_1_96' title="bbox 223 5117 896 5172; baseline 0.006 -4"><span class='ocrx_word' id='word_1_691' title='bbox 223 5117 266 5146; x_wconf 79' lang='grc'><em>³⁸</em></span> <span class='ocrx_word' id='word_1_692' title='bbox 299 5117 338 5169; x_wconf 98' lang='grc' dir='ltr'><strong>Β</strong></span> <span class='ocrx_word' id='word_1_693' title='bbox 367 5119 610 5171; x_wconf 72' lang='lat' dir='ltr'><strong>virtutum</strong></span> <span class='ocrx_word' id='word_1_694' title='bbox 637 5117 896 5172; x_wconf 71' lang='lat' dir='ltr'><strong>videlicet.</strong></span> 
     </span>
    </p>
   </div>
   <div class='ocr_carea' id='block_1_97' title="bbox 221 5189 1260 5259">
    <p class='ocr_par' dir='ltr' id='par_1_97' title="bbox 221 5189 1260 5259">
     <span class='ocr_line' id='line_1_97' title="bbox 221 5189 1260 5259; baseline 0.008 -20"><span class='ocrx_word' id='word_1_695' title='bbox 221 5203 397 5259; x_wconf 69' lang='lat' dir='ltr'><strong>marg.</strong></span> <span class='ocrx_word' id='word_1_696' title='bbox 411 5189 595 5259; x_wconf 68' lang='lat' dir='ltr'><strong>adscr.</strong></span> <span class='ocrx_word' id='word_1_697' title='bbox 630 5189 706 5259; x_wconf 84' lang='lat' dir='ltr'><strong>De</strong></span> <span class='ocrx_word' id='word_1_698' title='bbox 725 5189 963 5259; x_wconf 88' lang='lat' dir='ltr'><strong>superbia</strong></span> <span class='ocrx_word' id='word_1_699' title='bbox 988 5190 1260 5247; x_wconf 87' lang='lat' dir='ltr'><strong>laudabili.</strong></span> 
     </span>
    </p>
   </div>
   <div class='ocr_carea' id='block_1_98' title="bbox 997 5121 1714 5180">
    <p class='ocr_par' dir='ltr' id='par_1_98' title="bbox 997 5121 1714 5180">
     <span class='ocr_line' id='line_1_98' title="bbox 997 5121 1714 5180; baseline 0.004 -6"><span class='ocrx_word' id='word_1_700' title='bbox 997 5121 1040 5153; x_wconf 81' lang='grc'><strong>⁸¹</strong></span> <span class='ocrx_word' id='word_1_701' title='bbox 1073 5122 1133 5174; x_wconf 82' lang='grc' dir='ltr'><strong>Β·</strong></span> <span class='ocrx_word' id='word_1_702' title='bbox 1176 5122 1314 5178; x_wconf 77' lang='lat' dir='ltr'><strong>infra</strong></span> <span class='ocrx_word' id='word_1_703' title='bbox 1351 5125 1526 5179; x_wconf 89' lang='lat' dir='ltr'><strong>adscr.</strong></span> <span class='ocrx_word' id='word_1_704' title='bbox 1568 5121 1714 5180; x_wconf 66' lang='lat' dir='ltr'><strong>uitia.</strong></span> 
     </span>
    </p>
   </div>
   <div class='ocr_carea' id='block_1_99' title="bbox 1108 4655 2164 4710">
    <p class='ocr_par' dir='ltr' id='par_1_99' title="bbox 1108 4655 2164 4710">
     <span class='ocr_line' id='line_1_99' title="bbox 1108 4655 2164 4710; baseline 0 -2"><span class='ocrx_word' id='word_1_705' title='bbox 1108 4656 1210 4708; x_wconf 81' lang='lat' dir='ltr'><strong>uad</strong></span> <span class='ocrx_word' id='word_1_706' title='bbox 1261 4656 1314 4709; x_wconf 90' lang='lat' dir='ltr'><strong>in</strong></span> <span class='ocrx_word' id='word_1_707' title='bbox 1369 4655 1567 4710; x_wconf 87' lang='lat' dir='ltr'><strong>anaelis</strong></span> <span class='ocrx_word' id='word_1_708' title='bbox 1628 4657 2008 4710; x_wconf 87' lang='lat' dir='ltr'><strong>rationabilitas</strong></span> <span class='ocrx_word' id='word_1_709' title='bbox 2059 4656 2164 4710; x_wconf 84' lang='lat' dir='ltr'><strong>dic.</strong></span> 
     </span>
    </p>
   </div>
   <div class='ocr_carea' id='block_1_100' title="bbox 1780 4726 2807 4793">
    <p class='ocr_par' dir='ltr' id='par_1_100' title="bbox 1780 4726 2807 4793">
     <span class='ocr_line' id='line_1_100' title="bbox 1780 4726 2807 4793; baseline -0.002 -13"><span class='ocrx_word' id='word_1_710' title='bbox 1780 4728 1800 4758; x_wconf 85' lang='grc'>⁸</span> <span class='ocrx_word' id='word_1_711' title='bbox 1844 4727 2076 4780; x_wconf 88' lang='lat' dir='ltr'><strong>declarat</strong></span> <span class='ocrx_word' id='word_1_712' title='bbox 2123 4741 2282 4789; x_wconf 80' lang='lat' dir='ltr'><strong>om.,</strong></span> <span class='ocrx_word' id='word_1_713' title='bbox 2309 4726 2374 4779; x_wconf 90' lang='lat' dir='ltr'><strong>ad</strong></span> <span class='ocrx_word' id='word_1_714' title='bbox 2412 4740 2582 4793; x_wconf 84' lang='lat' dir='ltr'><strong>marg.</strong></span> <span class='ocrx_word' id='word_1_715' title='bbox 2632 4726 2807 4780; x_wconf 84' lang='lat' dir='ltr'><strong>adscr.</strong></span> 
     </span>
    </p>
   </div>
   <div class='ocr_carea' id='block_1_101' title="bbox 225 4817 2333 4892">
    <p class='ocr_par' dir='ltr' id='par_1_101' title="bbox 225 4817 2333 4892">
     <span class='ocr_line' id='line_1_101' title="bbox 225 4817 2333 4892; baseline 0.003 -21"><span class='ocrx_word' id='word_1_716' title='bbox 225 4827 333 4872; x_wconf 81' lang='lat' dir='ltr'><strong>om.</strong></span> <span class='ocrx_word' id='word_1_717' title='bbox 363 4819 424 4872; x_wconf 90' lang='grc' dir='ltr'><strong>Β.</strong></span> <span class='ocrx_word' id='word_1_718' title='bbox 495 4818 517 4851; x_wconf 82' lang='grc'>⁸</span> <span class='ocrx_word' id='word_1_719' title='bbox 545 4817 604 4872; x_wconf 80' lang='grc' dir='ltr'><strong>Β·</strong></span> <span class='ocrx_word' id='word_1_720' title='bbox 638 4833 809 4890; x_wconf 86' lang='lat' dir='ltr'><strong>marg.</strong></span> <span class='ocrx_word' id='word_1_721' title='bbox 853 4819 1028 4874; x_wconf 89' lang='lat' dir='ltr'><strong>adscr.</strong></span> <span class='ocrx_word' id='word_1_722' title='bbox 1072 4821 1110 4874; x_wconf 87' lang='lat' dir='ltr'><strong>i.</strong></span> <span class='ocrx_word' id='word_1_723' title='bbox 1154 4837 1202 4875; x_wconf 88' lang='lat' dir='ltr'><strong>e.</strong></span> <span class='ocrx_word' id='word_1_724' title='bbox 1240 4823 1365 4892; x_wconf 87' lang='lat' dir='ltr'><strong>quid</strong></span> <span class='ocrx_word' id='word_1_725' title='bbox 1392 4823 1602 4876; x_wconf 84' lang='lat' dir='ltr'><strong>dicatur</strong></span> <span class='ocrx_word' id='word_1_726' title='bbox 1639 4825 1718 4877; x_wconf 89' lang='lat' dir='ltr'><strong>ira</strong></span> <span class='ocrx_word' id='word_1_727' title='bbox 1755 4825 1809 4878; x_wconf 88' lang='lat' dir='ltr'><strong>in</strong></span> <span class='ocrx_word' id='word_1_728' title='bbox 1855 4823 2048 4887; x_wconf 86' lang='lat' dir='ltr'><strong>bestiis,</strong></span> <span class='ocrx_word' id='word_1_729' title='bbox 2094 4823 2333 4878; x_wconf 85' lang='lat' dir='ltr'><strong>ostendit.</strong></span> 
     </span>
    </p>
   </div>
   <div class='ocr_carea' id='block_1_102' title="bbox 887 4911 2329 4987">
    <p class='ocr_par' dir='ltr' id='par_1_102' title="bbox 887 4911 2329 4987">
     <span class='ocr_line' id='line_1_102' title="bbox 887 4911 2329 4987; baseline 0.003 -24"><span class='ocrx_word' id='word_1_730' title='bbox 887 4911 926 4941; x_wconf 82' lang='grc'>¹⁸</span> <span class='ocrx_word' id='word_1_731' title='bbox 957 4911 1018 4963; x_wconf 85' lang='grc' dir='ltr'><strong>Β·</strong></span> <span class='ocrx_word' id='word_1_732' title='bbox 1047 4915 1430 4987; x_wconf 78' lang='lat' dir='ltr'><strong>marg._adscr.</strong></span> <span class='ocrx_word' id='word_1_733' title='bbox 1457 4917 1584 4987; x_wconf 80' lang='lat' dir='ltr'><strong>quid</strong></span> <span class='ocrx_word' id='word_1_734' title='bbox 1611 4925 1686 4969; x_wconf 88' lang='lat' dir='ltr'><strong>est</strong></span> <span class='ocrx_word' id='word_1_735' title='bbox 1715 4917 1794 4970; x_wconf 88' lang='lat' dir='ltr'><strong>ira</strong></span> <span class='ocrx_word' id='word_1_736' title='bbox 1827 4918 1890 4987; x_wconf 71' lang='lat' dir='ltr'><strong>in</strong></span> <span class='ocrx_word' id='word_1_737' title='bbox 1907 4917 2072 4987; x_wconf 77' lang='lat' dir='ltr'><strong>feris?</strong></span> <span class='ocrx_word' id='word_1_738' title='bbox 2101 4915 2192 4987; x_wconf 84' lang='lat' dir='ltr'><strong>Est</strong></span> <span class='ocrx_word' id='word_1_739' title='bbox 2223 4923 2329 4970; x_wconf 87' lang='lat' dir='ltr'><strong>cet.</strong></span> 
     </span>
    </p>
   </div>
   <div class='ocr_carea' id='block_1_103' title="bbox 706 4978 1930 5056">
    <p class='ocr_par' dir='ltr' id='par_1_103' title="bbox 706 4978 1930 5056">
     <span class='ocr_line' id='line_1_103' title="bbox 706 4978 1930 5056; baseline 0.016 -24"><span class='ocrx_word' id='word_1_740' title='bbox 706 4978 822 5056; x_wconf 41' lang='lat' dir='ltr'><strong>‘LB</strong></span> <span class='ocrx_word' id='word_1_741' title='bbox 852 4978 1431 5056; x_wconf 78' lang='lat' dir='ltr'><strong>irrepreltensibilisque.</strong></span> <span class='ocrx_word' id='word_1_742' title='bbox 1468 4978 1480 4987; x_wconf 67' lang='grc'><strong>⁷</strong></span> <span class='ocrx_word' id='word_1_743' title='bbox 1507 4985 1553 5017; x_wconf 77' lang='grc'><strong>³⁸</strong></span> <span class='ocrx_word' id='word_1_744' title='bbox 1584 4987 1702 5039; x_wconf 69' lang='lat' dir='ltr'><strong>boni</strong></span> <span class='ocrx_word' id='word_1_745' title='bbox 1732 5001 1839 5040; x_wconf 82' lang='lat' dir='ltr'><strong>Om-</strong></span> <span class='ocrx_word' id='word_1_746' title='bbox 1872 4978 1930 5039; x_wconf 64' lang='grc' dir='ltr'><strong>Π·</strong></span> 
     </span>
    </p>
   </div>
   <div class='ocr_carea' id='block_1_104' title="bbox 227 5049 2262 5179">
    <p class='ocr_par' dir='ltr' id='par_1_104' title="bbox 227 5049 2262 5179">
     <span class='ocr_line' id='line_1_104' title="bbox 227 5049 2222 5124; baseline 0.004 -22"><span class='ocrx_word' id='word_1_747' title='bbox 227 5049 268 5079; x_wconf 77' lang='grc'><strong>⁸⁸</strong></span> <span class='ocrx_word' id='word_1_748' title='bbox 301 5049 340 5102; x_wconf 90' lang='grc' dir='ltr'><strong>Β</strong></span> <span class='ocrx_word' id='word_1_749' title='bbox 369 5050 681 5110; x_wconf 83' lang='lat' dir='ltr'><strong>memineris,</strong></span> <span class='ocrx_word' id='word_1_750' title='bbox 724 5049 787 5102; x_wconf 82' lang='lat' dir='ltr'><strong>B&#39;</strong></span> <span class='ocrx_word' id='word_1_751' title='bbox 829 5059 1010 5119; x_wconf 89' lang='lat' dir='ltr'><strong>punct.</strong></span> <span class='ocrx_word' id='word_1_752' title='bbox 1051 5053 1216 5117; x_wconf 74' lang='lat' dir='ltr'><strong>sulti.,</strong></span> <span class='ocrx_word' id='word_1_753' title='bbox 1253 5049 1412 5108; x_wconf 65' lang='lat' dir='ltr'><strong>et&#39;ad</strong></span> <span class='ocrx_word' id='word_1_754' title='bbox 1449 5071 1616 5124; x_wconf 88' lang='lat' dir='ltr'><strong>marg.</strong></span> <span class='ocrx_word' id='word_1_755' title='bbox 1660 5057 1835 5110; x_wconf 90' lang='lat' dir='ltr'><strong>adscr.</strong></span> <span class='ocrx_word' id='word_1_756' title='bbox 1876 5057 2100 5109; x_wconf 86' lang='lat' dir='ltr'><strong>mireris.</strong></span> <span class='ocrx_word' id='word_1_757' title='bbox 2171 5049 2222 5086; x_wconf 76' lang='grc'><strong>’¹⁹</strong></span> 
     </span>
     <span class='ocr_line' id='line_1_105' title="bbox 227 5117 2262 5179; baseline 0.004 -10"><span class='ocrx_word' id='word_1_758' title='bbox 227 5117 266 5146; x_wconf 82' lang='grc'><strong>’⁸</strong></span> <span class='ocrx_word' id='word_1_759' title='bbox 299 5117 338 5169; x_wconf 98' lang='grc' dir='ltr'><strong>Β</strong></span> <span class='ocrx_word' id='word_1_760' title='bbox 367 5119 610 5171; x_wconf 72' lang='lat' dir='ltr'><strong>virtutum</strong></span> <span class='ocrx_word' id='word_1_761' title='bbox 637 5119 896 5172; x_wconf 80' lang='lat' dir='ltr'><strong>videlicet.</strong></span> <span class='ocrx_word' id='word_1_762' title='bbox 997 5121 1040 5153; x_wconf 83' lang='grc'>¹¹</span> <span class='ocrx_word' id='word_1_763' title='bbox 1073 5122 1133 5174; x_wconf 79' lang='grc' dir='ltr'><strong>Β·</strong></span> <span class='ocrx_word' id='word_1_764' title='bbox 1176 5122 1314 5178; x_wconf 76' lang='lat' dir='ltr'><strong>infra</strong></span> <span class='ocrx_word' id='word_1_765' title='bbox 1351 5125 1526 5179; x_wconf 86' lang='lat' dir='ltr'><strong>adscr.</strong></span> <span class='ocrx_word' id='word_1_766' title='bbox 1568 5127 1714 5179; x_wconf 87' lang='lat' dir='ltr'><strong>vitia.</strong></span> <span class='ocrx_word' id='word_1_767' title='bbox 1810 5126 1856 5156; x_wconf 85' lang='grc'><strong>²²</strong></span> <span class='ocrx_word' id='word_1_768' title='bbox 1894 5128 2016 5179; x_wconf 80' lang='lat' dir='ltr'><strong>vitia</strong></span> <span class='ocrx_word' id='word_1_769' title='bbox 2063 5141 2172 5178; x_wconf 89' lang='lat' dir='ltr'><strong>om.</strong></span> <span class='ocrx_word' id='word_1_770' title='bbox 2220 5125 2262 5178; x_wconf 90' lang='lat' dir='ltr'><strong>B</strong></span> 
     </span>
    </p>
   </div>
   <div class='ocr_carea' id='block_1_105' title="bbox 2254 4653 3485 4718">
    <p class='ocr_par' dir='ltr' id='par_1_105' title="bbox 2254 4653 3485 4718">
     <span class='ocr_line' id='line_1_106' title="bbox 2254 4653 3485 4718; baseline 0.006 -11"><span class='ocrx_word' id='word_1_771' title='bbox 2254 4657 2274 4684; x_wconf 82' lang='lat'><strong>&#39;</strong></span> <span class='ocrx_word' id='word_1_772' title='bbox 2324 4654 2365 4707; x_wconf 87' lang='grc' dir='ltr'><strong>Β</strong></span> <span class='ocrx_word' id='word_1_773' title='bbox 2406 4654 2622 4718; x_wconf 88' lang='lat' dir='ltr'><strong>mitem;</strong></span> <span class='ocrx_word' id='word_1_774' title='bbox 2668 4653 2732 4707; x_wconf 78' lang='grc' dir='ltr'><strong>Β·</strong></span> <span class='ocrx_word' id='word_1_775' title='bbox 2784 4670 2946 4718; x_wconf 85' lang='lat' dir='ltr'><strong>supra</strong></span> <span class='ocrx_word' id='word_1_776' title='bbox 2994 4657 3173 4713; x_wconf 86' lang='lat' dir='ltr'><strong>adscr.</strong></span> <span class='ocrx_word' id='word_1_777' title='bbox 3227 4656 3485 4714; x_wconf 77' lang='lat' dir='ltr'><strong>inmitem.</strong></span> 
     </span>
    </p>
   </div>
   <div class='ocr_carea' id='block_1_106' title="bbox 2897 4725 3486 4783">
    <p class='ocr_par' dir='ltr' id='par_1_106' title="bbox 2897 4725 3486 4783">
     <span class='ocr_line' id='line_1_107' title="bbox 2897 4725 3486 4783; baseline 0.008 -5"><span class='ocrx_word' id='word_1_778' title='bbox 2897 4732 2935 4778; x_wconf 76' lang='lat'><strong>°.</strong></span> <span class='ocrx_word' id='word_1_779' title='bbox 3013 4727 3033 4756; x_wconf 79' lang='grc'>⁸</span> <span class='ocrx_word' id='word_1_780' title='bbox 3078 4725 3120 4781; x_wconf 78' lang='grc' dir='ltr'><strong>Β</strong></span> <span class='ocrx_word' id='word_1_781' title='bbox 3156 4738 3268 4782; x_wconf 85' lang='lat' dir='ltr'><strong>aut.</strong></span> <span class='ocrx_word' id='word_1_782' title='bbox 3369 4731 3388 4762; x_wconf 75' lang='grc'><strong>⁷</strong></span> <span class='ocrx_word' id='word_1_783' title='bbox 3439 4744 3486 4783; x_wconf 73' lang='grc' dir='ltr'><strong>(οι</strong></span> 
     </span>
    </p>
   </div>
   <div class='ocr_carea' id='block_1_107' title="bbox 2435 4821 3475 4892">
    <p class='ocr_par' dir='ltr' id='par_1_107' title="bbox 2435 4821 3475 4892">
     <span class='ocr_line' id='line_1_108' title="bbox 2435 4821 3475 4892; baseline -0.005 -16"><span class='ocrx_word' id='word_1_784' title='bbox 2435 4821 2456 4853; x_wconf 84' lang='grc'><strong>⁹</strong></span> <span class='ocrx_word' id='word_1_785' title='bbox 2505 4821 2546 4875; x_wconf 87' lang='grc' dir='ltr'><strong>Β</strong></span> <span class='ocrx_word' id='word_1_786' title='bbox 2589 4823 3106 4892; x_wconf 86' lang='lat' dir='ltr'><strong>irrepreltensibilem.</strong></span> <span class='ocrx_word' id='word_1_787' title='bbox 3198 4825 3241 4856; x_wconf 77' lang='grc' dir='ltr'><strong>⁸ο</strong></span> <span class='ocrx_word' id='word_1_788' title='bbox 3289 4825 3349 4879; x_wconf 87' lang='grc' dir='ltr'><strong>Β⁶</strong></span> <span class='ocrx_word' id='word_1_789' title='bbox 3393 4837 3475 4874; x_wconf 80' lang='lat' dir='ltr'><strong>Stt.</strong></span> 
     </span>
    </p>
   </div>
   <div class='ocr_carea' id='block_1_108' title="bbox 2437 4896 3484 4986">
    <p class='ocr_par' dir='ltr' id='par_1_108' title="bbox 2437 4896 3484 4986">
     <span class='ocr_line' id='line_1_109' title="bbox 2437 4896 3484 4986; baseline -0.004 -18"><span class='ocrx_word' id='word_1_790' title='bbox 2437 4917 2479 4948; x_wconf 85' lang='grc'>¹²</span> <span class='ocrx_word' id='word_1_791' title='bbox 2511 4915 2572 4968; x_wconf 85' lang='grc' dir='ltr'><strong>Β⁶</strong></span> <span class='ocrx_word' id='word_1_792' title='bbox 2597 4929 2758 4986; x_wconf 88' lang='lat' dir='ltr'><strong>supra</strong></span> <span class='ocrx_word' id='word_1_793' title='bbox 2789 4896 2966 4986; x_wconf 72' lang='lat' dir='ltr'><strong>adscr.</strong></span> <span class='ocrx_word' id='word_1_794' title='bbox 2997 4914 3053 4986; x_wconf 82' lang='lat' dir='ltr'><strong>in</strong></span> <span class='ocrx_word' id='word_1_795' title='bbox 3077 4913 3271 4986; x_wconf 82' lang='lat' dir='ltr'><strong>bestiis.</strong></span> <span class='ocrx_word' id='word_1_796' title='bbox 3352 4914 3394 4944; x_wconf 78' lang='lat'>&quot;</span> <span class='ocrx_word' id='word_1_797' title='bbox 3430 4914 3484 4965; x_wconf 85' lang='lat' dir='ltr'><strong>in</strong></span> 
     </span>
    </p>
   </div>
   <div class='ocr_carea' id='block_1_109' title="bbox 2023 4984 3477 5055">
    <p class='ocr_par' dir='ltr' id='par_1_109' title="bbox 2023 4984 3477 5055">
     <span class='ocr_line' id='line_1_110' title="bbox 2023 4984 3477 5055; baseline -0.003 -15"><span class='ocrx_word' id='word_1_798' title='bbox 2023 4986 2066 5017; x_wconf 74' lang='grc'><strong>⁸⁸</strong></span> <span class='ocrx_word' id='word_1_799' title='bbox 2096 4986 2141 5040; x_wconf 83' lang='grc' dir='ltr'><strong>Λ</strong></span> <span class='ocrx_word' id='word_1_800' title='bbox 2171 4987 2365 5055; x_wconf 79' lang='lat' dir='ltr'><strong>prima.</strong></span> <span class='ocrx_word' id='word_1_801' title='bbox 2465 4987 2506 5017; x_wconf 80' lang='lat'><strong>&quot;’</strong></span> <span class='ocrx_word' id='word_1_802' title='bbox 2539 4986 2600 5039; x_wconf 73' lang='grc' dir='ltr'><strong>Β·</strong></span> <span class='ocrx_word' id='word_1_803' title='bbox 2630 4984 2790 5053; x_wconf 85' lang='lat' dir='ltr'><strong>supra</strong></span> <span class='ocrx_word' id='word_1_804' title='bbox 2821 4984 2998 5055; x_wconf 80' lang='lat' dir='ltr'><strong>adscr.</strong></span> <span class='ocrx_word' id='word_1_805' title='bbox 3027 4984 3062 5038; x_wconf 92' lang='lat' dir='ltr'><strong>i.</strong></span> <span class='ocrx_word' id='word_1_806' title='bbox 3101 5001 3151 5038; x_wconf 89' lang='lat' dir='ltr'><strong>e.</strong></span> <span class='ocrx_word' id='word_1_807' title='bbox 3183 4985 3477 5055; x_wconf 85' lang='lat' dir='ltr'><strong>imitantur.</strong></span> 
     </span>
    </p>
   </div>
   <div class='ocr_carea' id='block_1_110' title="bbox 2181 5053 3475 5126">
    <p class='ocr_par' dir='ltr' id='par_1_110' title="bbox 2181 5053 3475 5126">
     <span class='ocr_line' id='line_1_111' title="bbox 2181 5053 3475 5126; baseline -0.003 -18"><span class='ocrx_word' id='word_1_808' title='bbox 2181 5054 2246 5126; x_wconf 25' lang='lat'><strong>&quot;7</strong></span> <span class='ocrx_word' id='word_1_809' title='bbox 2263 5053 2322 5107; x_wconf 81' lang='lat' dir='ltr'><strong>B‘</strong></span> <span class='ocrx_word' id='word_1_810' title='bbox 2368 5071 2538 5126; x_wconf 86' lang='lat' dir='ltr'><strong>marg.</strong></span> <span class='ocrx_word' id='word_1_811' title='bbox 2574 5056 2750 5109; x_wconf 88' lang='lat' dir='ltr'><strong>adscr.</strong></span> <span class='ocrx_word' id='word_1_812' title='bbox 2790 5054 3027 5126; x_wconf 82' lang='lat' dir='ltr'><strong>quidest</strong></span> <span class='ocrx_word' id='word_1_813' title='bbox 3063 5055 3205 5124; x_wconf 83' lang='lat' dir='ltr'><strong>quies</strong></span> <span class='ocrx_word' id='word_1_814' title='bbox 3242 5054 3475 5126; x_wconf 65' lang='lat' dir='ltr'><strong>immitis.</strong></span> 
     </span>
    </p>
   </div>
   <div class='ocr_carea' id='block_1_111' title="bbox 2379 5121 3477 5178">
    <p class='ocr_par' dir='ltr' id='par_1_111' title="bbox 2379 5121 3477 5178">
     <span class='ocr_line' id='line_1_112' title="bbox 2379 5121 3477 5178; baseline -0.004 0"><span class='ocrx_word' id='word_1_815' title='bbox 2379 5126 2424 5155; x_wconf 77' lang='grc'><strong>’³</strong></span> <span class='ocrx_word' id='word_1_816' title='bbox 2455 5121 2513 5178; x_wconf 33' lang='lat' dir='ltr'><strong>BV</strong></span> <span class='ocrx_word' id='word_1_817' title='bbox 2528 5121 2811 5178; x_wconf 78' lang='lat' dir='ltr'><strong>desinente.</strong></span> <span class='ocrx_word' id='word_1_818' title='bbox 2905 5125 2953 5154; x_wconf 72' lang='lat'>&quot;</span> <span class='ocrx_word' id='word_1_819' title='bbox 2988 5125 3031 5176; x_wconf 88' lang='lat' dir='ltr'><strong>A</strong></span> <span class='ocrx_word' id='word_1_820' title='bbox 3061 5121 3224 5177; x_wconf 84' lang='lat' dir='ltr'><strong>docet.</strong></span> <span class='ocrx_word' id='word_1_821' title='bbox 3339 5124 3384 5154; x_wconf 84' lang='grc'>²⁸</span> <span class='ocrx_word' id='word_1_822' title='bbox 3414 5121 3477 5174; x_wconf 84' lang='lat' dir='ltr'><strong>B&#39;</strong></span> 
     </span>
    </p>
   </div>
   <div class='ocr_carea' id='block_1_112' title="bbox 1363 5193 3474 5263">
    <p class='ocr_par' dir='ltr' id='par_1_112' title="bbox 1363 5193 3474 5263">
     <span class='ocr_line' id='line_1_113' title="bbox 1363 5193 3474 5263; baseline -0.003 -15"><span class='ocrx_word' id='word_1_823' title='bbox 1363 5193 1408 5224; x_wconf 79' lang='lat'><strong>&quot;</strong></span> <span class='ocrx_word' id='word_1_824' title='bbox 1432 5195 1584 5248; x_wconf 88' lang='lat' dir='ltr'><strong>Corr.</strong></span> <span class='ocrx_word' id='word_1_825' title='bbox 1614 5195 1698 5259; x_wconf 84' lang='lat' dir='ltr'><strong>B&#39;,</strong></span> <span class='ocrx_word' id='word_1_826' title='bbox 1725 5194 1813 5248; x_wconf 85' lang='lat' dir='ltr'><strong>AB</strong></span> <span class='ocrx_word' id='word_1_827' title='bbox 1839 5195 2250 5248; x_wconf 87' lang='lat' dir='ltr'><strong>inmutabilibus.</strong></span> <span class='ocrx_word' id='word_1_828' title='bbox 2324 5196 2366 5227; x_wconf 74' lang='lat'><strong>’7</strong></span> <span class='ocrx_word' id='word_1_829' title='bbox 2400 5196 2679 5262; x_wconf 85' lang='lat' dir='ltr'><strong>ingenitam</strong></span> <span class='ocrx_word' id='word_1_830' title='bbox 2710 5209 2819 5247; x_wconf 92' lang='lat' dir='ltr'><strong>om.</strong></span> <span class='ocrx_word' id='word_1_831' title='bbox 2849 5194 2958 5260; x_wconf 78' lang='lat' dir='ltr'><strong>AB,</strong></span> <span class='ocrx_word' id='word_1_832' title='bbox 2988 5195 3052 5247; x_wconf 89' lang='lat' dir='ltr'><strong>ad</strong></span> <span class='ocrx_word' id='word_1_833' title='bbox 3100 5209 3269 5263; x_wconf 84' lang='lat' dir='ltr'><strong>marg.</strong></span> <span class='ocrx_word' id='word_1_834' title='bbox 3297 5193 3474 5246; x_wconf 83' lang='lat' dir='ltr'><strong>adscr.</strong></span> 
     </span>
    </p>
   </div>
   <div class='ocr_carea' id='block_1_113' title="bbox 219 5254 2898 5344">
    <p class='ocr_par' dir='ltr' id='par_1_113' title="bbox 219 5254 2898 5344">
     <span class='ocr_line' id='line_1_114' title="bbox 219 5254 2898 5344; baseline 0.003 -35"><span class='ocrx_word' id='word_1_835' title='bbox 219 5254 332 5344; x_wconf 51' lang='lat' dir='ltr'><strong>Et“</strong></span> <span class='ocrx_word' id='word_1_836' title='bbox 464 5257 736 5344; x_wconf 73' lang='lat' dir='ltr'><strong>voluptatis</strong></span> <span class='ocrx_word' id='word_1_837' title='bbox 770 5254 879 5312; x_wconf 84' lang='lat' dir='ltr'><strong>om.</strong></span> <span class='ocrx_word' id='word_1_838' title='bbox 921 5260 1090 5344; x_wconf 46' lang='lat' dir='ltr'><strong>gnad</strong></span> <span class='ocrx_word' id='word_1_839' title='bbox 1129 5278 1302 5344; x_wconf 59' lang='lat' dir='ltr'><strong>marg.</strong></span> <span class='ocrx_word' id='word_1_840' title='bbox 1330 5263 1506 5344; x_wconf 68' lang='lat' dir='ltr'><strong>adscr.</strong></span> <span class='ocrx_word' id='word_1_841' title='bbox 1549 5265 1636 5318; x_wconf 86' lang='lat' dir='ltr'><strong>B&#39;.</strong></span> <span class='ocrx_word' id='word_1_842' title='bbox 1684 5254 1768 5296; x_wconf 76' lang='grc'><strong>’¹⁹</strong></span> <span class='ocrx_word' id='word_1_843' title='bbox 1801 5263 2054 5344; x_wconf 40' lang='lat' dir='ltr'><strong>Sic-Cnet</strong></span> <span class='ocrx_word' id='word_1_844' title='bbox 2092 5265 2206 5344; x_wconf 74' lang='lat' dir='ltr'><strong>rad.</strong></span> <span class='ocrx_word' id='word_1_845' title='bbox 2243 5279 2392 5344; x_wconf 87' lang='lat' dir='ltr'><strong>_corr.</strong></span> <span class='ocrx_word' id='word_1_846' title='bbox 2435 5254 2520 5344; x_wconf 68' lang='grc' dir='ltr'><strong>Β·2</strong></span> <span class='ocrx_word' id='word_1_847' title='bbox 2680 5265 2898 5333; x_wconf 85' lang='lat' dir='ltr'><strong>istoque.</strong></span> 
     </span>
    </p>
   </div>
   <div class='ocr_carea' id='block_1_114' title="bbox 3001 5263 3470 5333">
    <p class='ocr_par' dir='ltr' id='par_1_114' title="bbox 3001 5263 3470 5333">
     <span class='ocr_line' id='line_1_115' title="bbox 3001 5263 3470 5333; baseline -0.011 -16"><span class='ocrx_word' id='word_1_848' title='bbox 3001 5263 3046 5296; x_wconf 85' lang='grc'><strong>²⁰</strong></span> <span class='ocrx_word' id='word_1_849' title='bbox 3084 5264 3125 5317; x_wconf 89' lang='grc' dir='ltr'><strong>Β</strong></span> <span class='ocrx_word' id='word_1_850' title='bbox 3159 5263 3470 5333; x_wconf 67' lang='lat' dir='ltr'><strong>frequenter.</strong></span> 
     </span>
    </p>
   </div>
   <div class='ocr_carea' id='block_1_115' title="bbox 221 5325 3474 5405">
    <p class='ocr_par' dir='ltr' id='par_1_115' title="bbox 221 5325 3474 5405">
     <span class='ocr_line' id='line_1_116' title="bbox 221 5325 3474 5405; baseline 0.002 -28"><span class='ocrx_word' id='word_1_851' title='bbox 221 5325 259 5405; x_wconf 67' lang='grc' dir='ltr'><strong>’ξ</strong></span> <span class='ocrx_word' id='word_1_852' title='bbox 291 5327 333 5379; x_wconf 88' lang='grc' dir='ltr'><strong>Β</strong></span> <span class='ocrx_word' id='word_1_853' title='bbox 355 5327 412 5379; x_wconf 84' lang='lat' dir='ltr'><strong>in</strong></span> <span class='ocrx_word' id='word_1_854' title='bbox 431 5328 880 5405; x_wconf 39' lang='lat' dir='ltr'><strong>patienti-amore.</strong></span> <span class='ocrx_word' id='word_1_855' title='bbox 923 5329 967 5360; x_wconf 86' lang='grc'><strong>³¹</strong></span> <span class='ocrx_word' id='word_1_856' title='bbox 1083 5347 1227 5405; x_wconf 74' lang='lat' dir='ltr'><strong>corr.</strong></span> <span class='ocrx_word' id='word_1_857' title='bbox 1247 5325 1761 5405; x_wconf 61' lang='lat' dir='ltr'><strong>circumformamus.</strong></span> <span class='ocrx_word' id='word_1_858' title='bbox 1827 5333 1934 5405; x_wconf 12' lang='lat' dir='ltr'><strong>&#39;7’J.</strong></span> <span class='ocrx_word' id='word_1_859' title='bbox 1968 5333 2350 5405; x_wconf 80' lang='lat' dir='ltr'><strong>Scotusigitur</strong></span> <span class='ocrx_word' id='word_1_860' title='bbox 2377 5351 2473 5405; x_wconf 87' lang='lat' dir='ltr'><strong>pro</strong></span> <span class='ocrx_word' id='word_1_861' title='bbox 2498 5325 2810 5404; x_wconf 64' lang='grc' dir='ltr'><strong>ἐκλὰϐοιμενζ</strong></span> <span class='ocrx_word' id='word_1_862' title='bbox 2838 5335 2978 5403; x_wconf 90' lang='lat' dir='ltr'><strong>quod</strong></span> <span class='ocrx_word' id='word_1_863' title='bbox 2997 5343 3079 5388; x_wconf 91' lang='lat' dir='ltr'><strong>est</strong></span> <span class='ocrx_word' id='word_1_864' title='bbox 3103 5325 3474 5405; x_wconf 52' lang='lat' dir='ltr'><strong>apud:Cordc-</strong></span> 
     </span>
    </p>
   </div>
   <div class='ocr_carea' id='block_1_116' title="bbox 221 5397 3473 5477">
    <p class='ocr_par' dir='ltr' id='par_1_116' title="bbox 221 5397 3473 5477">
     <span class='ocr_line' id='line_1_117' title="bbox 221 5397 3473 5477; baseline 0.002 -29"><span class='ocrx_word' id='word_1_865' title='bbox 221 5398 384 5477; x_wconf 64' lang='lat' dir='ltr'><strong>rium,</strong></span> <span class='ocrx_word' id='word_1_866' title='bbox 431 5397 554 5477; x_wconf 77' lang='lat' dir='ltr'><strong>legit</strong></span> <span class='ocrx_word' id='word_1_867' title='bbox 592 5398 786 5477; x_wconf 63' lang='lat' dir='ltr'><strong>sesset</strong></span> <span class='ocrx_word' id='word_1_868' title='bbox 821 5401 929 5470; x_wconf 72' lang='grc' dir='ltr'><strong>μέν.</strong></span> <span class='ocrx_word' id='word_1_869' title='bbox 1080 5400 1171 5456; x_wconf 89' lang='lat' dir='ltr'><strong>Sic</strong></span> <span class='ocrx_word' id='word_1_870' title='bbox 1194 5403 1309 5456; x_wconf 87' lang='lat' dir='ltr'><strong>rad.</strong></span> <span class='ocrx_word' id='word_1_871' title='bbox 1339 5397 1482 5477; x_wconf 70' lang='lat' dir='ltr'><strong>corr.</strong></span> <span class='ocrx_word' id='word_1_872' title='bbox 1513 5402 1592 5465; x_wconf 83' lang='lat' dir='ltr'><strong>B&#39;,</strong></span> <span class='ocrx_word' id='word_1_873' title='bbox 1621 5404 2075 5477; x_wconf 37' lang='lat' dir='ltr'><strong>iliasuﬂicientre.</strong></span> <span class='ocrx_word' id='word_1_874' title='bbox 2155 5397 2394 5477; x_wconf 38' lang='lat' dir='ltr'><strong>&quot;inquit</strong></span> <span class='ocrx_word' id='word_1_875' title='bbox 2424 5421 2533 5477; x_wconf 88' lang='lat' dir='ltr'><strong>om.</strong></span> <span class='ocrx_word' id='word_1_876' title='bbox 2557 5405 2626 5477; x_wconf 18' lang='lat' dir='ltr'><strong>AB.</strong></span> <span class='ocrx_word' id='word_1_877' title='bbox 2699 5397 2747 5436; x_wconf 62' lang='grc'><strong>⁵⁸</strong></span> <span class='ocrx_word' id='word_1_878' title='bbox 2776 5406 2817 5458; x_wconf 84' lang='grc' dir='ltr'><strong>Β</strong></span> <span class='ocrx_word' id='word_1_879' title='bbox 2845 5397 3048 5477; x_wconf 58' lang='lat' dir='ltr'><strong>ratione</strong></span> <span class='ocrx_word' id='word_1_880' title='bbox 3067 5397 3473 5477; x_wconf 62' lang='lat' dir='ltr'><strong>carentiumquc.</strong></span> 
     </span>
    </p>
   </div>
   <div class='ocr_carea' id='block_1_117' title="bbox 223 5465 1526 5536">
    <p class='ocr_par' dir='ltr' id='par_1_117' title="bbox 223 5465 1526 5536">
     <span class='ocr_line' id='line_1_118' title="bbox 223 5465 1526 5536; baseline 0.006 -19"><span class='ocrx_word' id='word_1_881' title='bbox 223 5465 261 5536; x_wconf 70' lang='lat'><strong>_”_</strong></span> <span class='ocrx_word' id='word_1_882' title='bbox 291 5466 352 5536; x_wconf 60' lang='lat'><strong>[3&#39;</strong></span> <span class='ocrx_word' id='word_1_883' title='bbox 383 5467 448 5519; x_wconf 87' lang='lat' dir='ltr'><strong>ad</strong></span> <span class='ocrx_word' id='word_1_884' title='bbox 471 5481 638 5536; x_wconf 87' lang='lat' dir='ltr'><strong>marg.</strong></span> <span class='ocrx_word' id='word_1_885' title='bbox 665 5465 841 5521; x_wconf 68' lang='lat' dir='ltr'><strong>adscr.</strong></span> <span class='ocrx_word' id='word_1_886' title='bbox 887 5471 1120 5524; x_wconf 86' lang='lat' dir='ltr'><strong>sensibus</strong></span> <span class='ocrx_word' id='word_1_887' title='bbox 1174 5472 1526 5528; x_wconf 89' lang='lat' dir='ltr'><strong>naturalibus.</strong></span> 
     </span>
    </p>
   </div>
   <div class='ocr_carea' id='block_1_118' title="bbox 223 5533 1308 5604">
    <p class='ocr_par' dir='ltr' id='par_1_118' title="bbox 223 5533 1308 5604">
     <span class='ocr_line' id='line_1_119' title="bbox 223 5533 1308 5604; baseline 0.01 -19"><span class='ocrx_word' id='word_1_888' title='bbox 223 5533 265 5562; x_wconf 60' lang='grc' dir='ltr'>δέ</span> <span class='ocrx_word' id='word_1_889' title='bbox 295 5534 356 5586; x_wconf 86' lang='lat' dir='ltr'><strong>B&#39;</strong></span> <span class='ocrx_word' id='word_1_890' title='bbox 409 5533 803 5604; x_wconf 45' lang='lat' dir='ltr'><strong>margfadscr.</strong></span> <span class='ocrx_word' id='word_1_891' title='bbox 848 5539 866 5590; x_wconf 91' lang='lat' dir='ltr'><strong>i</strong></span> <span class='ocrx_word' id='word_1_892' title='bbox 904 5556 951 5593; x_wconf 91' lang='lat' dir='ltr'><strong>e.</strong></span> <span class='ocrx_word' id='word_1_893' title='bbox 999 5541 1308 5596; x_wconf 80' lang='lat' dir='ltr'><strong>toachrates.</strong></span> 
     </span>
    </p>
   </div>
   <div class='ocr_carea' id='block_1_119' title="bbox 223 5605 839 5661">
    <p class='ocr_par' dir='ltr' id='par_1_119' title="bbox 223 5605 839 5661">
     <span class='ocr_line' id='line_1_120' title="bbox 223 5605 839 5661; baseline 0.01 -6"><span class='ocrx_word' id='word_1_894' title='bbox 223 5605 602 5658; x_wconf 66' lang='lat' dir='ltr'><strong>inconrersibili</strong></span> <span class='ocrx_word' id='word_1_895' title='bbox 633 5621 742 5659; x_wconf 88' lang='lat' dir='ltr'><strong>om.</strong></span> <span class='ocrx_word' id='word_1_896' title='bbox 775 5606 839 5661; x_wconf 87' lang='grc' dir='ltr'><strong>Β.</strong></span> 
     </span>
    </p>
   </div>
   <div class='ocr_carea' id='block_1_120' title="bbox 555 5692 1119 5764">
    <p class='ocr_par' dir='ltr' id='par_1_120' title="bbox 555 5692 1119 5764">
     <span class='ocr_line' id='line_1_121' title="bbox 555 5692 1119 5764; baseline 0.02 -13"><span class='ocrx_word' id='word_1_897' title='bbox 555 5692 819 5759; x_wconf 65' lang='lat' dir='ltr'><strong>Parant.</strong></span> <span class='ocrx_word' id='word_1_898' title='bbox 865 5698 1119 5764; x_wconf 77' lang='lat' dir='ltr'><strong>CXXII.</strong></span> 
     </span>
    </p>
   </div>
   <div class='ocr_carea' id='block_1_121' title="bbox 1631 5471 2826 5543">
    <p class='ocr_par' dir='ltr' id='par_1_121' title="bbox 1631 5471 2826 5543">
     <span class='ocr_line' id='line_1_122' title="bbox 1631 5471 2826 5543; baseline 0 -17"><span class='ocrx_word' id='word_1_899' title='bbox 1631 5471 1677 5543; x_wconf 52' lang='lat' dir='ltr'><strong>&#39;f</strong></span> <span class='ocrx_word' id='word_1_900' title='bbox 1702 5471 1904 5538; x_wconf 10' lang='lat' dir='ltr'><strong>Sici&#39;C,</strong></span> <span class='ocrx_word' id='word_1_901' title='bbox 1935 5481 1989 5528; x_wconf 92' lang='lat' dir='ltr'><strong>et</strong></span> <span class='ocrx_word' id='word_1_902' title='bbox 2021 5471 2163 5530; x_wconf 69' lang='lat' dir='ltr'><strong>corr.</strong></span> <span class='ocrx_word' id='word_1_903' title='bbox 2195 5471 2395 5536; x_wconf 38' lang='lat' dir='ltr'><strong>B&#39;fAB</strong></span> <span class='ocrx_word' id='word_1_904' title='bbox 2424 5475 2826 5543; x_wconf 79' lang='lat' dir='ltr'><strong>pulchritudine.</strong></span> 
     </span>
    </p>
   </div>
   <div class='ocr_carea' id='block_1_122' title="bbox 1413 5541 2792 5610">
    <p class='ocr_par' dir='ltr' id='par_1_122' title="bbox 1413 5541 2792 5610">
     <span class='ocr_line' id='line_1_123' title="bbox 1413 5541 2792 5610; baseline -0.001 -13"><span class='ocrx_word' id='word_1_905' title='bbox 1413 5542 1457 5574; x_wconf 74' lang='lat'>“</span> <span class='ocrx_word' id='word_1_906' title='bbox 1486 5541 1576 5599; x_wconf 89' lang='lat' dir='ltr'><strong>Sic</strong></span> <span class='ocrx_word' id='word_1_907' title='bbox 1636 5541 1676 5599; x_wconf 88' lang='lat' dir='ltr'>C</span> <span class='ocrx_word' id='word_1_908' title='bbox 1708 5552 1762 5598; x_wconf 87' lang='lat' dir='ltr'><strong>et</strong></span> <span class='ocrx_word' id='word_1_909' title='bbox 1806 5544 1923 5598; x_wconf 82' lang='lat' dir='ltr'><strong>rad.</strong></span> <span class='ocrx_word' id='word_1_910' title='bbox 1956 5559 2098 5600; x_wconf 86' lang='lat' dir='ltr'><strong>corr.</strong></span> <span class='ocrx_word' id='word_1_911' title='bbox 2130 5545 2216 5610; x_wconf 82' lang='lat' dir='ltr'><strong>B‘,</strong></span> <span class='ocrx_word' id='word_1_912' title='bbox 2261 5545 2348 5599; x_wconf 85' lang='lat' dir='ltr'><strong>AB</strong></span> <span class='ocrx_word' id='word_1_913' title='bbox 2379 5541 2792 5599; x_wconf 60' lang='lat' dir='ltr'><strong>inconttcrsabili.</strong></span> 
     </span>
    </p>
   </div>
   <div class='ocr_carea' id='block_1_123' title="bbox 2927 5471 3474 5533">
    <p class='ocr_par' dir='ltr' id='par_1_123' title="bbox 2927 5471 3474 5533">
     <span class='ocr_line' id='line_1_124' title="bbox 2927 5471 3474 5533; baseline -0.004 -7"><span class='ocrx_word' id='word_1_914' title='bbox 2927 5473 2971 5504; x_wconf 81' lang='lat'><strong>&quot;</strong></span> <span class='ocrx_word' id='word_1_915' title='bbox 2995 5471 3083 5526; x_wconf 91' lang='lat' dir='ltr'><strong>Sic</strong></span> <span class='ocrx_word' id='word_1_916' title='bbox 3107 5473 3170 5533; x_wconf 84' lang='lat' dir='ltr'><strong>C,</strong></span> <span class='ocrx_word' id='word_1_917' title='bbox 3205 5471 3292 5523; x_wconf 80' lang='grc' dir='ltr'><strong>ΑΒ</strong></span> <span class='ocrx_word' id='word_1_918' title='bbox 3322 5473 3474 5524; x_wconf 73' lang='lat' dir='ltr'><strong>velut.</strong></span> 
     </span>
    </p>
   </div>
   <div class='ocr_carea' id='block_1_124' title="bbox 2895 5541 3478 5601">
    <p class='ocr_par' dir='ltr' id='par_1_124' title="bbox 2895 5541 3478 5601">
     <span class='ocr_line' id='line_1_125' title="bbox 2895 5541 3478 5601; baseline 0.002 -8"><span class='ocrx_word' id='word_1_919' title='bbox 2895 5542 2939 5573; x_wconf 77' lang='lat'>“</span> <span class='ocrx_word' id='word_1_920' title='bbox 2982 5543 3037 5596; x_wconf 87' lang='lat' dir='ltr'><strong>in</strong></span> <span class='ocrx_word' id='word_1_921' title='bbox 3066 5557 3124 5595; x_wconf 83' lang='lat' dir='ltr'><strong>eo</strong></span> <span class='ocrx_word' id='word_1_922' title='bbox 3151 5541 3386 5601; x_wconf 74' lang='lat' dir='ltr'><strong>videlirct</strong></span> <span class='ocrx_word' id='word_1_923' title='bbox 3410 5570 3478 5582; x_wconf 93' lang='lat'><strong>--</strong></span> 
     </span>
    </p>
   </div>
   <div class='ocr_carea' id='block_1_125' title="bbox 3405 5620 3480 5647">
    <p class='ocr_par' dir='ltr' id='par_1_125' title="bbox 3405 5620 3480 5647">
     <span class='ocr_line' id='line_1_126' title="bbox 3405 5620 3480 5647; baseline 0.027 -9"><span class='ocrx_word' id='word_1_924' title='bbox 3405 5620 3480 5647; x_wconf 59' lang='grc' dir='ltr'><strong>,αι-</strong></span> 
     </span>
    </p>
   </div>
   <div class='ocr_carea' id='block_1_126' title="bbox 2973 5707 3012 5766">
    <p class='ocr_par' dir='ltr' id='par_1_126' title="bbox 2973 5707 3012 5766">
     <span class='ocr_line' id='line_1_127' title="bbox 2973 5707 3012 5766; baseline 0 0"><span class='ocrx_word' id='word_1_925' title='bbox 2973 5707 3012 5766; x_wconf 89' lang='grc'><strong>6</strong></span> 
     </span>
    </p>
   </div>
  </div>
