3952 6156
452 283 552 341 lliS

1524 254 2022 321 EXPOSlTlONES
2056 249 2336 310 JOANNS
2377 245 2568 305 SCOTI

3581 236 3681 287 Ι(ἷῦ

446 398 591 451 nullo
632 391 833 464 'allligi
873 389 1117 462 potest”.
1152 386 1245 441 llis
1292 388 1434 438 enim
1481 378 1731 437 omnibus
1777 373 2010 430 nomini-
2040 378 2089 436 Α
2117 370 2312 425 fectum
2369 364 2591 420 rationis
2639 369 2695 416 et
2741 372 2964 421 sensus,
3032 354 3124 410 sed
3171 351 3681 421 superemincutiam

448 492 547 545 bus
575 487 804 543 divinam
854 484 1103 537 virtutem
1144 475 1441 546 signiﬁcat,
1490 483 1549 527 ut
1574 471 1828 532 arbitror,
1877 478 2016 536 quae

449 585 799 639 sufficientem
842 577 884 643 τι,
912 588 1206 636 strenuam,
1239 571 1620 637 robustamque
1654 572 1708 618 et
1734 563 2015 616 inconver-

439 677 652 730 sibilem
702 668 994 741 potentiam
1032 660 1462 718 desiderantibus
1497 672 1555 710 se
1585 653 1825 725 largitur,
1877 662 2016 718 quae

446 739 976 830 videlicctipotentia
1021 753 1102 808 vel
1135 750 1341 822 paritas
1392 765 1419 801 a
1474 745 1619 800 nulla
1668 742 1771 796 alia
1819 739 2016 792 virtute

446 855 544 909 sibi
575 850 815 920 Opposita
844 843 926 899 vel
950 841 1107 912 alliigi
1137 839 1218 895 vel
1249 837 1386 894 vinci
1414 835 1577 888 valet.
1623 831 1689 884 Et
1716 831 1817 883 hoc
1844 835 2014 880 totum

445 945 599 996 datur
626 946 840 1008 propter
866 930 1205 988 inconfusum
1253 936 1307 982 ct
1334 923 1594 994 liquidum
1627 929 1677 974 et
1710 913 2016 971 immutabi-

443 1037 545 1089 lem
577 1030 792 1087 divinae
817 1021 1231 1096 pulchritudinis
1265 1031 1536 1077 amorem,
1585 1020 1642 1067 et
1676 1016 1894 1081 propter
1924 1020 2014 1059 ca-

444 1125 698 1182 tholicam
725 1118 1090 1175 reductionem
1120 1114 1171 1167 in
1200 1111 1274 1175 id,
1303 1109 1445 1178 quod
1473 1119 1600 1159 vere
1647 1110 1723 1157 est
1757 1106 2017 1168 appeten-

442 1219 590 1278 dum,
619 1222 887 1267 summum
915 1203 1159 1257 videlicet
1180 1199 1401 1261 bonum,
1432 1195 1573 1266 quod
1604 1188 1804 1262 appetit
1856 1199 2017 1240 omne

441 1306 584 1376 quod
614 1314 797 1356 amare
824 1302 1016 1368 potest.

512 1395 805 1461 Postquam
825 1366 964 1440 vero
1015 1383 1081 1436 de
1127 1375 1565 1434 similitmlinibus
1604 1372 1626 1405 ⁵
1671 1372 1828 1440 longe
1860 1366 2018 1422 dissi-

441 1482 699 1545 millimis,
717 1493 853 1550 quae
871 1492 933 1530 ex
959 1471 1293 1527 naturalibus
1316 1466 1550 1521 motibus
1572 1458 2017 1517 irrationabilium

441 1547 748 1629 bestiarum-
782 1568 849 1621 ad
901 1558 1247 1618 rationabiles
1291 1557 1313 1588 '
1353 1551 1765 1623 intelligibilium
1817 1547 2019 1602 animo;

439 1681 558 1722 rum
606 1662 831 1718 virtutes
862 1650 1239 1724 signiﬁcandas
1266 1655 1451 1701 sancta
1487 1640 1779 1696 introducit
1810 1635 2018 1690 tlicolo-
2064 1632 2070 1645 '

2046 1742 2089 1799 Β
2120 1723 2297 1778 dantia
2336 1732 2562 1792 graecae
2610 1714 2899 1769 locutionis
2943 1726 3103 1779 saepe
3146 1709 3573 1779 praepositiones
3598 1722 3701 1780 po-

441 1760 553 1827 gia,
585 1758 872 1808 tractatum
920 1752 1030 1805 est,
1078 1740 1206 1809 quid
1237 1739 1349 1808 ipsa
1381 1730 1822 1789 irrationabilitas
1851 1725 2011 1780 ratio.

442 1848 699 1907 nabiiium
742 1850 798 1897 et
843 1835 1222 1895 insensualitas
1268 1846 1429 1887 sensu
1459 1826 1755 1884 carentium
1805 1824 1857 1877 in
1888 1820 2018 1890 ipsis

441 1943 635 2002 rebus,
691 1934 884 2004 quibus
924 1925 1244 1982 naturaliter
1286 1923 1501 1985 insunt,
1554 1925 1733 1988 potest
1773 1912 2016 1974 deliniri,

444 2030 570 2099 quid
619 2029 670 2081 in
711 2001 914 2078 divinis
947 2015 1251 2072 conformat
1296 2009 1688 2068 intellectibus,
1741 2001 2018 2073 aptissime

443 2097 714 2187 subiungit
761 2122 816 2167 et
840 2111 916 2165 ait
944 2128 957 2162 :
993 2107 1095 2162 Sed
1125 2116 1171 2160 et
1216 2106 1381 2173 ipsum
1429 2097 1936 2154 irrationabilitatem
1970 2101 2019 2147 et

442 2205 887 2265 insensualitatem
912 2201 967 2253 in
987 2198 1195 2269 quidem
1215 2190 1659 2248 irrationabilibus
1683 2185 2016 2247 animalibus,

442 2309 531 2352 aut
561 2292 864 2349 inanintatis
886 2288 906 2319 ⁸
935 2285 1187 2345 materiis,
1217 2282 1473 2350 defectum
1502 2276 1720 2330 rationis
1755 2283 1801 2327 et
1838 2287 2019 2325 sensus

442 2387 649 2460 rmprie
692 2395 976 2444 vocamus;
1026 2377 1081 2430 in
1110 2372 1355 2428 animatis
1391 2370 1413 2402 ⁷
1438 2378 1610 2422 autem
1655 2360 2020 2418 immateriuli-

442 2484 537 2535 lius
586 2488 634 2533 et
678 2469 1119 2529 intellectualibus
1168 2462 1434 2525 essentiis,
1480 2467 1658 2513 sancte
1704 2468 1749 2511 et
1786 2455 2023 2508 decenter

440 2568 826 2642 supereminens
877 2574 1091 2621 earum,
1143 2564 1197 2608 ut
1242 2548 1760 2621 supermundalimn,
1809 2542 2022 2611 conﬁte-

443 2681 561 2719 mur
589 2662 610 2693 ⁸
656 2668 832 2713 nostra
865 2650 1168 2707 transitoria
1200 2656 1245 2700 et
1277 2642 1536 2713 corporali
1568 2640 1787 2701 ratione,
1830 2644 1876 2689 et
1904 2651 2018 2688 ma-

443 2756 617 2814 teriali
661 2752 888 2807 alienato
921 2738 1336 2813 incorporalibus
1372 2735 1393 2767 ’
1431 2736 1619 2789 animis
1646 2746 1819 2785 sensu.
1868 2726 2020 2796 Ipsa,

445 2848 651 2916 inquit,
719 2834 1165 2896 irrationabilitas
1213 2823 1660 2883 irrationabilium
1709 2817 2019 2873 animalium

444 2939 685 2995 delectus
717 2930 941 2987 rationis
967 2935 1086 2989 est;
1141 2918 1516 2978 insensualitas
1556 2929 1685 2970 vero
1722 2909 2019 2968 carentium

444 3031 623 3084 anima
653 3022 885 3080 sensuali
913 3019 956 3051 ¹⁶
982 3015 1353 3074 materiarum,
1387 3008 1627 3065 delectus
1660 3018 1848 3061 sensus
1877 3000 2019 3055 est“

443 3130 499 3173 et
525 3116 742 3189 proprie
772 3110 989 3166 dicitur.
1042 3105 1159 3160 Dun

444 3180 828 3267 izisensualitas
858 3202 924 3256 de
951 3192 1397 3253 immaterialilms
1421 3188 1465 3219 ¹³
1494 3196 1551 3241 et
1577 3180 2026 3239 intellectualibus

445 3299 790 3372 praedicatur
830 3287 1104 3351 essentiis,
1135 3279 1515 3338 insensualitas
1544 3274 1760 3345 quidem
1813 3271 1881 3325 de
1928 3271 2026 3323 im-

446 3388 839 3449 materialibus,
888 3383 954 3437 de
983 3371 1431 3433 intellectualibus
1456 3382 1585 3422 vero
1608 3367 1654 3396 “
1685 3360 2030 3419 irrationabi-

448 3486 573 3540 litas
602 3480 676 3547 ³⁸,
721 3476 943 3548 pulchre
967 3479 1022 3527 et
1051 3467 1296 3539 religiose
1341 3460 1660 3518 conﬁtemur
1705 3453 2025 3527 signiﬁcari,

449 3579 589 3650 quod
624 3578 676 3630 in
706 3572 836 3643 ipsis
862 3562 1364 3647 supermundplibus
1389 3554 1768 3625 supereminet,
1793 3549 1896 3602 hoc
1920 3551 2026 3609 est,

422 3663 923 3737 .coutcmplationis
961 3671 1148 3714 earum
1176 3654 1369 3716 virtus,
1399 3662 1539 3718 quae
1568 3657 1783 3700 omnem
1813 3651 2030 3695 sensum

452 3768 698 3815 nostrum
735 3762 1083 3819 nostramque
1119 3744 1381 3800 rationem
1431 3733 1852 3806 supergreditur,
1904 3730 2029 3781 dum

453 3861 638 3908 nostra
669 3842 980 3903 transitoria
1004 3848 1060 3894 et
1085 3833 1381 3907 corporalis
1408 3830 1566 3892 ratio,
1597 3826 1698 3880 hoc
1725 3831 1827 3885 est,
1858 3819 2033 3872 adhuc

454 3938 669 4001 mortali
700 3946 924 4005 corpore
968 3937 1187 4003 gravata
1207 3966 1222 3991 ,
1271 3936 1325 3979 et
1354 3918 1652 3977 materialis
1683 3927 1875 3970 sensus
1918 3910 2036 3962 lon—

456 4034 675 4104 gissime
741 4029 807 4081 ab
876 4019 1306 4091 incorporalibns
1364 4013 1407 4045 ³³
1449 4011 1643 4066 animis
1710 4006 2026 4061 alienantur.

458 4093 572 4179 liae
600 4121 642 4153 "
676 4118 847 4173 forma
876 4110 1163 4167 locutionis
1184 4103 1473 4175 Apostolus
1515 4099 1556 4131 ’⁸
1581 4097 1764 4158 utitur,
1804 4093 1988 4147 dicens
2015 4106 2029 4143 :

465 4235 485 4268 ς
518 4213 751 4271 Stultum
778 4207 871 4263 Dei
898 4201 1190 4275 sapientius
1216 4205 1300 4252 est
1326 4192 1633 4249 hominibus
1662 4209 1708 4254 ι,
1741 4180 2035 4255 superemi-

462 4308 699 4364 nemiam
748 4274 969 4357 divinae
996 4290 1291 4365 sapientiae
1321 4288 1371 4341 in
1418 4286 1585 4355 ﬁgura
1633 4278 1888 4334 stultitiae
1918 4274 2034 4327 l.:u-

463 4400 622 4452 dans.
653 4396 787 4449 Dum
819 4406 947 4462 ergo
969 4387 1090 4458 lego
1119 4383 1200 4439 vel
1230 4379 1271 4412 ¹⁹
1301 4377 1482 4441 audin,
1524 4367 1913 4428 intellectuales
1945 4381 2033 4419 es-

464 4437 622 4452 .......,.
654 4437 787 4449 μμ...
821 4437 943 4462 νο-
975 4437 1083 4458 Wo-
1166 4437 1173 4439 τ
1470 4437 1477 4441 _

464 4488 667 4542 sentias
701 4486 753 4539 in
786 4481 973 4537 formis
1003 4471 1448 4532 irrationabilium
1480 4462 1811 4521 animalium,
1867 4457 1948 4512 vel
1981 4458 2033 4511 in
2063 4437 2113 4495 D

467 4571 816 4631 similitudine
842 4582 1022 4623 rerum
1052 4562 1434 4623 materialium,
1459 4557 1639 4611 anima
1682 4560 1735 4607 et
1763 4564 1923 4605 sensu
1949 4562 2042 4602 ca-

468 4664 725 4724 rentium,
759 4655 1071 4728 apparuisse
1093 4650 1178 4704 vel
1212 4647 1538 4720 signiﬁcatus
1579 4641 1767 4705 fuisse,
1817 4651 1922 4691 non
1951 4635 2043 4690 de—

2115 474 2321 522 earum,
2351 472 2454 528 qua
2483 463 2720 509 nostram
2759 450 3022 504 rationem
3068 454 3421 512 nostrumque
3463 456 3685 497 sensum

2112 557 2468 620 exsuperant,
2513 552 2724 614 oportet
2751 556 2840 596 me
2882 541 3145 607 accipere.
3195 534 3310 590 Non
3338 535 3482 589 enim
3512 535 3687 590 adhuc

2115 644 2325 699 ratione
2348 649 2403 695 et
2432 654 2590 694 sensu
2620 633 3126 705 comprehendimus
3155 628 3489 682 altitudinem
3522 637 3688 681 natu-

2115 749 2208 789 rae
2238 727 2731 801 supercaelestium,
2785 724 2954 777 donec
2993 717 3368 791 perveniamus
3400 716 3455 770 in
3496 731 3685 771 eorum

2115 824 2515 896 aequalitatem.
2586 818 2678 872 Est
2735 817 2908 885 itaque
2959 829 3061 866 non
3110 810 3349 863 dissonas
3398 807 3690 876 reformare

2116 915 2422 973 caelestibus
2458 912 2656 982 formas
2685 909 2752 973 ’°,
2777 918 2822 960 et
2849 923 2913 960 ex
2940 906 3125 960 vilibus
3147 902 3397 955 materiae
3424 901 3685 969 partibus,

2112 1009 2359 1080 quoniam
2387 1015 2433 1058 et
2460 1005 2571 1073 ipsa
2594 1018 2659 1055 ea:
2679 1015 2792 1054 vere
2820 1000 2951 1052 bono
2977 994 3361 1050 subsistentiant
3388 993 3691 1062 possidens,

2115 1114 2205 1167 per
2230 1109 2430 1150 omnem
2479 1092 2561 1146 sui
2592 1085 2912 1142 materialem
2939 1085 3328 1154 dispositionem
3359 1084 3691 1136 resonantia:

2114 1185 2369 1258 quasdam
2402 1176 2764 1235 intellectualis
2793 1173 3199 1243 pulchritudinis
3243 1171 3412 1224 habet.
3468 1169 3539 1224 Et
3561 1187 3690 1241 pos-

2115 1275 2264 1331 sibile
2309 1281 2384 1327 est
2412 1287 2503 1341 per
2524 1270 2567 1301 ²¹
2598 1285 2685 1322 eas
2716 1266 2892 1319 reduci
2920 1264 2987 1316 ad
3027 1264 3072 1293 ²¹
3100 1261 3467 1316 immateriales
3489 1263 3692 1326 primas

2118 1365 2344 1435 formas,
2390 1358 2743 1421 dissimiliter,
2790 1364 2846 1407 ut
2893 1353 3092 1406 dictant
3119 1361 3219 1415 est,
3261 1350 3694 1405 similitudinibus

2118 1453 2369 1521 acceptis.
2416 1459 2463 1503 et
2511 1448 2703 1501 eisdem
2743 1461 2847 1498 non
2890 1441 3151 1506 similiter,
3207 1450 3468 1510 compacte
3513 1451 3693 1493 autem

2118 1556 2163 1598 et
2187 1544 2234 1575 "
2260 1541 2474 1613 pulchre
2500 1533 3032 1602 intellectualibusque
3055 1532 3100 1562 “
3126 1542 3173 1585 et
3217 1530 3542 1584 sensibilibus
3568 1542 3697 1600 pro—

2118 1633 2421 1705 prietatibus
2468 1628 2714 1697 deﬁnitis.
2786 1624 3121 1686 Notandum,
3172 1622 3314 1691 quod
3360 1636 3427 1675 ex
3451 1620 3499 1652 ”
3523 1621 3700 1675 abun-

2117 1824 2340 1876 nuntur,
2385 1821 2440 1866 et
2482 1809 2685 1864 nullum
2720 1813 2918 1875 augent
2944 1801 3294 1857 intellectum.
3349 1800 3415 1854 Et
3457 1801 3703 1857 maxime

2117 1907 2221 1962 liae
2253 1913 2362 1958 tres
2392 1920 2405 1954 :
2440 1918 2514 1963 rc,
2547 1909 2616 1963 et,
2647 1897 2715 1950 ad
2739 1913 2757 1962 ;
2784 1897 2899 1959 ἀνὰ,
2927 1896 3032 1956 καί,
3061 1893 3189 1966 πρὸς
3214 1908 3229 1955 ;
3265 1888 3395 1945 κατά
3420 1889 3702 1954 similiter,

2119 2011 2257 2067 quae
2287 1997 2341 2048 in
2368 1993 2610 2046 diversas
2653 1987 2883 2041 vertitur
2919 1983 3318 2038 translationes.
3357 1980 3500 2048 Quas
3533 1994 3697 2050 prae-

2118 2087 2411 2158 positiones
2454 2080 2701 2135 videlicet
2748 2086 2966 2147 pr0pter
3009 2072 3340 2143 diligentiam
3372 2072 3701 2140 interpretii-

2121 2178 2284 2233 tionis
2314 2175 2583 2230 noluimus
2607 2171 2654 2203 “
2680 2168 2995 2238 praeterire,
3027 2164 3346 2234 praesertim
3367 2177 3487 2217 eum
3515 2162 3703 2215 curio—

2120 2287 2212 2327 sus
2258 2270 2426 2323 lector
2454 2261 2772 2335 perspiciet,
2828 2259 2918 2312 ubi
2952 2255 3289 2311 necessariae
3318 2263 3471 2315 sunt,
3518 2260 3575 2306 et
3602 2250 3700 2307 ubi

2121 2355 2557 2428 superabundant
2586 2351 2651 2403 ³⁷.
2681 2349 2774 2403 Est
2804 2347 3007 2415 itaque,
3053 2344 3249 2413 inquit,
3300 2343 3403 2397 hoc
3427 2350 3513 2397 est
3539 2354 3699 2410 opor-

2124 2458 2224 2513 tet,
2253 2448 2486 2502 l'ormare
2513 2442 2715 2497 formas
2742 2453 2847 2492 non
2880 2439 3145 2499 dissonas,
3192 2433 3286 2489 sed
3316 2432 3704 2487 convenientes

2123 2540 2440 2598 caelestibus
2463 2531 2827 2605 signiﬁcandis
2853 2528 3121 2590 essentiis,
3152 2526 3313 2580 etiam
3336 2524 3383 2555 ’⁸
3411 2538 3477 2578 ex
3503 2521 3704 2576 vilibus

2121 2631 2366 2704 partibus
2411 2636 2657 2681 terrenae
2707 2618 3057 2687 mortalisque
3099 2615 3396 2677 materiae;
3448 2626 3550 2667 nec
3579 2610 3705 2665 sine

2125 2722 2353 2783 ratione,
2386 2714 2640 2786 quoniam
2690 2717 2745 2764 et
2790 2709 2905 2779 ipsa
2938 2706 3166 2761 materia
3195 2720 3259 2758 ex
3291 2716 3505 2757 summo
3534 2702 3702 2764 bono,

2124 2811 2266 2882 quod
2298 2807 2469 2863 solum
2498 2819 2625 2859 vere
2666 2811 2771 2864 est,
2803 2796 3158 2853 substantiam
3187 2793 3424 2863 possidet
3452 2791 3503 2844 in
3532 2791 3708 2844 omni-

2124 2881 2224 2957 bus
2250 2899 2363 2954 suis
2381 2893 2747 2951 materialibus
2770 2888 3073 2949 ordinibus,
3099 2894 3154 2938 et
3175 2883 3335 2937 habet
3360 2881 3709 2936 resonantias

2124 2992 2414 3063 quasdam,
2448 2990 2550 3043 hoc
2589 2993 2703 3047 est,
2753 2978 3136 3035 resnltationes
3164 2971 3542 3030 intellectualis
3579 2971 3709 3042 pul—

1160 3120 1178 3157 ι
1214 3103 1254 3133 ι’
1282 3107 1459 3154 autem
1493 3092 1932 3151 irrationabilitas
1965 3098 2019 3145 et
2046 3096 2090 3156 ρ
2121 3062 2464 3140 chritudinis.
2528 3072 2883 3129 Resonantia's
2926 3076 3104 3122 autem
3155 3066 3279 3120 dico
3340 3065 3424 3119 vel
3474 3062 3710 3119 resulta-

2129 3172 2302 3226 tioues
2323 3209 2337 3234 ,
2386 3181 2523 3237 quas
2552 3177 2747 3233 graece
2766 3160 2812 3192 ⁸⁵
2837 3163 3164 3232 ἆπηχήματα
3190 3156 3234 3188 ³⁸
3259 3163 3474 3219 vocant,
3519 3167 3710 3208 rerum

2127 3258 2533 3330 intelligibilium
2562 3252 2994 3323 imaginationes.
3033 3247 3185 3303 Sicut
3222 3246 3366 3302 enim
3394 3246 3570 3315 imago
3610 3258 3713 3299 vo-

2126 3359 2205 3413 cis
2232 3357 2284 3410 in
2318 3368 2448 3424 rupe
2476 3349 2709 3421 quadam
2740 3362 2833 3403 seu
2859 3346 3038 3415 aliqua
3063 3343 3420 3404 coneavitate,
3452 3340 3538 3393 vel
3563 3339 3713 3394 sicut

2129 3451 2305 3519 imago
2353 3443 2595 3514 corporis
2644 3452 2715 3496 ex
2755 3436 2974 3507 speculo
3001 3435 3045 3466 “
3073 3433 3332 3495 resultat,
3383 3432 3456 3486 ita
3494 3428 3715 3485 intelle-

2127 3539 2319 3595 ctualis
2344 3531 2759 3605 pulchritudinis
2803 3527 3117 3583 caelestium
3151 3525 3411 3578 virtutum
3438 3519 3716 3590 imagina-

2131 3632 2301 3686 tiones
2331 3644 2397 3684 ex
2426 3625 2571 3681 omni
2602 3633 2814 3678 terrena
2837 3618 3204 3686 vilissimaque
3232 3612 3457 3668 materia
3488 3624 3714 3681 respon-

2129 3722 2275 3776 dent.
2304 3719 2534 3784 Ideoque
2559 3710 2813 3784 possibile
2841 3715 2948 3773 est,
2976 3715 3220 3761 nostrum
3251 3702 3489 3756 animum
3516 3699 3711 3755 reduci

2128 3828 2226 3883 per
2277 3805 2616 3864 resonantias
2662 3802 2730 3855 ad
2796 3797 3174 3854 immateriales
3217 3795 3421 3865 primas
3466 3792 3715 3853 formas.

2131 3879 2265 3972 quas
2297 3895 2490 3953 Graeci
2519 3893 2849 3968 ἀρχετυπίας
2872 3888 2917 3919 ⁸¹
2948 3885 3235 3957 appellant,
3284 3896 3512 3951 quiarum
3541 3879 3717 3935 resul-

2133 3968 2309 4043 tantes
2361 3983 2623 4053 imagines
2668 3985 2829 4039 sunt,
2892 3976 2967 4029 ita
3020 3983 3231 4036 tamen,
3275 3979 3336 4025 ut
3375 3968 3719 4024 dissimiliter

2132 4081 2281 4149 ipsae
2308 4071 2686 4131 similitudines
2711 4067 3047 4135 accipiantur
3071 4064 3124 4117 in
3148 4059 3543 4121 materialibus,
3563 4058 3716 4112 unde

2135 4148 2416 4230 resultant,
2447 4172 2503 4218 et
2545 4163 2599 4216 in
2629 4157 3095 4215 immaterialibixs,
3127 4153 3174 4184 ³³
3200 4150 3396 4221 quibus
3422 4148 3712 4203 resultant.

2133 4261 2303 4317 Aliter
2346 4255 2488 4311 enim
2534 4252 2685 4306 furor
2731 4249 2785 4302 in
2816 4247 2971 4300 leone
3016 4242 3297 4305 diﬂinitur,
3330 4239 3489 4293 aliter
3533 4238 3590 4292 in
3624 4252 3721 4291 an.

2135 4352 2272 4425 gelo.
2317 4349 2386 4404 Et
2427 4345 2628 4401 eisdem
2672 4337 3115 4396 similitudinibus
3158 4350 3265 4389 non
3319 4333 3510 4387 eodem
3551 4330 3722 4385 modo

2139 4419 2492 4499 consideratis
2540 4431 2611 4497 “,
2657 4431 2751 4486 sed
2790 4428 2946 4497 juxta
2988 4423 3312 4481 differentias
3352 4419 3721 4475 materialimn

2141 4547 2320 4591 rerum
2340 4540 2394 4586 ct
2414 4525 2721 4581 altitudines
2746 4515 3199 4577 immateriaiium.
3220 4515 3508 4583 Compacte
3534 4522 3725 4566 autem

2143 4633 2198 4683 et
2236 4622 2460 4696 pulchre
2488 4615 2790 4687 proprietas
2834 4609 3087 4666 delinitur
3116 4607 3162 4639 ³⁸
3191 4604 3616 4673 uniuscujusque
3661 4601 3724 4655 in

1744 4745 2001 4805 VARIAE

1257 4830 1355 4884 uod
1397 4845 1428 4881 a
1458 4824 1603 4880 nullo
1629 4822 1673 4876 Β
1701 4822 1757 4874 in
1784 4835 1846 4892 eo
1869 4832 2027 4892 quoqt

2125 4732 2435 4795 CTlONES.

2125 4807 2297 4892 ’θεοάοη
2333 4806 2355 4836 ’
2384 4802 2654 4892 55"”?
2674 4786 3427 4892 2‘355"n?°".%°‘?§‘;m:.;'3
3454 4784 3701 4892 “ﬁlim

2020 4861 2576 4967 Vibii-rationabiles.“
2629 4867 2827 4922 °Corr.
2871 4863 2957 4926 B‘,
3006 4861 3094 4914 AB
3137 4861 3191 4912 in
3227 4861 3439 4911 amatis.

2310 4967 2333 5000 8
2360 4966 2402 5000 ιι
2428 4978 2602 5000 onerum
2634 4968 2688 5000 ut
2718 4971 2873 5000 grsner
2909 4954 3236 5000 conﬁtemur.
3268 4954 3341 5000 B'

2360 4966 2403 5020 Β
2427 4978 2605 5019 earum
2634 4968 2689 5013 ut
2717 4971 2873 5027 super
2909 4953 3236 5019 confitemur,
3267 4948 3341 5003 B'
3369 4962 3514 5003 corr.
3541 4962 3736 5000 earum

2360 5031 2767 5101 ncorporalibus.
2873 5024 2916 5055 ⁸⁸
2966 5022 3059 5077 Sic
3111 5021 3175 5079 C.
3231 5020 3273 5074 A
3314 5036 3347 5071 a
3387 5015 3639 5078 sensuali,
3688 5014 3737 5067 Β

2439 5105 2482 5134 η
2498 5103 2557 5143 ηδ
2588 5114 2730 5143 mrr-
2764 5094 2986 5143 Dicitur.
3081 5089 3188 5143 ¹³Β
3233 5086 3617 5143 materialibus,
3664 5083 3737 5136 Β⁶

3233 5086 3617 5146 materialibus,
3664 5086 3738 5136 B‘

2212 5213 2256 5245 "
2277 5210 2318 5266 Β
2352 5179 2736 5264 ἱηιιηονιαιὶῖῧίη
2786 5201 2933 5271 (τουπ
2962 5210 3137 5271 ειιριδξι⁸
3161 5208 3269 5271 scr.
3302 5190 3424 5271 β’).
3554 5185 3666 5271 "IB
3702 5205 3743 5241 α

2135 5287 2174 5318 ιτ
2200 5258 2725 5339 εἰρνϐῖλίηαρεξῖἶ
2752 5258 2895 5324 Haec
2922 5258 3043 5322 est.'
3097 5264 3137 5297 ³⁸
3161 5264 3219 5317 Β⁶
3250 5263 3315 5316 ad
3348 5258 3519 5325 marg.
3547 5258 3741 5311 adscr.

2135 5378 2137 5385 ν
2255 5353 2299 5384 ἰ
2323 5366 2413 5396 ner
2439 5361 2547 5396 om.
2579 5342 2639 5396 Β.
2725 5343 2769 5373 ²¹
2810 5340 2878 5393 ad
2904 5353 3013 5391 om.
3040 5333 3102 5395 Β,
3134 5334 3198 5387 ad
3230 5346 3397 5396 marg.
3429 5328 3621 5396 adscr.
3644 5326 3741 5396 Bt.

2323 5366 2413 5419 per
2439 5361 2547 5402 01η,
2579 5358 2639 5397 Β.
2726 5358 2769 5373 ⁵¹
2810 5358 2877 5393 αα
2904 5358 3013 5391 Olli.
3042 5358 3102 5395 ι),
3134 5358 3198 5387 ἱιυ
3230 5358 3334 5385 Illul
3386 5370 3397 5382 .
3429 5358 3605 5382 ιιυδιιο
3644 5358 3688 5378 υ
3723 5365 3743 5378 .

2329 5419 2384 5474 Β.
2435 5417 2499 5470 ad
2535 5428 2701 5480 marg.
2735 5412 2909 5465 adscr.
2946 5406 3057 5480 B'._
3107 5400 3154 5435 ”
3273 5358 3534 5480 nolimus:
3611 5395 3657 5428 "
3695 5393 3748 5447 Β

2597 5467 2740 5535 3VB“
2772 5493 2942 5546 marg.
2995 5475 3170 5529 adscr.
3205 5472 3244 5524 ἰ.
3291 5486 3337 5523 e.
3377 5467 3750 5537 apecliemata.

2600 5567 2728 5587 unm
2775 5550 2947 5587 micare
2980 5545 3017 5587 ὅ-
3049 5561 3098 5587 ρ-
3126 5539 3452 5587 nrchitim'as.
3560 5533 3608 5565 ³³
3642 5530 3750 5587 δίο

3692 5548 3753 5588 ια

544 4849 562 4879 ¹
585 4844 692 4900 Pro
717 4857 917 4912 quoque
961 4846 1006 4891 et
1051 4835 1103 4887 in
1133 4849 1196 4912 eo
1219 4847 1250 4903 q

471 4888 609 4973 μεθ’
635 4888 934 4967 Iussa.
966 4888 1127 4960 veorr.
1161 4888 1244 4967 ui
1274 4900 1361 4955 ac
1410 4888 1942 4949 dissimilitudinibus.

478 5076 793 5146 conﬁtemur.
829 5079 881 5122 ut
923 5083 1097 5146 super:

480 5134 763 5223 aseiasuali.
777 5134 996 5211 (punct.
1015 5134 1121 5202 adi.
1154 5135 1259 5206 B‘).

481 5264 627 5307 corr.
679 5241 1110 5300 inmaterialibus.
1214 5233 1839 5307 “praedicatulrf—rero
1879 5238 1989 5307 olm.
2032 5219 2094 5274 Β.

480 5316 856 5392 corporalibus.
887 5312 949 5365 B'
982 5292 1521 5392 strpraladscrgcorr;
1539 5300 1602 5392 (ll!)
1626 5292 2058 5392 incgpoiarllib‘us.
2099 5359 2110 5370 _

983 5362 1150 5435 Vree!
1179 5393 1287 5432 om.
1322 5374 1381 5427 Β.
1476 5370 1521 5401 ’θ
1543 5369 1697 5424 Corr.
1726 5362 1807 5428 B‘,
1842 5362 1928 5417 AB
1956 5362 2027 5431 {at

485 5463 530 5493 “
569 5462 700 5514 κως.
730 5471 872 5509 corr.
905 5452 991 5517 θ’,
1035 5450 1122 5503 AB
1146 5459 1221 5501 ut.
1320 5443 1366 5474 ’δ
1386 5434 1917 5517 Ιζῂῃριιςςιιξιξίὶὺιξε..
2009 5431 2027 5459 ¹

2125 5373 2157 5411 ι.
2255 5362 2383 5419 "pe

2127 5442 2161 5479 τ
2187 5438 2295 5476 om.
2329 5419 2384 5474 Β.

2125 5495 2257 5517 00:-
2292 5493 2314 5517 Δ
2376 5488 2384 5517 1

487 5486 530 5493 ’⁷
569 5486 700 5514 Ιὶὶιιι.
730 5486 872 5509 ιῑιιιι.
907 5486 947 5506 υ
1035 5486 1122 5503 ,τυ
1148 5486 1221 5501 υ...
1386 5486 1427 5496 ν
1455 5486 1709 5492 -.-ηηνμρ
1740 5486 1744 5487 ,
1780 5486 1783 5487 ,

482 5492 1073 5596 superhabundant,’sic
1102 5518 1316 5585 ubique.
1418 5511 1463 5542 '°
1486 5508 1576 5563 Sic
1602 5505 1665 5565 C.
1692 5504 1778 5558 AB
1809 5512 1857 5556 et
1890 5502 2025 5570 jam.
2101 5495 2260 5548 “.Sic
2282 5493 2346 5549 A.
2375 5486 2417 5541 Β
2442 5502 2519 5555 gr.
2597 5486 2641 5515 ³⁰
2684 5486 2740 5535 B'
2772 5493 2942 5546 marg.
2995 5486 3170 5529 adscr.
3205 5486 3244 5524 ι.
3291 5486 3337 5523 e.

1102 5586 1140 5596 ..
1297 5582 1350 5596 ...
1434 5578 1471 5596 n
1538 5576 1711 5596 tuo..-
1848 5572 1893 5596 se
1942 5568 2059 5596 ann
2110 5564 2428 5596 2.-...-....:~.-
2480 5555 2539 5596 η’
2569 5567 2729 5596 ennrn
2774 5550 2950 5596 adscr.
2980 5545 3017 5596 ί.
3049 5561 3099 5596 8.
3126 5539 3370 5596 arcltitivi

487 5543 1073 5663 =:'e.:::;tf"r;;:a._i:::
1095 5543 1403 5663 53:225.)...
1432 5578 1474 5634 ο
1487 5543 1778 5663 est:
1809 5543 2027 5663 τί

2125 5543 2539 5640 ὶρχιλ-ὦέίαςξῢ
2569 5567 2730 5621 supra
2774 5543 2950 5603 adscr.
2980 5545 3017 5599 i.
3049 5561 3099 5597 e.
3126 5543 3452 5606 architipias.

2125 5652 2126 5663 η
2326 5631 2382 5663 ιι·
2446 5623 2524 5663 ΔΩ
2552 5622 2928 5663 rnmidprnlas.
3029 5614 3077 5645 ³³
3094 5605 3182 5663 ΑΟ
3208 5608 3452 5663 άὶῆῖηὶιιιι

487 5605 530 5630 ἰ
555 5605 728 5663 (ὶοιι].,
772 5605 811 5648 τι
841 5605 1070 5659 specum,
1103 5605 1143 5640 υ
1173 5605 1403 5655 specula,
1432 5605 1474 5634 υ
1504 5605 1734 5647 specum.
1931 5605 2062 5624 ηυυ
2107 5605 2450 5640 aruum-"
2485 5605 2511 5606 κ
2573 5605 2592 5608 -
2639 5605 2649 5621 ,
3318 5605 3323 5606 ν

487 5666 528 5724 C
556 5675 609 5721 ct
646 5666 757 5719 rad.
794 5677 934 5717 corr.
967 5661 1053 5724 B',
1080 5657 1167 5711 AB
1193 5664 1246 5710 et
1276 5646 1734 5707 in‘materialibus.
1831 5642 1876 5673 ³³
1901 5640 1990 5696 Sic
2012 5639 2051 5693 C
2080 5648 2132 5691 et
2151 5649 2291 5691 corr.
2324 5631 2405 5693 li‘,
2440 5623 2524 5678 AB
2552 5622 2928 5679 consideratus.
3029 5614 3077 5645 ³⁵
3094 5605 3182 5668 ΑΟ
3208 5608 3483 5674 diﬁinitur.

3512 4851 3531 4887 "
3544 4851 3549 4852 γ
3563 4853 3727 4908 Corr.
3814 4851 3824 4859 ’
