3952 6156
223 256 313 315 165
1030 249 1248 305 SUPER
1286 245 1708 302 IERARCHIAM
1751 245 2156 303 CAELES'I'EM
2197 247 2254 302 S.
2292 247 2606 304 DIONYSII.

3344 251 3444 305 H28

220 361 650 421 intellectualibus
692 361 978 416 virtutibus
1020 370 1076 415 et
1117 358 1458 415 sensibilibus
1508 356 1767 412 materiis.
1802 361 1846 434 Α
1876 356 1929 411 in
1960 359 2267 427 primordiis
2315 360 2687 416 conversionis
2732 361 2999 415 humanae
3047 360 3259 414 animae
3296 363 3338 391 "
3381 355 3447 405 =H|

224 456 367 511 Verbi
391 454 579 525 gratia,
610 451 1049 506 irrationabilitas
1095 450 1336 505 defectus
1364 448 1588 504 rationis
1612 456 1695 502 est
1718 448 1773 501 in

218 544 521 600 animalibus
570 542 778 596 ratione
820 540 1164 604 carentibus,
1206 539 1261 594 in
1292 539 1619 595 caelestibus
1643 552 1774 594 vero

218 635 449 692 essentiis
491 632 945 703 supereminentia
976 631 1203 686 rationis
1231 638 1286 684 et
1314 629 1774 699 superratiouabi-

219 730 358 792 litas,
423 740 528 795 qua
574 732 830 795 superant
868 737 1082 778 omnem
1126 721 1390 777 rationem
1436 729 1678 774 nostraet
1720 726 1777 775 et

216 832 433 874 sensum.
470 816 764 886 Sequitur:

276 906 369 978 g5.
398 904 543 958 llaec
571 906 814 974 mystieos
831 902 1093 971 theologos
1113 900 1577 955 inveniemus‘non
1605 898 1776 953 solum

217 999 494 1053 caelestium
538 997 940 1066 dispositionum
976 995 997 1025 ⁸
1038 993 1479 1048 declarationith
1522 989 1776 1045 mirabili—

216 1103 286 1144 ter
297 1090 801 1159 rircumformantes,
822 1088 912 1143 sed
935 1096 981 1142 et
1010 1088 1138 1150 ipsis
1161 1084 1444 1155 aliquando
1467 1083 1774 1137 tltearclticis

216 1178 725 1246 manilestationibus.
742 1176 889 1231 Haec
903 1216 918 1240 ,
936 1174 1128 1244 inquit,
1150 1188 1289 1242 quae
1308 1172 1543 1227 diximus
1564 1171 1631 1225 de
1655 1184 1777 1226 cae-

217 1266 407 1320 lestium
435 1265 855 1320 formationibus
879 1280 945 1321 ex
972 1262 1232 1316 materiae
1260 1261 1504 1331 partibus
1528 1273 1773 1327 assump-

216 1361 291 1423 tis,
326 1375 426 1413 non
461 1358 635 1413 solum
670 1358 970 1412 invenimus
996 1355 1207 1409 divinos
1233 1351 1507 1421 theologos
1533 1351 1776 1404 caelesti—

215 1450 302 1503 bus
327 1448 668 1504 declarandis
711 1446 944 1502 mirabili
973 1446 1131 1499 modo
1158 1441 1633 1504 circumformare,
1680 1456 1773 1494 ve-

215 1556 318 1593 rum
345 1541 509 1594 etiam
533 1538 825 1609 aliquando
864 1538 917 1592 in
962 1536 1093 1606 ipsis
1122 1534 1348 1597 divinis,
1376 1533 1429 1587 id
1458 1543 1579 1596 est,
1607 1533 1660 1586 in
1686 1532 1773 1602 ip-

213 1633 310 1686 sius
331 1645 576 1686 summae
623 1646 688 1685 ac
713 1638 937 1685 sanctae
978 1627 1195 1683 deitatis
1242 1623 1774 1681 manifestationibus

1876 448 2045 503 Deum
2080 464 2236 503 suum
2276 451 2466 520 incipit
2493 450 2649 515 oriri,
2694 451 3027 522 subindeque
3053 451 3448 522 pulcherrimus

1876 537 2130 607 Splendor
2175 539 2474 607 practicae,
2524 539 2719 603 idest,
2750 540 2980 595 actionis
3025 541 3319 605 virtutum,
3349 557 3447 595 au—

1877 643 2111 698 reusque
2161 631 2316 683 rubet
2364 630 2540 701 fulgor
2588 631 2880 702 physicae,
2928 632 3192 687 naturalis
3240 631 3453 688 scilicet

1876 719 2135 773 scientiae
2160 720 2402 774 omuiunt
2432 736 2610 774 rerum
2632 762 2646 783 ,
2697 737 2835 791 quae
2858 720 2981 791 post
3007 724 3173 778 Dcnm
3202 733 3364 787 sunt,
3397 733 3454 778 et

1876 806 1978 862 hoc
2006 816 2215 865 tantum
2245 809 2295 861 in
2339 823 2433 879 spe
2479 810 2693 865 futurae
2722 812 2925 881 gloriae
2956 815 3245 886 peragitur,
3280 825 3336 869 et
3356 831 3449 870 su-

1874 913 1974 967 per
2015 899 2149 953 haec
2189 898 2370 952 omnia
2407 908 2531 969 post
2572 901 2864 954 maximum
2912 903 3185 957 interioris
3219 904 3453 960 hominis

1876 995 2143 1050 luminare
2165 1036 2180 1061 ,
2205 996 2309 1051 hoc
2338 1005 2441 1059 est,
2464 1005 2585 1066 post
2613 996 2865 1050 eximiam
2893 998 3104 1053 divinae
3127 999 3452 1068 Theologiae

1876 1084 2252 1148 luculentiam,
2285 1101 2422 1155 quae
2462 1086 2575 1139 sola
2619 1087 2796 1141 divina
2820 1130 2833 1151 ,
2864 1103 3076 1142 omnem
3118 1089 3453 1144 intellectum

1875 1175 2182 1244 saperantia
2217 1175 2285 1239 ",
2316 1176 2558 1245 gnostica
2590 1175 2788 1230 virtute
2828 1174 3271 1247 ﬂagrantissimae
3311 1178 3454 1234 cari-

1878 1264 2003 1317 tatis
2026 1264 2331 1318 considerat
2361 1282 2374 1317 :
2404 1266 2529 1334 quid
2572 1266 2836 1336 sequitur,
2868 1266 2970 1321 nisi
3014 1268 3182 1337 ipsius
3210 1269 3454 1322 veritatis

1877 1352 2372 1407 incircumvelatum
2422 1354 2635 1419 lumen,
2690 1356 2792 1409 hoc
2831 1365 2944 1421 est,
2989 1357 3133 1410 omni
3190 1357 3454 1413 velamine

1876 1441 2209 1495 sensibilium
2241 1441 2534 1511 ﬁgurarum
2561 1458 2753 1498 carens
2774 1485 2788 1508 ,
2820 1452 2875 1497 et
2892 1459 2992 1514 per
3020 1459 3080 1498 se
3127 1445 3167 1475 “
3200 1444 3375 1514 ipsum
3399 1444 3453 1500 in

1877 1532 2071 1587 divinis
2114 1534 2381 1588 mentibus
2415 1534 2693 1590 altitudine
2724 1535 2768 1567 "
2812 1535 3188 1591 intellectualis
3213 1548 3455 1591 contem-

1877 1623 2130 1692 platiouis
2160 1623 2432 1694 refulgens
2464 1626 2544 1679 u‘?
2575 1625 2643 1681 Et
2669 1627 2875 1683 intuere
2909 1628 3009 1683 has
3044 1635 3154 1683 tres
3192 1628 3454 1698 imagina-

216 1722 468 1792 accipere,
500 1731 561 1775 ut
591 1723 794 1776 eisdem
823 1718 1209 1783 dissimilibus,
1238 1717 1343 1771 hoc
1368 1724 1483 1779 est,
1511 1714 1668 1785 longe
1693 1714 1773 1768 di-
1802 1697 1847 1756 Β
1878 1714 2050 1768 tiones
2075 1713 2291 1768 divinae
2313 1715 2609 1783 sapientiae
2637 1731 2704 1770 ex
2727 1717 3126 1772 sublimissimis
3158 1697 3453 1773 materialis

214 1815 459 1869 stantibus
482 1812 928 1867 similitudinibus
954 1819 1009 1866 et
1031 1810 1179 1879 ipsae
1201 1806 1461 1863 caelestes
1484 1804 1774 1867 essentiae,

214 1914 260 1955 et
300 1903 533 1972 ipsarum
582 1917 790 1956 summa
839 1909 896 1956 et
951 1897 1274 1954 universalis
1312 1895 1588 1959 omnium,
1635 1908 1775 1962 quae

214 2002 351 2053 sunt,
372 2007 539 2046 causa
563 1991 916 2062 signiﬁcetur.
941 1989 1234 2057 Propterea
1265 1985 1524 2055 triplicem
1556 1983 1774 2038 modum

213 2081 403 2136 divinae
424 2082 832 2152 imaginationis
860 2078 1132 2146 subiungit
1161 2078 1348 2132 dicens
1371 2090 1386 2128 :
1416 2085 1463 2131 et
1491 2074 1774 2143 aliquando

210 2174 395 2240 quidem
418 2175 595 2243 ipsam
612 2211 628 2238 ,
653 2170 907 2225 videlicet
933 2170 1220 2232 Deitatem,
1262 2182 1328 2221 ex
1348 2164 1632 2220 luminibus
1657 2180 1776 2233 pre-

213 2264 342 2317 tiosis
366 2263 625 2327 laudant,
662 2272 719 2316 ut
749 2262 770 2294 ³
795 2261 956 2316 solem
990 2260 1232 2329 justitiae
1251 2297 1267 2323 ,
1293 2268 1350 2313 ut
1382 2255 1403 2288 ’⁵
1431 2256 1638 2311 stellam
1661 2272 1773 2310 ma-

207 2356 409 2408 tutinum
437 2357 501 2409 in
536 2356 775 2409 animum
820 2362 998 2407 sancte
1032 2352 1282 2406 orientem
1304 2389 1321 2414 ,
1369 2357 1503 2404 etut
1537 2347 1559 2380 ³
1599 2346 1773 2401 lumen

208 2443 616 2498 ineireumvelate
649 2454 698 2497 et
726 2440 1150 2496 intellectualiter
1175 2437 1527 2508 resplendens.
1579 2434 1724 2490 Haec
1752 2433 1775 2465 ⁸

208 2545 319 2589 sunt
358 2536 791 2606 pretiosissimae
835 2541 893 2588 et
936 2532 1358 2588 sublimissimae
1386 2527 1545 2598 hujus
1589 2526 1771 2581 mundi

118 2678 123 2685 .
205 2638 388 2697 partes.
439 2626 747 2699 Aliquando
795 2642 913 2681 vero
938 2640 1003 2678 ex
1054 2623 1271 2684 mediis,
1317 2621 1420 2675 hoc
1465 2625 1552 2673 est
1587 2616 1772 2677 mundi

206 2718 463 2787 partibus,
498 2728 556 2770 ut
598 2717 771 2788 ignem
808 2717 1033 2769 innocue
1065 2710 1440 2782 splendentem,
1490 2716 1546 2761 ut
1581 2721 1773 2777 aquam

205 2808 360 2862 titulis
406 2807 755 2877 plenitudinis
800 2804 1097 2869 datriccm,‘
1135 2810 1225 2867 et,
1276 2797 1552 2870 symbolice
1597 2797 1775 2851 dicen-

202 2897 375 2963 dum,’
408 2898 464 2950 in
511 2906 745 2950 ventrem
801 2894 823 2927 ⁸
862 2896 1168 2948 subeuntem
1214 2889 1534 2960 ﬂuminaque
1580 2885 1772 2941 redun—

204 2990 397 3041 dantem
448 2986 936 3041 inmensurabiliter
986 2982 1279 3053 reﬂuentia.
1345 2978 1767 3040 Animadverte,

205 3094 349 3147 quam
398 3080 631 3150 pulchre
680 3087 732 3132 et
765 3078 1006 3132 breviter
1047 3074 1258 3145 singula
1289 3072 1532 3141 exponit.
1586 3069 1762 3139 Siqui-

205 3173 312 3224 dem
348 3170 370 3199 ‘
397 3172 478 3226 sol
511 3171 619 3225 iste
649 3170 875 3223 visibilis
895 3209 910 3231 ,
946 3169 1115 3238 ipsius
1143 3165 1275 3220 solis
1304 3162 1586 3219 invisibilis
1619 3161 1772 3229 iusti-

205 3261 301 3317 tiae
324 3263 504 3332 imago
542 3270 665 3324 est,
693 3270 749 3316 et
775 3259 926 3314 stella
969 3257 1233 3313 matutina
1261 3255 1302 3288 ⁸⁸
1354 3269 1479 3309 mox
1508 3254 1562 3309 in
1590 3252 1772 3307 animo

205 3351 424 3407 ﬁdelium
476 3354 713 3408 orientis
740 3360 962 3406 sanctae
1000 3346 1411 3403 illuminationis
1448 3360 1548 3415 per
1589 3344 1769 3399 ﬁdem.

202 3440 364 3497 Prima
389 3445 667 3514 siquidem
718 3439 1054 3495 rationabilis
1093 3439 1307 3492 animae
1347 3437 1415 3491 ad
1462 3442 1771 3490 creatorem

203 3534 461 3588 redeuntis
498 3531 828 3586 illuminatio
860 3539 945 3584 est
970 3528 1169 3583 donum
1195 3526 1351 3590 ﬁdei,
1391 3522 1533 3593 quod
1559 3536 1656 3592 per
1685 3536 1771 3576 sa-

203 3633 461 3678 cramenta
493 3622 842 3694 baptismatis
876 3629 932 3675 et
966 3620 1126 3673 datur
1158 3623 1215 3672 et
1234 3614 1589 3685 significatur.
1616 3612 1771 3666 Ideo-

201 3727 295 3780 Itue
319 3730 423 3769 non
443 3715 748 3783 incongrue
768 3711 903 3765 ﬁdes
921 3722 1163 3764 summae
1186 3715 1243 3761 et
1264 3702 1633 3760 coessentialis
1654 3700 1771 3755 Tri-

202 3803 403 3869 nitatis,
447 3819 597 3874 quae
628 3802 879 3871 primitus
917 3801 970 3854 in
1014 3799 1195 3853 anima
1244 3794 1481 3851 ﬁdelium
1513 3791 1688 3861 surgit
1713 3800 1771 3846 et

202 3905 435 3964 apparet,
465 3896 575 3951 sub
603 3890 1118 3966 symbololuciferac
1136 3887 1325 3944 stellae
1345 3904 1377 3940 a
1395 3885 1600 3940 sanctis
1620 3883 1769 3938 theo-

203 3980 324 4052 logis
350 3985 625 4049 inanitur,
661 3996 825 4052 quam
853 3980 1063 4036 stellam
1107 3979 1388 4049 mysticam
1417 3974 1562 4030 clara
1592 3971 1771 4042 sequi-

202 4081 280 4126 tur
298 4089 490 4129 anrora
511 4115 525 4138 ,
568 4074 830 4143 splendor
856 4070 1106 4126 videlicet
1140 4068 1368 4123 actionis
1410 4074 1467 4121 et
1507 4065 1770 4119 scientiae

202 4161 249 4213 in
273 4177 362 4230 spe
383 4162 771 4218 robustissima
794 4160 1009 4215 futurae
1039 4155 1409 4220 beatitudinis,
1441 4153 1637 4210 deinde
1664 4152 1766 4218 sol,

200 4249 481 4306 clarissima
500 4249 751 4322 profecto
773 4249 984 4319 species
1005 4262 1251 4303 summae
1265 4262 1330 4301 ac
1344 4253 1567 4301 sanctae
1595 4242 1770 4301 Theo-

202 4345 413 4409 pbaniae
447 4345 694 4407 relucet,
715 4352 771 4398 et
801 4340 1199 4397 ferventissime
1242 4340 1415 4394 virtus
1439 4338 1655 4393 divinae
1680 4352 1769 4393 ca-

200 4434 360 4490 ritatis
385 4437 439 4490 in
469 4437 563 4490 his
583 4476 600 4499 ,
625 4435 717 4504 qui
742 4434 918 4503 ipsam
947 4432 1229 4487 veritatem
1258 4437 1314 4484 et
1336 4427 1769 4498 contemplantur

198 4534 248 4580 et
270 4527 525 4599 diligunt,
576 4525 866 4582 ineﬂ‘abilis
894 4525 1101 4595 gratiae
1148 4524 1345 4581 ardore
1386 4523 1626 4588 incensi,
1650 4522 1767 4593 pul-

200 4615 490 4674 chritudine
511 4619 724 4673 allecti.
764 4618 830 4672 Et
853 4618 959 4672 hoc
993 4626 1077 4671 est
1093 4617 1238 4686 quod
1264 4616 1376 4670 ait:
1407 4622 1467 4696 ut
1488 4615 1665 4670 lumen
1688 4614 1768 4669 in-

200 4708 571 4765 circumvelate
622 4719 678 4766 et
724 4709 1160 4765 intellectualiter
1212 4708 1577 4777 resplendens.
1627 4707 1765 4761 Dum

200 4800 324 4855 enim
346 4802 657 4859 clarissima
686 4801 811 4858 ﬁdei
839 4801 992 4857 stella
1023 4801 1078 4855 in
1108 4799 1388 4873 matutinis
1410 4794 1431 4865 ,'
1460 4799 1562 4853 hoc
1585 4807 1668 4852 est
1699 4797 1765 4861 ¹¹,

1877 1803 2035 1871 huius
2064 1805 2246 1859 mundi
2283 1806 2530 1876 partibus
2563 1807 2929 1874 introductus,
2962 1807 3129 1863 solem
3156 1808 3409 1864 videlicet
3435 1849 3450 1869 ,

1875 1903 1930 1947 et
1965 1893 2280 1959 luciferum,
2308 1897 2732 1966 aethereumque
2760 1898 2972 1964 lumen,
3015 1899 3156 1968 quod
3187 1899 3383 1969 ubique
3406 1897 3450 1929 ιτ

1875 2001 2088 2055 semper
2129 1987 2404 2057 splendet,
2445 1989 2700 2059 nullaque
2747 1989 2791 2022 ³⁸
2832 1991 3173 2045 tenebrarum
3220 1989 3453 2060 caligine

1873 2076 2247 2142 obumbratur,
2284 2078 2430 2134 nullo
2458 2078 2501 2110 ¹⁹
2540 2088 2876 2135 terrenorum
2914 2095 3202 2150 corporum
3234 2078 3453 2134 seuali-

1874 2180 1979 2234 qua
2006 2167 2146 2221 mole
2175 2168 2704 2237 circumscriptornm
2728 2170 3007 2225 obstaculo
3031 2169 3337 2238 impeditur,
3356 2170 3451 2224 sed

1874 2254 2103 2309 liberum
2134 2258 2332 2327 ubique
2371 2259 2832 2328 purissimumque
2858 2259 3193 2314 diﬂunditur.
3223 2260 3303 2313 Ex
3338 2273 3450 2313 me-

1874 2342 1978 2398 diis
2013 2354 2190 2398 autent
2222 2347 2401 2400 mundi
2432 2346 2710 2415 partibus,
2745 2349 2850 2404 hoc
2878 2357 2991 2413 est,
3023 2364 3092 2403 ex
3121 2363 3247 2402 aere
3277 2348 3454 2402 humi-

1875 2435 2052 2505 doque
2078 2437 2345 2493 elemento
2379 2439 2516 2494 duas
2536 2439 2917 2495 similitudines
2943 2439 3247 2511 Theologus
3268 2454 3452 2496 susce-

1873 2529 1956 2598 pit
1980 2528 2047 2593 '°,
2082 2528 2256 2599 ignem
2284 2528 2443 2598 plane
2474 2538 2529 2585 et
2568 2546 2785 2600 aquam.
2813 2530 2872 2586 In
2903 2532 3272 2602 superioribus
3297 2547 3452 2586 nam-

1875 2630 1981 2687 que
2006 2619 2147 2672 aeris
2168 2618 2447 2688 partibus,
2482 2620 2575 2690 qui
2605 2621 2650 2651 “
2687 2620 2958 2676 aethereis
2996 2620 3183 2690 spatiis
3211 2619 3455 2691 adiungi-

1878 2716 1987 2771 tur,
2025 2706 2269 2763 ﬂammas
2293 2708 2554 2764 innocuas
2573 2724 2694 2765 esse
2727 2711 2935 2782 physici
2974 2712 3259 2766 alﬁrmaut.
3289 2711 3449 2766 luno-

1876 2812 2011 2852 cuae
2040 2799 2083 2829 ³²
2104 2813 2233 2853 vero
2261 2807 2544 2868 propterea
2576 2808 2702 2855 sunt
2721 2841 2736 2865 ,
2767 2801 2893 2871 quia
2925 2801 3122 2854 nttllam
3157 2802 3450 2871 corpulenc

1877 2890 2039 2954 tiam,
2072 2890 2251 2959 inqua
2298 2892 2553 2957 ardeant,
2592 2893 2721 2946 inibi
2765 2894 3039 2962 reperiunt
3082 2895 3151 2959 ’³,
3195 2876 3451 2965 quoniam

1878 2979 2228 3035 tenuissimus
2252 2980 2471 3048 spiritus
2512 2980 2566 3034 in
2607 2982 2940 3037 sublimitate
2986 2984 3128 3038 aeris
3152 2985 3311 3054 hujus
3336 2985 3449 3039 cir-

1880 3071 2224 3125 cumlabitur.
2255 3072 2357 3140 Qui
2384 3072 2554 3142 ignis,
2578 3082 2637 3128 ut
2666 3074 2924 3140 arbitror,
2952 3074 3125 3145 ipsum
3154 3074 3448 3146 imaginat,

1880 3164 1971 3233 qui
1998 3163 2063 3217 de
2089 3163 2266 3233 seipso
2308 3164 2422 3218 ait:
2457 3183 2476 3215 σ
2528 3164 2640 3235 Ego
2682 3180 2801 3220 sum
2847 3166 2985 3237 ignis
3029 3181 3356 3223 consumens
3399 3184 3446 3222 ε.

1881 3252 2104 3307 Summa
2130 3253 2392 3323 siquidem
2419 3270 2483 3310 ac
2526 3264 2710 3310 sancta
2749 3255 2988 3312 Trinitas
3016 3257 3158 3312 Deus
3183 3274 3320 3313 unus
3348 3258 3450 3314 hu-

1880 3361 2069 3403 manos
2102 3347 2341 3412 animos,
2378 3348 2429 3401 in
2464 3350 2660 3418 quibus
2685 3349 2927 3417 habitat,
2960 3351 3012 3405 in
3041 3366 3100 3406 se
3123 3351 3293 3422 ipsum
3315 3367 3449 3407 con-

1879 3437 2043 3490 vertit
2069 3445 2228 3507 atqne
2256 3440 2564 3503 consumit,
2596 3455 2701 3494 non
2738 3447 2797 3493 ut
2823 3441 2903 3494 eis
2935 3451 3160 3506 noceat,
3189 3443 3280 3498 sed
3312 3451 3369 3497 ttt
3396 3443 3449 3497 in

1878 3526 1957 3580 eis
1984 3526 2128 3582 solus
2175 3537 2463 3596 appareat,
2494 3543 2599 3582 non
2654 3538 2711 3583 ut
2762 3540 3045 3586 consumat
3087 3546 3276 3586 eorum
3325 3534 3446 3589 sub-

1877 3618 2129 3670 stantiam
2152 3658 2167 3682 ,
2197 3617 2292 3672 sed
2313 3626 2371 3671 ut
2395 3618 2637 3688 perﬁciat
2661 3634 2850 3675 eorum
2875 3623 3279 3678 beatitudinem.
3298 3624 3450 3694 Aqua

1877 3709 2040 3762 etiam
2066 3708 2245 3764 vitalis
2273 3718 2356 3764 est
2379 3710 2654 3779 plenitudo
2675 3712 2915 3767 internae
2938 3714 3259 3783 sapientiae,
3284 3729 3443 3784 quae,

1877 3801 2003 3854 dum
2035 3800 2210 3870 primo
2235 3800 2443 3855 occulte
2474 3810 2528 3855 et
2559 3801 2902 3858 invisibiliter
2925 3804 2977 3858 in
3002 3804 3182 3869 abdita
3215 3805 3452 3860 rationa-

1876 3887 1943 3942 lis
1970 3888 2182 3944 animae
2203 3928 2217 3952 ,
2252 3889 2397 3944 velut
2421 3889 2474 3943 in
2517 3893 2786 3959 quendam
2816 3901 3061 3948 ventrem
3107 3893 3285 3960 subit,
3313 3893 3451 3948 inef-

1878 3980 2025 4035 fabili
2056 3991 2233 4035 meatu
2275 3981 2439 4035 veluti
2465 3980 2513 4013 “
2551 3982 2606 4035 in
2632 3993 2819 4053 aperta
2854 3982 3074 4039 ﬁumina
3105 3986 3365 4041 virtutum
3391 3994 3451 4041 et

1877 4071 2314 4127 inmensurabilia
2358 4073 2661 4128 divinorum
2687 4074 2997 4145 dogmatum
3021 4074 3217 4131 ﬂuenta
3244 4077 3447 4132 redun-

1875 4165 1987 4217 dat.
2010 4162 2148 4218 llinc
2174 4172 2258 4219 est
2280 4165 2421 4232 quod
2444 4164 2704 4219 Dominus
2724 4167 2836 4220 ait:
2867 4185 2886 4219 t
2913 4168 3003 4238 qui
3027 4166 3198 4223 credit
3221 4169 3273 4224 in
3302 4183 3446 4235 mea,

1873 4253 2015 4309 sicut
2038 4253 2169 4308 dicit
2194 4253 2493 4324 Scriptura,
2528 4275 2547 4307 ι
2580 4255 2800 4311 ﬂumina
2823 4259 2890 4312 de
2918 4267 3109 4314 ventre
3134 4258 3251 4328 ejus
3280 4259 3448 4317 ﬂuent

1874 4359 2045 4414 aquae
2068 4346 2224 4401 vivae
2256 4365 2301 4399 ι.
2333 4346 2626 4416 Sequitur:
2666 4347 2952 4417 aliquando
2981 4360 3155 4405 autem
3189 4368 3255 4406 ea:
3276 4355 3449 4408 novis~

1870 4436 2016 4491 simis
2036 4475 2051 4502 ,
2079 4447 2135 4490 ut
2163 4446 2486 4506 unguentum
2525 4454 2713 4504 suave,
2746 4447 2800 4492 ut
2842 4438 3068 4507 lapidem
3112 4442 3444 4512 angularem.

1871 4522 1978 4581 Sed
2005 4534 2052 4579 et
2079 4524 2342 4579 bestialem
2372 4526 2472 4595 ipsi
2501 4525 2729 4594 formam
2755 4526 3175 4597 circumponunt,
3205 4539 3252 4584 et
3283 4529 3448 4587 leonis

1868 4616 1915 4669 ei
1940 4624 1991 4675 et
2037 4615 2303 4683 pantheris
2347 4615 2392 4648 ⁸⁸
2438 4616 2657 4686 speciem
2708 4617 2754 4648 ’⁸
2779 4626 3055 4687 eoaptant,
3104 4631 3152 4674 et
3200 4623 3450 4690 pardalin

1870 4720 1988 4765 eam
2018 4705 2061 4735 ’⁷
2093 4706 2316 4758 vestiunt
2344 4715 2391 4758 et
2416 4721 2594 4759 ursam
2624 4706 2952 4761 saevientem.
2983 4705 3113 4762 Post
3143 4711 3449 4765 mediarum

1875 4794 2057 4849 mundi
2087 4795 2320 4864 partium
2350 4796 2761 4867 imaginationes
2786 4810 3178 4868 consequenter
3211 4800 3448 4857 novissi-

1466 4927 1720 4986 V'ARIAE
1755 4925 2156 4987 LECTIONES.

254 5049 271 5079 ¹
302 5047 391 5120 Sic
431 5059 788 5120 texttgraec.
829 5056 885 5120 et
910 5048 1130 5113 versio;
1160 5045 1251 5120 ᾼΒ
1303 5045 1611 5120 invenimus.

196 5116 248 5169 ll.
312 5119 335 5150 ⁸
374 5119 461 5175 Sit
508 5114 672 5175 ΑΒΕ.
779 5120 801 5151 ⁷
837 5117 901 5172 Β⁴
951 5133 1093 5172 corr.
1144 5114 1354 5170 videtur
1395 5114 1632 5168 dicendo.

199 5186 235 5217 ¹”
264 5188 351 5244 Sic
371 5191 433 5258 C,
461 5190 510 5245 Α
536 5188 749 5243 stellam
778 5188 1112 5249 matutinum,
1143 5184 1185 5241 Β
1214 5184 1416 5273 stellam
1441 5186 1749 5269 matutinum
1783 5184 1990 5255 (punct.
2018 5184 2081 5239 B'
2112 5187 2219 5257 atlj.
2247 5188 2501 5260 videtur).
2590 5187 2631 5219 “
2670 5197 2741 5241 est
2781 5200 2889 5242 om.
2940 5190 3048 5243 AB.

1712 5045 1733 5075 ¹
1760 5043 1802 5097 Α
1834 5045 2241 5113 dispositionem.
2317 5045 2339 5077 ³
2392 5045 2481 5102 Sic
2509 5044 2572 5111 C,
2606 5047 2692 5101 AB
2717 5057 2785 5100 et.

1727 5114 1750 5146 ⁸
1781 5114 1872 5167 Sic
1917 5113 1957 5169 C
1998 5123 2051 5168 et
2098 5131 2244 5171 corr.
2289 5115 2372 5181 B‘,
2413 5116 2501 5171 AB
2536 5117 2783 5170 invenire.

2884 5047 2906 5079 ⁸
2954 5048 2994 5102 Β
3027 5058 3094 5104 et.
3172 5051 3195 5084 '
3234 5062 3289 5107 ut
3332 5067 3441 5110 om.

2888 5119 2909 5150 ⁹
3100 5121 3440 5204 Si_qnidem.

3154 5192 3197 5223 ¹⁹
3220 5192 3295 5247 Vin
3332 5210 3447 5245 nm-

193 5282 637 5353 latinis-animae
662 5294 776 5353 om.
789 5277 866 5353 _B.
946 5279 989 5311 ¹⁸
1011 5258 1533 5353 Ορηξημᾼρυρὲταηε
1555 5293 1586 5353 a
1606 5258 1860 5353 gnostica,
1960 5287 2206 5353 superant
2236 5258 2597 5353 agno_stica,_(_l
2608 5291 2817 5353 superat
2855 5280 3096 5353 gnostica
3127 5281 3324 5353 virtute
3348 5278 3445 5333 ﬂa-

193 5351 547 5415 grantissime,
578 5360 684 5405 eet.
764 5348 883 5404 “se
917 5365 1029 5405 om.
1054 5345 1139 5402 ΒΣ
1196 5348 1241 5382 ⁸⁸
1268 5348 1327 5401 Β·
1350 5345 1494 5403 corr.
1527 5345 1768 5405 altitudo.

196 5419 232 5449 “
264 5419 348 5474 ΑΒ
392 5420 655 5490 nulloque
695 5429 735 5473 t.
765 5420 925 5489 calig.

1874 5343 1918 5375 ¹⁰
1943 5343 2200 5420 refulgens
2221 5343 2330 5404 om.
2352 5348 2430 5420 B.
2496 5350 2535 5381 ¹⁷
2561 5349 2603 5402 Β
2626 5343 2732 5413 ubi,
2756 5350 2816 5403 B'
2842 5343 3003 5420 supra
3026 5352 3202 5405 adscr.
3232 5350 3440 5417 ubique.

1029 5419 1072 5492 "_
1112 5418 1155 5473 B
1179 5418 1452 5492 nulloque.
1517 5416 1561 5447 ¹⁰
1586 5416 1628 5469 Β
1673 5415 1888 5492 accepit.
1956 5419 2005 5492 _“
2127 5437 2250 5480 qua.
2327 5419 2470 5492 "B‘
2507 5436 2678 5492 marg.
2724 5415 2923 5475 adscrf
2947 5415 3446 5492 Argumentumiltic

193 5492 313 5555 Quod
352 5493 488 5559 ignis
533 5487 595 5544 in
627 5499 772 5554 parte
812 5487 1070 5558 superiori
1095 5507 1199 5543 non
1221 5487 1607 5560 comburitAnec
1641 5488 1820 5560 ardet,
1876 5489 1965 5542 sed
2000 5489 2170 5560 solum
2217 5491 2468 5559 splendet.
2499 5487 2765 5560 quia'non
2817 5487 3121 5560 itwenit'ibi
3165 5491 3444 5543 materiam

191 5555 534 5640 rorm'cntam
553 5603 570 5622 ,
605 5562 657 5613 in
685 5576 841 5640 quam
871 5555 991 5640 agat
1019 5559 1384 5640 combttreit'do.
1460 5555 1508 5640 ’ξ
1623 5556 1934 5622 repperiuut.

194 5629 231 5657 ¹’
269 5625 404 5685 Had.
442 5647 600 5686 corr.
632 5625 723 5694 ll";
750 5631 789 5682 Λ
816 5625 1089 5699 specimen.
1164 5631 1207 5660 ³⁷
1240 5628 1346 5681 ΑΒ.
1376 5625 1764 5697 pardalitzeam.

2038 5558 2083 5591 ’ὀ
2119 5562 2164 5614 A
2194 5558 2345 5616 velut.
2425 5563 2469 5593 ³³
2499 5558 2558 5615 B'
2607 5576 2775 5631 marg.
2814 5561 2989 5615 adscr.
3026 5559 3101 5615 rel
3138 5563 3443 5631 pantherae.
