3952 6156
469 275 568 330 in?
633 249 641 257 κ

1590 257 2084 318 EXPOSITIONES
2120 253 2402 312 JOANNIS
2441 249 2634 310 SCOTI

3615 244 3716 302 163

474 403 682 444 marum
726 384 1091 456 paradigmata
1133 383 1451 438 subduntur.
1486 377 1821 433 Novissimae
1859 383 2038 428 autem
2068 376 2113 433 Α
2143 369 2280 441 gulis
2327 370 2379 422 in
2416 367 2568 422 libris
2624 367 2743 441 περὶ
2791 365 2990 437 φύσεων
3045 361 3088 392 ¹⁸
3132 360 3293 415 latius
3344 361 3716 415 tractavimus.

473 485 655 540 mundi
684 493 864 554 partes
889 489 1011 537 sunt
1029 521 1042 544 ,
1070 495 1207 548 quae
1239 487 1486 532 terrenae
1513 475 1670 530 molis
1706 474 2041 529 constituun-

475 589 561 631 tur
600 577 614 607 ¹
645 575 1027 632 constitutione
1062 573 1104 626 ³.
1153 570 1332 638 Quae,
1371 569 1617 639 quamvis
1651 569 1705 623 in
1735 576 1928 623 natura
1964 567 2042 620 vi-

474 669 709 728 sibilium
737 667 1087 722 novissimum
1132 672 1294 731 atque
1341 661 1505 716 veluti
1537 660 1859 716 vilissimum
1901 659 2044 713 obti-

477 773 605 817 nent
629 762 650 792 ⁸
676 761 849 814 locum
869 799 884 824 ,
906 758 1104 810 virtute
1131 764 1306 810 tamen
1343 753 1642 808 divinarum
1673 766 1852 806 rerum
1878 750 2046 822 signi-

477 856 740 910 ficationis
767 869 871 907 non
897 861 1018 907 sunt
1042 850 1334 906 novissima
1352 891 1366 915 ,
1394 849 1488 905 sed
1512 849 1724 904 excelsa
1760 857 1816 904 et
1843 849 2046 902 incom-

476 945 884 1018 prehensibilia,
913 952 968 999 et
992 943 1224 998 maxime
1249 942 1527 1012 utriusque
1549 940 1570 972 ⁵
1610 949 1834 994 naturae
1860 939 2046 1007 unige-

477 1037 572 1090 niti
599 1037 688 1089 ﬁlii
713 1034 805 1088 Dei
829 1034 1030 1088 domini
1071 1040 1128 1087 et
1169 1032 1457 1087 salvatoris
1491 1032 1660 1085 nostri
1690 1029 1815 1084 Jesu
1846 1027 2044 1084 Christi

477 1135 852 1205 signiﬁcativa.
912 1131 1256 1202 Unguentum
1302 1131 1323 1161 ⁸
1362 1130 1541 1198 itaque
1592 1141 1755 1182 suave
1799 1127 2046 1180 Christus

476 1235 588 1292 est,
619 1227 669 1280 in
692 1227 842 1292 cujus
869 1223 1099 1292 imagine
1126 1222 1224 1275 sub
1253 1220 1421 1290 ﬁgura
1445 1217 1716 1272 Ecclesiae
1740 1217 1816 1270 ait
1845 1214 2048 1270 theolo-

478 1317 592 1386 gia:
618 1336 634 1367 ι
657 1316 781 1370 dum
797 1320 937 1368 esset
961 1327 1052 1366 rex
1067 1312 1120 1365 in
1137 1310 1382 1366 accubitu
1401 1324 1520 1373 suo,
1541 1307 1738 1363 nardus
1752 1308 1804 1361 in
1825 1322 1888 1361 ea
1906 1305 2051 1359 dedit

477 1417 700 1471 odorem
723 1428 876 1468 suum
908 1431 952 1464 ι.
977 1410 1116 1482 Lege
1141 1408 1420 1480 mysticam
1445 1406 1717 1471 feminam,
1740 1421 1879 1475 quae
1895 1403 2051 1474 paulo

480 1520 606 1566 aute
622 1510 924 1582 passionem
942 1505 1077 1561 fudit
1093 1504 1421 1560 alabastrum
1446 1502 1467 1533 °
1485 1503 1535 1556 in
1551 1502 1726 1572 capite
1748 1499 1983 1563 Domini,
1999 1506 2054 1552 et

481 1610 699 1682 impleta
713 1609 999 1663 estdomus
1011 1605 1194 1672 odore,
1212 1605 1314 1658 hoc
1325 1611 1588 1667 est,~totus
1604 1602 1830 1655 mundus
1847 1600 2050 1655 suavis-

2141 460 2258 530 Ipse
2281 466 2364 512 est
2391 457 2473 512 leo
2495 457 2562 511 de
2583 455 2724 510 tribu
2751 453 2909 517 Juda,
2935 451 3027 522 qui
3056 451 3224 504 vincit
3251 449 3509 503 mundum
3532 450 3721 519 ipsius-

2141 563 2246 619 que
2298 547 2614 617 principem.
2668 543 2726 599 In
2784 543 2958 598 forma
3009 541 3205 610 quippe
3246 539 3418 594 leonis
3462 539 3723 594 fortitudo

2141 640 2340 695 Christi
2361 637 2701 708 exprimitur,
2725 645 2778 691 et
2801 634 2951 689 furor
2971 631 3381 694 irrationabilis,
3403 646 3510 701 quo
3533 633 3725 686 adver-

2143 741 2330 787 santes
2357 731 2512 784 nobis
2536 730 2748 798 iniquas
2772 734 3090 796 potestates,
3118 724 3409 792 omniaque
3435 723 3728 778 virtutibus

2143 819 2390 889 opposita
2414 818 2718 874 contemnit
2739 818 2781 849 ⁸⁷
2811 817 3135 886 penitusque
3161 814 3441 869 interimit.
3469 814 3728 886 Mysticus

2143 923 2356 978 quoque
2405 906 2653 976 pantheri
2721 905 2766 936 ¹⁸
2813 913 2914 959 est.
2977 903 3230 957 Pantheri
3283 903 3480 971 quippe
3529 903 3729 957 dicitur

2146 1005 2298 1075 quasi
2338 1004 2592 1071 panther,
2619 1003 2724 1057 hoc
2771 1009 2855 1056 est
2902 997 3313 1054 bestialissimus
3344 1013 3358 1060 ;
3393 995 3728 1052 ferocissima

2145 1097 2288 1152 enim
2312 1095 2552 1150 omnium
2578 1093 2872 1149 bestiarum
2913 1100 3015 1144 est.
3049 1089 3200 1156 Quae
3241 1087 3412 1158 ﬁgura
3441 1086 3731 1156 dupliciter

2148 1186 2202 1240 in
2230 1184 2446 1241 Christo
2495 1183 2810 1253 intelligitur
2859 1196 2874 1234 :
2905 1191 2998 1234 aut
3027 1180 3171 1234 enim
3219 1194 3249 1233 e
3282 1179 3558 1234 contrario
3584 1180 3731 1232 acci-

2149 1273 2314 1345 p'itur,
2350 1283 2409 1329 ut
2438 1289 2533 1343 per
2555 1273 2778 1326 nimiam
2809 1270 2978 1340 ipsius
3003 1270 3210 1324 bestiae
3233 1267 3567 1322 ferocitatem
3602 1266 3735 1320 inef-

2151 1365 2333 1421 fabilis
2383 1365 2597 1418 divinae
2645 1362 2860 1432 pietatis
2923 1359 3209 1415 clementia
3258 1367 3308 1412 et
3353 1359 3731 1419 mansuetudo,

2152 1470 2257 1524 qua
2297 1453 2409 1507 vult
2436 1453 2477 1485 ι’
2509 1466 2702 1522 omnes
2727 1450 2972 1505 homines
3000 1449 3176 1502 salvos
3198 1446 3314 1501 ﬁeri
3333 1456 3386 1500 et
3418 1447 3472 1499 in
3498 1446 3732 1515 agnitio.

2154 1561 2276 1601 nem
2309 1545 2552 1599 veritatis
2581 1544 2788 1606 venire,
2820 1541 3174 1612 signiﬁcetur,
3203 1547 3296 1593 aut
3340 1538 3384 1569 ²⁰
3427 1552 3524 1606 per
3565 1548 3738 1590 meta-

2153 1637 2379 1705 phoram
2409 1633 2759 1687 saevissimae
2785 1631 2991 1684 bestiae
3025 1629 3174 1684 zelus
3197 1627 3412 1681 divinae
3453 1627 3734 1688 bonitatis,

483 1705 618 1759 sima
670 1700 912 1755 doctrina
966 1696 1230 1767 passionis
1279 1695 1487 1749 Domini
1538 1702 1591 1747 et
1641 1692 2052 1748 resurrectionis
2083 1714 2126 1772 Β
2154 1692 2328 1796 Am“
2355 1725 2646 1778 devora“,
2673 1731 2728 1776 et
2754 1721 3026 1776 consumit
3068 1734 3256 1775 omnes
3289 1717 3486 1772 ferales
3511 1717 3736 1771 eum-

482 1807 894 1860 ceterarumque
937 1797 1222 1852 virtutum,
1266 1802 1402 1856 quae
1443 1794 1659 1856 pr0pter
1706 1799 1804 1839 nos
1829 1785 2055 1854 peregit,

483 1884 718 1954 repletus
744 1890 843 1936 est.
876 1879 989 1934 Hoc
1019 1878 1302 1948 mysticum
1335 1885 1662 1946 unguentum
1693 1874 1746 1927 in
1775 1889 2059 1930 consecra-

488 1979 632 2030 tione
656 1973 928 2030 crismatis
957 1970 1221 2025 catholica
1248 1967 1521 2036 componit
1563 1965 1822 2021 Ecclesia.
1854 1965 2016 2034 Lapis
2035 1968 2054 1998 "

487 2066 757 2138 angularis
778 2063 1024 2118 Christus
1046 2070 1146 2114 est.
1172 2073 1332 2128 quem
1355 2055 1541 2110 Judaei
1563 2055 1751 2124 perﬁdi
1780 2063 2057 2123 respuunt,

487 2165 579 2218 sed
607 2160 877 2231 angularis
904 2156 1056 2211 nobis
1083 2154 1256 2208 factus
1283 2161 1384 2206 est.
1431 2149 1488 2203 In
1516 2149 1631 2220 ipso
1669 2149 1811 2204 enim
1842 2146 2062 2216 conjun-

488 2257 632 2325 gitur
654 2251 890 2308 Ecclesia
917 2263 982 2303 ex
1013 2247 1214 2302 Judaea
1245 2253 1298 2299 et.
1325 2243 1570 2314 gentibus
1592 2239 1836 2295 collecta.
1869 2237 1924 2291 In
1948 2239 2062 2306 ipso

491 2343 773 2399 rationalis
813 2351 863 2396 et
892 2336 1284 2398 intellectualis,
1320 2331 1556 2403 angelica
1611 2328 1860 2383 videlicet
1885 2337 1938 2380 et
1965 2329 2065 2380 hu-

493 2453 648 2490 mana
691 2443 884 2489 natura
908 2445 1072 2484 unum
1111 2428 1250 2482 facta
1277 2433 1378 2480 est.
1410 2425 1524 2492 Ipse
1550 2429 1633 2476 est
1675 2419 1816 2475 enim
1842 2435 1943 2488 pax
1970 2433 2064 2472 no-

491 2541 628 2594 stra,
673 2527 763 2598 qui
815 2526 937 2580 fecit
974 2534 1200 2590 utraque
1241 2533 1428 2572 unum.
1480 2515 1537 2569 lu
1570 2516 1685 2584 ipso
1719 2512 1970 2566 divinitas
2012 2519 2068 2564 et

493 2618 818 2678 immanitas,
846 2614 1066 2668 verbum
1095 2621 1148 2666 et
1176 2624 1322 2670 caro,
1357 2621 1460 2660 una
1504 2601 1804 2658 substantia
1838 2600 1888 2653 in
1937 2599 2062 2651 dua-

495 2711 595 2765 bus
631 2708 653 2740 ⁸
685 2705 892 2761 naturis
936 2700 1120 2756 effecta
1158 2699 1200 2751 ⁹.
1235 2698 1300 2751 Et
1348 2695 1470 2765 quis
1510 2693 1732 2747 idoneus
1765 2699 1865 2750 est,
1897 2703 2066 2756 angu-

477 2801 765 2854 lusitatem
813 2796 854 2826 ¹⁹
909 2793 1106 2849 Christi
1151 2791 1310 2860 digne
1351 2781 1684 2855 explanare?
1731 2781 1859 2835 dum
1907 2793 2067 2849 prae‘

500 2902 580 2945 ter
609 2891 648 2920 “
680 2884 820 2957 quod
845 2884 1079 2938 diximus
1122 2879 1187 2934 de
1210 2875 1535 2933 adunatione
1566 2868 1995 2927 circumcisionis
2015 2875 2071 2921 et

497 2978 761 3052 praeputii
797 2975 1109 3031 caelestium
1152 2972 1278 3025 item
1332 2965 1804 3032 terrestriumque,
1834 2961 1937 3016 hoc
1963 2967 2067 3023 est,

499 3067 878 3126 intellectualis
927 3072 982 3119 et
1011 3060 1289 3116 rationalis
1319 3068 1598 3113 creaturae
1643 3056 1696 3109 in
1749 3068 1912 3108 unam
1935 3052 2073 3107 divi-
2101 3062 2143 3121 ε

501 3178 626 3219 nam
651 3176 712 3215 ac
737 3171 1004 3214 summam
1050 3153 1345 3214 civitatem,
1372 3163 1470 3202 nec
1494 3162 1599 3200 non
1655 3143 1868 3198 deitatis
1893 3150 1946 3194 et
1971 3141 2073 3194 hu-

500 3251 777 3309 manitatis
807 3247 858 3301 in
903 3246 1042 3315 ipso,
1085 3239 1398 3310 quintuplex
1442 3237 1610 3305 ipsius
1644 3232 2018 3303 angularitatis
2045 3245 2075 3284 a

502 3341 705 3400 sanctis
733 3336 984 3391 l’atribus
1035 3331 1266 3386 traditur
1292 3329 1502 3383 modus.
1555 3325 1672 3394 lpse
1726 3323 1988 3393 siquidem
2023 3321 2074 3374 in

503 3444 680 3512 seipso
732 3447 1018 3505 utrumque
1071 3446 1281 3495 sexum,
1318 3426 1672 3482 masculinum
1723 3423 1972 3479 videlicet
2025 3429 2081 3476 et

506 3538 840 3598 femininum,
872 3534 924 3587 in
974 3529 1370 3599 simplicitatem
1419 3523 1632 3579 divinae
1685 3520 1955 3591 imaginis,
1997 3533 2080 3574 se-

504 3630 739 3686 cundum
788 3640 946 3695 quam
984 3621 1158 3676 factus
1209 3629 1291 3673 est
1349 3619 1542 3680 homo,
1593 3613 1935 3669 coadunavit.
1965 3629 1984 3662 ‹
2024 3610 2080 3664 In

505 3722 722 3778 Christo
747 3718 888 3772 enim
924 3733 970 3778 ι,
1001 3713 1075 3767 ait
1104 3712 1145 3743 “
1173 3707 1477 3778 Apostolus,
1508 3724 1526 3756 ι
1567 3720 1670 3760 non
1702 3710 1786 3758 est
1812 3701 2083 3756 masculus

507 3830 681 3884 neque
712 3813 756 3843 "
785 3809 979 3864 femina
1015 3825 1057 3858 ι.
1090 3804 1147 3858 1η
1190 3803 1306 3872 ipso
1351 3798 1499 3853 orbis
1533 3805 1796 3850 terrarum
1827 3799 1883 3846 et
1929 3804 2085 3860 para-

509 3917 656 3970 disus
702 3925 798 3982 per
852 3903 1264 3962 resurrectionis
1318 3913 1446 3955 suae
1489 3895 1720 3966 gratiam
1751 3907 1889 3946 unus
1914 3887 2084 3945 efﬁci-

511 4019 598 4063 tur
628 3981 929 4075 paradisus.
967 3998 1022 4051 ln
1072 3999 1186 4065 ipso
1235 3989 1556 4064 generaliter
1587 3996 1730 4040 terra
1779 3991 1833 4037 et
1879 3981 2086 4037 caelum

509 4114 606 4170 per
643 4091 1054 4152 similitudinem
1085 4088 1351 4139 humanae
1375 4091 1431 4134 et
1456 4077 1728 4148 angelicae
1756 4075 1901 4128 vitae
1923 4086 2089 4125 unum

510 4161 741 4244 efficitur
787 4180 1014 4236 caelum.
1067 4177 1122 4231 In
1177 4175 1292 4244 ipso
1338 4167 1633 4239 corporalis
1695 4173 1751 4219 et
1797 4161 2090 4233 spiritualis

483 4287 760 4349 .ereatura
790 4288 888 4344 per
917 4267 1296 4323 adunationem
1327 4258 1660 4315 substantiae
1690 4271 1795 4308 una
1825 4253 1899 4309 ﬁt.
1927 4251 2089 4321 spiri-

516 4371 674 4424 tualis
703 4376 972 4427 creatura,
1024 4362 1148 4415 dum
1201 4355 1456 4411 inferiora
1501 4351 1699 4419 ubique
1728 4353 2008 4402 transeunt
2036 4343 2088 4397 in

2163 1814 2444 1869 tionabiles
2499 1820 2714 1867 nostrae
2747 1819 2971 1865 naturae
3000 1819 3198 1874 motus,
3233 1810 3558 1878 imaginatur
3580 1807 3650 1861 ³³.
3679 1807 3738 1860 ln

2159 1905 2346 1960 eadem
2379 1903 2544 1972 ﬁgura
2575 1914 2631 1957 et
2657 1900 2893 1971 pardalis
2941 1915 3174 1968 ursaque
3205 1900 3450 1953 saeviens
3491 1896 3739 1952 introdu-

2159 1995 2319 2049 citur.
2345 1992 2700 2048 Rationabilis
2729 1992 2925 2062 quippe
2957 2001 3014 2044 ct
3060 1990 3178 2059 plus
3208 2005 3370 2059 quam
3401 1988 3741 2043 rationabilis

2161 2086 2375 2140 divinae
2412 2084 2668 2138 bonitatis
2711 2097 2866 2137 amor
2918 2080 3317 2137 irrationabiles
3344 2088 3399 2134 et
3426 2081 3544 2148 plus
3577 2095 3742 2148 quam

2163 2173 2556 2230 irrationabiles
2576 2181 2794 2226 nostrae
2814 2179 3042 2225 naturae
3076 2179 3253 2224 motus
3297 2183 3512 2237 semper
3535 2169 3743 2237 appetit

2163 2268 2363 2331 delere,
2391 2267 2671 2336 ipsamque
2698 2272 2945 2318 naturam
2990 2263 3238 2325 liberam,
3279 2263 3535 2329 omnique
3583 2260 3742 2314 ferali

2165 2375 2263 2415 suo
2295 2359 2495 2427 impetu
2524 2364 2765 2425 ereptam
2818 2355 2871 2408 in
2927 2353 3161 2422 seipsam
3218 2350 3577 2406 ineli‘ahilibns
3603 2350 3746 2402 divi-

2164 2465 2356 2506 norum
2404 2448 2783 2502 alimentorum
2835 2443 3107 2498 morsibus
3153 2455 3490 2496 consumere.
3547 2438 3746 2508 Sequi-

2167 2550 2292 2595 tur:
2344 2537 2549 2591 Addam
2578 2551 2695 2589 vero
2742 2543 2791 2588 et
2819 2535 2956 2604 quod
3006 2532 3235 2586 omnium
3265 2531 3310 2562 “
3355 2531 3507 2585 vilius
3560 2546 3670 2583 esse
3699 2539 3749 2582 et

2168 2632 2335 2701 magis
2377 2627 2674 2698 signiﬁcare
2717 2627 2884 2679 visum
2937 2634 3009 2678 est
3035 2665 3050 2689 ,
3096 2623 3219 2693 quia
3259 2632 3306 2677 et
3356 2624 3541 2677 «armis
3583 2622 3752 2689 specie

2168 2722 2337 2791 ipsam
2370 2719 2590 2788 seipsam
2612 2715 3124 2783 circumformantem
3151 2714 3315 2768 divini
3349 2713 3608 2782 sapientes
3638 2721 3752 2763 tra-

2172 2815 2439 2867 diderunt.
2471 2810 2699 2872 Addam,
2725 2801 2918 2877 inqhit,
2947 2806 3244 2875 praedictis
3281 2803 3754 2873 imaginationibus

2174 2905 2305 2958 illud
2362 2901 2690 2976 symbolum,
2741 2899 2879 2969 quod
2930 2899 3170 2953 omnium
3201 2898 3248 2930 "
3276 2897 3430 2952 vilius
3450 2897 3496 2927 “
3524 2910 3645 2951 esse
3675 2895 3754 2949 vi-

2175 3009 2293 3050 sum
2333 3001 2436 3058 est,
2461 3000 2515 3047 et
2546 2991 2718 3061 magis
2755 2987 3083 3059 signiﬁcare,
3132 2987 3233 3040 vel
3259 2999 3319 3040 ut
3359 2987 3403 3018 "
3447 2983 3758 3054 expressius

2180 3081 2532 3147 transfertur,
2556 3081 2729 3150 magis
2756 3079 3047 3134 obscurum
3083 3077 3167 3132 vel
3193 3077 3239 3108 "
3270 3075 3546 3131 dissimile.
3577 3074 3755 3128 Divini

2178 3175 2444 3244 siquidem
2495 3173 2787 3242 sapientes,
2843 3171 2895 3225 id
2951 3178 3036 3225 est
3089 3169 3342 3238 theologi.
3400 3166 3754 3228 tradiderunt,

2179 3267 2353 3335 ipsam
2380 3262 2697 3333 sapientiam
2723 3262 2775 3315 in
2799 3262 2979 3331 specie
2994 3261 3192 3314 vermis
3207 3261 3440 3328 seipsam
3469 3257 3758 3319 formasse.

2179 3370 2246 3410 eo
2293 3354 2410 3408 loco
2462 3351 2726 3415 fortassis,
2775 3351 2866 3406 ubi
2910 3366 3006 3420 per
3042 3350 3362 3420 prophetam
3402 3347 3446 3378 "
3478 3347 3758 3415 loquitur:

2187 3465 2204 3497 ι
2249 3446 2360 3515 Ego
2389 3461 2504 3500 sum
2531 3444 2730 3498 vermis
2757 3452 2811 3497 et
2837 3457 2940 3496 non
2982 3443 3145 3496 homo
3168 3461 3212 3494 ι.
3248 3440 3360 3494 Hoc
3394 3439 3535 3492 enim
3567 3436 3765 3490 intelli-

2181 3539 2325 3608 gitur
2347 3538 2411 3592 de
2433 3536 2666 3599 Christo,
2699 3535 2790 3603 qui
2821 3533 2890 3587 de
2918 3532 3056 3586 virili
3085 3533 3289 3586 semine
3325 3546 3429 3585 non
3458 3539 3541 3585 est
3580 3539 3762 3589 natus.

2183 3629 2278 3683 sed
2331 3627 2473 3680 sicut
2505 3615 2707 3678 vermis
2737 3623 2803 3677 de
2840 3621 3067 3691 simplici
3098 3629 3286 3675 natura
3317 3627 3513 3682 terrae,
3543 3618 3616 3670 ita
3651 3619 3768 3686 ipse

2183 3735 2249 3775 ex
2288 3715 2584 3772 visceribus
2612 3720 2902 3784 perpetuae
2948 3711 3173 3780 virginis
3209 3718 3265 3764 et
3309 3707 3768 3763 incontaminatae

2186 3822 2406 3864 carnem
2436 3804 2746 3872 assumpsit.
2774 3801 2918 3855 Nihil
2963 3801 3008 3832 ³⁰
3043 3802 3225 3868 itaque
3274 3801 3327 3854 in
3361 3808 3551 3853 natura
3581 3813 3768 3851 rerum

2187 3897 2547 3954 materialium
2567 3895 2727 3948 vilius
2751 3907 2957 3957 verme,
2979 3892 3068 3961 qui
3091 3892 3156 3946 de
3174 3890 3403 3960 simplici
3427 3889 3556 3942 limo
3578 3887 3621 3918 “
3646 3903 3776 3942 con-

2188 3993 2408 4061 cipitur,
2439 3998 2495 4042 et
2541 3997 2720 4042 tamen
2770 4001 2868 4054 per
2915 3986 3089 4053 ipsum
3121 3982 3422 4037 incarnatio
3452 3980 3545 4034 Dei
3579 3979 3771 4040 V’erhi,

2189 4095 2329 4151 quae
2359 4085 2580 4148 superat
2611 4090 2828 4130 omnem
2874 4089 3093 4128 sensum
3141 4081 3194 4127 et
3239 4071 3591 4132 intellectum,
3636 4068 3773 4121 ima-

2192 4173 2426 4243 ginatur.
2467 4186 2485 4219 ‹
2515 4166 2928 4222 Generationem
2960 4163 3076 4231 ejus
3117 4161 3238 4231 quis
3265 4158 3541 4214 enarrabit
3567 4158 3627 4210 »ἳ
3671 4156 3776 4210 Ρο-

2193 4270 2295 4316 test
2325 4269 2378 4313 et
2406 4259 2483 4313 sic
2506 4255 2728 4325 intelligi
2755 4272 2768 4307 :
2797 4255 2908 4324 Ego
2930 4269 3050 4308 sum
3101 4251 3300 4306 vermis
3346 4258 3401 4304 et
3441 4263 3546 4303 non
3583 4247 3775 4309 homo,

2193 4351 2297 4406 hoc
2319 4356 2424 4412 est,
2461 4361 2560 4416 ego
2581 4345 2625 4376 ”
2656 4359 2772 4398 sum
2804 4343 3020 4408 vermis,
3045 4350 3100 4398 et
3130 4357 3234 4395 non
3278 4343 3437 4394 homo
3481 4338 3684 4392 vermis
3706 4336 3774 4392 ³³.

517 4469 813 4538 superiora.
840 4467 895 4519 ln
918 4467 1034 4535 ipso
1064 4461 1242 4518 omnis
1271 4466 1520 4514 creatura
1543 4450 1786 4508 Creatori
1814 4447 2096 4517 copulatur
2125 4424 2176 4482 Ῑ)
2199 4441 2277 4495 Ac
2324 4438 2368 4493 si
2393 4437 2596 4492 diceret
2621 4452 2634 4488 ε
2677 4434 2808 4504 Ego,
2845 4433 2938 4502 qui
2981 4431 3101 4502 plus
3129 4446 3289 4500 quam
3319 4430 3481 4484 homo
3515 4441 3657 4488 sum,
3685 4439 3779 4480 se-

519 4561 572 4611 in
630 4574 690 4613 re
741 4559 783 4589 ίδ
812 4559 923 4626 ipsa
971 4570 1067 4624 per
1112 4551 1365 4620 speciem.
1404 4545 1638 4601 Videsne
1682 4535 2092 4612 quinqueparti-

522 4658 632 4702 tum
671 4625 980 4716 angularem
1013 4643 1058 4676 "
1095 4641 1296 4697 Christi
1351 4639 1590 4701 modum,
1640 4633 1706 4689 de
1755 4631 1954 4701 quibus
1981 4625 2096 4682 sin-

2200 4538 2348 4586 ereta
2385 4534 2609 4598 penetro
2637 4524 2680 4556 ³³
2708 4525 2872 4578 totius
2900 4531 3150 4586 naturae,
3187 4521 3324 4575 sicut
3342 4517 3543 4573 vermis
3571 4518 3782 4570 viscera

2203 4631 2403 4687 terrae,
2454 4617 2602 4687 quod
2647 4614 2826 4671 nullus
2862 4613 2998 4668 alius
3053 4614 3321 4668 humanae
3360 4620 3585 4664 naturae
3611 4608 3782 4678 parti-

1811 4759 2066 4820 VARIAE
2103 4749 2504 4812 LECTIONES.

563 4899 580 4936 ³
605 4900 652 4957 Α
673 4915 791 4962 con,
814 4895 906 4952 sed
934 4909 1043 4948 rec.
1067 4907 1142 4947 m.
1167 4890 1219 4962 in
1230 4888 1358 4962 cod.
1379 4884 1498 4962 Aad
1513 4896 1696 4962 marg.
1724 4881 1900 4962 adscr.
1929 4875 2362 4962 constituuntuarL
2539 4859 2674 4962 (Ξλὲ
2693 4858 3193 4962 εὲῃειξιίςζοηιῖῗξξῖἒ
3216 4847 3656 4962 ςιὲιέἐξτὲξξεῖτεηι.
3691 4851 3719 4951 :
3743 4849 3785 4962 [ἑ

527 4973 770 5041 optinent.
807 4970 885 5022 sic
911 4978 1089 5041 saepe.

527 5042 905 5094 alabaustrum.

527 5126 624 5164 nra
655 5110 831 5163 adscr.
857 5117 948 5162 est.

527 5183 570 5237 Α
598 5180 920 5249 angularem,
940 5171 1031 5249 ‘BC
1074 5170 1406 5249 angulgrunt.

527 5227 975 5305 Μίἶῦἀιῖ
1000 5227 1108 5298 om.
1136 5227 1288 5303 ᾸΒΩ,
1319 5238 1385 5292 ad
1423 5249 1608 5305 marg.
1643 5227 1821 5305 adscr.
1852 5227 1946 5280 B‘.

529 5300 790 5376 C—etvrad.
847 5300 987 5372 corr.
1030 5313 1137 5376 B‘,
1170 5300 1453 5378 AB’quod.
1639 5300 1684 5353 Α
1731 5301 2022 5378 deterreret.

527 5372 582 5445 et
601 5372 767 5445 test.—
793 5393 972 5460 graeg.
1049 5384 1096 5416 "
1123 5372 1165 5436 Β
1184 5384 1199 5402 “
1226 5372 1395 5460 corr;
1413 5372 1671 5460 omnibus.

530 5461 571 5512 Β
600 5461 769 5515 velud.
798 5457 818 5460 ’
849 5460 894 5492 ’⁸
922 5457 963 5512 Β
990 5471 1168 5522 quam.

530 5543 663 5584 voce
710 5547 801 5600 per
845 5531 912 5585 ad
953 5517 1124 5600 marg.
1177 5517 1464 5596 adscripta.

534 5580 912 5668 "iniiinii
948 5580 1060 5666 Ego
1074 5580 1201 5647 sum
1233 5580 1416 5643 vermis
1447 5594 1492 5638 et
1520 5597 1622 5636 non
1645 5580 1820 5634 homo.

535 5680 689 5722 rutro.

1045 5105 1088 5135 ¹⁰
1111 5101 1200 5155 Sic
1241 5093 1347 5161 Kl},
1371 5095 1412 5152 C
1434 5093 1855 5161 anguloritatem.

1178 4960 1200 4991 ⁵
1226 4959 1266 5013 Β
1294 4960 1482 5019 utrius,
1513 4953 1571 5006 Β·
1600 4949 2128 5019 supra_adscr.-que.
2225 4949 2246 5019 τ
2273 4949 2364 5016 sic
2388 4949 2430 4989 υ
2467 4949 2624 5019 et'coi

1142 5001 1714 5098 margr‘ailwsegquah
1736 5001 1979 5072 Christus
2011 5001 2202 5066 dicitur
2229 5006 2361 5077 lapis
2383 5001 2673 5082 angularia.

1045 5105 1088 5135 ιο
1111 5101 1200 5148 Sic
1241 5100 1347 5148 AB.
1371 5095 1412 5148 C
1434 5093 1855 5148 anautoritatem.
1957 5085 1999 5115 ιι
2022 5085 2066 5137 A
2086 5089 2310 5148 propter.
2338 5145 2347 5148 _
2413 5073 2548 5148 “au
2582 5085 2668 5124 om

1483 5141 1849 5228 “Dubiam.
1878 5156 2055 5210 adscr.
2081 5141 2144 5203 de
2173 5141 2375 5200 naturis
2406 5141 2618 5196 scilicet.
2697 5141 2737 5169 "
2764 5141 2804 5191 Β
2845 5141 3178 5201 contempnit,
3213 5141 3292 5190 sic
3317 5141 3480 5199 utnqu

1483 5249 1591 5276 ara-
1643 5229 1821 5276 adscr.
1852 5227 1946 5276 B'.
2042 5221 2086 5254 '°
2117 5219 2208 5273 Sic
2232 5213 2294 5276 C,
2327 5213 2372 5266 Α
2396 5227 2481 5274 ac,
2511 5209 2552 5263 Β
2581 5222 2714 5274 om.,
2741 5207 2785 5260 Β
2806 5211 2824 5226 '
2851 5209 2918 5261 ad
2965 5221 3135 5276 marg.
3186 5205 3362 5276 adscr.
3387 5210 3485 5276 aut

2279 5255 2294 5278 ο
2327 5241 2372 5266 ει
2396 5241 2481 5274 ιιι,
2512 5241 2552 5263 υ
2581 5241 2714 5274 υιιιο,
2742 5241 2785 5260 υ
2826 5241 2918 5278 Ααυ
2967 5241 3135 5276 "ulla.
3186 5241 3362 5258 αυῠνιο
3392 5241 3506 5278 τοῖσι

2119 5289 2168 5321 ³⁸
2193 5285 2236 5340 Β
2260 5283 2578 5352 imaginatus
2603 5290 2697 5352 est.

1767 5340 1816 5400 ἶδ
1829 5340 2131 5424 tom.
2176 5353 2286 5418 AB,
2310 5340 2405 5407 sed
2435 5351 2596 5404 habet
2623 5348 2664 5404 C
2695 5359 2748 5402 et
2772 5347 2837 5404 ad
2870 5363 3040 5470 marg.
3074 5347 3252 5399 adscr.
3345 5343 3386 5394 ‘.

1812 5437 1892 5470 an
1916 5453 1928 5464 .
1959 5434 2001 5470 ιι
2023 5437 2039 5455 ·
2065 5431 2300 5470 nrimnm
2331 5423 2446 5470 rad.
2490 5435 2632 5470 corr.
2663 5423 2936 5470 uronheta.
3015 5415 3170 5469 einde
3197 5421 3386 5469 sestttu

1265 5423 1641 5500 ἶί
1663 5454 1771 5492 om.
1805 5437 1893 5490 AB
1916 5453 1928 5464 ·
1959 5434 2002 5487 Β
2023 5437 2039 5455 ·
2105 5431 2300 5484 rimnm
2331 5423 2446 5476 rati.
2490 5435 2632 5475 corr.
2663 5423 2936 5488 prapheta,

1265 5517 1441 5543 Μελ...
1504 5483 1516 5505 ’
1542 5458 1586 5543 ἢ
1625 5509 1664 5543 n
1686 5514 1702 5530 -
1736 5523 1887 5543 mana
1917 5448 2122 5543 ’ωερε
2181 5496 2306 5543 Not.
2338 5507 2541 5543 morum
2571 5489 2640 5543 i?)
2692 5490 2759 5541 ad
2808 5489 2934 5542 lium

1565 5487 2123 5578 bV-Bv‘uinargfadsc}.
2177 5496 2306 5578 Not.
2338 5507 2541 5545 morum
2570 5487 2766 5578 .(‘?)na:i
2788 5487 3179 5578 ΧΙιιιηξίιὲᾳιιιχι.

1898 5558 1943 5608 υ
1971 5575 2012 5629 Β
2055 5568 2238 5659 uerutis
2270 5565 2477 5633 (punct.
2521 5561 2624 5630 adj.
2659 5558 2696 5611 Β
2723 5559 2740 5581 ⁸
2766 5559 2807 5628 .)

2225 4919 2364 5017 ξὸῖο
2388 4933 2430 4989 C
2467 4919 2690 5017 et'corr.
2720 4929 2874 5017 B;,HA
2901 4937 3204 5017 unguentum),
3228 4926 3618 5017 JBrrLrgcrtturr'i};
3643 4992 3660 5010 .
3691 4919 3712 4951 ⁸
3743 4921 3787 4973 Β

2413 5001 2673 5124 sata:
2713 4999 2788 5121 δ”
2812 4992 3440 5120 “maritast”;-
3535 4992 3788 5126 his?“

2697 5139 2737 5169 ι’
2764 5136 2804 5191 Β
2845 5136 3178 5201 contempnit,
3213 5135 3292 5190 sic
3317 5132 3539 5199 ubique.
3616 5131 3660 5162 "
3693 5130 3787 5184 Sic

2698 5248 2712 5253 -
2741 5207 2785 5253 Β
2806 5211 2824 5226 '
2851 5209 2918 5253 ad
2965 5221 3135 5253 mam-
3186 5205 3362 5253 adscr.
3392 5210 3506 5253 aut.
3614 5201 3660 5233 “
3693 5199 3789 5253 Sic

2796 5276 2844 5309 “
2876 5269 3113 5331 omnium
3136 5291 3267 5335 om.,
3298 5269 3478 5325 addidi
3526 5289 3593 5328 ex
3636 5285 3785 5324 vers.

3397 5409 3428 5421 .,
3463 5337 3792 5421 "seu

3067 5415 3170 5469 nde
3197 5411 3438 5469 restituit
3463 5411 3790 5481 prophetam,

3067 5495 3179 5536 rem.
3257 5484 3302 5515 “
3332 5484 3376 5535 A
3406 5496 3550 5536 ωηο.
3627 5480 3672 5510 ³⁸
3704 5477 3743 5530 Β
3781 5484 3794 5501 '

2911 5523 3229 5611 ii"§ié”ii"ei
3265 5523 3552 5616 corn—ﬁt,
3581 5549 3672 5605 ΑΒ
3699 5523 3795 5618 pc-

3509 5647 3546 5680 Α
