3952 6156
213 368 307 424 169

1025 358 1246 417 SUPER
1288 355 1708 416 lEllARCIllAM
1745 355 2151 413 CAELESTESI
2190 354 2248 410 S.
2291 353 2608 412 DIONYSH.

3355 355 3452 405 ἱἸῆ

211 498 329 550 cepa;
351 485 521 548 potest
561 489 744 546 agere.
774 474 870 529 Cui
915 476 1095 528 sensui
1127 473 1352 535 arridet.
1382 474 1523 542 quod
1565 473 1617 526 in
1669 469 1774 525 alio
1802 474 1847 532 Α
1880 468 2052 521 sancti
2082 467 2380 521 intellectus
2405 476 2735 521 sanctorum.
2773 466 2838 519 Et
2875 465 3187 520 di5similcm
3213 475 3454 518 sanctam

208 577 404 643 psalmo
434 569 697 637 scriptum
742 575 826 622 est
848 585 862 620 :
887 586 905 618 ι
929 576 982 622 et
1004 567 1303 622 substantia
1334 582 1451 622 mea
1483 567 1536 620 in
1561 563 1776 620 inferio-

214 665 352 717 ribus
375 670 554 714 terrae
584 677 626 721 ι,
653 658 756 712 hoc
784 667 883 720 est,
917 667 970 712 et
991 657 1292 712 substantia
1316 673 1434 710 mea
1461 661 1501 721 ‘,
1526 670 1664 724 quae
1683 669 1778 725 per

213 757 427 820 scipsam
465 748 735 818 sapientia
765 749 786 778 '
832 757 916 800 est
937 786 953 812 ,
985 748 1036 800 in
1069 747 1418 801 inferioribus
1440 755 1639 810 terrae,
1674 745 1776 799 hoc

212 853 303 905 est,
333 842 386 896 in
416 840 626 894 intimis
650 838 875 893 naturae
900 838 1149 892 conditae
1196 837 1406 892 sinibus
1449 837 1469 867 ³
1513 837 1776 891 subsistit.

214 935 332 986 Esse
365 932 505 985 enim
537 931 781 983 omnium
827 937 931 992 est,
971 944 1254 998 superesse
1291 928 1617 981 Divinitatis.
1647 926 1780 981 Ver-

215 1023 304 1074 mis
349 1024 549 1087 itaque.
603 1019 694 1088 qui
747 1018 926 1071 abdita
979 1017 1140 1072 totius
1185 1025 1467 1070 creaturae
1514 1024 1777 1085 penetrat,

215 1113 462 1182 Sapientia
503 1112 673 1181 patris
706 1119 808 1173 est,
846 1125 984 1179 quae
1010 1111 1134 1163 dum
1163 1115 1246 1162 est
1281 1114 1302 1138 "
1351 1108 1534 1170 homo,
1566 1121 1782 1161 omnem

215 1211 418 1270 superat
470 1201 882 1256 humanitatem.
935 1199 1072 1252 Audi
1111 1198 1426 1267 Apostoluut
1470 1197 1536 1252 de
1571 1212 1632 1251 se
1669 1197 1784 1267 ipso

215 1295 552 1362 loquentem:
593 1309 610 1340 ι
645 1289 849 1344 Paulus
882 1289 1178 1358 apostolus,
1216 1303 1322 1342 non
1363 1289 1428 1340 ab
1452 1288 1782 1352 hominibus,

217 1401 373 1454 neque
409 1399 510 1452 per
558 1385 858 1449 hominem,
905 1383 1000 1437 sed
1039 1397 1136 1451 per
1171 1381 1356 1436 Jesum
1402 1380 1702 1445 Christum,
1730 1389 1821 1441 et.

217 1479 366 1532 Deum
395 1487 628 1546 patrem,
668 1476 760 1544 qui
794 1476 1077 1530 suscitavit
1104 1490 1226 1530 eum
1255 1490 1282 1528 a
1321 1475 1549 1528 mortuis
1571 1493 1614 1526 ι.
1645 1473 1786 1527 Non-

218 1583 275 1622 ne
303 1569 408 1636 ipse
457 1577 540 1622 est
573 1568 837 1637 mysticus
888 1566 977 1621 ille
1007 1567 1226 1630 vermis,
1259 1566 1312 1619 in
1359 1564 1512 1633 cujus
1552 1564 1788 1636 imagine

220 1659 636 1728 quingentesimo
685 1659 708 1690 '
760 1673 973 1726 semper
1012 1673 1156 1712 anno
1201 1666 1474 1712 transacto
1502 1658 1569 1712 de
1605 1659 1789 1712 cinere

221 1749 452 1803 arabicae
483 1749 619 1810 avis,
655 1748 933 1818 phoenicis
970 1747 990 1778 ⁸
1018 1748 1161 1811 dico,
1195 1747 1401 1818 proprii
1431 1748 1512 1802 sui
1547 1748 1787 1817 pectoris

1881 557 2106 628 ﬁguram
2158 557 2445 621 honorant,
2481 557 2584 611 hoc
2630 565 2732 619 est,
2775 565 2960 610 sancta
3013 554 3098 608 illa
3153 554 3463 607 divinarum

1881 663 2062 701 rerum
2098 647 2365 716 ﬁguratio,
2393 647 2640 717 quamvis
2685 647 2842 718 longe
2889 647 3165 700 dissimilis
3211 646 3280 700 sit
3327 643 3458 714 ipsis

1880 739 2243 794 intellectihus
2275 755 2372 808 per
2399 754 2516 794 eam
2546 739 2886 808 signiﬁcatis,
2922 740 3219 792 honoratur
3256 754 3284 790 a
3331 752 3458 790 san-

1880 832 1982 886 ctis
2013 831 2322 901 theosophis
2361 841 2521 900 atque
2572 831 2616 861 ³⁸
2657 830 2949 899 pr0phetis.
3002 829 3135 881 Dum
3175 830 3316 883 enim
3369 843 3462 881 eas

1882 937 1988 984 res,
2013 937 2151 990 quae
2186 921 2578 992 signiﬁcantur,
2616 935 2747 989 pure
2790 919 3110 989 intelligunt,
3144 919 3286 988 ipsas
3313 923 3467 988 prius

1885 1014 2172 1076 honorant,
2200 1013 2452 1081 quoniam
2477 1011 2690 1064 divinae
2721 1019 2775 1064 et
2805 1009 3274 1079 supermnudanae
3315 1017 3459 1060 sunt.

1883 1103 2287 1173 Consequcnter
2328 1103 2490 1157 etiam
2525 1117 2710 1155 earum
2742 1102 3092 1172 ﬁgurationes
3125 1102 3203 1165 ¹⁶,
3257 1101 3369 1155 sive
3398 1117 3463 1154 cs

1885 1195 2254 1263 Superioribus
2282 1193 2577 1247 materialis
2605 1200 2886 1247 creaturae
2922 1191 3181 1261 partibus,
3216 1191 3326 1244 sive
3355 1206 3466 1244 mc-

1886 1285 2012 1347 diis,
2041 1285 2155 1338 sive
2183 1283 2488 1336 novissimis
2521 1282 2830 1346 translatas,
2862 1298 2966 1336 non
3009 1281 3280 1335 immerito
3311 1295 3465 1337 vene-

1888 1387 2094 1440 rantur,
2147 1375 2600 1444 intellectualique
2667 1377 3013 1429 distinctione
3057 1382 3110 1430 et
3146 1375 3470 1430 discretione

1888 1481 1975 1520 res
2017 1467 2160 1536 ipsas
2186 1467 2298 1520 suis
2330 1466 2736 1535 ﬁgurationibns
2784 1476 3088 1537 segregant,
3128 1481 3227 1521 nec
3270 1465 3472 1536 ﬁguras

1887 1574 1985 1628 pro
2030 1560 2171 1613 veris
2204 1559 2594 1624 intellectibns,
2660 1575 2760 1613 nec
2808 1575 2965 1615 veros
3017 1561 3321 1617 intellectus
3374 1578 3470 1630 pro

1892 1651 2076 1718 ﬁguris
2119 1651 2435 1720 approbant,
2467 1652 2559 1705 sed
2589 1651 2838 1705 onmibns
2870 1662 3074 1706 remota
3102 1652 3248 1706 omni
3283 1650 3472 1705 confu-

1891 1747 2044 1800 sione
2083 1762 2212 1801 snas
2265 1746 2610 1801 deﬁnitiones
2639 1755 2694 1800 et
2740 1749 3076 1818 cognitiones
3118 1747 3467 1800 distribuunt.

220 1837 411 1890 ﬂamma
443 1845 822 1906 consumptae,
857 1836 1058 1890 vermis
1100 1836 1365 1901 nascitur,
1414 1845 1470 1890 et
1497 1837 1564 1891 ad
1607 1837 1782 1906 pristi-
1813 1832 1859 1890 B
1889 1840 1966 1894 Ac
1996 1840 2067 1903 ”,
2099 1839 2264 1894 veluti
2294 1840 2416 1908 quis
2443 1839 2818 1908 interrogaret,
2849 1855 2945 1894 cur
2977 1848 3162 1892 sancta
3187 1837 3470 1891 dissimilia

223 1945 331 1982 nam
356 1929 688 1983 viriditatem
720 1927 1052 1981 revocatur?
1103 1926 1350 1983 Christus
1401 1929 1667 1998 siquidem
1701 1944 1790 1983 ar-

223 2021 336 2073 dore
362 2018 652 2087 passionis,
707 2033 869 2087 quam
922 2027 1114 2086 sponte
1155 2033 1249 2071 sua
1298 2027 1630 2087 susceperat,
1661 2033 1791 2073 con-

223 2119 446 2178 sumptus
470 2119 581 2172 est,
628 2118 680 2164 et
715 2108 995 2164 descendit
1026 2108 1092 2162 ad
1121 2107 1326 2164 inferos
1373 2109 1636 2164 mirabilis
1663 2124 1790 2164 ver-

222 2200 327 2253 mis.
359 2199 465 2253 Sed
502 2214 628 2252 mox
674 2207 796 2268 post
847 2198 1086 2252 triduum
1144 2213 1395 2254 reversus
1446 2207 1551 2264 est,
1600 2199 1791 2268 suique

225 2287 450 2356 apostoli,
495 2288 590 2357 qui
638 2303 762 2340 eum
800 2286 852 2340 in
888 2301 1054 2341 cruce
1103 2287 1381 2341 ardentem
1433 2287 1704 2353 viderant,
1738 2288 1791 2342 in

225 2377 468 2445 spirituali
518 2391 748 2447 corpore
794 2387 1166 2446 resurgentem
1225 2393 1578 2448 conspexere,
1624 2379 1793 2433 virtu-

226 2479 421 2538 tumque
446 2469 650 2538 pennis
674 2468 964 2536 volantem,
988 2469 1056 2524 ad
1075 2468 1402 2541 Patremque
1425 2486 1578 2526 suum
1607 2485 1793 2526 ascen-

224 2560 412 2615 dentem
443 2562 630 2616 mirati
658 2570 802 2616 sunt.

283 2653 534 2724 Sequitur
569 2672 583 2708 :
620 2653 710 2709 Sic
739 2669 914 2708 omnes
961 2655 1230 2726 theosOphi
1267 2666 1314 2710 et
1347 2654 1552 2709 occulta
1579 2657 1599 2687 "
1631 2655 1795 2724 inspi-

226 2743 402 2797 ratione
463 2744 750 2813 prophetae
832 2745 1025 2798 sanctis
1105 2745 1530 2799 incontaminatis
1606 2747 1792 2800 distin-

224 2845 367 2902 guunt
400 2846 590 2888 sancta
625 2845 946 2900 sanctorum,
985 2845 1031 2890 et
1061 2817 1363 2890 dissimilem
1393 2847 1627 2890 sanctam
1661 2839 1793 2907 ﬁgu-

228 2928 460 2980 rationem
514 2929 818 2991 honorant,
878 2939 932 2981 ut
979 2928 1000 2960 ⁸
1058 2945 1220 2998 neque
1277 2929 1452 2983 divina
1510 2931 1794 2984 immundis

226 3017 504 3070 tractabilia
535 3019 666 3079 sint,
697 3034 857 3085 neque
883 3018 1200 3072 mirabilium
1229 3021 1549 3088 agalmatum
1576 3021 1794 3076 studiosi

227 3103 639 3171 contemplatores
667 3115 917 3174 tanquam
958 3108 1088 3160 veris
1128 3119 1428 3162 remaneant
1470 3110 1676 3179 ﬁguris.
1724 3109 1792 3165 Et

1895 1932 2138 2004 symbola
2181 1932 2222 1962 ’⁸
2247 1939 2559 1986 sanctorum
2613 1930 2977 1984 intellectuum
3033 1945 3062 1982 a
3110 1927 3368 1996 theologis
3415 1933 3474 1980 et

1892 2028 2196 2096 ﬁgurantur
2215 2035 2272 2079 et
2300 2023 2764 2079 honoriﬁcantur?
2790 2053 2859 2062 —
2874 2021 3186 2076 rationalins
3211 2019 3252 2050 ¹⁹
3273 2020 3473 2090 quippe

1892 2117 2187 2180 videretur,
2222 2115 2419 2170 similia
2449 2111 2690 2185 symbola
2727 2111 2926 2167 sanctis
2955 2109 3312 2164 iutellectihus
3347 2123 3472 2162 con-

1895 2206 2137 2277 ﬁgurari,
2166 2221 2327 2276 quam
2353 2203 2631 2260 dissimilia
2657 2233 2729 2244 —
2761 2202 3004 2257 redditur
3033 2215 3193 2254 causa
3232 2195 3470 2252 ἀιεεὶιηίο

1893 2297 2024 2352 lium
2052 2296 2525 2368 signiﬁcationum.
2559 2295 2626 2348 Et
2662 2293 2708 2326 ⁸ο
2746 2293 2868 2357 hoc,
2902 2291 3106 2360 inquit,
3138 2289 3279 2358 quod
3309 2302 3469 2356 quac-

1894 2387 1992 2451 ris,
2029 2395 2298 2455 repertum
2338 2393 2439 2449 est,
2471 2392 2531 2438 ut
2563 2397 2740 2451 neque
2777 2381 2955 2434 divina
3003 2378 3297 2433 tractabilia
3338 2377 3468 2438 sint,

1895 2476 1997 2529 hoc
2024 2484 2127 2537 est,
2161 2483 2219 2528 ut
2260 2487 2435 2542 neque
2473 2472 2638 2526 divini
2683 2471 2986 2526 intellectus
3017 2469 3183 2540 pervii
3227 2479 3280 2522 et
3321 2477 3472 2537 pate-

1896 2567 2023 2621 facti
2057 2567 2248 2620 ﬁerent
2279 2565 2594 2622 immundis.
2622 2563 2837 2634 pollutis
2866 2562 3115 2616 videlicet
3140 2560 3471 2627 hominibus,

1896 2659 2212 2715 delictorum
2255 2657 2649 2727 impietatisque
2675 2655 2760 2711 vel
2785 2666 2932 2709 certe
2978 2652 3259 2722 superbiae
3293 2653 3469 2706 sordi-

1895 2749 1996 2803 bus
2025 2748 2426 2810 contaminatis,
2466 2745 2663 2816 quibus
2707 2760 2806 2806 nec
2850 2743 3124 2798 sensibilia
3167 2742 3470 2795 divinarum

1899 2854 2078 2892 rerum
2127 2838 2252 2891 licet
2296 2838 2479 2891 videre
2523 2844 2882 2896 sacramenta,
2931 2842 3131 2902 quanto
3163 2833 3333 2902 magis
3365 2841 3474 2885 tra-

1897 2937 2079 2993 ctare;
2117 2929 2394 2996 quoniam,
2427 2928 2550 2981 dum
2596 2927 2773 2979 divina
2812 2934 3150 2978 sacramenta
3181 2925 3222 2956 "
3253 2925 3469 2992 conspi-

1897 3019 2067 3083 ciunt,
2096 3017 2258 3072 veluti
2288 3016 2513 3087 puerilia
2555 3025 2609 3070 et
2657 3014 2882 3070 ludibria
2915 3024 2967 3069 et
2994 3013 3191 3068 nullius
3219 3013 3471 3081 spiritua-

1897 3111 1962 3166 lis
1999 3112 2044 3141 "
2077 3109 2376 3165 intellectus
2410 3108 2760 3178 signiﬁcativa
2789 3113 3155 3161 contemnunt.
3189 3104 3254 3157 Et
3280 3111 3472 3156 notan-

229 3193 383 3246 divina
426 3195 782 3262 honoriﬁcam
810 3197 943 3250 veris
979 3199 1358 3267 negationibus,
1409 3209 1458 3253 et
1501 3201 1570 3253 ad
1615 3203 1791 3255 novis—
1819 3180 1862 3240 Ο
1895 3203 2042 3264 dum,
2071 3201 2213 3271 quod
2255 3201 2308 3254 in
2338 3214 2402 3254 eo
2425 3199 2567 3264 loco,
2599 3213 2706 3269 quo
2738 3197 3108 3253 transtulimus
3146 3193 3468 3258 tractabilia,

228 3281 341 3334 sima
367 3295 758 3352 compactarum
796 3289 1215 3341 resonantiarum
1244 3289 1461 3343 diuersis
1490 3289 1790 3344 similitudi-

229 3372 378 3426 nibus.
409 3374 525 3428 Tali
561 3376 748 3438 modo,
791 3376 1034 3446 inquit',
1073 3378 1366 3450 ﬁgurarum
1408 3395 1596 3434 omnes
1638 3381 1790 3435 theo-

231 3459 338 3529 logi,
363 3478 498 3531 quos
524 3480 673 3519 nunc
706 3465 1048 3536 IheosOphos,
1072 3469 1172 3522 hoc
1193 3478 1299 3532 est,
1321 3469 1498 3524 divina
1522 3471 1795 3539 sapientes

231 3553 456 3620 appellat,
486 3563 544 3607 et
581 3569 774 3609 omnes
802 3557 1093 3625 prophetae
1126 3557 1336 3611 occulta
1381 3557 1422 3589 ¹⁰
1459 3560 1632 3613 sancti
1669 3559 1791 3630 Spio

230 3642 350 3697 ritus
376 3645 732 3714 inspiratione
757 3645 970 3701 formati
1001 3648 1337 3716 distinguunt
1363 3658 1549 3704 sancta
1581 3660 1794 3704 sancto-

233 3749 335 3788 rum
364 3751 390 3789 a
431 3738 643 3791 sanctis
691 3739 1127 3794 incontaminatis
1154 3741 1216 3793 ³⁸.
1255 3741 1332 3794 Ac
1357 3742 1403 3796 si
1439 3750 1622 3812 aperte
1649 3741 1797 3796 dice-

232 3832 338 3877 ret:
367 3827 407 3878 Α
438 3828 647 3881 sanctis
688 3835 743 3881 et
786 3828 1221 3884 incontaminatis
1247 3831 1586 3885 dissimilium
1616 3832 1797 3901 imagi-

233 3913 488 3968 natiouum
531 3915 814 3986 symbolis,
845 3931 982 3984 quae
1013 3932 1118 3972 non
1168 3917 1440 3973 immerito
1468 3919 1794 3974 incontami-

232 4016 341 4057 nata
363 4009 638 4072 dicuntur,
665 4009 918 4077 quoniam
964 4009 1144 4064 divino
1186 4011 1376 4079 spiritu
1427 4011 1478 4064 in
1526 4011 1796 4066 mentibus

236 4096 586 4169 theologorum
612 4109 667 4153 et
697 4100 1076 4169 prophetarum
1107 4102 1376 4170 descripta
1413 4115 1559 4166 sunt,
1607 4111 1796 4155 sancta

235 4201 548 4256 sanctorum,
601 4193 652 4245 id
687 4201 794 4255 est,
839 4192 1224 4247 intellectuales
1265 4194 1531 4247 essentiae
1572 4194 1795 4262 ipsaque

237 4277 478 4336 Diviuitas
507 4283 896 4336 discernuntur
921 4297 1015 4351 per
1047 4283 1324 4353 theologos
1363 4281 1616 4338 ineﬁ‘abili
1649 4299 1797 4338 sum-

236 4385 340 4424 mae
369 4373 668 4441 sapientiae
703 4372 1188 4436 administratione,
1226 4373 1299 4427 ita
1333 4381 1393 4428 ut
1423 4382 1479 4428 et
1512 4373 1598 4427 illa
1645 4388 1796 4444 sym-

236 4461 342 4516 hola
385 4477 568 4520 sancta
615 4474 668 4520 et
711 4465 1050 4519 immaculata
1082 4465 1283 4529 abhis,
1328 4467 1417 4534 qni
1467 4465 1790 4536 intelligunt,

1895 3295 1948 3349 in
1974 3293 2182 3349 Graeco
2211 3292 2470 3361 scriptum
2519 3300 2603 3346 est
2637 3293 2944 3368 εὐχείρωτοι.
2983 3287 3124 3358 quod
3161 3301 3258 3341 nos
3286 3301 3470 3354 possno

1895 3400 2016 3439 mus
2050 3385 2231 3439 dicere
2277 3383 2470 3447 facilia,
2511 3389 2572 3436 ut
2620 3382 2740 3436 talis
2782 3395 2970 3436 sensus
3012 3380 3081 3434 sit
3115 3394 3129 3431 :
3179 3377 3470 3448 Propterea

1893 3474 2059 3529 divini
2091 3473 2358 3544 sapientes
2400 3482 2739 3528 sacramenta
2769 3472 3072 3527 divinarum
3108 3484 3285 3522 rerum
3313 3467 3472 3522 dissi-

1895 3563 2042 3618 milia
2067 3563 2198 3632 ipsis
2239 3566 2422 3629 rebus,
2444 3564 2695 3628 obscura,
2723 3564 2890 3618 mixta
2920 3561 2987 3626 ’⁸,
3013 3576 3077 3616 ex
3106 3559 3474 3613 materialibus

1896 3664 2171 3725 assumpta
2219 3656 2582 3721 conformant,
2631 3670 2697 3710 ne
2757 3655 2935 3710 divina
2987 3653 3241 3724 mysteria
3293 3651 3474 3707 facilia

1897 3745 2089 3801 ﬁerent
2116 3748 2181 3801 ad
2212 3747 2615 3820 intelligendum
2663 3746 2954 3801 immundis
2983 3745 3178 3799 animis
3217 3745 3477 3814 indignis-

1896 3849 2002 3904 que
2028 3836 2335 3906 cognitione
2370 3837 2635 3891 veritatis.
2676 3836 2742 3890 Et
2785 3838 2918 3890 haec
2948 3850 3052 3889 una
3087 3833 3134 3866 “
3159 3849 3318 3888 causa
3363 3835 3474 3889 dis-

1895 3923 2266 3981 similitudinis
2311 3937 2620 3982 sanctarum
2653 3928 2966 3998 imaginum.
3004 3926 3184 3980 Altera
3216 3941 3342 3979 vero
3368 3937 3470 3986 est,

1896 4032 2056 4086 quam
2090 4018 2481 4087 subsequenter
2516 4020 2562 4050 ”
2589 4019 2829 4088 adjungit
2872 4019 3099 4072 dicens:
3145 4014 3326 4084 Neque
3375 4018 3477 4069 mi-

1898 4105 2149 4160 rabilium
2197 4107 2525 4178 agalmatum
2578 4107 2802 4162 studiosi
2861 4106 3312 4174 contemplatores
3359 4115 3475 4157 tan-

1898 4207 2059 4261 quam
2090 4195 2234 4250 veris
2263 4205 2579 4250 remaneant
2617 4198 2800 4265 ﬁguris
2834 4195 2902 4249 ⁸⁶.
2932 4196 3010 4248 Ad
3045 4197 3146 4249 hoc
3171 4195 3331 4249 etiam
3369 4196 3470 4248 oh-

1898 4297 2090 4338 scurae
2111 4291 2167 4338 et
2194 4285 2482 4341 dissimiles
2518 4287 2930 4356 imaginationcs
2967 4285 3142 4340 iactae
3184 4293 3340 4348 sunt;
3372 4289 3474 4337 hoc

1897 4383 2000 4438 est,
2032 4389 2207 4442 neque
2234 4375 2278 4406 ’⁷
2327 4375 2486 4430 ﬁnem
2519 4391 2647 4430 suae
2690 4374 3070 4444 speculationis
3107 4381 3333 4444 ponant,
3380 4375 3472 4444 qui

1899 4465 2138 4520 studiose
2180 4465 2448 4520 mirabilia
2489 4465 2776 4536 agalmata,
2806 4465 3018 4519 divinas
3051 4465 3253 4520 scilicet
3282 4466 3472 4534 imagi-

238 4569 355 4621 quae
378 4573 470 4626 per
498 4573 562 4611 ea
593 4558 988 4627 signiticantnr,
1016 4527 1414 4612 honorabiliter
1443 4527 1790 4623 venerentur,
1821 4527 1872 4586 ί)
1901 4554 2148 4611 nationes
2176 4527 2625 4625 contemplanti”,
2674 4557 2728 4609 in
2764 4527 2912 4624 ipsis
2962 4556 3169 4626 ﬁguris,
3221 4527 3474 4626 putanies

237 4654 280 4698 et
312 4660 488 4703 sancta
533 4659 870 4712 sanctorum,
902 4664 1129 4718 quorum
1162 4649 1423 4718 imagines
1463 4656 1589 4703 sunt
1630 4649 1693 4714 “,
1726 4649 1794 4704 ab

241 4736 305 4790 eis
349 4739 499 4810 longe
550 4748 905 4809 segregenlur
933 4738 1276 4794 intellectuali
1309 4739 1654 4794 discretione.
1699 4739 1792 4792 Di-

239 4826 343 4880 vina
372 4830 553 4899 itaque
583 4829 826 4900 symhola
867 4838 1055 4884 sancta
1098 4837 1223 4884 sunt
1255 4829 1323 4894 ¹³,
1356 4845 1444 4884 res
1472 4843 1624 4892 vero,
1663 4843 1795 4897 qua-

239 4931 342 4972 rum
380 4919 626 4991 symbola
671 4928 822 4985 sunt,
863 4928 1048 4974 sancta
1090 4918 1133 4951 “
1175 4929 1507 4985 sanctorum,
1553 4919 1656 4973 hoc
1687 4926 1791 4984 est,

1897 4662 1993 4704 eas
2022 4663 2176 4702 veras
2201 4663 2322 4703 esse
2359 4657 2417 4704 et
2461 4664 2565 4703 non
2616 4649 2947 4720 ﬁgurativas,
2993 4662 3168 4716 neque
3213 4647 3353 4701 ultra
3380 4664 3473 4701 eas

1898 4738 2150 4792 virtutem
2195 4738 2415 4793 intimae
2443 4738 2913 4806 contemplationis
2951 4738 3170 4808 erigere
3211 4737 3470 4791 volentes.

1899 4827 2044 4882 Talis
2083 4827 2348 4898 siquidem
2384 4844 2540 4884 error
2569 4829 2768 4883 multos
2799 4829 2842 4859 ’⁸
2869 4843 2932 4881 ac
2977 4841 3146 4896 paene
3174 4841 3362 4881 omnes
3393 4826 3475 4878 in-

1900 4918 2040 4973 vasit
2071 4926 2126 4973 et
2153 4919 2329 4976 adhuc
2373 4919 2594 4985 invadit,
2641 4920 3034 4986 existimantes,
3075 4917 3350 4974 sensibilia
3396 4932 3477 4972 sa-

1495 5092 1749 5150 VARIAE
1786 5092 2189 5153 LECTIONES.

303 5231 445 5286 ’πιθα
467 5249 580 5289 om.
605 5232 665 5286 Β.
767 5232 788 5262 ⁸
815 5230 878 5285 Β.
925 5245 1066 5284 eorr.
1099 5229 1429 5299 sapientiam.

240 5305 535 5366 gratissimo.
615 5303 635 5334 ⁸
663 5301 795 5356 ABC
823 5301 1023 5368 fenicis.
1082 5301 1100 5331 "
1119 5299 1414 5353 Bobscura.
1489 5299 1566 5353 'A
1589 5310 1656 5353 et.

242 5438 281 5470 ”
301 5439 340 5494 B
361 5454 476 5495 sunt
501 5453 706 5495 sancta.
787 5441 830 5472 ⁸³
871 5440 912 5492 Β
941 5449 1062 5493 sunt
1095 5449 1300 5493 sancta.
1382 5441 1424 5471 “
1450 5439 1491 5493 Β
1521 5450 1588 5492 et.

239 5513 448 5578 symbolo
474 5511 775 5565 dissimilia.
855 5509 896 5540 ¹⁹
931 5510 998 5562 Β⁶
1037 5525 1198 5577 supra
1240 5525 1345 5562 scr.
1373 5510 1714 5579 interpositio.

240 5603 426 5668 (punct.
453 5604 627 5671 adjec.
658 5603 865 5656 videtur
895 5601 1013 5671 B'),
1051 5600 1091 5656 C
1116 5611 1440 5655 sacramenta
1473 5600 1672 5654 divina.

239 5687 334 5721 mit.
362 5673 447 5736 Β.,
475 5671 541 5726 ad
579 5689 742 5742 marg.
781 5675 956 5725 adscr.
1049 5675 1084 5723 ‘.

243 5742 447 5807 ugnhuu.
529 5745 571 5773 ³⁷
616 5743 649 5794 Β
677 5739 766 5796 ιιὶέ
795 5741 874 5795 vel
903 5759 981 5800 ne,
1017 5741 1074 5792 lt'
1103 5758 1240 5796 corr.
1276 5757 1355 5794 ne.
1433 5741 1476 5770 "
1505 5739 1544 5793 Β
1574 5756 1767 5794 omnes.

1534 5228 1555 5260 ³
1581 5229 1672 5284 Sic
1692 5228 1754 5290 C,
1783 5229 1870 5283 AB

1731 5301 1751 5329 ⁹
1770 5301 1931 5375 inquit
1947 5319 2056 5375 om.
2079 5303 2136 5367 Β,
2153 5305 2218 5359 ad
2237 5320 2405 5375 marg.
2426 5306 2603 5358 adscr.
2622 5301 2708 5358 Β·’.

240 5371 291 5430 (Σ,
317 5372 352 5423 Β
378 5375 573 5426 sanctis
589 5372 975 5433 contaminatis,
1005 5371 1063 5423 Β⁶
1092 5385 1252 5438 supra
1278 5371 1455 5424 adscr.
1485 5383 1626 5423 corr.
1652 5372 1844 5423 sanctis
1866 5381 1913 5423 et
1940 5371 2383 5428 incontaminatis:

1692 5440 1734 5470 ¹⁶
1762 5440 1866 5493 Pro
1891 5458 2072 5496 eorum

1792 5511 1836 5540 ²⁰
1866 5511 2038 5581 Supra
2069 5511 2176 5568 scr:
2209 5515 2304 5579 B',
2344 5514 2475 5570 ABG
2516 5511 2619 5568 Ad.

1748 5603 1791 5631 “
1819 5600 1858 5653 Β
1886 5603 2275 5661 intellectualis.

1174 5671 1219 5702 "
1248 5671 1305 5723 Β⁹
1333 5686 1492 5739 supra
1526 5672 1702 5722 adscr.
1737 5682 1809 5723 est
1842 5687 1965 5728 ttna.

1902 5231 2116 5305 ﬁnibus.
2220 5233 2240 5265 ⁸
2269 5243 2344 5288 est
2385 5249 2493 5289 om.
2528 5234 2589 5299 Β,
2611 5250 2774 5305 supra
2807 5235 2984 5291 adscr.
3008 5235 3051 5289 Β
3071 5237 3108 5288 ⁸.

3215 5236 3236 5266 ⁸
3265 5234 3480 5303 Bqain-

2788 5307 2828 5338 ¹⁰
2843 5307 3166 5361 occultaum.
3189 5304 3247 5357 Β.

2465 5376 2641 5428 "sunt
2669 5392 2778 5430 om.
2808 5375 2870 5441 Β,
2895 5377 2960 5430 ad
2991 5392 3160 5440 marg.
3180 5376 3353 5428 adscr.
3383 5374 3421 5428 Β
3440 5377 3478 5426 ⁶.

2119 5445 2458 5516 ﬁgurationes
2497 5445 2984 5516 Iisiglti/icutiones.
3041 5443 3180 5516 _”_B
3216 5453 3290 5498 ut.
3371 5445 3412 5474 ³³
3441 5443 3482 5497 Β

2715 5517 2758 5546 ²¹
2789 5515 2829 5567 Β
2862 5516 2983 5566 dum
3017 5513 3122 5566 diri
3150 5531 3207 5567 sa
3231 5525 3480 5568 ramenta

2371 5607 2414 5638 ³³
2437 5607 2578 5678 quod
2609 5625 2701 5661 nos
2730 5623 3003 5678 possumus
3032 5589 3202 5661 dicere
3225 5609 3476 5678 ——m_ixta

2045 5678 2090 5707 "
2137 5677 2176 5730 Β
2199 5676 2587 5747 consequenter.
2667 5678 2709 5708 ³⁸
2744 5677 2801 5730 Β·
2835 5691 3004 5744 marg.
3038 5678 3212 5732 adscr.
3252 5676 3374 5746 quid
3412 5678 3485 5730 sit

3329 5307 3366 5335 “
3387 5307 3480 5359 Sic
