3952 6156
426 352 519 406 l7!

1568 351 2067 411 EXPOSITIOXES
2102 355 2385 413 JOANNIS
2422 354 2620 413 SCOTI
3566 358 3666 412 17?.

421 472 703 521 cratuenta
751 464 827 519 nil
868 463 1028 518 altius
1070 460 1373 533 signiﬁcare
1419 470 1636 531 praeter
1673 464 1881 533 seipsa;
1934 480 1999 520 ac
2028 472 2073 529 Α
2101 481 2282 531 omne,
2312 467 2451 537 quod
2481 467 2680 522 dicitur
2706 472 2762 518 et
2789 461 3130 532 intelligitur;
3175 462 3245 515 ita
3291 475 3399 516 non
3432 467 3667 532 proprie,

424 572 525 624 per
566 557 667 611 hoc
695 555 1055 624 approbantes
1095 553 1230 607 falsa
1259 568 1358 622 pro
1394 554 1539 608 veris
1561 561 1616 607 et
1658 555 1864 623 seipsos
1899 555 1999 609 fal-

425 647 543 700 lunt
570 655 621 701 et
655 646 1010 715 simpliciores
1032 644 1327 713 decipiunt,
1351 654 1695 699 remanentcs
1716 646 1768 699 in
1796 646 1998 717 ﬁguris,

427 738 482 790 in
508 751 693 791 earnm
727 750 854 789 vero
894 734 1181 804 mysticum
1231 733 1563 789 intellectum
1599 734 1796 789 mentis
1830 735 2001 789 aciem

427 828 650 899 inﬁgere
673 826 1022 897 negligentes.
1059 825 1135 880 De
1166 825 1360 879 talibus
1385 826 1462 878 ait
1489 826 1763 896 apostolus
1794 844 1806 878 :
1844 844 1863 877 ι
1886 826 2000 879 Lit-

423 934 540 976 tera
585 920 817 987 occidit,
871 920 1096 989 spiritus
1143 928 1322 974 autem
1382 920 1618 973 viviticat
1666 938 1712 971 ι.
1777 917 2003 973 Omnem

424 1014 643 1083 quippe,
674 1013 766 1083 qui
813 1012 945 1067 nihil
976 1011 1114 1065 ultra
1155 1011 1297 1080 quod
1329 1012 1511 1083 sentit,
1548 1010 1823 1066 existimat
1865 1024 2002 1073 esse,

423 1103 606 1158 littera
633 1103 849 1166 occidit,
895 1101 1149 1171 quoniam
1190 1086 1459 1170 spiritum,
1499 1101 1549 1154 id
1594 1108 1680 1155 est
1717 1100 1885 1169 ipsius
1915 1100 2005 1154 lit-

427 1205 577 1249 terae
608 1192 959 1257 intellectum,
988 1206 1161 1259 neque
1188 1191 1332 1245 valet
1359 1204 1534 1259 neque
1567 1190 1682 1244 vult
1722 1190 2002 1259 attingere.

428 1285 531 1338 libi
578 1284 892 1347 notandum,
944 1282 1086 1352 quod
1137 1283 1326 1336 beatus
1378 1281 1651 1352 apostolus
1701 1296 1806 1335 non
1860 1280 2003 1334 illam

428 1374 766 1429 solummodo
824 1373 1057 1427 litteram
1085 1371 1265 1445 [dicit]
1288 1374 1324 1437 ‘,
1373 1386 1512 1443 quae
1564 1374 1585 1404 '
1638 1374 1817 1443 imago
1860 1374 2008 1427 vocis

428 1476 533 1531 est,
561 1465 657 1519 sed
688 1464 1015 1534 generaliter
1039 1476 1227 1516 omnes
1256 1462 1512 1533 mysticus
1548 1462 1768 1531 ﬁguras,
1796 1461 1909 1515 sive
1952 1460 2007 1514 in

430 1552 628 1617 «fictis,
680 1553 795 1606 sive
846 1551 900 1604 in
950 1549 1145 1615 factis,
1204 1549 1317 1604 sive
1354 1550 1406 1603 in
1448 1565 1628 1605 rerum
1674 1549 2008 1604 sensibilium

430 1645 908 1718 imaginationibus
954 1645 1252 1713 deseriplas
1292 1646 1343 1698 in
1392 1644 1556 1698 totius
1598 1643 1814 1697 divinae
1864 1643 2011 1697 Scri-

432 1750 624 1809 pturae
648 1740 807 1804 serie,
838 1755 934 1809 per
953 1755 1087 1808 quas
1119 1740 1321 1794 veritas
1353 1755 1531 1794 rerum
1571 1738 1928 1808 spiritualium
1955 1746 2012 1792 et

2104 556 2197 611 sed
2231 556 2543 611 translative
2567 556 2633 610 de
2656 568 2721 608 eo
2747 552 2787 583 "
2815 552 2935 622 quis
2961 552 3110 616 dicit,
3140 552 3374 606 essentia
3403 561 3505 613 est,
3541 556 3671 607 sub-

2103 647 2303 702 stantia
2347 653 2449 710 est,
2494 644 2710 699 bonitas
2733 651 2838 705 est,
2870 640 3065 695 veritas
3097 648 3197 703 est,
3247 649 3532 708 ceteraque
3577 641 3675 694 ho-

2105 752 2223 791 rum
2251 736 2465 790 similia.
2493 734 2572 788 Ac
2597 749 2694 802 per
2722 733 2823 786 hoc
2850 732 2990 785 sicut
3016 731 3188 800 ipsum
3219 731 3393 800 magis
3423 732 3673 796 honorat,

2105 827 2198 896 qui
2226 834 2387 895 negat
2412 839 2535 878 eum
2560 824 2607 854 ⁸⁸
2630 837 2751 878 esse
2784 821 2930 891 quid,
2961 835 3122 888 quam
3150 820 3240 889 qui
3279 836 3400 875 eum
3442 820 3675 875 allirmat

2105 918 2232 988 quid
2261 932 2400 981 esse,
2431 917 2505 970 ita
2545 915 2664 985 plus
2688 929 2813 968 eum
2837 912 3105 982 signiﬁcat
3140 912 3184 943 ’ί
3219 920 3382 981 atque
3420 913 3674 975 honorat,

2105 1008 2196 1076 qui
2228 1006 2453 1076 ﬁguram
2489 1003 2766 1059 bestialem
2816 1002 2916 1072 ipsi
2957 1002 3274 1067 circumdat,
3304 1017 3465 1072 quam
3506 1002 3595 1070 qui
3627 1002 3679 1031 ’³⁷

2106 1097 2160 1151 in
2189 1097 2421 1151 humana
2456 1093 2629 1165 eﬂigie
2650 1107 2782 1147 auro
2808 1092 3139 1162 gemmisque
3162 1091 3381 1155 decora,
3409 1092 3680 1161 preciosa-

2106 1200 2211 1255 que
2241 1186 2427 1240 induta
2453 1183 2790 1244 vestimenta,
2822 1182 3210 1237 caelestibusve
3231 1181 3685 1251 splendidissimis

2108 1275 2424 1345 corporibus
2480 1272 2914 1341 circumscripta,
2954 1271 3128 1341 ipsum
3186 1270 3464 1340 imaginat.
3521 1269 3684 1323 Putat

2107 1368 2251 1423 enim
2275 1380 2399 1420 eum
2424 1366 2503 1420 sic
2540 1363 2862 1426 subsistere;
2890 1378 2996 1416 non
3023 1368 3201 1415 autem
3238 1360 3520 1443 decipitur,
3551 1361 3688 1413 dum

2107 1459 2176 1514 de
2215 1460 2332 1527 ipso
2369 1455 2623 1512 bestiales
2671 1463 2923 1524 turpesve
2955 1451 3273 1507 confusasve
3325 1449 3525 1506 formas
3573 1458 3673 1503 tra-

2109 1551 2205 1605 dat
2226 1548 2304 1613 ²³;
2335 1545 2564 1602 naturali
2587 1545 2731 1602 enim
2757 1542 2970 1614 ingenio
2996 1557 3231 1611 veraque
3257 1541 3465 1596 ratione
3489 1541 3685 1595 ductus

2108 1639 2330 1695 omnino
2350 1653 2473 1693 eum
2503 1637 2581 1691 sic
2606 1650 2726 1690 esse
2754 1632 3073 1688 ﬁducialiter
3098 1633 3144 1663 “
3176 1641 3354 1703 negat.

2182 1731 2440 1801 Sequitur
2466 1749 2478 1783 :
2500 1729 2651 1783 Nihil
2671 1745 2793 1798 ergo
2816 1728 2864 1759 "
2884 1730 3274 1796 inconsequens,
3302 1726 3347 1779 si
3369 1734 3416 1779 et
3439 1723 3686 1781 caelestes

432 1832 927 1901 supermundalium
973 1847 1173 1887 arcana
1205 1832 1271 1887 ad
1304 1833 1743 1888 exercitationem
1782 1830 1999 1885 humani
2034 1828 2077 1887 Β
2104 1824 2352 1879 essentias
2381 1839 2445 1878 ea:
2473 1821 2947 1878 inconvenientibus
3002 1818 3343 1873 dissimilibus
3385 1816 3687 1871 similitudi—

432 1923 622 1986 animi,
669 1931 724 1975 et
770 1937 799 1975 a
841 1922 1073 1975 terrenis
1099 1922 1164 1975 ad
1196 1921 1449 1976 caelestia
1493 1922 1893 1976 subvectionem
1939 1922 2010 1977 si-

433 2011 762 2081 gniﬁcantur
805 2012 847 2064 ³.
882 2011 1105 2079 Agalma
1145 2020 1343 2077 autem,
1370 2027 1436 2066 ex
1467 2027 1574 2081 quo
1611 2013 1866 2082 singulari
1912 2029 2009 2068 no-

434 2100 693 2153 minativo
721 2099 999 2169 pluraliter
1028 2100 1293 2169 agalmata
1342 2099 1595 2167 ﬂectitur,
1646 2102 2013 2172 multipliciter

437 2191 598 2244 etiam
647 2192 715 2245 ah
746 2192 876 2261 ipsis
917 2189 1140 2246 Graecis
1169 2190 1500 2263 intelligitur.
1546 2194 1769 2264 Agalma
1817 2194 1839 2225 ‘
1867 2195 2011 2248 enim

437 2280 619 2335 dicunt
644 2297 858 2336 omnem
884 2296 1195 2351 expressam
1234 2282 1258 2314 ⁸
1296 2283 1604 2354 imaginem,
1633 2301 1772 2355 quae
1804 2285 2014 2340 intuen-

437 2369 581 2425 tibus
627 2371 884 2425 laetitiam
936 2372 1115 2427 eﬁicit.
1153 2373 1373 2445 Agalma
1421 2391 1633 2445 quoque
1673 2377 1858 2432 dicunt
1905 2377 2016 2431 ido-

439 2461 548 2515 lum
588 2461 609 2493 ⁶
639 2460 721 2515 vel
772 2461 1115 2518 simulacrum
1165 2465 1211 2529 ",
1263 2465 1384 2534 ipsi,
1427 2466 1580 2534 cujus
1621 2469 1796 2537 imago
1841 2468 1884 2533 ⁸,
1939 2469 2013 2522 si—

439 2552 686 2607 militudo
718 2563 801 2608 est
837 2553 880 2618 ’,
930 2556 1277 2611 simillimum.
1326 2559 1544 2628 Agalma
1574 2561 1769 2630 quippe
1818 2562 2015 2616 dicitur

441 2642 593 2707 quasi
610 2640 739 2715 ἄγαν
767 2642 904 2714 ἅλμα
929 2644 992 2708 ⁸ο,
1011 2645 1114 2701 hoc
1134 2655 1236 2711 est,
1264 2647 1415 2702 valde
1440 2650 1731 2704 excelsum.
1752 2650 1815 2704 Et
1837 2651 2014 2704 divina

443 2735 625 2803 itaque
666 2735 706 2766 “
737 2736 1094 2792 ltonorilicant
1129 2739 1379 2809 mysteria
1407 2741 1576 2795 sancti
1623 2742 1851 2812 theologi
1878 2743 2018 2796 veris

442 2826 835 2897 negationibus,
868 2827 970 2882 hoc
1008 2837 1109 2894 est,
1138 2844 1232 2898 per
1258 2831 1588 2900 negationes,
1617 2848 1756 2902 quae
1786 2848 1909 2888 vere
1952 2834 2019 2887 de

443 2916 641 2971 divinis
684 2919 1080 2988 praedicantur.
1134 2920 1203 2976 Ut
1251 2923 1396 2975 enim
1450 2924 1779 2992 praedictum
1823 2933 1925 2990 est,
1962 2923 2017 2977 in

444 3007 641 3062 divinis
668 3008 1149 3079 signiﬁcationibus
1191 3026 1349 3067 verae
1375 3013 1416 3043 ¹²
1446 3021 1571 3067 sunt
1610 3014 1919 3081 negationes
1950 3014 2015 3081 ¹³,

444 3096 828 3155 aliirmationes
849 3116 978 3156 vero
1004 3102 1421 3171 metaphoricac,
1451 3117 1515 3157 ac
1539 3103 1701 3158 veluti
1728 3105 2019 3159 exstrinse-

2112 1914 2261 1967 nibus
2306 1912 2588 1981 reformant
2623 1910 2908 1964 secundum
2951 1909 3117 1963 dictas
3162 1923 3368 1961 causas.
3406 1904 3520 1961 Non
3553 1905 3692 1959 irra-

2114 2001 2459 2064 tionabiliter,
2492 1999 2686 2069 inquit,
2710 1998 3000 2053 secundum
3023 1996 3328 2067 praedictas
3355 2009 3561 2056 causas,
3597 2010 3692 2048 nev

2112 2107 2217 2162 que
2257 2091 2704 2159 inconsequenter
2741 2088 2788 2118 "
2827 2088 3000 2143 sancti
3037 2086 3267 2154 theologi
3302 2085 3563 2140 caelestes
3594 2100 3690 2140 cs-

2112 2184 2313 2239 scntias
2333 2197 2430 2252 per
2453 2181 2911 2243 inconvenientes,
2940 2188 2999 2233 ut
3025 2178 3072 2210 ⁸⁷
3098 2177 3489 2247 signiﬁcantius
3512 2185 3696 2231 trans-

2112 2274 2306 2338 fertur,
2348 2286 2443 2341 per
2486 2272 2748 2325 obscuras
2798 2267 3196 2336 dissimilesque
3245 2265 3583 2321 conformant
3620 2263 3695 2319 si-

2114 2363 2462 2418 militudines.
2525 2359 2795 2415 Hactenus
2855 2360 2922 2413 de
2982 2355 3319 2426 expositione
3376 2361 3694 2408 sanctarum

2117 2454 2563 2523 imaginationum
2589 2450 3143 2522 supermundanorum
3177 2447 3561 2503 intellectuum.
3590 2445 3697 2500 De-

2117 2547 2301 2615 inceps
2331 2543 2572 2613 apologia
2617 2550 2718 2607 est,
2764 2558 2861 2597 cur
2892 2542 2943 2595 in
2977 2540 3117 2594 hanc
3158 2537 3554 2607 inquisitionem
3596 2549 3693 2587 ve-

2117 2638 2260 2691 nerit
2294 2636 2362 2687 ’⁸.
2409 2634 2501 2690 Sic
2545 2633 2709 2702 igitur
2747 2630 3115 2686 defensionem
3159 2642 3311 2683 suam
3361 2624 3691 2695 aggreditur.

2120 2726 2242 2781 Non
2274 2726 2409 2780 enim
2454 2723 2690 2793 fortassis
2726 2737 2886 2792 aeque
2911 2736 3013 2774 non
3044 2719 3089 2750 "
3121 2734 3213 2772 nos
3256 2718 3310 2770 in
3343 2715 3697 2787 quaestionem

2116 2819 2324 2889 quidem
2351 2833 2416 2869 ea:
2452 2814 2760 2885 indigentia,
2800 2813 2856 2865 in
2894 2826 3163 2880 anagogen
3199 2823 3401 2879 quoque
3440 2821 3530 2874 per
3571 2802 3699 2857 dili-

2118 2919 2320 2980 gentem
2345 2908 2637 2961 dirinorum
2664 2903 3034 2958 scrutationem
3079 2899 3387 2953 veniremus.
3430 2892 3545 2948 Non
3580 2890 3700 2947 for-

2122 2999 2311 3064 tassis,
2365 2997 2567 3067 inquit;
2605 3010 2727 3049 nam
2776 2991 3005 3048 causalis
3052 2987 3379 3056 coniunctio,
3430 2998 3568 3053 quae
3612 2992 3702 3036 est

2121 3091 2296 3154 enim,
2361 3097 2509 3142 vacat
2544 3086 2631 3150 '°;
2696 3084 3002 3138 veniremus
3046 3079 3113 3143 ³¹,
3168 3085 3223 3132 et
3274 3090 3445 3145 aeque
3490 3073 3533 3104 ³³
3586 3087 3702 3127 non

445 3204 543 3242 cus
578 3190 893 3260 acquisitae,
921 3200 1015 3245 aut
1041 3192 1261 3246 omnino
1304 3192 1706 3262 incompactae,
1764 3194 1866 3248 hoc
1913 3203 2016 3258 est,
2048 3177 2092 3237 C
2125 3182 2430 3237 veniremus
2475 3193 2574 3233 nos
2616 3177 2671 3231 in
2722 3176 2862 3229 hanc
2912 3169 3280 3242 quaestionem
3328 3166 3395 3220 de
3452 3162 3704 3234 mysticis

450 3295 552 3333 non
579 3282 844 3348 propriae.
878 3282 945 3337 Et
974 3296 1076 3336 non
1101 3282 1273 3336 solum
1304 3297 1398 3352 per
1429 3284 1737 3353 negationes
1763 3299 1919 3339 veras
1947 3286 2024 3338 di-

448 3368 574 3421 vina
604 3369 981 3434 honoriﬁcam,
1012 3386 1197 3425 verum
1221 3372 1385 3425 etiam
1416 3387 1511 3440 per
1553 3373 1790 3428 diversas
1834 3373 2024 3428 simili-

454 3458 684 3523 tudines,
718 3460 799 3514 vel
830 3469 889 3513 ut
922 3461 964 3492 “
994 3462 1303 3531 expressius
1333 3462 1671 3527 transfertur,
1700 3480 1797 3533 per
1822 3463 2024 3519 alienas

449 3551 829 3607 similitudines
872 3552 917 3584 ⁸⁵
947 3562 1344 3623 compactarum
1414 3556 1867 3619 resouantiarum,
1921 3556 2024 3611 hoc

450 3651 551 3705 est,
577 3645 986 3698 consonantium
1015 3646 1454 3714 imaginationum
1497 3649 1562 3701 ad
1599 3648 1909 3711 novissima,
1956 3650 2022 3701 ad

455 3733 810 3787 matcrialium
843 3734 1092 3790 videlicet
1121 3744 1175 3790 et
1220 3737 1579 3807 corporalium
1608 3753 1789 3792 rerum
1824 3739 2026 3792 formas

451 3833 508 3877 et
537 3824 766 3892 species.
803 3824 871 3879 Ut
900 3826 1042 3880 enim
1096 3827 1343 3896 superius
1380 3827 1685 3882 confectum
1730 3837 1815 3883 est
1847 3828 1913 3891 ¹⁶,
1959 3829 2028 3882 si-

451 3922 543 3966 cut
570 3912 690 3981 plus
719 3914 897 3967 divina
933 3916 1297 3977 honoriﬁcari.
1331 3917 1436 3973 hoc
1476 3928 1578 3983 est,
1617 3920 1925 3987 expressius
1955 3919 2028 3973 si-

452 4001 697 4070 gniﬁcari
728 4016 825 4072 per
852 4018 1009 4059 veras
1040 4006 1370 4076 negationes,
1404 4024 1564 4077 quam
1609 4024 1705 4078 per
1741 4009 2028 4065 translatas

451 4090 835 4148 aliirmationes
866 4105 1091 4164 possunt
1121 4115 1134 4151 :
1171 4098 1241 4151 ita
1282 4098 1399 4167 plus
1426 4109 1479 4154 et
1513 4101 1902 4171 signiﬁcantius
1939 4117 2028 4156 ea-

451 4181 574 4235 dem
605 4183 781 4237 divina
811 4199 908 4253 per
942 4185 1147 4240 alienas
1183 4188 1558 4244 similitudines
1586 4191 2028 4246 novissimzrum-

452 4285 558 4338 que
603 4273 961 4327 materialium
1011 4291 1191 4330 rerum
1245 4278 1675 4348 imaginationes,
1725 4296 1885 4349 quam
1932 4296 2031 4350 per

455 4360 708 4428 pulchras
735 4364 1051 4419 caelestium
1077 4367 1583 4439 rationabiliumque
1613 4385 1793 4424 rerum
1825 4370 2027 4426 formas

454 4452 725 4507 mentibus
748 4454 995 4510 humanis
1017 4457 1375 4512 insinuantur.
1392 4459 1851 4525 Quemadmodum
1875 4477 2028 4516 nam-

2124 3278 2344 3326 sanctae
2400 3266 2712 3336 Scripturae
2780 3259 3245 3332 imaginationibus
3315 3270 3380 3310 ex
3457 3252 3705 3320 indigen-

2125 3360 2223 3423 tia,
2280 3359 2384 3413 hoc
2441 3364 2545 3420 est,
2593 3371 2659 3408 ex
2706 3352 2883 3422 inopia
2937 3346 3353 3416 intelligentiae;
3408 3358 3514 3397 non
3551 3341 3703 3395 enim

2124 3465 2223 3505 nos
2254 3448 2456 3503 latebat
2488 3445 2744 3516 mysticus
2766 3449 3072 3497 sanctarum
3118 3435 3496 3506 ﬁgurationum
3538 3428 3702 3483 intel-

2125 3541 2297 3596 lectus
2322 3556 2337 3606 ;
2384 3552 2557 3606 neque
2583 3537 2637 3590 in
2668 3548 2961 3605 anagogen,
3006 3533 3109 3586 hoc
3135 3539 3250 3592 est,
3302 3529 3352 3581 in
3383 3539 3598 3581 sensum
3629 3522 3706 3576 ad

2124 3631 2402 3701 superiora
2435 3630 2716 3683 ducentem
2746 3640 2844 3694 per
2880 3623 3188 3693 diligentem
3214 3619 3520 3673 divinorum
3548 3629 3707 3685 sym-

2128 3722 2371 3777 bolarum
2422 3717 2804 3774 scrutationem
2850 3714 3194 3776 veniremus,
3242 3708 3341 3761 nisi
3390 3705 3705 3774 deformitas

2126 3828 2218 3866 nos
2245 3811 2291 3843 ⁸³
2320 3817 2641 3878 extorqueret
2662 3803 3106 3873 manifestatoriae
3125 3799 3425 3870 angelorum
3447 3794 3708 3862 reforma-

2128 3903 2307 3965 tionis,
2338 3917 2439 3954 non
2467 3899 2640 3953 sinens
2666 3905 2900 3950 nostrum
2923 3895 3156 3946 animum
3181 3903 3445 3943 remanere
3466 3887 3519 3938 in
3543 3884 3708 3937 dissi-

2130 3992 2338 4045 milibus
2362 3990 2651 4059 formarunt
2670 3984 2910 4055 facturis,
2927 3983 3016 4039 sed
3031 3982 3311 4035 luctantem
3334 3992 3520 4047 negare
3539 3984 3709 4027 mate-

2130 4079 2287 4133 riales
2325 4070 2713 4146 possibilitates,
2750 4084 2797 4127 et
2823 4079 3201 4126 assuescentem
3228 4083 3354 4137 pure
3378 4062 3584 4119 extendi
3610 4077 3709 4131 per

2130 4167 2348 4223 visibilia
2377 4166 2433 4219 in
2463 4162 2910 4233 supermundanas
2932 4158 3253 4213 altitudines.
3289 4155 3364 4207 Ae
3387 4153 3430 4207 si
3461 4152 3702 4205 diceret:

2129 4259 2186 4312 In
2216 4253 2752 4325 hujusquaestionis,
2783 4265 2921 4321 quae
2957 4250 3023 4303 de
3066 4247 3262 4301 divinis
3307 4241 3563 4313 symbolis
3593 4251 3706 4303 est,

2128 4348 2433 4421 diligentem
2484 4343 2945 4411 investigationem
2990 4337 3037 4369 “
3084 4353 3189 4391 non
3229 4332 3705 4393 descenderemus,

2130 4443 2174 4498 si
2206 4455 2312 4495 non
2345 4437 2662 4494 deformitas
2699 4449 2762 4488 ac
2790 4431 2953 4486 veluti
2999 4428 3268 4498 turpitudo
3294 4423 3703 4484 formationum,

455 4556 564 4611 quo
592 4543 658 4599 de
689 4546 798 4600 Deo
815 4510 1093 4615 ριιηθσερρί
1119 4550 1184 4615 η’
2055 4524 2107 4583 D
2135 4544 2269 4599 quae
2295 4526 2563 4598 angelicas
2590 4524 2817 4576 virtutes
2846 4522 2898 4575 in
2929 4517 3126 4573 divinis
3153 4514 3447 4619 scripturis
3475 4510 3710 4566 manife-

453 4634 951 4703 comprehensibilis
976 4647 1062 4692 est
1103 4639 1170 4704 ",
1197 4655 1301 4695 non
1332 4649 1415 4697 est
1456 4644 1781 4707 substantia,
1809 4659 1915 4698 non
1943 4652 2029 4698 est

454 4724 713 4789 essentia,
737 4725 870 4779 nihil
894 4728 977 4781 est
1014 4743 1220 4792 eorum,
1252 4746 1389 4800 quae
1421 4740 1581 4801 sunt;
1616 4742 1842 4803 superat
1881 4732 2023 4787 enim

2133 4628 2299 4682 stant,
2331 4632 2428 4672 nos
2454 4616 2502 4648 ³⁸
2531 4613 2693 4668 veluti
2720 4612 2915 4666 invitos
2942 4614 3160 4679 cogeret
3183 4604 3308 4661 “et
3332 4609 3703 4670 extorqueret.

2133 4710 2282 4776 Quae
2316 4706 2629 4761 deformitas
2672 4716 2775 4756 non
2808 4700 2936 4755 sinit
2970 4706 3211 4752 nostrum
3254 4693 3490 4747 animum
3522 4704 3705 4745 rema-

1730 4864 1985 4919 VARIAE
2023 4857 2420 4916 LECTIONES.

531 4950 547 4980 ¹
570 4947 694 5002 dicit
723 4964 831 5003 om.
857 4948 1007 5014 ABC,
1038 4950 1160 5005 add.
1192 4968 1255 5007 ex
1279 4954 1420 5009 coni.
1495 4955 1516 4985 ²
1552 4953 1631 5009 sic
1657 4953 1717 5014 C.
1744 4952 1791 5007 Δ
1813 4969 1995 5019 neque,
2022 4952 2063 5005 Β
2093 4967 2201 5005 nec.
2228 4950 2288 5001 Β*
2318 4948 2431 5001 rad.
2465 4960 2607 4998 corr.
2638 4944 2757 5019 nisi.

458 5018 482 5093 ξ
607 5033 776 5093 marg.
814 5022 1161 5093 adseruquod
1201 5023 1417 5093 agalma
1442 5024 1795 5093 multipliciter
1832 5018 2042 5093 dicitur.

457 5087 580 5160 ⁸Β⁶
609 5089 675 5160 ad
709 5087 879 5160 marg.
901 5087 1087 5160 adscr.
1131 5102 1205 5144 est
1234 5087 1328 5145 uel.
1405 5092 1426 5124 ⁹
1471 5105 1545 5146 est
1572 5087 1680 5147 om.
1714 5093 1773 5147 Β.

465 5159 509 5190 ’⁸
535 5159 578 5213 Α
610 5158 707 5212 liae
736 5158 1065 5229 negationes.
1145 5160 1189 5192 ”
1218 5160 1309 5216 Sic
1338 5161 1401 5222 (ἶ,
1441 5162 1527 5215 ΑΒ
1553 5163 1724 5217 velud.

462 5229 506 5264 ι’
533 5229 595 5282 Β·
619 5242 782 5298 supra
806 5230 980 5283 adscr.
1018 5232 1225 5300 proprie
1264 5234 1545 5299 praedicat.

459 5302 525 5353 ad
572 5313 741 5369 marg.
773 5300 950 5354 adscr.
981 5301 1065 5369 B‘r.

2120 5020 2142 5050 ⁸
2170 5019 2211 5071 Β
2235 5022 2556 5087 impressam.

1853 5092 1895 5123 ¹⁰
1928 5091 1986 5144 Β⁵
2022 5105 2189 5156 marg.
2219 5081 2396 5156 adscr.
2444 5086 2481 5137 i.
2523 5100 2568 5137 e.
2597 5081 2896 5156 aganamia.

1803 5162 1846 5194 ”
1868 5161 1945 5215 vel
1972 5171 2100 5214 ιιι-
2119 5150 2486 5212 similitudines
2519 5150 2641 5207 om.
2658 5150 2720 5204 A.

1624 5233 1667 5264 ’⁸
1708 5226 2236 5300 incomprehensibilis
2265 5235 2345 5300 est
2378 5238 2485 5300 out.
2517 5222 2577 5274 Β.

1142 5302 1185 5331 ἰ
1214 5301 1321 5357 Pro
1355 5319 1472 5354 eum
1497 5302 1755 5371 significat
1784 5301 1825 5354 Β
1846 5299 2225 5367 censignificat.

457 5370 534 5423 sic
562 5386 671 5423 esse
692 5364 1018 5451 'ﬁ'd‘ucialiter
1115 5371 1190 5424 sic
1217 5364 1641 5451 fidttcialiter—se,
1672 5370 1940 5451 B‘nsupra
1973 5364 2151 5451 aliaet":
2188 5381 2330 5419 corr.
2357 5364 2443 5451 .snic

2835 4942 2855 4972 ³
2877 4937 3124 5008 B"tﬁarg.
3152 4938 3328 4991 adscr.
3357 4934 3709 5008 Signiﬁcavit.

2656 5013 2678 5043 ‘
2720 5011 2807 5065 AB
2854 5004 3099 5079 ydolum:
3163 5009 3183 5040 ⁷
3221 5007 3259 5059 Δ
3288 5004 3711 5072 symulachrum.

2656 5081 2896 5129 mnamia.
2977 5080 3017 5109 “
3049 5076 3090 5129 Β
3120 5078 3211 5129 ita.
3306 5077 3347 5106 "
3384 5074 3424 5127 Β
3460 5083 3507 5126 et
3532 5089 3711 5129 uerae.

2806 5112 2896 5131 ιη..
3049 5112 3090 5129 υ
3384 5112 3424 5127 .,
3460 5112 3505 5126 ι.
3535 5112 3713 5129 “ﬂ...

2802 5150 2846 5180 ¹⁶
2872 5158 2947 5201 est
2975 5163 3082 5200 om.
3111 5147 3169 5206 Β,
3209 5160 3367 5214 supra
3396 5144 3574 5214 adscr.
3602 5140 3711 5214 48:.

2657 5220 2699 5250 ¹⁹
2729 5219 2791 5272 de
2818 5235 2875 5271 eo
2905 5233 3013 5272 om.
3047 5216 3107 5268 Β.
3185 5216 3229 5246 ¹⁰
3259 5210 3375 5267 eum
3406 5228 3517 5265 om.
3546 5210 3714 5278 ΑΒΘ,

2770 5288 2817 5319 ⁸³
2851 5287 3027 5357 Couj.,
3223 5292 3475 5357 ωαψς.-
3530 5280 3577 5310 ³⁵
3600 5280 3716 5337 Pro

2303 5295 2347 5326 “
2375 5294 2462 5364 qui
2491 5306 2601 5344 om.
2634 5289 2692 5342 B.
2770 5289 2817 5319 ⁸³
2851 5289 3027 5357 Couj.,
3051 5289 3183 5339 ABG
3223 5292 3435 5335 tractat.
3530 5289 3577 5310 "
3600 5289 3716 5337 t’ro

2303 5381 2328 5408 ι,
2369 5364 2443 5408 sic
2485 5358 2799 5408 ﬁducialitrr
2823 5375 2951 5408 esse.
3027 5356 3074 5387 ³⁵
3106 5356 3145 5408 Β
3176 5356 3292 5407 hoc.
3369 5352 3414 5383 ³⁸
3441 5349 3482 5404 Β
3520 5365 3718 5402 conse-

2481 5358 2806 5430 ﬁdncialitrrg
2823 5375 2951 5430 esse.

434 5417 785 5510 .quenter.'B‘
810 5454 969 5506 supra
1001 5440 1178 5494 adscr.
1210 5417 1651 5510 inciiiéiﬁie'niér'.
1672 5417 1709 5423 ν
1727 5417 2000 5501 "horti;
2171 5417 2299 5489 aut.
2357 5432 2402 5510 ’ᾗ
2426 5417 2613 5484 venerit
2643 5443 2753 5481 om.
2926 5427 2991 5479 ad
3023 5440 3190 5494 marg.
3224 5423 3400 5510 εἶρξεν.
3429 5420 3516 5510 Β.)
3544 5417 3585 5470 (2
3611 5433 3721 5499 cur

454 5497 512 5560 in
550 5497 690 5561 hanc
712 5497 901 5562 venerit
934 5497 1443 5578 inﬁaequisitionem:
1520 5509 1565 5540 ²⁹
1600 5510 1702 5563 Pro
1728 5526 1887 5578 aeque
1914 5497 2015 5561 non
2044 5507 2102 5578 [ξ’
2131 5520 2298 5574 marg.
2329 5501 2505 5578 adscr.
2546 5514 2724 5578 neque.
2757 5497 2916 5578 ..εοηᾼ
2943 5503 3137 5578 uacent.

3235 5492 3278 5523 ³¹
3308 5490 3431 5544 Non
3463 5487 3719 5557 fortassis

456 5561 828 5631 ~veniremus
852 5593 961 5633 om.
994 5561 1081 5632 Β(
1106 5561 1177 5608 ’³⁸
1212 5577 1388 5645 Conj.,
1421 5578 1464 5632 A
1506 5561 1710 5646 umque.
1734 5561 2011 5642 NB'utique,
2050 5575 2091 5631 (ἶ
2136 5561 2439 5646 uterque“.
2485 5561 2712 5639 utique).
2842 5566 2933 5619 Sic
2972 5563 3012 5618 Ο
3041 5573 3096 5617 ει
3125 5561 3524 5646 ,ειιιπτιηεξιιευνμ
3547 5570 3715 5646 ξξθτξ·

462 5646 519 5697 'i'
543 5686 556 5709 ,
621 5646 708 5700 AB
736 5665 857 5701 non.

459 5713 543 5780 ιιι,
582 5713 710 5770 ABG
736 5719 945 5785 eogircl.

965 5648 1009 5679 "’
1038 5646 1188 5704 tiorr.
1242 5646 1328 5711 ιγ,
1361 5648 1489 5703 Alit}
1537 5648 1771 5723 diligenti
1810 5646 2212 5713 investigatione.

2318 5624 2502 5695 3"‘rtos
2559 5624 2685 5694 o'mf
2716 5636 2836 5707 Ali,
2869 5650 3028 5702 supra
3072 5624 3248 5686 adscr.
3292 5628 3374 5683 B‘.
3477 5625 3524 5658 ³⁸
3546 5624 3720 5683 Gort‘.
