3952 6156
284 283 390 343 175

1100 283 1322 342 SUPER
1362 282 1786 339 lERARClllAM
1829 271 2240 338 CAELESTEM
2283 281 2340 337 S.
2383 279 2696 337 DIONYSII.

3432 277 3525 332 174

280 411 415 450 uere
448 396 503 449 in
532 395 884 451 dissimilibus
926 395 1228 451 divinorum
1255 395 1621 452 intellectunm
1652 394 1856 449 forma-
1886 399 1933 458 Α
1964 396 2006 428 ³³
2039 412 2143 451 non
2168 396 2338 451 solum
2354 395 2642 453 visibilium
2658 400 3346 457 sacramentorum,verum
3369 392 3533 445 etiam

281 485 553 549 tionibus;
587 485 691 539 hoc
714 494 893 539 autem
929 486 1058 541 dicit
1086 486 1416 542 condescens
1463 486 1564 550 his,
1614 486 1704 556 qni
1742 502 1861 540 car-

279 573 482 626 naliter
506 572 688 627 divina
716 575 987 643 accipiunt
1011 576 1284 647 symbola;
1313 576 1406 631 sed
1449 576 1575 631 sinit
1615 586 1856 631 nostrum

277 662 520 714 animum
551 661 743 716 luctari
777 665 1035 719 adversus
1067 664 1227 721 falsas
1262 665 1575 736 phantasias
1602 681 1738 719 vana
1770 681 1859 720 co-

275 752 564 820 gitantium
622 752 661 818 ¹,
720 762 775 808 et
814 769 1008 825 negare
1051 756 1362 812 maleriales
1406 757 1788 828 possibilitates
1838 758 1858 788 ’

277 840 654 909 spiritualibus
678 844 972 897 carnaliter
1014 844 1192 901 inesse
1221 846 1560 913 substantiis,
1589 855 1643 901 et
1678 862 1860 902 assue-

278 939 539 994 scentem,
569 931 672 985 hoc
709 940 813 998 est,
847 933 1141 988 discentem
1174 948 1417 990 nostrum
1467 937 1703 992 animum
1732 937 1861 992 sinit

275 1032 409 1087 pure
428 1018 672 1084 extendi,
699 1018 752 1073 in
782 1021 1199 1077 incontaminata
1227 1023 1472 1078 videlicet
1494 1024 1740 1115 subvehi,
1766 1040 1861 1095 per

275 1108 512 1161 visibilia
560 1120 903 1166 sacramenta
951 1112 1005 1166 in
1054 1114 1515 1183 supermundanas
1554 1108 1856 1170 divinorum

275 1197 649 1254 intellectuum
677 1203 1116 1258 exeelsitudines.
1154 1204 1221 1257 Et
1245 1205 1348 1260 hoc
1375 1206 1615 1261 breviter
1641 1207 1859 1262 conclu-

275 1288 352 1342 dit
386 1289 581 1344 dicens
608 1309 621 1343 :
659 1290 830 1345 Tanta
862 1293 1069 1363 quidem
1094 1312 1126 1348 a
1164 1295 1311 1349 nobis
1339 1295 1479 1349 dicta
1503 1306 1624 1350 sunt
1651 1307 1851 1367 propter

275 1379 576 1432 materiales
635 1390 684 1433 et
736 1382 1145 1438 inconvenientes
1194 1385 1490 1439 divinorum
1535 1385 1857 1455 eloquiorum

273 1467 633 1536 angeliearum
659 1470 945 1540 imaginum
975 1472 1361 1542 descriptiones.
1396 1473 1524 1527 Post
1569 1491 1699 1529 vero
1729 1491 1859 1546 apo-

274 1561 471 1633 logiam
508 1566 786 1634 sequentis
815 1566 995 1637 operis
1023 1568 1203 1624 brevis
1245 1571 1488 1641 sequitur
1527 1572 1739 1626 divisio.
1767 1573 1859 1628 Ait

274 1652 419 1704 enim
448 1665 464 1704 :
500 1652 702 1706 Deinde
736 1666 910 1710 autem
938 1660 1199 1729 segregari
1224 1672 1443 1731 oportet,
1473 1663 1600 1734 quid
1630 1663 1650 1694 ³
1688 1665 1856 1732 ipsam

1964 488 2009 518 ²⁶
2051 502 2234 542 eorum
2278 486 2645 558 intelligentia,
2691 485 2995 539 custodiant
3054 482 3329 554 mysteria.
3380 480 3532 549 Quae

1962 577 2250 632 uniformis
2296 587 2451 641 sunt;
2484 592 2646 630 unum
2689 576 2831 629 enim
2875 574 3213 645 signiﬁcant,
3255 573 3306 627 in
3352 587 3460 641 quo
3487 569 3529 604 ¹¹

1963 669 2142 723 omnia
2172 684 2337 722 unum
2366 677 2512 722 sunt.
2550 667 2807 723 Prohibet
2853 667 2995 721 enim
3043 666 3222 720 divina
3255 665 3539 735 Scriptura

1965 759 2259 821 invisibiles
2316 758 2636 828 margaritas
2691 758 2993 813 divinorum
3048 755 3417 811 intellectuum
3479 753 3537 809 in

1962 865 2178 921 porcos,
2215 851 2317 905 hoc
2350 858 2449 909 est,
2484 848 2537 903 in
2585 848 2845 918 superbos
2891 848 3303 915 immundosque
3360 845 3535 899 homi-

1962 958 2057 997 nes
2080 940 2366 1013 projicere,
2394 954 2714 1009 earumque,
2737 940 3152 1011 margaritarum
3178 940 3319 1002 dico,
3342 938 3502 993 distin
3518 967 3533 975 -

1960 1043 2126 1097 ctum,
2153 1032 2478 1087 luculentum
2509 1032 2554 1062 “
2585 1030 3013 1100 beneﬁt-umque,
3038 1031 3141 1085 hoc
3164 1037 3266 1095 est,
3292 1037 3538 1082 amantes

1960 1132 2009 1177 et
2045 1122 2402 1192 intelligentes
2436 1136 2493 1176 se
2519 1118 2941 1176 benefacientem
2981 1127 3038 1175 et
3078 1117 3416 1175 deiﬁcantcm
3443 1130 3536 1172 οι·-

1962 1223 2168 1270 natum.

2420 1305 2517 1361 CA
2538 1304 2913 1360 PITULUM
2974 1304 3079 1359 lll.

2435 1416 2602 1487 Cujus
2628 1415 2894 1488 praefatio
2926 1429 3010 1474 cst
3035 1434 3049 1472 ε

1997 1532 2136 1598 Quid
2163 1532 2229 1585 sit
2258 1530 2517 1584 ierarcltia
2546 1539 2592 1583 et
2617 1545 2751 1599 quae
2772 1546 2864 1600 per
2888 1529 3202 1584 ierarcltiam
3222 1527 3427 1581 utilitas
3451 1538 3499 1583 ιι.

2030 1662 2058 1736 §
2083 1663 2131 1717 l.
2158 1662 2249 1715 Est
2269 1661 2477 1731 quidem
2495 1660 2752 1714 ierarchia
2774 1659 3056 1715 secundum
3079 1676 3160 1714 me
3180 1660 3308 1712 ordo
3336 1657 3541 1714 divinus

271 1742 481 1812 quidem
528 1759 639 1798 esse
683 1743 706 1775 ⁸
748 1747 1061 1803 iterare/tiam
1113 1753 1468 1817 aestimamus,
1518 1753 1703 1822 quidve
1740 1755 1851 1824 ipsa
1885 1749 1930 1807 Β
1957 1760 2005 1807 et
2036 1750 2253 1805 scientia
2282 1749 2329 1780 "
2363 1759 2408 1803 et
2435 1750 2569 1802 actio
2600 1747 2866 1817 deiformi,
2899 1757 3151 1818 quantum
3174 1747 3437 1817 possibile,
3461 1748 3537 1802 si-

270 1832 536 1886 ierarcltia
568 1833 591 1865 ⁸
618 1836 779 1904 prosit
814 1839 1123 1894 ierarcltiam
1174 1844 1527 1897 sortientibus.
1572 1843 1685 1899 Hoc
1728 1854 1846 1900 est:

272 1930 494 1990 oportet
524 1939 624 1979 nos
662 1926 729 1980 de
772 1936 956 1982 cetero
1004 1944 1289 2003 segregare
1347 1935 1389 1997 ‘,
1436 1935 1601 1990 certis
1648 1937 1854 1992 scilicet

273 2012 526 2067 terminis
554 2015 797 2081 delinire,
825 2019 951 2088 quid
975 2020 1142 2089 ipsam
1168 2024 1473 2090 generalem
1506 2025 1852 2093 ierarchiam,

273 2098 328 2154 id
355 2111 463 2166 est,
490 2104 859 2170 pontiﬁcatum
885 2108 1251 2164 arbitramur'
1282 2128 1421 2178 esse,
1447 2115 1640 2183 quidve
1658 2115 1851 2185 ipsam,

272 2192 581 2257 generalem
608 2194 855 2251 videlicet
882 2198 903 2230 ⁸
941 2199 1288 2266 ierarchiam,
1321 2206 1679 2262 sortientibus
1722 2224 1850 2278 pro-

273 2282 396 2377 dest
422 2299 778 2377 unaquaeque
811 2291 1058 2359 specialis
1101 2293 1385 2350 ierarchia.
1424 2296 1554 2353 Tota
1585 2300 1850 2377 siquidem

268 2370 434 2439 hujus
458 2376 642 2443 operis
665 2377 891 2434 intentio
924 2390 1008 2436 est
1054 2384 1118 2438 de
1150 2386 1385 2455 generali
1414 2370 1728 2457 pontiﬁcatu
1762 2392 1853 2447 de-

269 2479 381 2533 que
404 2465 521 2533 ejus
547 2468 736 2524 formis
762 2480 1012 2529 tractare.
1048 2475 1306 2545 Sequitur
1325 2481 1538 2535 oratio:
1572 2481 1696 2536 Dux
1731 2499 1851 2538 vero

268 2557 337 2607 sit
382 2559 639 2612 sermonis
670 2559 691 2590 '
723 2557 991 2628 Christus,
1022 2567 1275 2635 siquidem
1304 2571 1431 2623 mihi
1472 2570 1554 2639 fas
1598 2571 1640 2603 ¹⁶
1661 2551 1849 2639 dicere,

270 2659 459 2705 meus.
516 2648 674 2700 totius
722 2650 1011 2707 ierarchiae
1062 2654 1103 2685 ¹¹
1135 2657 1572 2725 manifestationis
1626 2660 1854 2731 inspira-

266 2732 363 2783 tio.
400 2733 536 2798 Dux,
570 2736 764 2804 inquit,
805 2743 1072 2797 sermonis
1100 2744 1227 2809 mei,
1256 2746 1299 2799 si
1332 2745 1457 2801 licet
1489 2748 1619 2802 mihi
1642 2750 1849 2816 dicere,

266 2818 523 2912 Christus
548 2840 720 2890 meus,
749 2843 778 2882 a
809 2845 914 2899 quo
944 2832 1135 2902 incipit
1162 2843 1218 2889 et
1246 2836 1541 2905 inspiratur
1571 2849 1678 2895 tota
1715 2858 1850 2912 pou-

273 2910 488 2967 tiﬁcalis
517 2915 891 2987 conﬁguratio.
917 2920 974 2975 in
1010 2923 1115 2979 ﬁne
1142 2940 1269 2980 vero
1300 2928 1463 2983 totius
1511 2910 1732 3000 capituli
1764 2933 1854 2988 Ti-

272 3002 555 3057 motheum
611 3006 677 3072 “,
703 3008 1010 3080 episcopum
1052 3014 1282 3082 Ephesi,
1327 3016 1411 3071 vel
1453 3027 1601 3074 certe
1639 3036 1846 3086 omnes,

1956 1842 2180 1904 mutata,
2208 1842 2370 1913 juxta
2397 1840 2591 1894 inditas
2623 1848 2670 1893 et
2698 1839 2948 1893 divinitus
2978 1837 3385 1893 illuminationes
3414 1854 3540 1907 pro-

1954 1931 2314 2004 portionaliter
2339 1931 2394 1986 in
2435 1929 2532 1983 Dei
2561 1928 2955 1983 similitudinem
2997 1928 3298 1981 ascendens.
3334 1928 3374 1981 A
3408 1926 3538 1981 deﬁ-
3610 1974 3623 1983 .

1956 2024 2159 2078 nitione
2209 2021 2506 2077 icrarchiae
2552 2019 2845 2089 capitulum
2886 2019 3126 2074 inchoat.
3172 2019 3286 2083 Est,
3341 2018 3534 2088 inquit,

1954 2113 2227 2170 ierarcbia
2254 2111 2548 2169 secundum
2582 2124 2699 2174 me,
2736 2110 2836 2163 hoc
2858 2117 2941 2163 est
2966 2126 2979 2161 :
3009 2116 3271 2179 quantum
3301 2106 3431 2161 mihi
3463 2107 3537 2163 vi-

1954 2206 2131 2270 detur,
2163 2201 2423 2258 ierarchia
2450 2206 2531 2256 est
2553 2200 2686 2255 ordo
2721 2199 2934 2254 divinus
2959 2207 3013 2254 et
3038 2199 3262 2253 scientia
3285 2207 3339 2252 et
3368 2198 3533 2255 actio.

1956 2296 2153 2351 Tribus
2182 2295 2364 2365 itaque
2401 2292 2645 2362 partibus
2683 2290 3049 2345 deﬁnitionem
3079 2289 3379 2345 ierarchiae
3410 2304 3541 2343 con-

1955 2387 2140 2443 cludit.
2173 2386 2231 2439 in
2257 2383 2403 2439 omni
2432 2382 2697 2452 siquidem
2722 2381 2903 2436 divino
2936 2380 3251 2450 pontilicatu
3276 2380 3410 2434 haec
3436 2380 3536 2435 tria

1954 2475 2284 2533 considerari
2318 2488 2536 2529 necesse
2566 2480 2688 2527 est:
2738 2486 2845 2541 quo
2882 2471 3093 2536 ordine,
3125 2486 3230 2541 qua
3277 2471 3541 2541 dignitate

1954 2569 2075 2640 quis
2099 2567 2446 2623 constituitur
2472 2573 2525 2619 et
2546 2563 2757 2637 perlicit
2782 2572 2837 2618 et
2859 2561 3157 2634 perﬁcitur,
3199 2573 3460 2632 quantum
3488 2563 3540 2618 in

1956 2659 2169 2723 notitia,
2199 2657 2302 2712 hoc
2340 2666 2445 2722 est,
2482 2656 2534 2710 in
2560 2654 2785 2709 scientia
2811 2662 2866 2708 et
2911 2653 3188 2723 disciplina
3235 2653 3538 2709 divinarum

1955 2763 2135 2817 rerum
2164 2755 2218 2803 et
2248 2746 2580 2801 illuminatur
2626 2752 2682 2798 et
2732 2742 3034 2805 illuminat,
3089 2751 3144 2797 et
3188 2751 3454 2812 quatenus
3484 2741 3539 2796 in

1956 2841 2165 2895 actione
2189 2837 2563 2893 mandatorum
2595 2833 2807 2905 proﬁcit
2851 2840 2907 2888 et
2948 2840 3291 2904 purgatur‘et
3321 2837 3539 2902 purgat.

1954 2932 2033 2987 Ac
2060 2947 2156 3002 per
2184 2931 2286 2985 hoc
2313 2928 2583 3000 perfectus
2609 2927 2773 2982 animi
2803 2926 3019 2981 habitus
3046 2926 3098 2979 in
3123 2926 3331 2988 ordine,
3357 2925 3536 2994 cogni-

1957 3022 2032 3078 tio
2059 3035 2187 3077 vero
2215 3034 2397 3074 rerum
2435 3016 2790 3088 spiritualium
2839 3016 2891 3069 in
2920 3015 3147 3070 scientia
3167 3054 3181 3079 ,
3231 3015 3532 3069 divinorum

274 3095 366 3157 qui
400 3091 543 3148 hunc
589 3109 895 3153 sermonem
944 3100 1134 3157 lecturi
1191 3104 1406 3173 forent,
1445 3108 1737 3180 alloquitur
1774 3113 1853 3166 in-
1881 3106 1925 3167 C
1957 3129 2087 3168 vero
2126 3111 2497 3166 mandatorum
2529 3107 2770 3162 custodia
2803 3106 2856 3160 in
2903 3105 3114 3159 actione
3144 3103 3439 3174 perﬁcitur.
3472 3102 3530 3156 lu

273 3182 508 3251 quiens:
542 3184 623 3238 Tu
651 3203 787 3253 vero,
809 3206 838 3243 ο
864 3207 1008 3259 puer,
1048 3196 1334 3249 secundant
1368 3207 1605 3252 sanctam
1644 3212 1852 3257 nostrae

269 3274 617 3329 sacerdotalis
663 3279 960 3334 traditionis
1018 3281 1395 3354 legislationem
1442 3287 1549 3356 ipse
1589 3301 1767 3345 sancte
1807 3302 1856 3346 et

268 3366 516 3418 decenter
537 3367 781 3420 ausculta
816 3371 1124 3426 mirabiliter
1152 3374 1410 3429 dictorum
1433 3377 1637 3433 divinus
1666 3382 1719 3433 in
1750 3381 1854 3435 Deo

270 3463 321 3507 et
358 3456 413 3508 in
443 3457 689 3511 doctrina
723 3459 911 3527 factus,
962 3473 1009 3516 et
1048 3477 1242 3520 secreto
1274 3469 1455 3531 animi,
1505 3484 1637 3538 quae
1672 3484 1855 3526 sancta

273 3557 415 3611 sunt,
443 3550 933 3622 circumtegenshex
960 3556 1226 3611 immunda
1251 3561 1583 3617 multitudine
1605 3573 1854 3633 tanquam

280 3639 563 3707 uniformia
594 3644 836 3709 custodi;
865 3662 969 3698 non
989 3649 1124 3701 enim
1148 3649 1232 3717 fas
1261 3650 1327 3716 “,
1372 3664 1428 3705 ut
1460 3653 1662 3726 eloquia
1684 3656 1852 3718 aiunt,

278 3728 331 3780 in
350 3745 538 3797 porcos
558 3734 819 3802 projicere
854 3737 1188 3793 invisibilium
1219 3745 1630 3811 margaritarum
1670 3746 1853 3799 incon-

280 3814 452 3884 fusum
500 3830 549 3873 et
595 3820 923 3891 luciformem
964 3827 1345 3901 beneﬁcumque
1377 3832 1421 3863 “
1452 3843 1713 3887 ornatum.
1760 3833 1855 3888 [iis

282 3909 457 3963 verbis
478 3910 730 3966 hortatur
754 3913 800 3945 "
829 3930 1016 3971 omnes
1046 3918 1322 3975 ministros
1345 3921 1647 3976 divinorum
1674 3938 1856 3977 sacra-

283 4009 611 4065 mentorum,
643 4003 782 4057 sicut
809 4008 1158 4062 sacerdotalis
1180 4011 1540 4081 promulgatio
1582 4013 1765 4079 tradit,
1797 4020 1857 4067 ut

282 4088 381 4158 ipsi
424 4102 615 4148 sancte
657 4104 712 4148 et
752 4097 977 4153 honeste
1025 4101 1221 4158 divinis
1271 4105 1576 4160 auscultent
1603 4107 1760 4161 dictis
1792 4108 1853 4172 ⁸⁸,

282 4179 447 4269 divini
494 4182 547 4237 in
580 4185 691 4239 Deo
715 4196 769 4240 et
795 4188 848 4241 in
879 4190 1057 4244 divina
1090 4193 1333 4248 doctrina
1373 4195 1618 4264 perfecti,
1646 4206 1782 4251 etut
1813 4197 1858 4231 ³⁷

281 4268 336 4323 in
380 4268 603 4329 secretis
634 4276 799 4331 animi
830 4290 1017 4335 sancta
1060 4286 1313 4354 mysteria
1338 4287 1765 4358 circumtegant,
1802 4297 1854 4345 et

280 4375 351 4416 ex
372 4362 646 4422 immunda
673 4371 967 4427 carnaliter
994 4375 1341 4443 cogitantium
1370 4378 1779 4448 spiritualiaque
1810 4380 1854 4412 ¹⁸

1956 3205 2058 3258 hoc
2083 3203 2224 3256 enim
2253 3201 2461 3270 trigono
2492 3197 2809 3253 universalis
2840 3196 3112 3251 Ecclesiae
3150 3195 3263 3251 sive
3304 3195 3356 3248 in
3383 3194 3531 3249 caelo

1956 3294 2071 3348 sive
2115 3292 2167 3346 in
2216 3300 2359 3347 terra
2394 3289 2669 3359 plenitudo
2716 3286 3002 3343 formatur.
3055 3286 3192 3340 [line
3224 3295 3345 3351 est,
3391 3286 3535 3355 quod

1956 3380 2151 3437 sumini
2191 3380 2338 3443 boui,
2370 3395 2400 3433 a
2428 3393 2534 3448 quo
2562 3379 2695 3432 haec
2728 3377 2829 3431 tria
2878 3376 3218 3447 procedunt,
3268 3374 3536 3433 confessio

1956 3473 2098 3526 trina
2126 3481 2230 3525 est.
2264 3470 2398 3525 Hinc
2425 3469 2586 3524 etiam
2616 3468 2683 3533 “,
2709 3467 2851 3537 quod
2877 3467 2924 3499 "
2952 3467 3285 3522 rationabilis
3327 3476 3540 3522 creatu~

1956 3578 2048 3617 rae
2072 3563 2137 3616 ad
2160 3562 2325 3615 Deum
2347 3577 2502 3616 somn
2524 3562 2806 3616 conversio
2830 3558 3094 3615 triformis
3114 3568 3226 3625 est;
3256 3560 3357 3615 ﬁde
3374 3559 3541 3631 siqui-

1957 3653 2078 3707 dem
2103 3661 2154 3705 et
2179 3666 2273 3721 spe
2295 3660 2343 3704 et
2375 3651 2603 3706 caritate
2641 3648 2985 3715 reformatur,
3034 3650 3197 3721 inque
3229 3650 3536 3706 naturalem

1956 3742 2038 3795 sui
2068 3740 2381 3811 dignitatem
2404 3748 2457 3794 et
2478 3741 2707 3811 gratiam
2733 3741 3040 3795 revertitur.
3068 3740 3131 3794 Et
3152 3741 3445 3797 notandum
3472 3740 3541 3803 ",

1957 3830 2099 3900 quod
2157 3830 2436 3899 theologus
2483 3831 2781 3885 mutatione
2843 3829 3174 3886 deﬁnitionis
3237 3831 3537 3885 ierarchiae

1955 3937 2086 3978 usus
2106 3931 2208 3976 est.
2243 3921 2359 3992 ipsa
2391 3922 2435 3953 ’τ
2468 3922 2730 3992 siquidem
2775 3922 3017 3977 definitio
3065 3923 3310 3977 dircctim
3346 3924 3392 3955 ³⁸
3418 3939 3543 3977 cur-

1956 4032 2081 4071 rere
2115 4015 2160 4046 "
2187 4015 2398 4069 videtur
2427 4015 2506 4069 sic
2531 4033 2544 4067 :
2576 4013 2847 4069 lerarchia
2878 4023 2961 4071 est
2990 4013 3037 4045 '°
3067 4015 3206 4069 actio
3233 4022 3286 4067 et
3312 4014 3539 4068 scientia

1957 4114 2013 4161 et
2056 4105 2268 4161 divinus
2317 4106 2468 4159 ordo.
2522 4103 2801 4158 Praecedit
2835 4104 2979 4158 enim
3027 4103 3079 4157 in
3132 4103 3541 4157 ascensionibus

1954 4196 2215 4250 virtutum
2244 4194 2386 4249 actio
2427 4192 2727 4247 divinorum
2772 4193 3182 4257 mandatorum,
3229 4208 3324 4260 per
3372 4207 3533 4259 quam

1957 4297 2218 4358 purgatur
2243 4286 2472 4341 interior
2494 4285 2659 4341 animi
2687 4285 2875 4340 oculus
2900 4285 3011 4338 sive
3044 4284 3322 4338 rationalis
3351 4283 3394 4315 ³¹
3423 4284 3535 4337 sive

1959 4377 2332 4434 intellectualis
2361 4376 2408 4407 "
2432 4385 2730 4439 creaturae,
2757 4384 2815 4429 ut
2835 4376 3052 4429 intimos
3075 4374 3269 4429 summi
3295 4375 3418 4429 boni
3450 4388 3537 4429 ra-

282 4454 497 4523 penitus
539 4458 903 4529 ignorantium
943 4465 1305 4533 multitudine,
1347 4483 1487 4540 quae
1527 4469 1742 4541 indigna
1773 4478 1856 4525 est
1885 4454 1933 4513 Ῑ)
1961 4468 2079 4523 dios
2104 4468 2156 4521 in
2187 4466 2365 4521 omnia
2394 4464 2614 4520 diﬁ‘usos
2654 4464 2830 4520 valeat
2875 4466 3171 4532 sustinere,
3219 4466 3366 4520 onmi
3400 4480 3539 4520 vana

1576 4559 1661 4615 VA
1673 4561 1828 4615 RIAE
1864 4557 2261 4615 LECTIONES.

354 4640 374 4729 ξ
403 4639 493 4696 Sic
687 4661 823 4698 vana
848 4646 1076 4729 cogitati.
1106 4685 1119 4699 .
1146 4686 1162 4729 τ
1189 4686 1203 4701 .
1221 4663 1409 4729 ,λορτικ
1443 4665 1551 4704 rec.
1683 4667 1842 4729 vanas
1866 4649 2205 4729 cogitantiitm
2222 4663 2240 4711 ;
2268 4646 2490 4729 Bonitas
2516 4646 2910 4729 cogitantium.“
2954 4647 2974 4676 ¹
3006 4645 3097 4701 Sic
3127 4645 3167 4701 C
3194 4655 3247 4701 et
3265 4662 3420 4729 .corr.
3451 4645 3514 4700 Β·

412 4711 796 4781 passibilesque.
901 4708 929 4746 ί
953 4716 995 4767 A
1024 4717 1181 4784 quod.
1224 4708 1269 4749 ⁷⁸
1299 4719 1338 4772 Β
1368 4735 1475 4773 esse

286 4776 377 4831 Ἀ
407 4776 743 4835 arbitramus.
812 4785 835 4814 "
880 4776 1109 4838 videlicet
1156 4795 1278 4840 om.‘
1310 4787 1371 4841 Β.
1448 4788 1468 4819 ⁹

284 4848 449 4901 chiae.
546 4851 590 4880 “
616 4850 705 4903 AB
730 4850 1110 4907 Thimotlteum.

1192 4855 1236 4887 ¹³
1252 4856 1329 4928 ᾹΒέ
1354 4874 1515 4928 supra
1540 4860 1714 4928 adscr.
1740 4868 1834 4928 est.

286 4914 374 4980 B‘.
401 4918 488 4972 AB
531 4930 759 4974 artatur.

1547 4720 1738 4773 uidem.
1812 4720 1834 4751 ⁸
1861 4718 2037 4786 (ΣοΠῙη
2069 4718 2156 4786 AB
2184 4718 2348 4786 ipsam
2387 4718 2716 4770 ierarchiam.

1608 4790 1831 4840 ermonis
1872 4789 1957 4840 sit.

1581 4805 1831 4843 sermonis
1872 4805 1957 4841 su.
2051 4805 2092 4818 ι’
2133 4805 2174 4839 η
2242 4805 2403 4856 supra
2448 4805 2627 4839 anser.
2676 4805 2771 4839 est.
2879 4805 2920 4818 --
2947 4805 3100 4839 norr.
3133 4805 3219 4850 υ,

1581 4860 1714 4927 dscr.
1740 4868 1834 4911 est.
1910 4857 1954 4889 “
1975 4856 2128 4912 Corr.
2154 4856 2215 4921 Β,
2242 4858 2286 4910 Α
2311 4855 2798 4927 ὸςηεβειωηίᾳηε.Β
2821 4855 3242 4927 beneﬁciumque.

865 4923 907 4953 ¹⁶
933 4921 996 4975 Β⁶
1028 4939 1169 4977 corr.
1226 4921 1728 4980 divina-auscultent
1760 4927 1923 4981 dicta.

2818 4716 2839 4747 ⁸
2872 4717 2911 4770 Β
2935 4733 3203 4787 segregare
3241 4718 3323 4787 de”
3349 4706 3537 4787 cetero:

2878 4788 2920 4818 “
2947 4788 3100 4839 Corr.
3133 4786 3219 4850 B',
3248 4785 3337 4839 AB
3376 4785 3544 4845 ierar;

3323 4856 3368 4930 3"
3381 4856 3538 4930 Cors.

2648 4924 2779 4997 icAC
2832 4938 2887 4980 et
2918 4942 3073 4997 icorr.
3123 4924 3207 4989 B‘,
3252 4925 3342 4997 AB
3386 4924 3542 4997 spiri;

2049 4787 2092 4818 ¹⁶
2132 4785 2209 4839 Βί
2242 4802 2403 4856 supra
2448 4787 2627 4839 adscr.
2676 4794 2771 4856 est.

2020 4928 2062 4958 ¹⁷
2112 4936 2167 4979 ut
2213 4926 2405 4980 om.B.
2514 4926 2557 4956 ¹⁸

285 4988 533 5059 tualique.
609 4990 653 5020 ¹⁹
676 4991 717 5043 Β
739 5008 873 5062 quae
897 4993 1166 5067 immunda
1188 5004 1261 5048 est
1291 4995 1527 5066 indigna.
1602 4996 1647 5026 ”
1677 4997 1834 5050 etiam
1864 5013 1970 5051 om.
2002 4997 2065 5060 Β,
2108 4997 2284 5050 adscr.
2319 4996 2401 5049 B‘.
2478 4995 2521 5026 ’ί
2557 4995 2660 5050 Pro
2705 4995 2759 5049 in
2789 5011 2889 5067 quo
2917 4996 2957 5047 Β
3003 4996 3078 5059 in,
3113 4988 3203 5050 sed
3237 4996 3351 5050 rad.
3392 4988 3537 5066 ἀοι-ι·⁸

286 5087 352 5129 et.
425 5077 470 5108 ¹²
498 5076 561 5130 Β·
597 5079 772 5135 adscr.
797 5091 845 5134 et
883 5065 1230 5137 luculentum.

1310 5084 1355 5115 ”
1383 5083 1535 5153 Corr.
1562 5085 1645 5146 B‘,
1674 5084 1763 5137 AB
1810 5087 2075 5139 scientiae.
2150 5085 2196 5115 "
2222 5082 2281 5137 Β·
2311 5099 2470 5153 supra
2501 5085 2676 5139 adscr.
2704 5093 2800 5138 est.
2871 5083 2919 5114 "
2942 5084 3081 5150 quod
3114 5101 3224 5139 om.
3258 5085 3321 5140 A.

3402 5084 3449 5115 10
3478 5082 3540 5136 η’

287 5162 442 5224 ἕξιν-η
487 5147 810 5224 adscr._es_t.
882 5152 928 5183 "
973 5151 1032 5204 B‘
1065 5168 1233 5224 marg.
1267 5154 1444 5208 adscr.
1478 5152 1715 5208 Ostendit
1742 5172 1843 5224 quo
1886 5156 2068 5208 ordine
2106 5152 2344 5224 deberent
2377 5147 2502 5223 poni
2535 5153 2627 5207 illa
2650 5156 2752 5224 tria
2800 5155 2855 5209 in
2883 5147 3198 5221 dif/initiouc
3229 5155 3537 5209 ierarcaiac.

286 5214 332 5245 ’⁸
358 5214 542 5282 Corn,
572 5217 706 5273 ABC
732 5222 1005 5275 directum.
1103 5221 1148 5252 ”
1175 5214 1215 5275 Β
1244 5240 1442 5277 curere.

1533 5224 1577 5254 ³⁰
1611 5224 1702 5278 Sic
1745 5223 1808 5289 C,
1858 5235 1933 5279 est
1969 5240 2078 5278 om.
2112 5223 2224 5285 AB,
2273 5238 2434 5291 supra
2463 5224 2639 5279 adscr.
2680 5223 2766 5279 B’.

2882 5223 2927 5255 ³³
2958 5225 3062 5278 sire
3106 5225 3379 5277 rationalis
3425 5238 3536 5276 oni.

286 5282 343 5348 Β,
370 5288 435 5342 ad
453 5304 627 5360 marg.
658 5291 837 5344 adscr.
866 5291 953 5356 B‘,
980 5305 1146 5362 supra
1167 5308 1353 5348 vocem
1380 5293 1653 5348 rationalis
1676 5282 2050 5349 scrdlmminis.
2129 5292 2174 5324 ³¹
2206 5282 2266 5348 B'
2296 5282 2457 5362 supra
2481 5308 2589 5348 scr.
2625 5294 2811 5364 angeli.

1793 5386 2042 5442 NOTAE.

356 5477 381 5503 ἰ
417 5465 577 5548 Cuius
604 5473 864 5548 praefatio
883 5475 1171 5548 intuitus
1193 5492 1256 5532 ex
1281 5480 1421 5532 coni.
1445 5487 1501 5533 et
1521 5478 1597 5548 ad
1619 5479 1772 5532 ﬁdem
1791 5479 1839 5532 J.

289 5531 704 5617 Scotivcrsitinis
718 5531 1042 5617 egoaddidi.
1068 5531 1368 5617 Namnam
1392 5531 1639 5617 Capitula
1654 5531 1721 5607 A7.
1739 5531 1850 5602 fere

287 5617 374 5698 Et?
394 5607 871 5698 -ii.:t:‘arum‘spanlio
898 5614 1103 5698 relictp,
1133 5616 1263 5697 ipsis
1289 5607 1849 5698 veritis'Capitttlinsc-

281 5682 493 5737 qualis
526 5682 718 5749 pergit.
773 5682 811 5735 Β
853 5700 981 5740 vero
1030 5682 1223 5742 litteris
1265 5688 1503 5743 miniatis
1552 5682 1692 5742 tituli
1738 5688 1853 5743 loco

1950 5480 2085 5549 haec
2101 5478 2230 5534 falsa
2247 5477 2483 5549 profert:
2501 5478 2796 5549 Capitulum
2818 5489 3049 5533 octavum
3069 5479 3149 5549 (B'
3168 5492 3250 5530 ma
3260 5477 3536 5549 rg.adscr.

1956 5548 2259 5619 Capitulum’
2280 5548 2426 5615 Ill),
2449 5548 2600 5619 cujus
2628 5550 2884 5619 praefatio
2906 5559 2978 5602 est
3007 5548 3083 5602 de
3099 5548 3540 5619 dominationibus

1958 5630 2003 5671 et
2035 5617 2316 5673 uirtutibus
2341 5629 2386 5671 et
2422 5617 2757 5687 potestatibus
2798 5628 2845 5672 et
2875 5619 2939 5671 de
2968 5619 3137 5672 media
3160 5633 3341 5671 earum
3371 5617 3537 5671 ierar~

1962 5690 2109 5755 cilia;
2141 5698 2300 5758 atque
2336 5689 2463 5743 item
2495 5690 2669 5758 pergit
2701 5689 2878 5743 verbis
2908 5688 3139 5758 Capituli
3167 5690 3465 5758 sequentis.
