3952 6156
379 264 479 369 ns

1538 310 2030 369 EXPOSITIONES
2066 311 2347 369 JOANNIS
2383 311 2576 369 SCOTI

3522 307 3628 361 I70

373 425 655 489 phantasia
678 426 931 494 omnique
960 426 1213 481 vitiorum
1244 424 1472 495 caligine
1496 424 1633 479 liber
1663 433 1718 479 et
1740 425 1953 479 absolu-
1978 425 2027 483 Α
2056 422 2160 476 lata
2188 424 2280 487 sit,
2326 427 2465 479 sicut
2508 423 2765 492 scriptum
2807 430 2891 478 est
2918 440 2931 476 :
2969 440 2987 475 ι
3023 422 3253 493 Sanguis
3287 420 3486 476 Clnis'ti
3533 422 3626 476 lilii

380 526 482 567 tus.
513 512 713 567 Deinde
757 514 1016 568 scientiae
1046 522 1291 583 aspectus
1316 514 1582 584 sequitur,
1622 514 1712 583 qui
1742 514 1944 579 omnia,

377 616 515 669 quae
544 611 663 671 post
693 603 858 656 Deum
894 610 1039 666 sunt,
1063 601 1291 655 naturali
1320 611 1467 657 motu
1494 602 1698 672 appetit
1727 602 1944 668 intueri,

375 704 664 758 omneque.
703 692 843 758 quod
890 690 1096 744 viribus
1145 690 1527 761 intelligentiae
1570 699 1747 761 potest
1783 692 1950 760 inspi-

376 791 525 840 cere,
552 778 618 831 ad
645 777 853 831 laudem
887 775 1166 832 Creatoris
1193 778 1418 834 referre.
1445 780 1582 834 llinc
1623 780 1675 833 in
1704 781 1948 834 ordinem

377 882 552 927 ειιιιιη,
599 866 1049 935 perfectissimum
1097 868 1218 924 dico
1254 869 1464 923 divinae
1486 866 1950 939 contemplationis

377 954 642 1021 habitum,
666 953 939 1023 subjectus
956 954 1107 1024 juxta
1137 957 1386 1011 donatam
1410 957 1509 1011 sibi
1535 958 1762 1028 gratiam
1786 973 1952 1013 unus-

376 1046 602 1114 quisque
632 1047 898 1110 ascendit,
931 1048 1032 1101 hoc
1059 1056 1161 1109 est,
1188 1047 1240 1101 in
1271 1048 1444 1115 ipsum
1474 1048 1661 1109 Deum,
1690 1047 1776 1102 cui
1807 1048 1952 1102 simi-

375 1136 441 1190 lis
484 1137 586 1191 erit
611 1178 625 1201 ,
674 1146 728 1191 et
771 1138 822 1191 in
848 1154 953 1207 quo
993 1138 1504 1193 incommutabiliter
1532 1138 1716 1193 stabit.
1748 1138 1815 1192 Et
1848 1140 1951 1194 hoc

373 1238 480 1293 es',
507 1228 649 1297 quod
696 1230 942 1297 sequitur
968 1247 980 1282 :
1010 1230 1257 1284 deiformi
1291 1238 1553 1298 quantum
1595 1230 1852 1298 possibile
1877 1231 1950 1283 si-

377 1323 599 1384 mulata,
631 1324 682 1376 id
710 1332 815 1389 est,
846 1324 1038 1379 similis
1066 1333 1121 1378 et
1152 1326 1169 1356 ³
1198 1326 1311 1394 ipsa
1363 1324 1630 1379 ierarchia
1659 1340 1954 1395 omnesque

352 1413 665 1483 participes
708 1413 824 1484 ejus
866 1414 1108 1470 dciformi
1134 1456 1148 1478 ,
1198 1416 1405 1471 formae
1445 1416 1683 1471 omnium
1726 1417 1951 1483 scilicet,

375 1518 514 1570 quae
536 1503 678 1559 Deus
698 1514 802 1570 est,
834 1515 1090 1576 quantum
1129 1505 1379 1575 possibile
1409 1516 1690 1562 creaturae
1730 1506 1956 1563 Creato-

377 1596 450 1649 ris
494 1596 899 1653 similitudinem
951 1598 1301 1668 participare;
1347 1599 1508 1669 inque
1556 1600 1725 1669 ipsam
1769 1617 1957 1657 ascen-

374 1686 508 1738 dens
552 1686 573 1715 ²
618 1688 1095 1756 prrportionaliter
1126 1689 1146 1720 ³
1188 1698 1243 1744 et
1288 1700 1649 1761 congruenter
1681 1690 1835 1760 juxta
1874 1693 1957 1747 in-

2048 513 2185 582 ejus,
2206 512 2655 577 Patrisvidelicet,
2676 513 2897 567 mundat
2914 527 3010 566 nos
3022 512 3088 566 ab
3103 511 3247 565 omni
3260 509 3512 575 delicto»,
3531 513 3626 565 sed

2050 601 2215 670 ipsius
2244 602 2521 668 divinitas,
2554 617 2653 657 nec
2683 617 2789 657 non
2816 610 2870 657 et
2891 599 3070 656 Patris
3098 608 3154 655 et
3181 597 3412 669 Spiritus
3431 598 3626 663 sancti,

2049 691 2210 746 unius
2237 691 2353 757 Dei,
2389 692 2552 746 totius
2576 691 2912 763 purgationis
2929 701 2983 746 et
3003 687 3409 744 illuminationis
3427 696 3484 742 et
3505 702 3629 756 per-

2049 777 2298 837 lectionis
2318 790 2400 835 est
2428 782 2784 851 principium;
2824 798 2929 837 non
2962 781 3101 851 quod
3136 780 3222 835 illa
3251 779 3451 846 hostia,
3472 779 3522 834 id
3544 787 3629 835 est

2049 870 2302 926 divinitas
2328 871 2423 927 ulli
2453 873 2495 904 "
2522 872 2785 942 superiori
2813 887 2870 928 se
2899 871 3286 937 immolaretur,
3319 872 3443 943 quia
3465 886 3627 941 supra

2050 978 2108 1019 se
2132 964 2265 1018 nihil
2306 973 2408 1030 est,
2433 964 2527 1020 sed
2571 966 2714 1035 quod
2755 981 2820 1020 eo
2861 964 3019 1021 modo
3058 963 3331 1035 loquendi,
3367 979 3473 1034 quo
3494 979 3626 1018 cau-

2050 1068 2107 1108 sa
2138 1068 2234 1123 per
2267 1053 2466 1109 factum
2498 1054 2541 1087 ¹⁸
2567 1055 2921 1125 significatur,
2952 1055 3129 1110 hostia
3169 1053 3386 1119 dicitur,
3424 1070 3489 1110 ac
3530 1066 3634 1124 per

2049 1143 2173 1208 hoc,
2212 1146 2467 1214 quoniam
2510 1146 2624 1217 ipsa
2655 1161 2818 1201 causa
2856 1156 2912 1201 et
2949 1145 3271 1216 principium
3300 1142 3634 1216 purgationis

2050 1246 2133 1291 est
2161 1236 2228 1302 ¹⁹,
2258 1252 2361 1292 non
2389 1236 2684 1309 incongrue
2708 1237 2956 1308 purgatio
2982 1236 3180 1292 dicitur
3213 1245 3269 1290 et
3288 1236 3483 1298 hostia,
3508 1251 3632 1290 cum

2049 1327 2170 1397 plus
2203 1342 2363 1396 quam
2396 1328 2570 1382 hostia
2605 1328 2695 1382 sit.
2728 1327 2867 1382 Hinc
2906 1327 3022 1397 ipse
3047 1325 3337 1397 Dionysius
3377 1325 3431 1379 in
3462 1340 3633 1395 nega-

2055 1418 2291 1473 tionibus
2303 1420 2561 1490 mysticae
2578 1418 2878 1489 theologiae
2900 1418 2977 1472 ait
3000 1434 3013 1469 :
3043 1436 3063 1469 ι
3091 1415 3275 1486 Neque
3290 1416 3463 1471 hostia
3480 1423 3565 1469 est
3582 1433 3632 1480 ι,

2051 1508 2238 1562 volens
2266 1509 2330 1563 de
2358 1524 2420 1564 ea
2446 1509 2759 1579 praedicare
2783 1508 2850 1571 ’⁸,
2880 1508 2999 1577 plus
3036 1523 3197 1577 quam
3225 1508 3456 1562 hostiam
3488 1520 3633 1571 esse,
3698 1560 3717 1571 ν

2054 1607 2108 1652 ει
2145 1598 2442 1653 hostiarum
2479 1599 2825 1669 principium.
2865 1598 3042 1665 Quare
3087 1596 3361 1666 subiunxit
3398 1614 3412 1653 :
3454 1597 3637 1651 distri-

2058 1688 2237 1742 butiva
2268 1704 2398 1744 vero
2425 1689 2491 1754 “,
2525 1689 2640 1759 ipsa
2667 1689 2915 1744 videlicet
2946 1688 3123 1743 divina
3148 1724 3164 1741 .
3209 1727 3221 1739 .
3264 1727 3277 1739 .
3325 1727 3350 1740 ,ι
3384 1726 3397 1740 .
3441 1728 3457 1742 .
3498 1725 3513 1742 .
3556 1725 3573 1741 .
3614 1724 3633 1742 .

374 1776 515 1829 ditas
539 1776 586 1829 ei
615 1777 874 1833 divinitus
919 1779 1357 1846 illuminationes,
1406 1782 1520 1836 sive
1560 1796 1659 1853 per
1705 1793 1952 1838 naturam
1989 1758 2030 1818 Β
2061 1821 2076 1836 .
2121 1819 2134 1832 .
2178 1820 2190 1832 .
2236 1819 2249 1833 .
2294 1820 2306 1833 .
2351 1820 2367 1833 .
2408 1818 2427 1835 .
2471 1817 2485 1832 .
2529 1819 2543 1834 .
2603 1820 2618 1833 .
2662 1820 2675 1834 .
2720 1820 2733 1833 .
2777 1821 2792 1833 .
2836 1816 2851 1832 .
2894 1819 2908 1833 .
2952 1818 2965 1830 -
3014 1818 3027 1831 .
3073 1818 3087 1831 .
3144 1817 3158 1831 .
3203 1818 3216 1830 .
3262 1816 3276 1830 ι
3320 1815 3338 1831 ι
3376 1815 3391 1830 ο
3436 1820 3455 1833 .
3495 1815 3510 1830 ο
3553 1815 3571 1831 ο
3615 1813 3634 1832 ο

378 1865 603 1921 rationis
629 1876 682 1920 et
706 1867 1007 1924 intellectus
1025 1868 1339 1941 dignitatem
1368 1872 1410 1938 ⁸,
1442 1873 1553 1926 sive
1578 1887 1677 1941 per
1701 1874 1954 1944 gratiam,

376 1970 513 2023 quae
544 1957 929 2027 participantes
958 1974 1016 2013 se
1040 1975 1200 2027 supra
1240 1960 1512 2017 naturales
1535 1960 1957 2019 illuminationes

378 2047 429 2097 in
456 2046 627 2114 ipsum
652 2047 817 2102 Deum
835 2049 1097 2105 sublevat.
1122 2050 1250 2105 Post
1266 2051 1628 2107 definitionem
1649 2054 1958 2111 veroierar-

376 2136 534 2190 cltiae
562 2137 677 2192 laus
719 2154 961 2195 summae
990 2140 1251 2196 bonitatis
1280 2142 1542 2211 sequitur,
1583 2144 1738 2215 cujus
1768 2144 1958 2199 simili-

379 2229 620 2284 tudinem
657 2233 835 2286 omnis
864 2233 1067 2302 appetit
1104 2232 1370 2286 ierarchia
1398 2247 1413 2285 :
1442 2232 1630 2286 Divina
1669 2231 1958 2303 pulchritu-

377 2320 467 2386 do,
489 2330 545 2375 ut
567 2320 776 2391 simpla,
805 2332 861 2376 ut
885 2327 1103 2393 optima,
1131 2332 1184 2375 ut
1206 2322 1730 2398 τελεταρχικὰ⁵ριιγα
1751 2324 1958 2394 quidem

379 2422 454 2464 est
489 2412 853 2467 universaliter
900 2414 1040 2467 omni
1081 2413 1102 2445 ⁵
1134 2414 1586 2481 dissimilitudine,
1629 2414 1959 2469 distribution

378 2519 497 2557 vero
512 2505 793 2558 secundum
816 2505 1121 2576 dignitatem
1143 2506 1657 2576 uniuscujuscunque
1668 2506 1866 2575 proprii
1880 2504 1961 2558 lu-

378 2592 535 2646 minis
571 2592 615 2657 ',
640 2604 688 2648 et
722 2594 1004 2663 perfection
1040 2595 1096 2651 in
1140 2595 1401 2664 sacriﬁcio
1432 2586 1757 2649 divinissimo
1779 2611 1961 2648 secun-

380 2681 506 2734 dum
549 2681 619 2734 ad
642 2682 866 2751 seipsam
911 2681 1256 2751 perfectorum
1280 2692 1543 2754 compacte
1587 2684 1958 2739 immutabilem

381 2771 768 2839 formationem.
816 2772 958 2828 Pura
982 2814 996 2837 ,
1040 2773 1235 2843 inquit,
1286 2783 1370 2830 est
1407 2783 1463 2829 et
1496 2775 1716 2829 omnino
1761 2774 1907 2829 onmi
1938 2776 1960 2807 "

382 2862 821 2919 dissimilitudine
846 2866 1043 2919 munda
1084 2874 1140 2920 et
1175 2864 1414 2920 absoluta
1459 2865 1636 2920 divina
1665 2866 1961 2937 pulchritu-

381 2954 474 3019 do,
501 2970 599 3009 nec
628 2955 917 3021 immerito,
942 2956 1067 3028 quia
1090 2958 1280 3029 simpla
1305 2967 1405 3023 est,
1435 2959 1561 3029 quia
1582 2959 1805 3029 optima,
1833 2959 1958 3029 quia

382 3047 771 3116 perfectionum
809 3057 864 3103 et
890 3047 1341 3106 illuminationum
1381 3051 1714 3123 principalis.
1746 3050 1877 3105 Nam
1906 3060 1961 3106 et

2059 1913 2310 1986 [Periodo
2331 1915 2500 1986 media
2521 1913 2757 1986 praecisa
2778 1921 2852 1986 est
2871 1911 3143 1986 expositio,
3162 1926 3323 1980 neque
3340 1909 3448 1986 ipse
3463 1917 3638 1986 testu

2058 1978 2294 2038 codicum
2317 1982 2393 2037 vel
2413 1978 2638 2053 spatium
2662 1982 2739 2053 vel
2760 1978 2966 2053 signum
2987 1982 3217 2053 omnino
3224 1978 3420 2053 prodit,
3445 1978 3636 2053 quibit:

2058 2054 2338 2115 indicetur,
2362 2047 2537 2107 deesse
2557 2052 2652 2105 hoc
2688 2047 3134 2122 loco'qnidqnam.
3169 2047 3375 2122 Etenim
3403 2049 3459 2100 in
3483 2047 3632 2122 codi-

2059 2123 2203 2195 cibus
2244 2132 2369 2195 post
2398 2123 2509 2195 ipsa
2563 2117 3030 2195 videlicet_'diviita
3081 2118 3260 2195 eadem
3307 2118 3443 2170 linea
3506 2117 3635 2186 legis

2060 2194 2304 2246 continuo
2320 2208 2339 2246 :
2358 2192 2615 2246 luminum
2639 2191 2871 2245 datiouis
2892 2191 3223 2258 acceptivum
3245 2196 3365 2249 cet.,
3383 2196 3636 2258 tanquam

2059 2263 2185 2333 haec
2207 2262 2623 2333 essentpjusdem
2643 2260 2841 2333 periodi
2863 2255 3036 2322 verba,
3059 2272 3218 2333 quam
3237 2256 3543 2333 reapsejam
3563 2255 3633 2307 ad

2059 2332 2333 2400 septimum
2355 2326 2655 2401 capitulum
2682 2330 3012 2401 pertineant.
3058 2326 3131 2379 ita
3172 2335 3225 2378 ut
3251 2326 3636 2401 e._1rposit_i0tt_ttm

2060 2392 2205 2470 [wind
2225 2394 2415 2470 exigua
2430 2392 2581 2469 pars,
2603 2392 2790 2470 abhinc
2811 2397 3003 2470 scilicet
3034 2411 3196 2466 usque
3228 2394 3301 2447 ad
3317 2392 3636 2464 ‘(fapitulum

2069 2469 2176 2525 VII
2204 2463 2573 2540 [ere-medium
2594 2463 2962 2538 desideretur.]

2572 2575 2971 2635 CAPITULUM
3011 2573 3118 2631 VII.

2062 2788 2323 2843 luminum
2393 2787 2624 2842 datiouis
2689 2785 3059 2855 acceptivum,
3111 2782 3194 2837 vel
3245 2781 3384 2837 sicut
3428 2779 3642 2850 planius

2065 2878 2406 2943 transfertur,
2435 2874 2999 2947 supercxcelsissimae
3039 2870 3445 2926 illuminationis
3473 2883 3631 2924 acce—

2061 2970 2288 3040 ptivum,
2317 2969 2419 3023 hoc
2443 2976 2559 3033 est,
2586 2981 2780 3036 capax.
2812 2964 3021 3019 Habent
3049 2962 3313 3032 siquidem
3342 2960 3640 3030 gnosticam

2064 3058 2344 3121 virtutem,
2385 3056 2438 3111 id
2476 3067 2578 3120 est,
2618 3054 2877 3111 scientiae
2913 3052 3189 3116 habitum;
3227 3048 3424 3105 habent
3467 3048 3642 3102 deivi-

382 3139 497 3207 ipsa
529 3138 753 3209 simplex
782 3148 836 3194 et
864 3141 1067 3210 optima
1117 3141 1295 3196 divina
1316 3118 1657 3211 pulchritudo
1685 3141 1729 3207 ξ,
1760 3142 1844 3197 ειιί
1865 3142 1957 3195 ad-

2067 3150 2191 3204 dam
2217 3150 2288 3215 ⁸⁸,
2318 3118 2486 3203 Deum
2534 3118 2786 3202 videlicet
2833 3145 3260 3201 eonsiderantem
3313 3139 3638 3211 speculatio-

384 3227 611 3282 ltacrere
637 3228 679 3259 ι’
722 3228 1023 3299 similisque
1067 3230 1116 3284 ei
1167 3230 1280 3285 ﬁeri
1327 3232 1503 3285 omnis
1531 3232 1571 3263 “
1609 3232 1715 3285 vita
1739 3242 1963 3303 purgata

386 3318 615 3373 naturali
639 3319 842 3388 appetit
880 3320 1166 3386 desiderio,
1189 3336 1293 3375 non
1327 3321 1486 3375 aliam
1531 3322 1602 3377 ob
1631 3337 1845 3377 causam
1879 3345 1963 3379 τε-

383 3408 665 3479 λδταρχική
680 3409 725 3439 ¹²
743 3424 772 3463 a
789 3409 989 3463 sanctis
1006 3409 1266 3479 theologis
1284 3411 1482 3465 meruit
1503 3410 1706 3475 vocari,
1730 3422 1890 3480 quam
1918 3412 1960 3443 ¹³

386 3496 530 3568 quod
557 3499 730 3558 τελετύ
753 3499 930 3573 ἀρχῆς
954 3498 997 3529 ’⁸
1017 3498 1107 3563 sit,
1159 3500 1262 3555 hoc
1306 3508 1408 3565 est,
1444 3500 1616 3555 hostia
1651 3501 1962 3571 principalis

387 3598 441 3643 ιιι
476 3591 756 3663 purgativa
807 3590 1086 3647 rationalis
1128 3602 1182 3648 et
1236 3591 1615 3647 intellectualis
1658 3602 1957 3648 creaturae.

387 3677 588 3749 Purgat
625 3679 672 3710 ¹⁵
691 3680 832 3735 enim
856 3680 1118 3736 caelestes
1148 3682 1360 3736 animos
1390 3682 1457 3736 ab
1481 3683 1780 3753 ignorantia
1809 3700 1959 3739 sum-

388 3767 460 3821 mi
490 3769 614 3822 boni
643 3769 863 3841 ipsoque
891 3772 1122 3841 superbo
1164 3781 1220 3826 et
1243 3772 1597 3828 irrationabili
1639 3782 1806 3838 motu,
1855 3790 1963 3844 quo

390 3866 672 3928 apostatae
721 3861 942 3932 spiritus
974 3861 1024 3914 in
1073 3870 1351 3916 aeternum
1393 3863 1726 3933 praecipitati
1760 3865 1803 3895 ¹⁶
1838 3875 1963 3920 sunt

390 3958 734 4003 tormentum.
767 3949 966 4022 Purgat
999 3951 1263 4006 humanos
1289 3952 1498 4007 animos
1525 3953 1593 4008 ab
1623 3955 1768 4009 omni
1798 3956 1964 4010 nebu-

390 4039 501 4094 losa
540 4040 786 4112 caligine,
829 4042 1252 4112 quaintpeditur
1292 4042 1480 4097 oculus
1522 4044 1754 4109 mentis,
1804 4060 1961 4114 quem

390 4131 688 4203 philosophi
715 4134 976 4191 rationem
1005 4136 1209 4201 dicunt,
1244 4151 1311 4190 ne
1333 4136 1614 4190 veritatem
1644 4139 1813 4206 possit
1839 4154 1965 4193 con-

390 4224 611 4292 spicari,
652 4224 876 4296 ejusque
919 4225 1318 4296 pulchritudine
1356 4226 1626 4281 delectari.
1668 4228 1868 4299 Purgat
1897 4229 1965 4284 ab

390 4314 534 4366 omni
571 4323 720 4367 reatu
747 4315 955 4380 mortis,
986 4326 1259 4385 postremo
1294 4316 1361 4370 ab
1393 4317 1505 4387 ipsa
1558 4327 1731 4373 morte
1770 4329 1964 4390 purgat

392 4410 632 4457 aeterna.
668 4403 781 4459 Non
821 4406 965 4459 enim
1008 4407 1342 4477 purgationis
1384 4408 1595 4462 initium
1621 4418 1704 4464 est
1751 4408 1961 4465 Domini

394 4492 562 4545 nostri
584 4490 710 4546 Jesu
737 4492 935 4549 Christi
964 4495 1289 4559 humanitas,
1321 4498 1566 4565 quamxis
1588 4498 1699 4567 ipsa
1724 4515 1821 4569 pro
1845 4516 1967 4570 pur-

394 4583 611 4651 gatione
637 4584 800 4641 totius
843 4587 1025 4641 mundi
1051 4596 1234 4643 sancta
1272 4598 1326 4642 et
1366 4588 1521 4643 unica
1567 4590 1739 4645 hostia
1768 4592 1963 4648 immo-

2064 3256 2208 3307 nem,
2238 3249 2292 3295 et
2316 3237 2877 3310 superexcelsissimae
2920 3234 3328 3290 illuminationis
3362 3232 3639 3300 capacita-

2063 3339 2205 3394 tem;
2257 3330 2458 3384 habent
2507 3326 2818 3391 tereticam,
2869 3325 2973 3379 hoc
3012 3332 3111 3385 est,
3165 3321 3638 3389 contemplativant

2064 3420 2344 3474 scientiam
2383 3415 2843 3488 praeoperatricis
2883 3414 3100 3468 virtutis
3126 3413 3337 3468 divinae
3368 3410 3646 3465 decorosio

2064 3512 2189 3566 latis
2214 3528 2229 3577 ;
2258 3510 2457 3565 habent
2484 3509 2867 3579 plenitudinem
2914 3506 3280 3577 sapientificae
3314 3504 3639 3565 traditionis,

2064 3603 2343 3657 doctrinae
2380 3601 2602 3665 scilicet,
2636 3615 2775 3670 quae
2808 3614 3036 3669 capaces
3076 3598 3156 3652 sui
3189 3597 3397 3651 animos
3431 3596 3644 3665 sapien-

2066 3702 2144 3749 tes
2171 3693 2333 3749 ellicit
2351 3694 2418 3759 ‘3;
2447 3693 2646 3749 habent
2674 3690 3211 3748 communicationem
3244 3687 3577 3744 abundanter
3597 3686 3647 3717 "

2064 3785 2130 3838 ad
2159 3784 2415 3849 secunda,
2446 3785 2550 3840 hoc
2588 3792 2689 3848 est,
2733 3784 2798 3837 ad
2836 3790 3184 3851 assequentes
3208 3779 3254 3812 "
3275 3779 3514 3843 ordines,
3554 3776 3643 3831 fn-

2064 3875 2200 3929 sioni
2223 3873 2381 3929 datae
2399 3874 2716 3942 sapientiae,
2739 3872 2821 3928 vel
2839 3871 3047 3940 planius
3068 3868 3413 3932 transfertur,
3434 3865 3647 3920 fusione

2066 3966 2296 4020 donatae
2343 3964 2658 4033 sapientiae,
2712 3971 2769 4016 ut
2813 3962 2884 4016 sit
2930 3957 3548 4026 scnsus:Sequentibus
3586 3969 3649 4009 se

2065 4056 2346 4110 ordinibus
2391 4054 2792 4110 communicant
2847 4050 3068 4117 fusioni,
3100 4052 3203 4105 hoc
3242 4060 3346 4110 est,
3375 4048 3444 4101 ad
3475 4046 3648 4100 fusio-

2067 4162 2189 4201 nem
2221 4145 2304 4200 vel
2346 4145 2400 4199 in
2442 4144 2650 4199 fusione
2687 4143 2918 4197 donatae
2958 4142 3037 4195 eis
3089 4140 3263 4209 primo
3325 4138 3645 4206 sapientiae,

2065 4244 2121 4290 ct
2145 4249 2241 4303 per
2264 4248 2357 4288 eos
2384 4234 2732 4302 sequentibus
2760 4247 2820 4286 se
2846 4231 3072 4284 ditl'usae
3098 4229 3163 4282 ".
3191 4228 3348 4282 Prius
3378 4226 3647 4296 siquidem

2066 4324 2182 4394 ipsa
2212 4337 2421 4378 summa
2454 4322 2738 4392 sapientia,
2769 4336 2908 4391 quae
2939 4320 3079 4374 Deus
3107 4327 3212 4383 est,
3245 4319 3297 4372 in
3328 4332 3420 4371 eos
3449 4315 3651 4369 diffun-

2069 4419 2212 4471 ditur
2241 4418 2284 4449 ²⁷
2317 4406 2683 4481 ἰηιιηεὸἱειιε;’
2711 4414 2904 4469 deinde
2950 4428 3046 4482 per
3096 4427 3192 4467 eos
3251 4410 3302 4464 in
3358 4407 3648 4463 inferiores

2073 4508 2213 4563 fusio
2251 4507 2340 4562 illa
2381 4505 2563 4561 deﬂuit
2598 4506 2771 4559 instar
2817 4502 3052 4558 ﬂuminis
3089 4502 3340 4556 deorsum
3381 4498 3648 4554 salientis.

2070 4594 2200 4651 Post
2222 4594 2651 4664 explanationem
2681 4591 3104 4647 nominationum
3130 4588 3411 4654 Seraphim
3432 4594 3488 4641 et
3508 4583 3651 4639 Che-

1677 4744 1932 4801 VARIAE
1969 4745 2370 4803 LECTIONES.

470 4885 487 4915 ¹
514 4880 699 4956 Βίηίι
734 4897 875 4956 corr.
907 4892 1002 4937 est.
1100 4884 1121 4915 ’
1148 4882 1300 4939 Corr.
1332 4883 1421 4956 B‘,
1451 4882 1583 4956 Alit}
1606 4883 1903 4956 ascendere.
1998 4883 2021 4916 ³
2040 4884 2091 4956 A7
2113 4883 2517 4956 proportialiter.
2558 4884 2613 4956 u‘
2638 4882 2683 4956 Α
2713 4882 2985 4956 dignitate.
3032 4882 3081 4956 _'
3105 4880 3167 4935 B‘
3192 4894 3363 4956 marg.
3390 4877 3565 4956 adscr.
3591 4877 3647 4931 id

392 4964 469 5009 est
494 4952 821 5007 theletarcicn
853 4953 889 5005 i.
916 4970 964 5007 e.
994 4948 1425 5008 consummatira.
1499 4954 1519 4984 ⁶
1547 4953 1605 5008 Β*
1626 4969 1799 5022 marg.
1827 4954 2005 5009 adscr.
2039 4948 2298 5010 ab'om'ni.
2368 4957 2389 4988 "
2417 4953 2745 5008 distributiva
2769 4948 2839 4992 1-
2858 4952 3067 5034 lnminis
3093 4966 3203 5004 om.
3234 4948 3345 5030 ΑΒ,
3373 4949 3439 5003 ad
3468 4960 3643 5070 marg.

396 5025 576 5070 adscr.
608 5022 690 5070 B‘.
765 5023 786 5053 "
811 5023 868 5070 Β·
900 5039 1066 5070 mam.
1092 5024 1266 5070 adscr-
1292 5023 1355 5070 ab
1376 5025 1542 5070 omni.
1619 5023 1640 5054 ⁹
1670 5023 1729 5070 B'
1761 5039 1919 5070 suum
1949 5026 2124 5070 adscr-
2139 5034 2232 5070 est-
2310 5024 2352 5057 ³⁸
2374 5024 2416 5070 Β
2436 5024 2699 5070 adhaeret.
2778 5022 2820 5054 “
2851 5022 2940 5070 Sic
2953 5021 3011 5070 Ο.
3038 5019 3125 5070 ΑΒ
3148 5034 3437 5070 ommsaue.
3512 5017 3555 5048 ¹⁸
3631 5018 3643 5038 ¹

396 5025 576 5077 adscr.
608 5022 690 5093 Ββ.
765 5023 786 5053 ⁸
811 5023 868 5075 Β·
898 5039 1066 5093 marg.
1092 5024 1267 5078 adscr.
1292 5023 1355 5075 ab
1376 5025 1542 5093 omni.
1619 5023 1640 5054 ’
1670 5023 1729 5076 B'
1748 5017 2233 5093 "supraadscrmst.
2310 5024 2352 5057 ³⁸
2374 5024 2416 5078 Β
2436 5024 2699 5078 adhaeret.
2778 5022 2820 5054 “
2851 5021 2940 5093 Sic
2946 5021 3011 5093 _C.
3038 5019 3125 5074 ΑΒ
3148 5020 3444 5093 omnisque.
3496 5017 3555 5093 f’
3586 5017 3648 5070 Β·

400 5109 570 5163 marg.
598 5092 770 5167 τηεψ.
801 5086 1150 5167 ιήειειανξὶεα.
1246 5093 1290 5123 ¹⁸
1313 5091 1489 5167 conj”
1521 5108 1615 5161 pro
1642 5109 1797 5167 quam
1822 5086 2206 5167 ABCApropter.
2303 5095 2346 5167 "f
2370 5093 2501 5148 ABG
2531 5093 2704 5167 τελςςή
2728 5092 2917 5167 έιρχξς,
2945 5089 3007 5167 Βξ
3033 5105 3197 5167 marg.
3225 5086 3373 5167 arise.
3402 5086 3655 5140 theletar-

399 5155 549 5236 eius:
609 5161 747 5236 ”__B:
769 5176 954 5236 marg.
973 5162 1146 5236 adscr.
1175 5178 1336 5236 quare
1350 5155 1533 5236 tildlltd
1563 5155 2112 5236 pnlcltritudo_dicittt'r
2134 5164 2428 5236 purgatiua.
2515 5161 2576 5236 ff
2594 5162 2692 5236 §ic
2719 5155 2781 5226 Ο,
2806 5155 2892 5214 ΚΒ
2918 5155 3303 5236 principatiLB;
3342 5172 3653 5236 corr._pro-

395 5235 547 5304 μού.
650 5233 690 5264 ³⁷
723 5232 813 5287 Sic
835 5226 1019 5304 ΟξΫΑΒ
1049 5232 1146 5285 illi.
1185 5226 1196 5233 ’
1227 5232 1394 5304 ‘°_Sic
1417 5233 1456 5285 (Σ
1486 5241 1539 5304 ct
1563 5226 1682 5304 rad.
1702 5247 1859 5304 ‘corr.
1887 5233 1972 5304 B‘,
1996 5233 2083 5285 AB
2108 5226 2409 5304 perfectum.
2492 5230 2556 5304 _"
2594 5231 2635 5284 Β
2673 5240 2748 5304 est
2774 5226 3117 5304 purgationis.
3191 5228 3236 5259 ’°
3265 5226 3307 5280 Β
3347 5226 3656 5304 praedicare

401 5298 576 5358 iiolens
606 5304 669 5356 de
693 5319 774 5355 ea.
851 5303 894 5333 ¹¹
922 5303 960 5355 Β
985 5306 998 5323 ⁸
1028 5317 1200 5371 marg.
1230 5302 1431 5354 adscm
1470 5300 1544 5355 Ab
1570 5303 1665 5354 hoc
1693 5300 1805 5355 loco
1828 5302 2001 5371 de/icit
2023 5298 2272 5370 expositio
2295 5317 2454 5372 usque
2471 5300 2585 5423 [ere
2627 5298 2695 5352 ad
2717 5298 2940 5368 primam
2963 5300 3169 5352 tertiam
3215 5305 3412 5366 partem
3445 5298 3654 5374 septimi

403 5374 637 5423 vanitati.
670 5372 877 5423 Recens
909 5386 1096 5423 Inanus
1126 5385 1236 5423 sec.
1279 5370 1396 5423 XV.
1437 5379 1495 5423 ut
1517 5372 1747 5423 videtur.
1778 5372 2020 5423 addidit:
2049 5370 2126 5423 Ab
2150 5371 2245 5423 hoc
2275 5370 2407 5423 loco.
2432 5388 2466 5422 u
2503 5370 2653 5423 inost
2679 5369 2988 5423 principium
3016 5369 3154 5420 tertii
3177 5365 3393 5423 capituli
3414 5365 3613 5416 dicitur
3634 5377 3654 5415 :

403 5374 637 5445 capituli.
662 5372 877 5445 Recens
909 5365 1236 5445 maluisses.
1267 5370 1396 5445 ‘XV,
1437 5379 1495 5423 ut
1512 5372 1747 5445 videtur,
1772 5365 1983 5445 addidit
2007 5388 2020 5424 :
2049 5365 2126 5424 Ab
2150 5371 2245 5445 hoc
2275 5365 2407 5445 loco,
2432 5365 2521 5445 ubi
2542 5379 2653 5445 post
2679 5365 2988 5445 principium
3016 5369 3154 5445 tertii
3177 5365 3393 5435 capituli
3414 5365 3658 5445 dicitur:-

399 5439 733 5496 dietributiva
760 5451 833 5495 est
870 5441 1067 5510 proprii
1092 5439 1304 5492 luminis
1328 5440 1612 5510 secundum
1638 5441 1942 5510 dignitatem
1995 5450 2116 5503 cet.,
2143 5440 2315 5509 deﬁcit
2345 5440 2595 5508 expositio
2626 5455 2789 5508 usque
2820 5439 2888 5510 ad
2910 5439 3182 5505 septimum
3208 5450 3418 5502 passum
3447 5439 3656 5510 septimi

403 5512 642 5578 capituli,
679 5512 762 5564 ubi
789 5501 982 5565 dicitur
1009 5518 1118 5578 post
1149 5510 1460 5578 principium
1503 5521 1520 5559 .'
1556 5501 1993 5578 Ipsa'CIterubim
2032 5501 2151 5563 vero
2198 5501 2459 5578 cognitum
2495 5501 2725 5578 ipsorum
2752 5519 2797 5561 et
2840 5509 2935 5561 Dei
2957 5501 3238 5578 inspectum
3277 5514 3374 5558 cet.
3453 5503 3535 5578 _‘_‘
3638 5505 3653 5521 ⁶

401 5572 541 5633 [τιίιτ.
565 5593 609 5632 et
630 5572 851 5634 fundum.
931 5579 975 5609 ⁵³
999 5572 1038 5634 Ᾱ
1065 5572 1253 5647 officit.
1320 5572 1370 5607 ’τ’
1400 5572 1834 5633 ΒΙδαίιιτίεάιςηιιὛ.
1913 5579 2029 5630 ²⁸Β⁸
2054 5595 2195 5635 corr.
2223 5572 2576 5650 adscr/nentes.
2654 5579 2698 5609 ²⁶
2721 5581 2874 5633 (Zmr.
2900 5578 2955 5630 ll‘
3009 5572 3094 5630 Ali
3117 5577 3352 5643 drlusac.
3430 5573 3474 5602 ’τ
3496 5572 3539 5625 Α
3569 5575 3660 5623 αε-

404 5650 661 5720 (auditur.
