3952 6156
286 313 401 368 ΓΠ

1120 314 1343 370 SUPER
1387 315 1812 371 lERARCiiIAM
1852 315 2258 371 CAELESTEM
2298 316 2355 371 S.
2398 313 2715 372 DIONYS".

3446 310 3538 364 178

285 428 471 480 rubim
507 427 523 457 ί
563 426 1010 496 significationem
1062 431 1083 458 ‘
1126 428 1464 482 'l‘bronorum
1503 430 1746 485 vocabuli
1777 444 1871 484 εχ·
1905 434 1946 491 Α
1978 438 2215 483 mentum
2246 430 2374 484 totis
2401 429 2690 483 virtutibus
2724 423 3235 481 iucommutabiliter
3260 431 3312 478 et
3340 424 3551 480 stabili-

281 517 597 586 ponendam
635 526 1027 586 conseQuenter
1063 519 1378 589 ingreditur.
1432 518 1556 589 Ipsa
1587 530 1760 572 autem
1787 519 1869 574 al-

282 607 620 659 nssimarum
647 616 695 661 et
720 617 1107 677 compactarum
1135 608 1335 662 sedium
1374 611 1515 662 omni
1541 610 1561 640 ⁸
1600 610 1874 679 diligenter

282 697 518 749 exaltari
545 696 836 767 ignominia
865 697 1223 766 subjectionis,
1245 707 1291 751 et
1320 698 1389 750 ad
1411 714 1672 751 summum
1693 715 1873 767 super-

282 787 557 859 mundane
577 804 784 842 sursum
809 787 1002 858 ferens,
1025 797 1073 842 et
1095 804 1159 842 ea:
1181 790 1321 843 omni
1343 790 1666 843 extremitate
1686 790 1872 859 ine/fa-

282 877 463 931 biliter
487 880 545 932 in
571 878 1021 942 sublimissimum,
1056 888 1104 933 et
1136 880 1276 932 circa
1310 896 1423 934 vere
1454 880 1715 935 excelsum
1749 883 1870 936 totis

279 969 567 1024 virtutibus
617 970 1111 1024 incommutabiliter
1152 980 1201 1025 et
1241 970 1496 1025 stabiliter
1536 970 1865 1035 collocatum,

279 1069 327 1111 et
353 1060 523 1113 dirini
549 1061 959 1129 superadventns
994 1061 1048 1114 in
1068 1061 1210 1115 omni
1240 1060 1660 1130 impassibilitate
1691 1070 1737 1113 et
1771 1062 1871 1113 im-

280 1149 663 1203 materialitate
699 1151 1015 1220 acceptivnm
1056 1161 1103 1204 et
1148 1151 1404 1219 deiferum
1448 1161 1496 1204 et
1539 1150 1872 1219 famulariter

279 1241 333 1291 in
381 1241 588 1294 divinas
631 1242 986 1309 susceptiones
1032 1250 1290 1310 apertum.
1352 1241 1408 1295 In
1459 1241 1560 1295 hac
1603 1242 1867 1296 sententia

278 1342 433 1400 patet
460 1332 506 1394 ⁸,
551 1333 816 1399 quaedam
848 1332 1343 1387 excelsissimarum
1383 1343 1439 1389 et
1466 1333 1866 1389 sublevatarum

277 1420 495 1475 sedium
545 1421 693 1474 ontui
743 1421 1029 1490 diligenter
1096 1421 1279 1477 extolli
1348 1422 1869 1479 circumcalcatiouis

278 1507 370 1560 vel
419 1510 872 1565 deambulatiouis
923 1511 1300 1577 minoratione,
1332 1522 1386 1566 et
1415 1529 1628 1568 sursum
1676 1529 1865 1582 super-

279 1599 562 1653 mundaue
605 1599 814 1665 ferens,
844 1609 902 1655 et
928 1602 1073 1655 omni
1104 1601 1173 1656 ab
1197 1601 1220 1633 '
1267 1603 1607 1658 extremitate
1654 1602 1865 1658 inﬂexi-

275 1688 465 1743 biliter
491 1705 704 1743 sursum
733 1692 989 1760 positum,
1019 1701 1072 1746 et
1102 1692 1248 1746 circa
1275 1706 1402 1747 vere
1439 1693 1863 1748 excelsissimum

1976 526 2057 572 ter
2083 534 2146 573 ac
2173 518 2472 588 ponderose
2503 518 2648 573 circa
2676 531 2804 570 vere
2841 504 3132 579 excelsum,
3166 528 3434 570 summum
3461 514 3542 567 vi-

1971 610 2162 665 delicet
2205 610 2426 675 bonum,
2466 611 2608 680 quod
2656 609 2796 664 sicut
2835 621 2963 662 vere
3002 608 3223 671 bonum,
3267 606 3340 660 ita
3380 606 3544 661 etiam

1971 716 2098 756 vere
2125 701 2398 756 excelsum
2429 711 2532 756 est.
2580 700 2690 756 Nec
2725 715 2831 754 non
2869 699 3205 768 acceptivum
3234 698 3410 761 docet,
3443 698 3548 753 hoc

1971 800 2073 858 est,
2122 793 2488 861 acceptionem
2542 792 2709 846 divini
2761 793 2992 860 desuper
3037 791 3297 845 adventus
3344 789 3547 859 absque

1968 882 2326 952 possibilitate
2364 892 2420 937 et
2458 884 2865 948 materialitate,
2898 884 2991 938 sed
3031 883 3086 937 in
3113 883 3256 937 omni
3297 883 3546 951 impassi-

1970 972 2060 1027 bili
2093 972 2573 1027 immaterialitate.
2626 971 2894 1040 Superant
2922 986 3153 1040 namque
3181 985 3393 1025 omnem
3424 984 3549 1038 pas-

1970 1063 2177 1117 sibilem
2205 1063 2508 1117 materiem.
2559 1061 2828 1116 Deiferum
2854 1076 3068 1130 quoque
3107 1060 3283 1124 docet,
3311 1061 3413 1115 hoc
3441 1071 3546 1126 est,

1969 1152 2239 1222 deigeram
2286 1167 2473 1207 eorum
2523 1152 2798 1206 virtutem.
2870 1150 3037 1205 Deum
3099 1165 3328 1219 namque
3381 1150 3548 1207 sull‘e-

1971 1250 2093 1296 runt
2121 1251 2177 1295 et
2201 1241 2504 1296 subvehunt
2547 1240 2901 1304 famulariter,
2946 1239 3050 1294 hoc
3089 1247 3193 1303 est,
3237 1240 3550 1294 obedienter

1968 1334 2189 1408 laudant
2241 1334 2414 1402 ipsum
2468 1332 2694 1388 sufferre
2745 1340 2801 1387 et
2830 1332 3132 1388 subvehere
3178 1332 3380 1385 omnia.
3429 1330 3545 1385 Non

1968 1424 2110 1478 enim
2139 1422 2412 1489 sull‘erlur,
2442 1424 2534 1478 sed
2562 1422 2783 1487 suffert;
2816 1437 2918 1477 nec
2942 1422 3279 1485 subvehitur,
3306 1425 3398 1477 sed
3425 1423 3550 1476 sub-

1968 1515 2150 1579 vehit;
2205 1528 2378 1581 neque
2426 1516 2578 1568 sedet
2625 1514 2677 1567 in
2713 1513 2913 1582 aliquo,
2941 1512 3031 1581 qui
3064 1512 3105 1543 “
3134 1513 3186 1566 in
3236 1527 3294 1566 se
3337 1512 3548 1576 sedere,

1969 1606 2071 1659 hoc
2096 1612 2201 1666 est,
2230 1605 2511 1673 quiescere
2549 1602 2681 1658 facit
2719 1603 2921 1658 omnia.
2958 1602 3125 1657 Docet
3167 1610 3437 1670 apertum,
3461 1603 3549 1657 vcl

1970 1697 2109 1750 sicut
2133 1695 2347 1764 planius
2379 1693 2722 1758 transfertur,
2752 1700 3083 1764 suggestum,
3114 1692 3220 1746 hoc
3248 1700 3351 1754 est,
3379 1691 3549 1747 sedile

277 1778 682 1835 universalibus
728 1781 1020 1836 virtutibus
1069 1782 1417 1837 immobiliter
1461 1792 1516 1838 et
1562 1785 1862 1853 ponderose
1894 1771 1937 1830 Β
1966 1785 2019 1840 in
2065 1786 2275 1839 divinas
2320 1784 2710 1853 susceptiones.
2784 1782 2923 1836 Sunt
2973 1780 3118 1834 enim
3174 1780 3546 1835 sublimissimi

275 1866 590 1933 fundatum,
618 1881 671 1925 et
696 1869 863 1925 divini
897 1874 1320 1942 superadventus
1349 1875 1402 1928 in
1435 1875 1865 1945 impassibilitate

275 1957 434 2011 omni
489 1966 545 2012 et
599 1960 1058 2016 immaterialitate
1097 1964 1433 2032 acceptivum
1495 1975 1551 2021 et
1601 1966 1865 2021 dciferum

275 2057 336 2102 et
375 2047 719 2104 famulariter
753 2050 808 2103 in
862 2051 1073 2106 divinas
1112 2053 1485 2122 susceptioncs
1529 2066 1860 2126 suggestum.

275 2137 423 2209 Ipsa,
457 2140 634 2209 inquit
665 2140 777 2180 ⁸-
798 2142 1167 2211 superioribus
1218 2143 1468 2198 similiter
1495 2145 1813 2201 subauditur
1846 2166 1859 2201 :

278 2228 585 2283 nominatio
620 2230 1010 2285 altissimarum
1051 2240 1106 2286 et
1145 2244 1549 2303 compactarum
1579 2236 1661 2291 vel
1688 2238 1864 2293 suble-

278 2330 530 2375 vatarum
562 2323 800 2390 sedium;
830 2338 896 2377 ex
925 2324 1175 2396 ambiguo
1203 2326 1346 2380 enim
1379 2342 1575 2397 graeco
1606 2329 1865 2384 transfer-

280 2422 409 2465 tur:
438 2415 755 2488 ὶπηρμένων,
807 2414 972 2485 quod,
1002 2424 1187 2470 utrum
1226 2432 1256 2470 a
1292 2417 1460 2473 verbo
1512 2417 1686 2494 ἔπᾶρω
1711 2422 1755 2484 ⁷,
1809 2401 1862 2475 id

276 2514 365 2560 est
407 2520 713 2577 eompango
748 2506 835 2561 vel
868 2507 1067 2572 aduno,
1106 2525 1174 2562 an
1219 2525 1250 2563 a
1281 2512 1445 2566 verbo
1489 2513 1686 2586 ἐπαίρω
1711 2514 1755 2579 ⁸,
1808 2515 1862 2570 i.l

277 2603 361 2650 est
388 2595 617 2651 sustolle
637 2596 659 2626 ’
684 2597 962 2674 derivatur
985 2598 1057 2663 ¹⁰,
1102 2600 1320 2654 dubiant
1351 2612 1434 2656 est
1464 2633 1534 2643 -—
1571 2605 1728 2659 docet
1761 2607 1862 2661 hoc

281 2683 587 2755 diligenter.
641 2687 779 2755 Quid
823 2690 1015 2743 docet?
1057 2690 1294 2745 Exaltari
1343 2692 1500 2761 plane
1543 2711 1636 2749 eas
1683 2697 1858 2763 sedes,

279 2775 364 2828 vel
390 2777 573 2832 extolli
606 2777 673 2832 ab
701 2779 846 2832 omni
876 2779 1190 2849 ignominia,
1220 2781 1425 2837 vilitate
1451 2784 1657 2839 scilicet
1683 2785 1861 2854 subje-

279 2868 495 2931 ctiouis,
522 2868 611 2923 vel
638 2870 949 2940 expressius
987 2871 1330 2937 translatum,
1360 2873 1427 2927 ab
1454 2877 1598 2930 omni
1632 2876 1863 2932 circum-

280 2956 596 3011 calcattmtis
628 2973 725 3013 seu
755 2959 1204 3015 deambulationis
1251 2962 1632 3019 minoratione.
1684 2966 1750 3021 Et
1778 2976 1861 3023 est

278 3061 504 3102 sensus:
529 3048 875 3103 Thronorum
916 3052 1215 3105 nominatio
1246 3053 1433 3114 docet.
1463 3055 1860 3112 excelsissimas

277 3137 484 3194 divinas
510 3141 671 3195 sedes
703 3141 992 3213 diligenter
1031 3144 1259 3199 exaltari
1291 3146 1359 3201 ab
1388 3148 1532 3202 omni
1567 3150 1855 3220 ignominia

278 3230 521 3286 subditae
549 3232 842 3287 multorum
868 3234 1092 3303 pedibus
1119 3236 1415 3293 inlimitatis
1443 3240 1508 3303 ιι,
1536 3251 1590 3294 ει
1618 3241 1685 3295 ab
1709 3241 1856 3295 omni

277 3321 392 3378 loco
423 3324 639 3389 humili,
684 3325 776 3393 qui
830 3326 1359 3382 circuntcalcantium
1413 3338 1468 3384 et
1515 3332 1862 3388 deambulan-

276 3416 407 3471 tium
437 3419 646 3487 plantis
696 3420 889 3474 teritur
918 3431 971 3475 et
999 3422 1319 3486 minoratur,
1351 3423 1453 3477 hoc
1478 3431 1580 3487 εει,
1615 3425 1861 3479 humilia-

278 3516 364 3563 tur
409 3518 468 3565 et
520 3511 867 3579 supponitur.
918 3510 989 3565 Ut
1040 3528 1171 3582 ergo
1218 3512 1481 3568 altissime
1525 3529 1555 3566 a
1587 3517 1857 3571 communi

278 3600 527 3653 omnibus
556 3600 802 3669 planitie,
832 3616 973 3671 quae
1014 3602 1177 3657 veluti
1224 3603 1579 3675 igneminiose
1624 3605 1861 3674 undique

279 3690 518 3746 calcatur
564 3700 623 3747 et
670 3693 1082 3759 deambulatur,
1147 3695 1347 3750 inedita
1399 3704 1561 3767 atque
1608 3696 1858 3752 sublimia

278 3781 611 3846 exaltantur,
638 3782 714 3836 ita
744 3781 1084 3839 Thronorum
1117 3784 1484 3855 similiumque
1511 3785 1592 3840 sui
1623 3784 1776 3850 ordo,
1804 3786 1858 3840 in

278 3872 470 3940 quibus
507 3873 665 3926 sedet
712 3888 944 3942 regnans
967 3882 1022 3928 et
1061 3872 1316 3941 judicans
1360 3875 1539 3929 omnia
1568 3874 1852 3939 Divinitas,

279 3963 713 4032 superexaltatus
738 3971 900 4019 estet
924 3979 955 4017 a
983 3966 1252 4019 communi
1280 3965 1529 4020 omnibus
1557 3965 1861 4021 humilitate

280 4064 541 4119 remotus,
569 4054 623 4108 id
650 4064 755 4118 est,
779 4055 925 4109 omni
955 4054 1217 4109 materiali
1257 4065 1505 4111 creatura
1540 4057 1855 4126 humilique.

284 4144 347 4200 Et
390 4148 495 4202 hoc
543 4147 885 4217 apertissime
927 4147 1269 4203 Thronorum
1338 4148 1637 4203 nominatio
1679 4149 1855 4204 docet.

286 4235 444 4292 Docet
479 4240 647 4293 etiam
686 4254 873 4293 eorum
900 4239 1175 4305 virtutem,
1207 4255 1344 4310 quae
1379 4255 1473 4294 eos
1510 4256 1669 4311 supra
1699 4257 1860 4295 mun-

287 4327 406 4391 dum
434 4329 490 4381 in
515 4344 787 4383 summum
813 4330 1012 4384 bonum
1037 4331 1306 4395 subvehit,
1333 4340 1391 4385 et
1415 4331 1482 4385 ab
1511 4330 1657 4385 omni
1683 4340 1862 4386 extre-

291 4417 468 4472 mitate
513 4418 813 4488 corporalis
841 4428 1145 4484 creaturae,
1186 4435 1325 4489 quae
1355 4420 1523 4475 veluti
1554 4421 1606 4474 in
1641 4436 1861 4490 compa-

1964 1877 2198 1948 suggesti
2226 1878 2291 1941 ³³,
2318 1877 2422 1931 alta
2445 1875 2693 1931 videlicet
2718 1874 2928 1936 sedilia,
2954 1873 3007 1927 in
3027 1871 3238 1926 divinas
3258 1872 3549 1940 susceptio-

1964 1983 2092 2033 ncs,
2141 1968 2192 2021 in
2239 1968 2543 2022 divinorum
2588 1965 2747 2035 plane
2791 1962 3162 2018 intellecluum
3214 1962 3548 2031 reeeptiones

1962 2059 2134 2129 parati
2164 2067 2326 2129 atque
2348 2058 2542 2129 aperti,
2567 2056 2899 2128 repandique
2928 2063 2984 2109 et
3009 2053 3052 2086 ιδ
3074 2054 3139 2108 ad
3162 2053 3400 2109 divinam
3426 2067 3545 2108 ses-

1963 2149 2167 2204 sionem
2197 2150 2423 2205 habiles.

2032 2247 2060 2319 §
2095 2248 2150 2301 Ξ.
2177 2247 2324 2302 Haec
2349 2248 2557 2319 quidem
2598 2248 2868 2301 nominum
2898 2245 3151 2316 ipsorum,
3181 2252 3435 2315 quantum
3477 2243 3548 2297 ad

1961 2352 2076 2398 nos,
2107 2337 2415 2391 declaratio.
2459 2336 2604 2390 Haec
2633 2345 2734 2397 est,
2769 2336 2963 2405 inquit,
2991 2341 3251 2402 quantum
3282 2332 3438 2388 nobis
3463 2334 3546 2386 vi-

1961 2427 2140 2491 detur,
2189 2437 2243 2482 et
2283 2443 2313 2481 a
2356 2427 2512 2483 nobis
2562 2426 2899 2496 intelligitur,
2948 2424 3215 2494 expositio
3268 2423 3547 2478 nominum

1965 2519 2124 2573 trium
2171 2520 2409 2587 ipsorum
2448 2517 2655 2589 primae
2700 2516 2999 2571 iorarchiae
3043 2515 3315 2569 ordinum.
3357 2513 3548 2567 Dicen-

1961 2609 2086 2661 dum
2122 2624 2262 2671 vero,
2286 2624 2442 2678 quam
2479 2607 2794 2661 ierarchiam
2826 2621 3007 2659 eorum
3041 2604 3399 2658 aestimamus.
3436 2602 3547 2669 Sed

1963 2699 2163 2763 dicere,
2190 2699 2288 2764 ait,
2319 2705 2530 2768 oportet
2567 2713 2687 2761 nos,
2715 2695 3250 2766 quamierarcbiam,
3302 2695 3405 2748 hoc
3441 2704 3546 2759 est,

1961 2795 2171 2863 qualem
2204 2794 2526 2849 ierarchiam
2554 2808 2740 2848 eorum
2771 2791 3100 2845 arbitramur
3131 2790 3176 2821 "
3195 2803 3335 2844 esse.
3363 2787 3548 2842 Omnis
3610 2810 3611 2813 η

1961 2887 2168 2956 quidem
2215 2902 2392 2940 eorum
2437 2884 2726 2938 ierarchiae
2765 2881 3169 2951 speculationem
3217 2880 3379 2934 Deum
3428 2880 3551 2933 imi-

1962 2977 2095 3029 tanti
2180 2974 2222 3006 “
2312 2973 2665 3042 deiformitate
2757 2970 3126 3039 dependentem
3196 2967 3551 3038 inﬂexibili!"

1963 3083 2092 3131 esse,
2136 3075 2183 3119 et
2207 3066 2368 3119 dividi
2394 3080 2595 3119 omnem
2641 3060 2983 3116 ierarchieam
3030 3059 3286 3113 actionem
3324 3059 3379 3112 in
3419 3074 3547 3129 par-

1965 3159 2315 3227 ticipationem
2336 3172 2539 3211 sacram
2568 3163 2616 3208 et
2639 3152 2974 3207 traditionem
3012 3150 3340 3220 purgationis
3385 3164 3551 3220 purae

1966 3256 2013 3299 et
2052 3247 2213 3300 divini
2268 3244 2479 3298 luminis
2518 3253 2564 3296 et
2594 3240 2906 3312 perfectivae
2948 3238 3212 3299 scientiae,
3242 3238 3551 3307 sufﬁcienter

1938 3383 1943 3389 .
1959 3336 2077 3405 jam
2117 3354 2149 3388 a
2184 3335 2327 3388 nobis
2370 3333 2564 3386 dictum
2615 3346 2725 3384 esse
2767 3328 3010 3382 arbitror.
3069 3326 3287 3389 Omnis,
3342 3327 3549 3396 inquit,

1969 3426 2075 3480 hoc
2141 3432 2258 3488 est,
2335 3421 2658 3476 universalis
2735 3418 3037 3473 ierarchiae
3106 3416 3548 3486 speculationem,

1969 3515 2345 3570 definitionem
2400 3513 2594 3583 plane,
2636 3510 2809 3566 Deum
2860 3508 3093 3565 imitanti
3124 3508 3163 3539 "
3195 3506 3551 3561 deiformitate

1968 3607 2395 3676 dependentem,
2456 3603 2507 3657 id
2557 3612 2663 3669 est,
2724 3614 2865 3671 quae
2924 3599 3156 3667 desuper
3216 3596 3259 3627 "‘
3321 3596 3549 3666 pendet,

1952 3696 2335 3764 ,origiuemque
2362 3693 2510 3750 ducit
2531 3709 2599 3748 ex
2632 3691 2985 3748 similitudine
3018 3689 3061 3722 ²⁹
3092 3689 3307 3743 divinae
3341 3686 3544 3741 formo-

1967 3786 2150 3842 sitatis
2192 3783 2494 3855 (superius,
2526 3782 2787 3852 siquidem
2833 3783 2885 3836 in
2924 3780 3086 3835 tertio
3118 3777 3388 3847 Capitulo,
3419 3779 3542 3831 uni-

1967 3875 2231 3931 versalem
2264 3872 2584 3927 ierarehiam
2616 3870 2863 3925 deﬁnivit
2899 3869 3086 3923 dicens
3115 3884 3129 3921 :
3155 3866 3420 3921 lcrarchia
3460 3875 3545 3921 est

1967 3967 2033 4021 ad
2063 3967 2229 4020 Deum
2252 4005 2266 4029 ,
2311 3972 2572 4033 quantum
2616 3960 2896 4031 possibile,
2938 3958 3236 4014 similitudo
3259 3967 3312 4011 et
3339 3957 3539 4024 unitas)

1967 4055 2333 4112 inflexibiliter
2356 4067 2496 4119 esse,
2525 4053 2576 4107 id
2603 4059 2688 4106 est
2716 4047 3255 4110 incommutabiliter,
3285 4045 3549 4101 sufﬁcien-

1967 4146 2185 4217 teriam
2228 4162 2257 4200 a
2298 4146 2453 4201 nobis
2487 4145 2691 4199 dictum
2735 4142 2990 4196 arbitror.
3032 4139 3281 4193 Arbitror
3309 4137 3472 4190 etiam
3502 4136 3548 4167 “

1967 4236 2299 4293 sull‘tcienter
2338 4235 2560 4298 dictum,
2599 4232 2764 4286 dividi
2805 4244 3018 4284 omnem
3062 4226 3417 4281 ierarehicam
3459 4240 3548 4280 ac-

1966 4330 2191 4391 tionem,
2227 4324 2311 4379 vel
2340 4324 2479 4378 sicut
2506 4322 2716 4393 planius
2751 4319 3076 4376 transfertur
3105 4315 3545 4386 negotiationem,

1969 4418 2021 4472 in
2046 4417 2515 4488 participationem
2543 4428 2755 4468 sacram
2781 4412 2949 4481 ipsius
2968 4407 3283 4480 principalis
3307 4407 3546 4460 omnium

294 4507 491 4562 ratione
527 4481 942 4579 intelligibilium
974 4481 1156 4567 rerum
1201 4481 1324 4567 vilis
1355 4512 1683 4582 humilisque
1713 4481 1852 4568 vide—
1892 4481 1940 4540 ί)
1967 4481 2288 4573 ierarchiae,
2323 4520 2462 4576 quae
2499 4514 2584 4560 est
2629 4504 2914 4566 Diviuitas,
2948 4512 3005 4557 et
3050 4498 3425 4561 traditionem,
3451 4512 3549 4566 per

293 4604 396 4666 tur,
424 4599 476 4653 in
514 4601 965 4657 sublimissimum
1006 4601 1354 4660 ineﬂ‘abiliter
1395 4604 1656 4670 sublevat,
1689 4604 1856 4659 Deum

295 4686 553 4753 videlicet,
580 4690 674 4759 qui
709 4690 1127 4747 sublimissimus
1160 4702 1263 4756 est,
1296 4703 1351 4748 et
1386 4694 1539 4765 cujus
1568 4695 1861 4765 participa—

299 4776 431 4834 tione
462 4780 565 4850 ipsi
599 4780 1078 4838 Thronisublimes
1106 4792 1249 4837 sunt.
1281 4784 1447 4839 Docet
1475 4783 1601 4839 illud
1629 4785 1862 4839 colloca-

299 4877 421 4935 tum,
447 4871 530 4926 vel
560 4870 869 4939 fundatum,
905 4873 1007 4928 hoc
1038 4881 1122 4929 est
1154 4873 1561 4930 collocationem
1593 4883 1648 4929 et
1672 4873 1863 4929 funda-

1967 4600 2245 4669 superiera
2284 4597 2651 4662 inferioribus,
2683 4593 3018 4667 purgationis
3043 4606 3232 4662 purae,
3270 4589 3410 4643 nulla
3440 4589 3549 4644 dis-

1967 4688 2319 4745 similitudine
2344 4686 2678 4752 intermixta,
2708 4693 2764 4739 et
2792 4685 2845 4739 in
2877 4684 3044 4739 divini
3070 4680 3309 4744 luminis,
3333 4680 3376 4711 ²¹
3399 4678 3549 4735 simi-

1968 4781 2092 4835 liter
2115 4778 2583 4850 participationem
2621 4785 2677 4832 et
2716 4775 3083 4838 traditionem,
3110 4781 3164 4828 et
3199 4772 3253 4827 iu
3286 4769 3547 4840 perfecti-

1969 4887 2070 4927 vae
2107 4870 2390 4934 scientiae,
2420 4869 2609 4926 eodem
2644 4868 2805 4924 modo
2835 4865 3305 4937 participationem
3343 4871 3399 4920 et
3435 4870 3547 4917 tra-

1557 4986 1813 5045 VARIAE
1863 4980 2264 5042 LECTIONES.

360 5102 375 5172 Ξ
399 5100 441 5155 Β
469 5101 789 5172 seraphin‘et
820 5100 1086 5172 cherubin,
1119 5102 1199 5156 sic
1226 5101 1561 5172 saepissime.

292 5243 414 5309 quit.
512 5243 533 5273 "
558 5240 651 5318 ΑΒ
672 5242 872 5318 habere
890 5240 1137 5318 videntur
1155 5240 1409 5318 “agam.
1500 5244 1521 5275 ⁸
1544 5244 1632 5297 ΑΒ
1655 5240 1850 5318 inept...

1657 5104 1677 5133 ’
1713 5101 1866 5158 Corr.
1909 5102 1950 5156 Β
1987 5102 2028 5165 ⁸,
2057 5100 2146 5154 ΑΒ
2174 5096 2639 5169 signiﬁcationum.

338 5170 424 5225 Sic
448 5172 520 5235 C;
547 5163 639 5243 ΑΒ
661 5163 774 5240 qiﬁ,
802 5171 943 5243 quod
965 5180 1055 5243 εει
1073 5163 1348 5243 quoniam.
1426 5173 1447 5204 ⁵
1473 5174 1550 5227 Ex
1572 5172 1736 5243 conj.,
1758 5188 1854 5242 pro
1876 5163 2099 5243 omni-ab
2135 5163 2452 5243 dﬂomjia;
2476 5166 2539 5220 ab
2560 5183 2670 5243 οειι-
2696 5163 2757 5218 (ἶ.

2714 5093 2736 5126 ³
2770 5093 2810 5147 Β
2834 5094 2852 5114 ⁹
2888 5108 3050 5162 supra
3079 5092 3257 5148 adscr.
3288 5091 3354 5145 ab
3375 5092 3543 5145 omni.

2851 5163 2873 5194 ⁸
2900 5162 2943 5217 Β
2962 5163 3165 5233 inquid,
3195 5163 3234 5216 Β
3256 5164 3270 5181 ⁸
3293 5178 3433 5215 corr.
3458 5164 3543 5214 in-

1945 5242 1966 5272 ⁹
2010 5242 2102 5295 Sic
2125 5239 2276 5293 ΑΒΕ.
2309 5236 2561 5292 Fortasse
2597 5235 2804 5304 legend.
2837 5242 2922 5289 est
2949 5233 3179 5304 sublevo,
3211 5246 3477 5304 quaeve:
3512 5248 3542 5283 a

293 5299 417 5365 voce
460 5310 680 5366 sustolle
710 5311 980 5381 scriptura
1008 5311 1096 5364 vix
1136 5299 1332 5366 dilfei't'.
1366 5312 1561 5368 Vocem
1603 5299 1811 5367 subleivo
1853 5306 2495 5381 expectes,_qtiia_supra
2522 5307 2590 5381 _in
2624 5299 2907 5381 codd;_bis_
2922 5299 3543 5381 habebatursulrlepat‘a;

293 5396 422 5443 nim,
451 5397 560 5436 non
591 5382 944 5436 sublatarum.
1023 5381 1065 5412 ¹⁰
1089 5380 1129 5434 Β
1157 5382 1173 5401 ⁸
1207 5396 1350 5435 corr.
1384 5384 1663 5437 derivetur.

292 5465 434 5518 me.
513 5452 557 5483 ³³
580 5452 624 5504 Α
648 5451 897 5521 subgcsti.

294 5534 427 5574 vers.
454 5521 601 5575 Scoti
633 5531 687 5576 et
731 5529 862 5575 text.

293 5674 455 5731 marg.
484 5663 550 5720 ad
582 5678 663 5713 cr.
698 5672 742 5714 et
784 5659 1089 5728 perfectivae
1118 5662 1379 5715 scientiae.

1743 5383 1783 5414 "
1815 5383 1856 5439 C
1878 5378 1935 5437 et
1960 5396 2103 5436 corr.
2132 5379 2174 5433 Β
2194 5378 2210 5400 ⁵
2235 5378 2579 5447 inﬁrmitatis.

974 5449 1020 5481 “
1038 5460 1084 5504 et
1110 5466 1217 5521 om.
1256 5450 1296 5504 Β
1317 5452 1456 5521 (rad.
1487 5453 1747 5509 delevissc
1771 5454 1980 5506 videtur
2005 5451 2046 5505 Β
2069 5452 2132 5514 Ἴ.

892 5535 1105 5589 graec.;
1135 5520 1225 5574 AB
1263 5520 1474 5586 imitati,
1504 5523 1543 5576 B
1564 5528 1578 5544 ‘
1605 5540 1747 5579 corr.
1772 5524 1991 5577 imitate.
2072 5522 2113 5553 ⁸⁷
2146 5520 2237 5575 Sic
2266 5520 2327 5583 C,
2364 5520 2451 5572 ΑΒ
2472 5520 2683 5589 imitati,
2716 5520 2779 5568 B'
2804 5520 3025 5589 imitate.
3123 5520 3193 5589 “l

291 5591 493 5653 pendit;
524 5593 565 5646 (ἶ
594 5608 727 5659 quae
748 5583 1037 5661 stipitendit.
1096 5583 1158 5620 V”
1189 5591 1231 5643 A
1265 5583 1679 5649 similitudinem.
1758 5593 1800 5624 ²⁰
1835 5594 1873 5647 Β
1898 5594 2065 5657 enim,
2109 5592 2166 5645 B'
2211 5600 2391 5661 punct.
2439 5586 2577 5656 subj.
2609 5596 2659 5642 et
2698 5600 2864 5652 marg.
2905 5583 3081 5637 adscr.
3126 5583 3301 5637 etiam.

2678 5376 2720 5407 ι’
2741 5374 2847 5452 sic
2867 5374 2992 5452 (ist
3022 5373 3136 5452 νερει-
3162 5385 3304 5424 com
3330 5369 3372 5423 Β
3395 5369 3547 5452 ῑςΑβ

2238 5438 2396 5503 ’δ’δίε
2422 5446 2463 5502 C
2494 5458 2549 5502 et
2573 5462 2716 5502 corr.
2740 5445 2782 5499 B
2803 5447 2846 5507 ‘,
2875 5444 2965 5498 AB
2988 5440 3324 5495 arbitramus.
3401 5438 3444 5470 ¹⁶
3467 5438 3539 5492 Ex

2266 5519 2327 5569 (Σ.
2364 5518 2451 5569 ΑΒ
2472 5518 2683 5569 imitati.
2716 5514 2779 5568 B'
2804 5514 3025 5567 imitate.
3123 5510 3165 5540 ⁸⁸
3187 5508 3342 5564 Cort'.
3370 5507 3412 5563 Β
3434 5512 3472 5569 ⁸,
3507 5510 3547 5557 Β

2072 5522 2113 5553 ⁸⁷
2146 5519 2237 5575 Sic
2266 5519 2327 5583 C,
2364 5518 2451 5572 ΑΒ
2472 5518 2683 5581 imitati,
2716 5514 2779 5568 B'
2804 5514 3025 5567 imitate.
3123 5514 3165 5540 “
3187 5514 3342 5564 (Σοί-ιι.
3371 5514 3412 5563 Β
3434 5514 3472 5569 ',
3507 5514 3547 5557 Β

2109 5592 2166 5635 R'
2211 5600 2391 5635 nttnrt.
2439 5586 2577 5635 subi.
2609 5596 2659 5635 (el
2698 5600 2864 5635 mare.
2905 5583 3081 5635 adscr.
3126 5581 3301 5635 etiam.
3404 5580 3445 5611 ¹¹
3484 5581 3549 5635 Βδ
