3952 6156
287 308 382 365 181

1135 311 1357 367 SUPER
1396 313 1821 372 lEllARfilllAM
1858 318 2264 378 CAELES'I‘EM
2307 324 2363 379 S.
2409 324 2722 382 DIONYSII.

3440 334 3540 388 l82

287 423 436 477 nium
482 419 798 475 immediate
843 422 1164 491 principium
1212 427 1291 479 sui
1342 437 1521 482 motus
1563 431 1792 501 accipit,
1834 448 1864 485 a
1896 438 1939 494 Α
1972 444 2077 499 tur,
2110 436 2360 494 ineﬂ‘abili
2390 456 2517 511 erga
2568 442 2669 496 sibi
2698 441 2971 512 subjectos
3004 442 3043 474 "
3073 442 3271 513 pietate
3306 455 3361 500 et
3400 448 3543 501 cari-

286 511 438 568 nullo
472 513 680 565 moveri
712 527 817 566 non
853 513 1124 568 immerito
1165 516 1379 579 diritur,
1419 520 1671 586 quoniam
1702 536 1864 577 causa

286 610 471 657 motus
518 601 603 655 sui
656 603 1125 670 superessentialis
1168 614 1279 660 est.
1329 614 1382 660 et
1421 617 1638 678 superat
1684 625 1862 674 omne,

286 690 430 760 quod
467 699 574 754 est,
600 700 654 745 et
683 691 698 721 ¹
732 689 875 761 quod
907 707 1011 745 non
1046 702 1148 747 est.
1179 695 1356 749 Ceteri
1385 712 1510 751 vero
1539 699 1864 753 universita-

288 782 357 835 tis
390 781 644 836 conditae
671 783 908 847 ordines,
937 785 1185 851 quamvis
1218 786 1268 839 in
1299 802 1399 839 una
1432 804 1595 842 causa
1624 791 1865 843 oumium

286 883 467 927 motus
491 873 576 926 sui
600 873 921 942 principium
953 876 1303 939 constituant,
1334 892 1437 931 non
1470 889 1643 932 tamen
1674 879 1864 933 imme-

287 962 431 1017 diate
464 962 534 1015 ab
574 963 710 1032 ipso,
739 965 831 1023 sed
861 964 1124 1033 gradatim
1172 981 1269 1035 per
1310 968 1616 1035 superiores
1655 984 1868 1037 semper

283 1053 579 1109 inferiores
619 1063 675 1109 et
716 1066 1002 1109 moventur
1040 1069 1095 1111 et
1136 1058 1599 1112 administrantur.
1638 1058 1868 1112 Pulchre

286 1145 453 1216 igitur
489 1146 930 1200 excellentissimi
980 1147 1290 1202 caelestium
1328 1150 1684 1203 csseutiarum
1724 1149 1867 1202 ordi-

284 1250 379 1289 nes
400 1238 753 1299 autumni,
781 1237 883 1290 boc
901 1246 1004 1299 est,
1033 1252 1129 1306 per
1154 1252 1211 1292 se
1241 1240 1370 1291 moti
1395 1248 1447 1292 et
1470 1248 1594 1292 sunt
1615 1248 1668 1291 et
1694 1237 1870 1293 nomi-

282 1334 507 1391 nantur,
542 1326 798 1395 quoniam
843 1341 939 1395 per
982 1328 1187 1396 seipsos
1228 1329 1433 1397 seipsos
1469 1337 1709 1393 movent,
1742 1338 1795 1383 et
1835 1344 1866 1382 a

283 1418 480 1487 seipsis
520 1428 823 1472 moventur.
874 1418 915 1471 Α
958 1418 1103 1472 nullo
1150 1420 1293 1473 enim
1346 1421 1606 1490 superiori
1652 1437 1711 1475 se
1749 1437 1866 1475 mo-

283 1520 505 1571 ventur,
534 1509 637 1562 nisi
669 1509 737 1561 al)
769 1508 884 1577 ipso
916 1509 1043 1572 Deo,
1070 1509 1161 1578 qui
1194 1509 1391 1564 nullius
1421 1510 1637 1579 proprie
1662 1510 1866 1579 princi-

282 1599 432 1670 pium
486 1610 668 1654 motus
714 1609 828 1662 est,
861 1600 1113 1668 quoniam
1163 1601 1403 1655 omnium
1455 1602 1704 1672 generale
1752 1610 1864 1667 est;

282 1692 425 1760 quod
457 1699 642 1745 autem
679 1692 917 1744 omnium
955 1692 1206 1762 generale
1236 1702 1342 1757 est,
1372 1694 1567 1748 nullius
1593 1696 1866 1764 proprium

1969 536 2078 581 tate
2122 539 2426 595 moventur,
2458 531 2660 585 nullum
2700 547 2886 586 eorum
2924 535 3101 602 perire
3138 545 3231 588 aut
3267 535 3319 589 in
3362 535 3539 607 aliquo

1968 621 2274 688 contempni
2309 621 2565 677 sinentes.
2595 622 3129 694 Contemplativnsque
3163 627 3348 679 iterum
3378 625 3547 680 sensi-

1968 708 2148 761 bilium
2178 710 2549 779 symbolarum,
2579 721 2669 765 aut
2698 712 3123 766 iutellectnalium
3151 714 3537 783 speculationis.

1966 800 2035 851 A.
2059 800 2423 868 superioribus
2470 802 2790 855 subauditur
2824 819 2835 854 :
2870 804 3260 857 aestimandmn
3306 820 3539 874 quoque,

1967 907 2062 946 eas
2086 893 2529 961 contemplativas
2556 908 2674 949 esse
2699 894 3030 949 sensibilium
3058 896 3419 967 symbolorum
3451 906 3544 950 aut

1969 982 2444 1046 intellectualium,
2485 991 2546 1037 ut
2592 983 2944 1038 subaudiatur
2986 985 3235 1039 similiter
3277 984 3544 1053 symbolo-

1968 1090 2110 1138 rum,
2139 1073 2539 1142 speculationis.
2574 1073 2723 1140 Quae
2766 1076 3028 1129 sententia
3069 1075 3354 1144 dupliciter
3379 1074 3421 1105 “
3450 1089 3545 1143 po-

1969 1174 2073 1219 test
2118 1166 2366 1234 intelligi,
2406 1174 2465 1219 ut
2508 1181 2700 1220 sensus
2750 1166 2820 1220 sit
2851 1166 2895 1198 ¹³
2924 1181 2939 1219 :
2964 1166 3294 1220 sensibilium
3330 1166 3545 1235 symbo-

1968 1256 2141 1310 lorum
2187 1266 2282 1310 aut
2326 1256 2740 1327 intelligibilium
2786 1256 3234 1324 contemplativae
3270 1264 3396 1309 sunt
3424 1268 3563 1324 spe-‘

1968 1345 2278 1409 culationis,
2305 1346 2407 1400 boc
2439 1355 2523 1401 est
2560 1345 2803 1401 occultae
2850 1345 3254 1415 intelligentiae.
3290 1344 3359 1399 Ut
3402 1345 3542 1398 enim

1970 1434 2443 1499 intellectualium,
2501 1434 2573 1488 ita
2633 1436 2795 1489 etiam
2869 1418 3217 1488 sensibilium
3272 1432 3544 1502 symbolo-

1972 1542 2089 1579 rum
2146 1525 2580 1595 contemplantur
2627 1524 2976 1579 intellectum.
3018 1522 3301 1577 Sensibilia
3364 1531 3542 1576 autem

1971 1617 2212 1689 symbola
2297 1626 2463 1680 sunt,
2546 1632 2774 1685 quorum
2868 1614 3193 1669 intellectum
3284 1612 3545 1667 caelestes

1971 1709 2198 1762 virtutes
2248 1707 2698 1776 contemplantur,
2752 1706 2951 1760 veteris
3011 1704 3143 1773 legis
3181 1711 3542 1765 sacramenta.

283 1791 383 1837 est.
434 1782 551 1836 llac
596 1783 804 1836 ratione
849 1797 954 1836 non
1001 1781 1173 1837 solum
1220 1783 1596 1851 primordiales
1630 1786 1867 1838 omnium

1973 1797 2120 1850 verbi
2177 1798 2349 1866 gratia
2395 1796 2819 1859 tabernaculum,
2869 1804 2923 1850 et
2972 1796 3170 1853 omnia.
3209 1808 3348 1864 quae
3393 1794 3446 1847 in
3480 1808 3548 1849 eo

285 1886 467 1925 rerum
504 1886 706 1925 causae
742 1873 1073 1934 αὐτοκινητοῐ,
1105 1887 1290 1925 verum
1323 1872 1484 1925 etiam
1524 1872 1865 1927 excellentis-

285 1963 405 2017 simi
439 1963 460 1993 ⁸
491 1962 754 2016 caelestes
797 1962 1015 2016 ordines
1049 1973 1442 2034 nuncupantur.
1467 1965 1711 2019 llumana
1737 1982 1869 2035 (ιιιο⁶

284 2066 387 2121 que
432 2051 615 2105 anima
668 2068 697 2105 a
745 2053 1080 2122 philosophis
1134 2057 1475 2120 αὐτοκινητὸς,
1509 2056 1609 2110 boc
1640 2065 1739 2116 est,
1773 2071 1869 2125 per

285 2144 516 2213 seipsam
550 2153 695 2197 mota
736 2143 757 2174 ³
787 2160 888 2197 non
918 2145 1359 2201 irrationabiliter
1385 2148 1708 2211 nominatur,
1743 2149 1866 2217 quia

285 2234 424 2286 nulla
452 2242 707 2287 creatura
739 2236 1090 2304 propinquior
1108 2245 1190 2290 est
1219 2237 1348 2300 Deo,
1368 2249 1443 2301 et,
1472 2242 1515 2293 si
1546 2255 1648 2291 non
1677 2255 1869 2309 pecca-

285 2331 383 2385 ret,
411 2338 511 2392 per
539 2323 747 2376 nullum
778 2325 1110 2393 superiorem
1150 2342 1208 2381 se
1244 2328 1485 2382 ordinem
1523 2331 1867 2383 administra-

287 2422 454 2477 retur,
477 2413 741 2482 quoniam
767 2413 944 2468 nullus
969 2417 1213 2485 superior
1231 2417 1317 2470 illa
1346 2418 1868 2488 lierclordo,qucm-
1890 2463 1909 2474 .

284 2503 576 2557 admodum
608 2519 714 2557 non
745 2505 881 2569 erit,
914 2507 1132 2575 quando
1161 2507 1181 2537 ⁸
1226 2508 1278 2561 in
1321 2509 1600 2578 pristinam
1642 2520 1867 2563 naturae

282 2607 409 2649 suae
428 2595 782 2649 revocabitur
810 2596 1146 2666 dignitatem.
1178 2594 1245 2651 Et
1274 2599 1325 2652 iu
1346 2600 1576 2670 subjecta
1602 2611 1867 2655 contume-

282 2680 405 2734 liam
434 2683 654 2736 omnino
693 2684 993 2738 nescientes.
1041 2685 1152 2740 Hoc
1184 2695 1290 2752 est,
1327 2688 1573 2757 quamvis
1614 2690 1665 2742 in
1703 2690 1867 2744 subli-

284 2772 470 2826 mitate
500 2773 830 2829 universalis
864 2784 1144 2831 creaturae
1174 2789 1292 2846 post
1332 2778 1497 2833 Deum
1542 2782 1867 2836 constitutae

283 2861 406 2928 sint,
439 2865 667 2919 omnino
698 2876 876 2922 tamen
922 2867 975 2921 in
1018 2883 1103 2933 ea,
1133 2885 1274 2938 quae
1311 2871 1411 2924 sibi
1446 2871 1683 2941 subjecta
1721 2881 1863 2939 sunt,

287 2964 698 3030 contumeliam,
733 2965 813 3020 vel
843 2967 980 3022 sicut
1014 2967 1228 3037 planius
1259 2970 1598 3035 transfertur,
1627 2978 1869 3024 contem-

284 3064 432 3122 ptum
482 3054 665 3112 facere
713 3059 983 3113 nesciunt.
1022 3059 1088 3113 Et
1139 3075 1245 3114 non
1296 3061 1398 3114 hoc
1433 3054 1641 3125 solum,
1681 3077 1866 3116 verum

1972 1887 2085 1941 fieri
2143 1888 2398 1941 Dominus
2448 1887 2743 1955 praecepit,
2796 1885 2987 1940 deinde
3035 1885 3268 1939 visiones
3316 1885 3549 1954 prophe-

1971 1987 2142 2032 tarum
2193 1978 2245 2031 in
2296 1979 2459 2033 variis
2504 1978 2748 2032 formulis
2796 1987 2956 2046 atque
3005 1977 3223 2046 ﬁguris,
3271 1985 3548 2046 postremo

1968 2067 2333 2122 ecclesiastica
2390 2068 2522 2121 Novi
2578 2068 2905 2122 Testameuti
2971 2066 3259 2137 mysteria,
3317 2081 3546 2134 quorum

1966 2158 2206 2211 omnium
2248 2157 2494 2211 intimum
2544 2158 2721 2211 lumen
2762 2156 2933 2211 sancti
2972 2157 3146 2227 angeli
3178 2155 3324 2210 clare
3357 2156 3401 2188 "‘
3429 2171 3549 2224 per-

1967 2249 2221 2317 spiciunt.
2270 2249 2419 2315 Quae
2465 2249 2574 2303 sint
2621 2262 2751 2301 vero
2827 2246 3180 2315 intelligibilia
3258 2244 3495 2316 symbola
3524 2284 3540 2308 ,

1968 2352 2075 2390 non
2142 2336 2300 2391 facile
2359 2338 2514 2391 nobis
2572 2336 2845 2400 occurrit,
2898 2335 3003 2388 nisi
3068 2334 3208 2387 forte
3279 2335 3543 2394 dicamus,

1968 2430 2113 2498 ipsas
2129 2429 2503 2497 tbeopbanias,
2522 2427 2575 2480 in
2600 2427 2792 2495 quibus
2807 2434 2891 2480 est
2906 2426 2949 2456 "
2972 2424 3178 2493 species
3193 2423 3435 2476 veritatis
3452 2438 3550 2489 per

1967 2535 2027 2573 se
2053 2519 2197 2571 omni
2233 2517 2528 2571 intellectui
2557 2515 2839 2571 invisibilis
2867 2515 2927 2577 ιδ,
2954 2515 3110 2569 modo
3138 2514 3367 2583 quodam
3392 2515 3547 2565 nobis

1967 2608 2143 2661 adlmc
2174 2607 2446 2677 incognito
2479 2604 2856 2660 intellectualia
2900 2605 2940 2635 ¹⁷
2973 2605 3238 2677 symbola,
3298 2606 3397 2659 boc
3443 2615 3541 2664 est,

1966 2698 2323 2752 materialinm
2355 2713 2534 2752 rerum
2566 2697 2916 2752 similitudine
2959 2698 3199 2751 carentia
3244 2696 3373 2764 ipsis
3401 2712 3544 2758 esse,

1968 2787 2041 2840 ita
2069 2796 2129 2840 ut
2178 2788 2229 2840 in
2263 2787 2392 2856 ipsis
2438 2787 2799 2854 tbeophaniis,
2846 2787 2946 2840 hoc
2970 2792 3076 2848 est,
3112 2786 3306 2839 divinis
3334 2786 3550 2854 appari-

1969 2878 2240 2939 tionibus,
2294 2892 2427 2945 quas
2483 2876 2829 2930 intellectuali
2882 2877 3039 2930 oculo
3094 2876 3546 2945 contemplantur,

1967 2968 2187 3021 intimos
2220 2966 2430 3019 divinos
2478 2966 2780 3020 intellectus
2809 2966 3159 3035 perspiciant,
3190 2965 3546 3034 quemadmo-

1968 3057 2092 3109 dum
2122 3070 2219 3109 nos
2243 3070 2339 3124 per
2364 3054 2634 3109 sensibilis
2658 3053 2918 3124 symbola,
2939 3062 3195 3122 quantum
3220 3054 3549 3108 daturnobis

281 3143 443 3197 etiam
475 3144 530 3199 in
573 3161 817 3201 amorem
850 3158 904 3203 et
931 3150 1289 3219 cognitionem
1322 3152 1622 3206 communis
1646 3152 1865 3213 Creato-
1893 3140 1938 3199 C
1972 3147 2289 3216 intelligere,
2320 3146 2584 3215 quaedam
2622 3146 2801 3198 divina
2838 3146 3046 3199 occulta
3089 3144 3347 3214 mysteria
3373 3144 3417 3175 ³⁸
3457 3159 3548 3198 co-

282 3232 357 3288 ris
396 3235 649 3289 subditos
688 3236 789 3290 sibi
830 3238 1047 3293 ordines
1099 3241 1389 3295 admonent
1431 3241 1452 3271 ⁸
1492 3250 1547 3296 et
1587 3254 1861 3298 revocant.

283 3320 433 3389 Quod
484 3335 888 3395 consequenter
933 3327 1205 3396 subiungit
1240 3346 1253 3382 :
1286 3327 1392 3383 Sed
1434 3331 1755 3385 incasualem
1810 3343 1865 3385 ut

283 3421 330 3463 et
393 3412 911 3469 intransmutabilem
978 3418 1221 3471 habentes
1292 3420 1534 3488 propriae
1596 3420 1865 3487 deiformis

284 3502 625 3569 specialitatis
659 3506 996 3572 purissimam
1033 3508 1444 3563 collocationem.
1482 3508 1593 3565 Hoc
1620 3518 1721 3576 est,
1759 3527 1863 3566 non

284 3592 452 3647 solum
481 3602 857 3664 contemptum
890 3598 943 3651 in
974 3598 1211 3666 subiecta
1244 3601 1345 3655 sibi
1376 3602 1644 3665 nesciunt,
1678 3617 1865 3655 verum

284 3682 439 3735 etiam
488 3683 696 3738 habent
738 3686 1087 3753 iucasualem,
1121 3699 1177 3743 ut
1226 3701 1281 3744 et
1317 3690 1861 3753 iutrausmutabilem,

287 3772 631 3839 purissimam
680 3774 1086 3833 collocationem
1122 3781 1369 3849 propriae
1424 3780 1704 3838 deiforruis
1738 3798 1861 3852 spe-

285 3861 558 3918 cialitatis.
588 3863 939 3921 Purissimam
966 3869 1159 3939 quippe
1188 3872 1594 3927 collocationem
1620 3914 1632 3938 ,
1670 3872 1865 3928 funda—

286 3963 521 4007 mentum
553 3955 574 3985 ⁸
605 3956 764 4024 plane
810 3959 1009 4013 habent
1038 3961 1383 4023 incasualem,
1417 3965 1559 4032 quod
1590 3981 1860 4035 nunquam

286 4043 423 4109 ruit,
470 4054 526 4099 et
568 4048 795 4111 merito,
837 4050 963 4118 quia
1008 4051 1493 4110 intransmutabilis
1539 4065 1649 4123 est;
1692 4059 1862 4112 nescit

285 4133 424 4186 enim
462 4136 689 4190 moveri.
730 4138 795 4192 Et
826 4139 845 4171 ⁷
879 4157 1016 4210 quae
1058 4151 1140 4196 est
1185 4144 1207 4175 ⁸
1239 4145 1327 4198 illa
1360 4146 1680 4203 collocatio?
1718 4151 1860 4218 quod

287 4220 728 4279 fundamentum?
757 4226 978 4299 Propria
1022 4230 1177 4301 plane
1222 4233 1498 4291 deiformis
1532 4239 1857 4307 specialitas,

287 4324 443 4379 quam
473 4315 651 4369 omnis
682 4320 886 4386 appetit
913 4328 1184 4386 creatura,
1236 4322 1347 4378 sive
1391 4326 1566 4381 sciens
1600 4330 1727 4398 quid
1767 4347 1860 4399 ap-

288 4409 451 4467 petat,
489 4403 606 4459 sive
651 4408 917 4473 nesciens,
959 4411 1179 4465 omnino
1215 4426 1340 4467 casu
1382 4424 1437 4469 et
1482 4419 1857 4473 trausmutabi-

288 4488 432 4545 litate
472 4503 645 4559 caret,
678 4496 805 4551 nulli
849 4508 1130 4555 creaturae
1170 4516 1200 4555 a
1224 4518 1282 4557 se
1322 4505 1568 4559 conditae
1596 4507 1853 4562 incuriam

290 4593 377 4634 seu
425 4594 793 4656 contemptum
850 4587 1030 4645 infert.
1077 4591 1155 4646 lta
1202 4596 1526 4653 excellentes
1561 4600 1851 4664 essentiac,

291 4669 382 4741 ipsi
420 4671 627 4730 formae
654 4677 963 4735 simillimae
992 4690 1155 4751 atque
1192 4687 1491 4753 proximae,
1527 4689 1748 4743 omnino
1787 4689 1853 4744 il-

289 4757 388 4815 lam
430 4776 722 4834 sequentes
765 4779 821 4822 et
856 4769 1148 4837 imitantes,
1185 4774 1237 4827 in
1286 4774 1709 4832 iucommutabili
1755 4795 1853 4832 na-

289 4858 434 4910 turae
453 4871 585 4911 suae
612 4867 758 4913 statu
784 4868 839 4914 et
864 4862 1260 4929 pulchritudine
1287 4867 1451 4920 divini
1487 4867 1801 4939 principalis
1834 4873 1855 4905 θ

289 4946 507 5017 exempli
530 4947 597 5014 “,
626 4964 788 5018 quam
812 4952 1015 5022 absque
1037 4956 1144 5009 ulla
1170 4956 1601 5015 dissimilitudine
1626 4977 1857 5031 sequun-

1970 3252 2236 3307 gnoscere
2273 3237 2547 3307 jubenmr.
2579 3234 2763 3290 Potest
2791 3243 2846 3289 et
2873 3236 2953 3290 sic
2992 3234 3254 3303 intelligi:
3290 3234 3545 3289 Contem-

1970 3329 2199 3397 plativas
2250 3327 2581 3382 sensibilium
2632 3325 2993 3397 symbolorum
3049 3341 3169 3381 esse
3223 3326 3548 3381 excellentes

1970 3420 2234 3474 cssentiae
2255 3418 2643 3473 existimandae
2663 3427 2808 3483 sunt,
2841 3426 2933 3472 aut
2960 3418 3405 3487 contemplativas
3429 3432 3549 3487 spe-

1970 3512 2276 3575 culationis,
2319 3513 2419 3566 hoc
2443 3518 2548 3575 est,
2585 3511 2909 3580 cognitionis
2937 3510 3377 3565 intellectualium
3417 3524 3549 3579 qua-

1969 3600 2312 3669 liumcunque
2344 3615 2542 3655 rerum.
2589 3598 2702 3653 Non
2724 3600 2870 3654 enim
2904 3599 3148 3669 cogimur
3174 3599 3463 3653 subaudire
3492 3599 3545 3651 in

1970 3698 2244 3759 utroque:
2303 3690 2689 3760 symbolorum,
2738 3690 2832 3745 sed
2875 3691 3121 3745 absolute
3167 3690 3544 3745 solummodo:

1969 3781 2414 3851 contemplativas
2441 3781 2906 3845 intellectualium,
2947 3790 3027 3845 ut,
3056 3780 3415 3851 quodcunque
3440 3781 3551 3835 cui-

1968 3873 2096 3927 libet
2142 3873 2472 3943 probabilius
2515 3871 2779 3936 videatur.
2834 3872 3143 3937 subaudiat,
3193 3872 3309 3926 sive
3340 3886 3543 3933 rerum.

1968 3966 2080 4018 sive
2101 3978 2442 4028 arcanorum,
2477 3963 2590 4017 sive
2613 3963 2890 4025 virtutum,
2920 3963 3035 4017 sive
3063 3962 3367 4032 bujusmodi
3393 3961 3547 4015 simic

1968 4056 2057 4110 lia.
2088 4055 2191 4109 Sed
2225 4053 2672 4123 quemadmodum
2703 4051 2963 4107 caelestes
3006 4050 3294 4113 essentiae,
3346 4063 3467 4102 cum
3501 4049 3549 4082 ⁸⁸

1968 4150 2075 4202 sint
2110 4147 2329 4201 omnino
2360 4143 2744 4213 incorporalcs,
2791 4142 3066 4197 scusibilia
3113 4140 3553 4209 contemplautur

1967 4238 2231 4311 symbola.
2259 4253 2363 4291 non
2395 4251 2559 4304 parva
2590 4235 2793 4304 indiget
2817 4233 3086 4304 indagine,
3110 4231 3212 4285 nisi
3242 4230 3380 4285 forte
3399 4230 3545 4284 dica-

1966 4346 2107 4391 tnus,
2139 4344 2230 4384 eas
2255 4326 2608 4397 spiritualium
2639 4338 2923 4393 corporum
2972 4322 3338 4376 habitudinem
3372 4319 3555 4384 indui,

1967 4431 2025 4475 ut
2053 4419 2325 4474 seusibilia
2363 4432 2460 4487 per
2502 4431 2693 4470 sensus
2722 4420 3085 4484 cognoscant:
3125 4411 3209 4466 vel
3235 4418 3385 4465 certe
3425 4425 3548 4465 cre-

1889 4483 1935 4541 D
1961 4509 2192 4564 deudum
2259 4483 2381 4571 est;
2413 4521 2504 4560 eas
2536 4520 2640 4558 non
2684 4483 2857 4559 solum
2907 4500 3311 4564 intellectualia,
3354 4514 3551 4553 verum

1960 4600 2123 4655 etiam
2169 4596 2444 4655 scnsibilia
2477 4596 2679 4663 absque
2712 4592 2832 4646 “ullo
2879 4591 3239 4673 corporalium
3284 4602 3543 4643 sensuum

1960 4688 2285 4745 adminiculo
2313 4701 2538 4743 cernere
2582 4701 2758 4756 posse,
2785 4685 2925 4739 sicut
2954 4682 3197 4738 Elisaeus
3225 4681 3270 4713 ²⁰
3302 4679 3551 4734 Naaman

1961 4784 2155 4855 Syrum
2184 4798 2241 4837 se
2275 4782 2329 4836 in
2357 4780 2591 4836 Iordane
2619 4781 2885 4834 lavantem
2907 4775 3174 4847 spirituali
3204 4774 3360 4829 oculo
3386 4772 3545 4827 vidit.

1965 4873 2146 4945 Neque
2175 4876 2220 4905 ¹¹
2258 4883 2314 4927 ut
2368 4874 2615 4927 varietate
2657 4887 2839 4925 sacrae
2869 4867 3171 4939 Scripturae
3216 4867 3444 4919 theoriae
3488 4862 3553 4917 in

1962 4965 2193 5018 divinum
2224 4964 2487 5028 reductas,
2519 4965 2608 5017 sed
2649 4971 2704 5015 ut
2751 4962 2917 5015 omnis
2961 4956 3324 5013 immaterialis
3370 4954 3549 5010 scieno

1562 5068 1814 5126 VARiAE
1850 5072 2245 5131 LECTiONES.

354 5150 371 5184 ⁸
396 5152 444 5206 Δ
469 5170 552 5207 eo.
632 5154 652 5183 '
678 5152 721 5206 Β
751 5154 1109 5210 melsissinii.

289 5305 452 5362 marg.
480 5291 663 5347 adscr.
702 5293 805 5345 sive
836 5292 1264 5352 fundamentum.

287 5396 441 5451 supra
489 5400 602 5440 scr.
644 5385 730 5439 B'.

1186 5157 1208 5190 ³
1236 5156 1328 5213 Sic
1357 5168 1413 5213 et
1457 5160 1571 5213 rad.
1611 5176 1753 5217 corr.
1786 5166 1870 5232 B',
1909 5167 1999 5221 ΑΒ
2037 5180 2251 5223 molam.

1342 5300 1360 5331 ⁷
1392 5299 1450 5353 Β·
1481 5316 1652 5372 marg.
1698 5304 1875 5360 adscr.
1914 5309 2154 5362 ostemlit.

810 5387 971 5469 regie
995 5388 1067 5469 ct;
1097 5391 1185 5444 AB
1217 5393 1471 5469 exemplo,
1505 5395 1572 5469 Βῇ
1592 5412 1735 5469 corr.
1768 5400 2024 5469 exemplo.

2864 5169 2885 5200 ⁸
2913 5168 2952 5221 Β
2981 5170 3281 5222 admouent.
3356 5163 3377 5196 ⁸
3405 5163 3446 5218 Β
3475 5167 3545 5221 ad

2328 5171 2350 5203 ⁸
2375 5172 2416 5227 Β
2442 5170 2567 5226 fort.
2605 5187 2787 5241 quum.
2864 5170 2888 5292 ἶ

2893 5256 2953 5292 ιιδ

2231 5309 2252 5341 ⁸
2283 5310 2320 5363 Β
2348 5311 2435 5364 sit.
2521 5314 2543 5346 '
2572 5310 2613 5365 Β
2638 5310 2942 5384 principalis
2964 5309 3169 5378 (punct.
3211 5305 3317 5375 adj.
3358 5313 3413 5359 et.
3457 5315 3539 5360 In!

2131 5404 2168 5433 “
2198 5403 2310 5457 Sic.
2338 5402 2426 5473 CA
2443 5419 2566 5472 erga
2592 5404 2850 5473 subjectos
2878 5402 2973 5455 sibi
2998 5398 3276 5473 subjectos.
3301 5393 3547 5473 [ignorem

288 5454 536 5543 ﬁéjgctgg
596 5457 698 5509 sibi
748 5452 1235 5529 ςιιδὶεειοδφυηειο
1264 5462 1325 5515 Β·
1354 5452 1493 5532 ἐιιιιὶ.
1525 5452 1805 5536 videtur).
1842 5452 2967 5559 *n’A'auppmiigé,sugg};sagmina;
2996 5452 3236 5538 adjfB‘).
3321 5462 3364 5493 η
3393 5463 3429 5516 ιι
3470 5452 3540 5517 ἔει

288 5530 489 5599 ianuis...
513 5532 527 5543 ’
554 5550 597 5579 ³⁸
626 5548 667 5600 Β
694 5548 843 5612 dare,
875 5549 935 5602 B’
966 5566 1107 5605 corr.
1138 5553 1298 5606 clare.

284 5638 485 5707 ebibitis
536 5639 744 5707 (punct.
796 5641 1029 5707 adei‘).
1135 5644 1173 5674 "
1218 5643 1301 5695 Β⁶⁶

286 5705 362 5771 B‘,
393 5706 517 5765 ABG
549 5705 698 5762 ilum.
804 5705 965 5764 ἰθ-ΑΒ
992 5705 1278 5768 ἸιεΙὶδησιιδ.
1381 5705 1437 5745 ¹¹’
1468 5717 1504 5769 Β
1530 5734 1640 5771 nec.

1397 5554 1443 5586 ¹⁸
1480 5554 1657 5623 Conj.,
1698 5558 1828 5615 ABC
1850 5564 1945 5630 eis,

1358 5662 1518 5724 εξψςξι
1563 5649 1738 5702 fldSttl‘.
1769 5671 1860 5722 per
1888 5655 2286 5712 intcllcctualia.
2316 5690 2335 5704 ο
2381 5656 2423 5688 ³⁸
2462 5655 2501 5707 Β
2551 5655 2796 5724 mysteria
2828 5650 3049 5706 occulta.

2062 5563 2103 5593 '°
2142 5562 2232 5619 Sic
2266 5564 2338 5630 C,
2376 5566 2421 5619 Α
2456 5553 2806 5618 intellecmum
2843 5558 3086 5623 visibilis,
3121 5558 3159 5610 Β
3198 5553 3457 5610 intellectu
3486 5569 3535 5605 ιιι

3134 5649 3174 5682 ³³
3214 5647 3348 5702 Rati.
3390 5661 3541 5700 corr,
