3952 6156
325 318 434 374 18⁸5
1456 303 1958 362 EXPOSITIONES
1997 301 2285 361 JOANNIS
2322 298 2522 358 SCOTI
3484 306 3583 363 is;

330 422 435 466 nae
473 408 489 439 ¹
514 404 717 462 altioris
739 402 949 458 luminis
982 400 1223 471 repletas,
1252 407 1297 453 et
1324 398 1613 468 formiﬁcae
1634 409 1680 453 et
1706 398 1906 469 princi-
1936 401 1982 458 Α
2012 395 2219 458 tive,in
2243 393 2418 464 aliqua
2447 392 2606 462 plane
2629 390 2825 457 forma,
2850 392 3104 465 ﬁgurant,
3133 395 3218 452 vel
3263 402 3324 451 ut
3360 409 3588 468 expres-

331 497 468 568 palis
488 494 886 567 pulchritudinis
911 489 1468 559 et’superessentialis
1507 497 1555 542 et
1579 498 1657 542 ter
1680 486 1903 543 lucentis
1956 494 1976 531 ι
2008 485 2122 539 sius
2178 481 2535 547 transfertur,
2589 480 2887 536 reformant
2946 482 3193 539 deiﬁcam
3266 486 3322 541 in
3394 487 3590 555 seipsis

333 586 783 658 contemplationis
811 624 827 649 ,
876 592 1128 652 quantum
1174 580 1287 650 fas,
1336 579 1553 650 refertas
1604 579 1646 632 ³.
1694 577 1903 649 Neque,

335 681 549 750 inquit,
603 675 993 732 aestimandum
1040 672 1063 704 ⁸
1129 672 1576 742 eontemplativas
1642 687 1763 728 esse
1812 686 1907 728 eas

334 767 664 825 sensibilium
714 763 1078 836 symbolorum
1129 770 1184 818 et
1238 762 1677 818 intellectualium
1725 778 1906 817 rerum

334 860 734 934 speculationis,
763 858 903 912 altae
932 858 1090 926 plane
1134 856 1538 927 intelligentiae,
1585 864 1644 910 ut
1679 855 1700 887 ⁵
1754 856 1908 910 redu-

332 962 468 1012 ctas.
493 951 595 1005 hoc
620 960 725 1011 est,
756 946 910 1017 quasi
960 946 1211 1000 reductas
1242 946 1293 998 in
1341 946 1504 999 Deum
1532 959 1601 997 ex
1651 944 1910 998 varietate

333 1045 574 1098 theoriae
606 1057 793 1096 sacrae
823 1039 1156 1108 Scripturae.
1185 1036 1301 1092 Non
1332 1037 1500 1101 enim,
1535 1038 1676 1091 sicut
1724 1045 1909 1091 nostra

331 1148 516 1191 meus.
546 1147 683 1201 quae
711 1128 1133 1199 praevaricando
1177 1127 1387 1182 divinos
1424 1127 1661 1181 deseruit
1704 1125 1910 1181 intelle—

332 1231 472 1287 ctus,
502 1223 568 1276 ad
601 1220 816 1275 eosdem
848 1220 1042 1272 iterum
1071 1233 1169 1288 per
1200 1218 1517 1272 varietatem
1559 1225 1613 1271 et
1644 1215 1911 1270 multifor-

331 1314 572 1368 mitatem
603 1326 789 1366 sacrae
830 1308 1141 1378 Scripturae
1180 1307 1651 1375 contemplationis
1702 1306 1911 1360 reduci-

333 1412 441 1465 tur,
492 1402 565 1454 ita
594 1398 916 1469 principales
943 1397 1210 1453 essentiae
1256 1397 1464 1467 primae
1513 1395 1813 1449 ierarchiae
1853 1395 1909 1448 in

331 1492 498 1545 Deum
529 1491 888 1552 reducuntur;
926 1489 1019 1543 sed
1049 1488 1188 1542 sicut
1231 1487 1454 1540 satiatus
1479 1486 1623 1539 omni
1658 1486 1906 1538 immate-

331 1582 450 1636 riali
497 1580 721 1635 scientia
777 1578 1004 1643 altioris,
1056 1577 1339 1632 divinioris
1368 1575 1637 1639 videlicet,
1691 1572 1910 1627 luminis

333 1681 386 1726 et
420 1669 666 1735 refertas,
702 1677 960 1738 quantum
995 1666 1077 1722 fas
1099 1675 1203 1728 est,
1232 1667 1334 1720 hoc
1363 1672 1465 1727 est,
1495 1672 1755 1735 quantum
1785 1663 1912 1716 licet

2009 572 2431 628 similitudinem.
2457 571 2571 626 Non
2597 571 2863 641 siquidem
2894 572 3069 628 adhuc
3094 573 3254 629 veluti
3284 576 3495 645 parvuli
3528 578 3583 633 in

2008 661 2265 732 symbolis
2289 661 2597 731 sanctisque
2610 660 2877 730 ﬁgmentis
2892 661 3129 716 divinam
3152 663 3586 728 similitudinem,

2008 766 2112 821 qua
2145 767 2287 807 nunc
2316 752 2369 805 in
2397 751 2500 806 llde
2527 750 2842 805 deiﬁcamur
2868 752 2933 814 ",
2959 760 3014 806 et
3051 752 3105 806 in
3140 753 3320 822 specie
3368 753 3587 810 deiﬁca-

2008 844 2206 906 bimur,
2240 844 2293 897 in
2325 844 2369 874 ¹⁶
2404 843 2558 898 nobis
2582 842 2962 908 formantur“,
2990 845 3083 898 sed
3121 852 3181 897 ut
3200 858 3346 909 vere,
3364 845 3465 899 hoc
3487 853 3588 908 est,

2011 935 2212 1003 absque
2237 935 2347 989 ullo
2378 934 2633 1005 ﬁgmento
2671 934 2796 1003 ipsi,
2848 934 3101 989 videlicet
3147 934 3299 999 Iesu,
3344 935 3603 1005 approxi-

2011 1035 2221 1079 mantes
2255 1026 2306 1079 in
2342 1025 2514 1094 prima
2544 1025 2959 1096 participatione
2986 1034 3112 1079 sunt
3156 1025 3417 1080 scientiae
3446 1025 3601 1079 deiﬁ-

2010 1129 2195 1168 corum
2234 1114 2279 1144 ²²
2322 1113 2440 1182 ejus
2490 1112 2772 1176 luminum,
2824 1113 2928 1167 hoc
2962 1123 3066 1177 est,
3116 1112 3482 1166 deiﬁcantium
3533 1126 3594 1167 se

2010 1203 2147 1271 ejus,
2177 1201 2302 1258 Jesu
2330 1202 2507 1271 plane,
2539 1201 3013 1256 illuminationum.
3045 1201 3198 1255 Nulla
3225 1202 3422 1271 quippe
3459 1201 3594 1255 ima-

2012 1292 2252 1363 ginatio,
2291 1290 2495 1344 nullum
2545 1298 2944 1345 sacramentum
2998 1288 3083 1343 vel
3133 1289 3442 1359 ﬁgmentum
3485 1289 3597 1344 for-

2011 1389 2216 1436 matum
2276 1381 2419 1435 inter
2472 1395 2568 1435 eas
2615 1387 2702 1434 est
2752 1380 2986 1435 medium
3051 1388 3107 1434 et
3163 1380 3336 1448 ipsum
3405 1378 3591 1434 .lesum

2011 1471 2307 1536 Christum,
2337 1471 2422 1525 cui
2472 1472 2748 1540 proximae
2776 1478 2921 1526 sunt.
2975 1470 3044 1525 Et
3091 1472 3215 1541 quia
3268 1471 3377 1525 Deo
3422 1470 3600 1526 simila

2011 1563 2137 1632 ipsis
2182 1561 2557 1631 subjectissime
2606 1560 2857 1613 donatum
2906 1569 3022 1624 est;
3071 1576 3284 1629 semper
3344 1560 3595 1631 superius

2010 1652 2234 1707 verbum
2284 1652 2588 1721 repetitur:
2638 1659 2723 1706 est
2775 1651 3166 1707 aestimandum
3196 1652 3264 1715 “,
3309 1652 3434 1721 quia
3483 1651 3598 1707 Deo

333 1770 633 1823 creaturae,
686 1757 982 1813 formiﬁcae
1026 1767 1081 1812 et
1129 1756 1442 1826 principalis
1494 1753 1907 1825 pulchritudinis
1938 1739 1984 1799 Β
2010 1743 2184 1799 simile
2212 1742 2343 1812 ipsis
2371 1743 2627 1797 donatum
2649 1749 2750 1806 est,
2782 1741 2886 1797 hoc
2909 1750 3013 1806 est,
3042 1742 3135 1798 Dei
3162 1741 3459 1797 similitudo
3496 1742 3595 1795 do-

334 1860 389 1906 et
431 1852 451 1882 °
499 1848 961 1919 superessentialis
1009 1859 1064 1902 et
1111 1856 1196 1901 ter
1243 1846 1472 1902 lucentis
1505 1846 1524 1877 ⁷
1574 1844 1908 1914 contempla-

2013 1842 2138 1888 nata
2185 1842 2271 1887 est
2316 1831 2742 1900 subjectissime,
2792 1831 3035 1900 proxima
3075 1830 3122 1862 “
3169 1830 3421 1885 videlicet
3467 1830 3595 1886 sub.

335 1944 500 1998 tione.
532 1941 1022 2011 Plenae~siquidem
1063 1948 1189 1994 sunt
1221 1939 1651 2010 supermundana
1682 1937 1907 1993 scientia

2014 1922 2261 1992 iectione,
2290 1921 2575 1991 siquidem,
2600 1920 2724 1974 dum
2761 1920 2944 1974 omnia
2996 1919 3106 1974 Deo
3154 1918 3397 1987 subjecta
3432 1929 3587 1985 sunt,

334 2031 571 2096 luminis,
594 2032 737 2102 quod
781 2038 1001 2100 superat
1029 2045 1187 2085 omne
1235 2030 1256 2061 ⁸
1303 2029 1515 2093 lumen,
1573 2039 1630 2083 et
1678 2028 1911 2084 causalis

334 2122 772 2192 pulchritudinis,
802 2136 942 2190 quae
966 2119 1254 2175 formiﬁeat
1286 2122 1489 2185 omnia,
1535 2123 1633 2174 ut’
1663 2134 1912 2189 superes-

335 2210 575 2265 sentialis
596 2209 1068 2279 contemplatione.
1115 2209 1239 2265 Ideo
1264 2217 1444 2265 autem
1489 2208 1687 2264 dicitur
1714 2207 1912 2262 caeles-

338 2301 841 2356 tiumesseutiarum
869 2308 1080 2354 ceteras
1099 2299 1614 2368 supereminentimn
1643 2297 1910 2353 ierarchia

335 2391 492 2462 plena
549 2391 1042 2461 contemplatione,
1098 2387 1566 2460 superessentialis
1615 2387 1680 2452 ίθ,
1716 2396 1772 2442 et
1829 2396 1913 2441 ter

336 2481 545 2545 lucens,
573 2481 659 2536 vel
689 2491 772 2536 ter
799 2496 1083 2551 apparens,
1108 2481 1193 2534 vel
1229 2490 1286 2533 ut
1316 2480 1635 2550 simpliciter
1659 2477 1913 2533 transfer—

342 2580 450 2636 tur,
483 2572 689 2636 triluce,
725 2573 977 2640 quoniam
1008 2579 1130 2625 ante
1177 2570 1313 2624 alias
1341 2570 1626 2624 inferiores
1650 2570 1914 2624 essentias

339 2662 940 2731 superessentialitatem
966 2662 1131 2716 totius
1155 2659 1525 2714 universitatis
1555 2674 1771 2715 causam
1808 2658 1910 2713 int-

339 2756 567 2811 mediate
591 2755 949 2825 conspicatur.
978 2754 1125 2821 Quae
1154 2754 1317 2808 etiam
1348 2753 1542 2808 triluca
1586 2767 1691 2807 non
1725 2752 1914 2807 imme-

338 2846 444 2900 rito
470 2846 684 2911 dicitur,
709 2846 962 2914 quoniam
998 2855 1082 2899 ter
1126 2844 1297 2910 lucet;
1345 2843 1611 2913 siquidem
1654 2842 1707 2896 in
1742 2842 1914 2896 tribus

338 2938 654 2992 substantiis
700 2939 857 2992 unius
911 2934 1257 3006 ejusdemque
1302 2937 1571 2992 essentiae
1615 2935 1915 2991 clarissime

256 3012 267 3022 ’
338 3028 519 3083 rutilat
563 3043 622 3083 se
662 3027 1045 3098 quaerentibus
1076 3028 1162 3097 pie
1190 3036 1245 3082 et
1286 3026 1708 3096 intelligentibus
1752 3041 1909 3090 vere;

337 3118 481 3175 lueet
510 3120 653 3174 enim
703 3120 758 3174 in
787 3120 970 3185 Patre,
1000 3135 1030 3174 a
1058 3135 1166 3188 quo
1193 3119 1408 3183 omnia;
1436 3118 1581 3173 lucet
1630 3117 1682 3170 in
1714 3115 1915 3180 Verbo,

338 3223 436 3281 per
458 3210 600 3280 quod
635 3210 847 3273 omnia;
877 3209 1019 3263 lucet
1051 3210 1103 3262 in
1139 3208 1279 3264 dono
1313 3207 1378 3272 ¹¹,
1427 3221 1535 3274 quo
1588 3207 1742 3261 beata
1794 3215 1919 3261 sunt

340 3299 540 3356 omnia.
592 3299 659 3354 Et
693 3299 983 3353 notandum
1026 3299 1191 3366 quod,
1234 3297 1324 3351 ubi
1381 3296 1749 3351 transtulimus
1803 3296 1919 3367 pul-

338 3391 679 3455 chritudinis,
712 3390 784 3445 ibi
821 3390 874 3444 iu
912 3390 1118 3446 Graeco
1172 3390 1380 3451 κάλλους
1438 3388 1504 3451 ¹¹.
1551 3387 1694 3458 quod
1742 3395 1920 3457 potest

340 3479 622 3536 transferri
666 3492 721 3536 et
769 3482 968 3551 formae
1015 3492 1071 3536 et
1121 3481 1543 3552 pulchritudinis.
1598 3480 1707 3535 Nec
1752 3480 1920 3535 distat

339 3589 550 3629 sensus.
591 3573 725 3628 Nam
753 3575 932 3629 divina
956 3573 1190 3637 bonitas,
1219 3573 1358 3628 sicut
1378 3573 1643 3629 formiﬁca
1672 3573 1737 3639 ⁸³,
1769 3574 1841 3627 ita
1863 3581 1919 3628 et

342 3665 659 3737 pulchriﬁea
689 3666 1049 3721 estomnium.
1082 3663 1563 3720 Communicatione
1591 3672 1764 3718 autem
1786 3661 1917 3717 Jesu

340 3759 583 3814 similiter
600 3746 754 3829 digne
769 3757 959 3828 factas,
984 3757 1066 3812 vel
1088 3765 1149 3811 ut
1165 3757 1208 3788 ιδ
1223 3756 1540 3825 simpliciter
1557 3755 1880 3811 transfertur
1900 3770 1914 3810 :

339 3848 468 3906 Iesu
487 3858 663 3904 autem
679 3848 1053 3905 communione
1070 3847 1319 3903 similiter
1334 3845 1554 3917 dignas;
1578 3861 1607 3900 a
1626 3843 1919 3915 superiori-

341 3943 444 3997 bus
464 3940 741 4012 suppletur
765 3958 778 3993 :
807 3938 1196 3994 aestimandum
1223 3936 1412 4008 dignas
1440 3935 1484 3966 ¹⁸
1513 3950 1633 3990 esse
1677 3948 1919 3989 commu-

342 4032 525 4095 nione,
573 4029 988 4100 participatione
1034 4026 1244 4083 scilicet
1271 4025 1418 4081 Jesu.
1457 4022 1713 4078 Similiter
1738 4029 1916 4076 autem

343 4121 502 4187 dixit,
532 4131 593 4176 ut
623 4120 999 4192 intelligamus,
1023 4126 1117 4173 aut
1144 4119 1283 4173 sicut
1310 4115 1567 4186 praefatis
1603 4114 1915 4178 virtutibus,

344 4213 420 4269 ita
447 4223 501 4268 et
527 4211 654 4268 Jesu
681 4210 1059 4267 communione
1089 4209 1297 4278 dignas,
1332 4215 1425 4260 aut
1454 4206 1581 4275 quia
1613 4213 1724 4260 tres
1771 4203 1916 4258 ordi-

345 4321 443 4361 nes
470 4306 676 4373 primae
706 4303 1004 4359 ierarchiae
1024 4300 1296 4363 similiter,
1320 4299 1424 4353 bec
1471 4304 1572 4361 est,
1622 4294 1918 4367 aequaliter

346 4394 831 4450 communicatione
855 4390 980 4447 Jesu
1020 4390 1166 4462 digni
1199 4388 1325 4444 lacti
1350 4394 1497 4442 sunt.
1532 4383 1657 4438 Non
1701 4385 1756 4437 in
1784 4383 1919 4436 ima-

347 4485 552 4555 ginibus
573 4500 720 4538 sacre
761 4482 914 4552 factis
941 4480 1211 4551 formalive
1239 4477 1471 4547 ﬁgurant
1499 4473 1740 4542 deiﬁcum
1774 4471 1920 4526 simi-

348 4575 639 4639 litudinem,
665 4573 754 4627 sed
788 4582 844 4626 ut
882 4587 1000 4625 vere
1042 4571 1143 4640 ipsi
1186 4567 1605 4638 upproximantes
1650 4565 1704 4617 in
1749 4564 1919 4634 prima

346 4665 742 4737 participatione
754 4661 999 4717 scientiae
1025 4659 1067 4691 “
1091 4658 1395 4727 deiﬁcorum
1424 4657 1464 4689 ¹⁷
1497 4655 1610 4726 ejus
1640 4653 1917 4707 luminum.

350 4757 465 4812 Non
494 4757 548 4811 in
578 4753 921 4825 imaginibus,
953 4749 1152 4820 inquit,
1178 4762 1333 4804 sacre
1360 4745 1538 4809 lactis,
1562 4745 1664 4799 hoc
1683 4751 1787 4806 est,
1811 4755 1917 4796 non

350 4847 406 4904 in
430 4843 683 4918 symbolis
729 4842 870 4898 sicut
906 4855 1007 4895 nos
1036 4838 1293 4894 divinitus
1325 4836 1366 4886 ‘9
1398 4833 1696 4905 plasmatis,
1721 4831 1917 4885 forma-

2013 2011 2489 2080 subjectissimum,
2520 2010 2622 2065 hoc
2650 2017 2753 2073 est,
2786 2009 3091 2078 proximum
3142 2009 3440 2079 subjectum
3491 2008 3598 2064 sibi

2012 2110 2094 2156 est
2126 2100 2300 2154 trinus
2330 2098 2539 2169 primae
2568 2097 2870 2153 ierarchiae
2892 2096 3045 2152 ordo.
3098 2096 3164 2151 Et
3211 2096 3599 2152 communicant

2011 2190 2335 2260 huiusmodi,
2359 2198 2415 2243 ut
2441 2186 2705 2260 possibile,
2733 2188 2792 2242 in
2828 2187 3241 2258 praeoperatrice
3277 2187 3467 2240 virtute
3487 2185 3601 2241 dei-

2010 2282 2126 2353 ﬁcis
2153 2281 2315 2350 ipsius
2344 2288 2391 2333 et
2427 2276 2669 2331 humanis
2713 2276 3009 2330 virtutibus.
3055 2274 3338 2343 Quoniam,
3396 2276 3595 2345 inquit,

2012 2370 2192 2426 divina
2223 2367 2519 2423 similitudo
2568 2366 2698 2435 ipsis
2727 2364 2924 2421 donata
2973 2373 3077 2433 est,
3124 2365 3288 2421 veluti
3338 2366 3594 2436 proximo

2013 2459 2275 2528 subjecto,
2310 2466 2595 2529 prepterea
2641 2456 2805 2511 etiam
2837 2456 3240 2512 communicant
3288 2455 3601 2526 bujusmodi

2012 2550 2234 2603 ordines
2262 2548 2330 2614 ",
2373 2554 2635 2617 quantum
2682 2546 2762 2602 eis
2805 2544 2986 2611 datur,
3045 2544 3098 2599 in
3147 2544 3599 2615 praeoperatrice,

2014 2658 2154 2711 quae
2180 2641 2230 2694 iu
2272 2640 2352 2695 eis
2388 2646 2797 2709 praeoperatur,
2834 2637 3033 2691 virtute
3078 2635 3284 2692 deiﬁcis
3332 2647 3387 2690 et
3410 2637 3601 2691 huma-

2015 2733 2119 2795 nis,
2138 2731 2188 2785 id
2203 2739 2302 2790 est.
2322 2728 2677 2784 clementibus
2707 2743 2799 2782 seu
2829 2725 3224 2782 humanitatem
3254 2726 3602 2797 diligentibus

2015 2820 2136 2891 ejus
2186 2820 2499 2885 virtutibus,
2535 2834 2657 2874 cum
2684 2817 2730 2848 ³⁸
2767 2818 3167 2888 cooperatrices
3199 2817 3306 2871 sint
3344 2825 3399 2872 et
3430 2815 3604 2872 admio

2016 2913 2357 2969 nistratrices
2380 2920 2603 2966 nostrae
2626 2908 2818 2965 salutis
2848 2918 2903 2963 et
2927 2908 3303 2964 deiﬁcatiouis.
3335 2905 3605 2977 Perfectas

2018 3014 2190 3058 autem
2222 3000 2484 3066 similiter,
2522 3017 2627 3054 non
2652 3008 2708 3052 ut
2757 3014 2909 3053 sacra
2935 2999 3180 3053 varietate
3209 2996 3526 3066 analyticam
3552 2995 3597 3028 ²’

1944 3080 1989 3142 C
2021 3094 2292 3149 scientiam
2313 3092 2658 3155 illuminatas,
2685 3089 2777 3144 sed
2807 3098 2863 3143 ut
2886 3089 3085 3159 primae
3104 3096 3151 3141 et
3173 3086 3600 3157 supcreminentis

2022 3183 2369 3252 deificationis
2425 3181 2472 3213 ³⁸
2529 3179 2770 3249 repletas,
2807 3179 3094 3234 secundum
3154 3176 3559 3246 excelsissimam
3586 3213 3601 3240 λ

2018 3286 2273 3348 quantum
2323 3276 2378 3329 iu
2420 3276 2639 3345 angelis,
2693 3274 2989 3327 divinorum
3038 3288 3252 3343 operum
3301 3271 3600 3326 scientiam.

2019 3368 2425 3426 Aestimandum
2454 3367 2704 3422 similiter
2728 3383 2742 3432 ;
2770 3367 2874 3421 hoc
2895 3375 2998 3432 est,
3026 3365 3298 3435 prioribus
3324 3362 3603 3419 beneﬂciis

2021 3460 2316 3532 aequaliter
2370 3458 2638 3530 perfectas
2680 3471 2824 3517 esse.
2873 3472 2980 3511 non
3026 3456 3180 3524 quasi
3229 3455 3600 3515 illuminatas,

2020 3551 2161 3604 sicut
2187 3564 2305 3613 nos,
2333 3554 2519 3601 sancta
2550 3544 2917 3615 symbolarum
2945 3543 3206 3598 varietate
3236 3543 3288 3596 in
3332 3539 3601 3611 analytica

2020 3640 2245 3697 scientia
2278 3639 2359 3693 vel
2382 3637 2663 3708 disciplina
2702 3636 2768 3688 ³⁸.
2816 3634 3117 3703 Utrumque
3147 3632 3290 3688 enim
3336 3629 3602 3701 signiﬁcat

2018 3736 2330 3804 iniuriam;
2367 3744 2491 3784 nam
2532 3734 2588 3782 et
2623 3726 2678 3781 in
2725 3725 3007 3781 scientiam
3043 3731 3094 3777 et
3152 3721 3207 3776 in
3258 3719 3600 3789 disciplinam

2018 3828 2266 3882 vertitur.
2298 3824 2493 3879 Noster
2519 3819 2718 3891 quippe
2743 3819 2956 3873 animus
2980 3816 3094 3886 ipsa
3117 3813 3419 3885 disciplina,
3455 3825 3597 3880 quae

2020 3934 2050 3972 a
2088 3916 2289 3972 Graecis
2311 3914 2511 3969 dicitur
2533 3905 2828 3973 ὰναλυτική,
2860 3921 2959 3978 per
2983 3920 3195 3964 sacram
3231 3900 3602 3994 symbolarum

2017 4008 2336 4060 varietatem
2403 4000 2783 4061 illuminatus,
2834 3996 2889 4052 in
2944 3995 3281 4051 altitudinem
3338 4004 3603 4063 supernae

2018 4092 2373 4151 deiﬁcationis
2400 4090 2693 4146 reducitur.
2729 4087 2879 4141 Duae
2907 4085 3104 4155 quippe
3129 4090 3312 4153 partes
3334 4086 3460 4136 sunt
3482 4078 3601 4133 dia-

2004 4186 2241 4251 lecticae
2269 4181 2606 4252 disciplinae,
2650 4191 2877 4249 quarum
2917 4190 3023 4229 una
3075 4171 3377 4246 διαιρετικὴ,
3432 4166 3603 4222 altera

2018 4279 2292 4337 ἀναλυτική
2335 4278 2694 4340 nuncupatur.
2735 4268 2803 4322 Et
2851 4265 3132 4342 διαιρετικὴ
3182 4261 3400 4332 quidem
3458 4258 3600 4312 divi—

2020 4369 2189 4424 sionis
2239 4366 2347 4420 vim
2399 4360 2668 4433 possidet;
2712 4356 2902 4412 dividit
2950 4366 3186 4423 namque
3242 4348 3603 4405 maximorum

2021 4472 2276 4531 generum
2306 4453 2570 4510 unitatem
2599 4465 2629 4504 a
2670 4462 2884 4504 summo
2915 4460 3085 4517 usque
3122 4444 3399 4507 deorsum,
3430 4443 3603 4496 donec

2020 4529 2088 4606 ad
2119 4548 2416 4604 individuas
2444 4542 2649 4614 species
2683 4538 2980 4610 perveniat,
3019 4537 3181 4606 inque
3224 4534 3290 4588 iis
3320 4529 3602 4587 divisionis

2021 4639 2310 4696 terminum
2341 4642 2535 4707 ponat;
2562 4632 2828 4691 ἀναλυτικὴ
2853 4643 2979 4684 vero
3002 4642 3067 4682 ex
3099 4625 3329 4681 adverso
3354 4621 3457 4678 sibi
3505 4634 3605 4689 po-

2018 4733 2156 4787 sitae
2203 4727 2373 4798 partis
2403 4723 2694 4782 divisiones
2730 4719 2799 4774 ab
2828 4717 3115 4773 individuis
3145 4728 3361 4770 sursum
3411 4725 3605 4768 versus

2020 4822 2303 4893 incipiens,
2333 4831 2537 4888 perque
2555 4811 2773 4871 eosdem
2801 4808 3022 4883 gradus,
3040 4806 3239 4879 quibus
3265 4803 3355 4860 illa
3377 4801 3606 4862 descen-

1604 4941 1859 4999 VARIAE
1915 4929 2314 4996 LECTIONES.

425 5056 442 5087 ί
493 5054 555 5109 B‘
608 5052 726 5107 rad.
787 5065 929 5106 corr.
976 5041 1313 5102 immateriali
1356 5037 1593 5109 scientia.

352 5135 448 5182 est.
521 5125 544 5157 '
579 5122 640 5177 B‘
695 5137 867 5192 marg.
918 5120 1096 5192 adscr.
1138 5128 1309 5192 nequi
1327 5120 1406 5192 ut.

353 5180 569 5250 lucentis
596 5193 639 5247 Β
676 5193 742 5247 ad
789 5180 955 5262 marg.
1012 5180 1222 5262 adserf
1345 5180 1637 5262 Αλοτζηηιιιιξιξ

355 5283 499 5321 corr.
550 5264 612 5329 Β,
652 5263 740 5317 ΑΒ
758 5262 933 5316 domo.
1028 5262 1070 5290 "
1109 5262 1667 5329 ΕιιιεηειἌιΑυι-ξαλξι

355 5315 612 5391 iam."
653 5315 770 5365 ψη
795 5315 885 5386 Sic
953 5329 994 5385 C
1045 5336 1100 5381 et
1149 5338 1292 5379 corr.
1333 5319 1427 5383 B‘,
1470 5315 1555 5369 ΑΒ
1613 5316 1792 5385 digna.

354 5425 484 5481 ABG
525 5425 787 5495 deiﬁcum.
818 5492 847 5495 _
870 5420 935 5495 ξε
1038 5416 1320 5495 Δάίυὲηἱιετί

354 5497 401 5527 ⁸⁸
439 5488 716 5578 'B‘J
769 5492 900 5547 ABG
937 5488 1201 5578 dei/{ciunt

356 5566 572 5619 ordinis.
672 5566 718 5594 “
753 5578 870 5615 cum
893 5576 1001 5615 om.
1035 5566 1142 5621 AB,
1165 5568 1337 5623 marg.
1370 5566 1547 5603 auscr.
1572 5566 1612 5599 ι)
1640 5585 1656 5608 ,
1680 5566 1720 5599 υ
1752 5566 1827 5597 ιιι.
1902 5566 1907 5571 ·

356 5636 402 5666 ⁸⁸
443 5637 480 5689 Β
512 5636 625 5688 rad.
665 5648 808 5686 corr.
842 5632 1010 5699 prima
1037 5639 1083 5681 et
1114 5617 1519 5699 superemineuti
1561 5616 1907 5699 deiﬁcatiOt't‘e.

350 5681 1062 5778 auulgiiouia—scientiamVrel
1088 5681 1419 5752 disciplinam
1456 5681 1662 5760 (punct.
1697 5681 1803 5751 adj.
1836 5681 1919 5751 B‘)

1498 5037 1593 5091 tia.
1704 5034 1726 5065 '
1775 5033 1852 5088 sic
1899 5029 2009 5083 AB.
2116 5029 2138 5055 ³
2187 5029 2250 5077 Β·
2304 5033 2450 5075 corr.
2519 5029 2617 5072 est-
2658 5029 2908 5070 retertas.
3020 5029 3043 5041 ν
3087 5029 3130 5062 n
3204 5029 3372 5078 supra
3422 5029 3583 5061 auger

1495 5107 1515 5139 '
1554 5116 1600 5161 et
1644 5119 1752 5160 om.
1786 5102 1874 5166 A.,
1917 5097 2036 5153 rad.
2064 5108 2206 5149 corr.
2236 5089 2322 5156 B‘,
2362 5086 2700 5166 B__ha_bttisse
2745 5083 2969 5166 videtur
2998 5087 3078 5166 ut.
3116 5076 3420 5166 dg'd’Verba.
3445 5086 3607 5166 clthtgr

1733 5174 1754 5207 ⁸
1793 5173 1852 5225 B‘
1892 5168 2007 5223 rad.
2064 5178 2208 5220 corr.
2239 5170 2308 5213 et.

1028 5239 1358 5313 i"lianenth
1388 5247 1478 5301 AB
1525 5246 1728 5308 καλλου,
1768 5242 1809 5298 C
1862 5239 2044 5296 καλλοι·

1045 5336 1095 5360 ιιι
1149 5338 1273 5360 ιιι-ιιι·
1334 5319 1425 5360 ιν-
1471 5315 1555 5360 ΑΒ
1613 5316 1792 5360 diana-
1927 5308 1970 5341 “
2022 5307 2063 5360 Β

1426 5407 1467 5441 ι’
1506 5405 1552 5459 Α
1596 5372 1950 5473 summa.
1995 5397 2041 5473 ἐξ
2062 5377 2157 5473 ,ἔν’
2186 5372 2554 5473 iureesset:
2576 5393 2647 5473 ξ’
2669 5381 2787 5473 1";
2853 5380 2909 5473 ζὶ
2942 5377 3015 5473 BL
3040 5377 3265 5473 ,ξοτῖιέ

1293 5480 1339 5512 ’³
1372 5477 1463 5533 Sic
1484 5490 1644 5544 supra
1674 5465 1848 5544 adscr.
1894 5465 2101 5544 ζῇ,ᾼῦ
2125 5474 2198 5544 et.

1987 5537 2047 5592 B‘
2072 5536 2249 5590 adscr.
2296 5540 2352 5585 et

1617 5550 1632 5566 ο
1680 5542 1804 5571 Pus
1901 5541 1922 5571 Ι

672 5540 718 5594 ,ι
753 5540 1142 5621 ἐᾶἦιτοῆι-.τιΑ⁷Β’
1165 5568 1337 5623 marg.
1370 5540 1656 5608 adsen-B.’
1680 5542 1720 5599 Ο
1752 5552 1827 5597 ιιι.
1901 5540 1945 5572 s1
1987 5540 2047 5592 B'
2072 5540 2249 5590 adscr,
2296 5540 2352 5585 et
2396 5540 2579 5609 ptinet.
2610 5540 2716 5604 ad).
2758 5540 2903 5602 porr.
2951 5540 3015 5577 ut
3046 5540 3312 5603 qtttsxytsca
3364 5540 3603 5591 δεισιιιιιι.

672 5648 790 5669 μην..
842 5632 1010 5669 ,,,.,-,,,,.
1037 5639 1083 5669 ρ,
1121 5617 1519 5669 ,ηηρηηιξηεηιῐ
1561 5616 1907 5669 deiﬁcatione.
1994 5608 2038 5641 "
2076 5605 2199 5659 Ain
2238 5599 2554 5669 analyttcam
2590 5602 2857 5650 seteuttam
2903 5591 2984 5646 vel
3025 5589 3380 5660 dtsaplmam,
3432 5582 3494 5637 Β.
3550 5594 3608 5639 In

2116 5023 2138 5055 ³
2186 5022 2250 5077 Β·
2304 5033 2450 5075 corr.
2519 5024 2617 5072 est-
2658 5013 2908 5070 refertas.
3020 5007 3043 5041 ⁸
3087 5007 3151 5062 Β·
3204 5018 3372 5078 supra
3422 5007 3583 5061 adscr

2418 5158 2460 5190 ¹⁰
2501 5156 2564 5210 Β*
2611 5152 2994 5224 marg._adscr.
3036 5147 3272 5224 luminis.
3358 5145 3602 5224 .“hRad.

2153 5213 2205 5264 {'7
2233 5228 2278 5283 A
2330 5239 2376 5283 et
2419 5224 2661 5282 formica.
2730 5213 2812 5293 fi“
2847 5220 2938 5293 ΑΒ
2988 5216 3122 5293 υθέαὲ
3177 5216 3486 5293 (Β--¹³⁸ί²⁸ά)⁹

2113 5301 2359 5357 scientiae
2398 5298 2604 5369 (punct.
2663 5292 2770 5364 adj.
2809 5289 3021 5346 videtur
3038 5289 3153 5364 B').
3187 5282 3196 5293 ’
3250 5290 3290 5321 ’⁷
3331 5282 3483 5343 Corr.
3517 5282 3607 5348 B‘,

2345 5374 2554 5431 ῗςηιςαιν.
2601 5393 2647 5431 et
2693 5381 2771 5431 in.
2858 5380 2900 5410 ²¹
2942 5377 3004 5431 Β⁹
3060 5396 3204 5431 corr.
3239 5374 3602 5431 formabimur.

2293 5441 2346 5490 εἴ
2367 5458 2459 5511 Sic
2504 5454 2626 5509 Cet
2664 5467 2806 5507 corr.
2853 5449 2936 5511 B‘,
2984 5448 3080 5506 AB
3125 5441 3381 5521 prasinae.
3426 5516 3437 5521 _
3478 5441 3611 5521 ".A

2396 5534 2579 5598 punct.
2610 5522 2716 5598 ad].
2758 5535 2903 5598 ροιτ.
2951 5521 3015 5598 iit
3046 5516 3312 5598 attaz'utica
3364 5516 3603 5598 scientia.
