3920 6154
312 249 406 306 ιεε

1144 249 1367 307 SUPER
1403 246 1826 304 IERARCIIIAM
1862 245 2267 303 CAELESTEM
2311 248 2368 302 S.
2409 247 2726 306 DlONYSll.

3451 259 3548 310 188

308 365 402 429 dit,
433 364 746 429 ascendens,
779 364 1067 420 cumvolvit
1092 373 1146 419 ct
1193 363 1414 434 colligit,
1451 361 1773 430 easdemque
1823 359 1876 412 in
1907 365 1952 420 Α
1983 372 2047 424 pe
2076 358 2254 411 omnia
2287 357 2354 412 ab
2399 374 2505 412 uno
2541 374 2736 429 graeco
2783 360 2945 416 verbo
2993 361 3250 426 veniunt,
3302 368 3442 432 quod
3471 379 3559 422 est

304 456 562 509 unitatem
616 455 978 509 maximorum
1037 469 1294 525 generum
1351 452 1588 517 reducit;
1651 452 1879 518 ideoque

306 543 576 596 reductiva
618 543 820 598 dicitur
863 559 956 599 seu
989 546 1214 599 reditiva
1248 548 1284 597 '.
1333 543 1410 596 Ac
1455 558 1551 611 per
1577 543 1679 596 hoc
1710 541 1878 594 ratio-

305 632 437 686 nalis
465 632 665 698 anima,
693 649 920 702 poenam
945 634 1423 703 praevaricationis
1465 647 1596 687 suae
1621 634 1795 695 luens,
1825 631 1878 686 in

304 722 622 789 multiplices
660 723 1122 793 multiformesque
1155 722 1526 791 temporalium
1572 737 1750 776 rerum
1785 737 1879 790 ap-

304 815 502 882 petitus
557 814 720 868 veluti
793 815 1023 883 quadam
1083 813 1372 868 diaeretica
1424 812 1476 865 vi
1524 812 1543 840 '
1603 811 1797 880 partita
1861 811 1881 842 ⁸

305 913 382 956 est
406 913 460 956 et
487 904 682 967 scissa,
709 904 883 957 donec
907 903 1213 973 partitionis
1238 917 1366 956 suae
1391 901 1442 954 in
1485 915 1668 954 amore
1703 915 1880 954 rerum

304 994 663 1062 corporalium
713 995 1000 1048 terminum
1035 993 1275 1064 posuerit
1310 991 1352 1057 ⁸,
1401 991 1537 1045 infra
1566 1006 1724 1061 quem
1758 1008 1883 1061 pro-

305 1085 418 1138 dire
454 1101 562 1137 non
607 1085 801 1154 potuit.
853 1083 959 1139 Sed
1013 1085 1206 1139 iterum
1253 1084 1528 1139 Creatoris
1580 1084 1659 1138 sui
1711 1085 1883 1154 gratia

305 1183 620 1244 praeventa,
668 1175 894 1240 salvata,
942 1176 1154 1245 adjuta,
1216 1181 1507 1238 revocata,
1566 1173 1883 1242 quibusdam

306 1265 560 1334 gradibus
620 1264 902 1335 analyticis
969 1269 1022 1318 in
1086 1265 1317 1332 seipsam
1379 1262 1752 1333 recolligitur,
1821 1278 1885 1318 ac

306 1353 498 1408 deinde
533 1354 556 1384 ⁵
589 1354 642 1407 in
675 1356 934 1408 unitatem
957 1353 1231 1409 Creatoris
1266 1355 1368 1419 sui,
1414 1369 1574 1423 quam
1613 1355 1887 1424 peccando

305 1446 564 1508 sciderat,
599 1446 655 1499 in
701 1446 1057 1500 deiﬁcationis
1107 1447 1304 1500 virtute
1361 1455 1714 1500 restauratur.
1769 1445 1886 1500 Non

309 1538 376 1589 ita
422 1545 504 1590 est
535 1538 588 1590 in
630 1538 955 1592 caelestibus
987 1539 1259 1603 essentiis,
1286 1540 1712 1608 praesertimque
1748 1540 1886 1594 etni-

309 1628 581 1692 nentibus,
606 1644 745 1697 quae
759 1644 1030 1698 nunquam
1047 1629 1319 1684 Creatoris
1331 1630 1413 1682 sui
1432 1630 1687 1684 unitatem
1711 1630 1886 1684 disru-

1981 455 2206 520 μυοῦμαι
2232 448 2298 514 ¹⁸,
2328 447 2482 516 cujus
2511 450 2665 503 tertia
2715 464 2940 517 persona
2991 450 3213 520 pluralis
3257 463 3340 506 est
3368 462 3559 524 μυοῦν-

1979 563 2066 596 ται
2092 540 2154 603 ¹⁹,
2203 549 2257 594 et
2292 541 2344 594 in
2394 549 2472 595 t0t
2518 540 2788 609 praef-atas
2835 541 3308 612 interpretationes
3351 547 3485 600 verti
3513 548 3558 577 '°

1981 639 2174 700 potest,
2197 644 2337 698 quae
2365 629 2487 684 huic
2527 632 2644 685 loco
2664 632 3021 698 conveniunt;
3055 649 3178 687 nam
3198 641 3455 707 μυοῦνται
3491 637 3559 701 ’⁸,

1982 722 2107 776 dum
2142 720 2372 774 vertitur
2417 721 2472 774 in
2520 722 2706 776 oculos
2751 723 3045 788 cohibent,
3091 724 3216 779 huic
3262 726 3563 780 sententiae

1983 813 2275 868 convenire
2322 828 2428 868 non
2476 815 2649 868 video.
2699 814 2800 870 Ubi
2841 817 3160 885 posuimus:
3194 818 3564 874 sanctiﬁcatae

1983 912 2143 969 sunt,
2174 903 2245 957 ibi
2273 912 2326 958 et
2357 905 2692 960 sacrilicatae
2742 915 2799 959 et
2825 906 3132 962 immolatae
3159 909 3210 961 in
3259 909 3448 964 eodem
3480 919 3564 963 ta-

1985 1009 2107 1048 men
2140 1009 2297 1048 sensu
2327 1009 2612 1063 possumus
2639 996 2687 1026 "
2725 1009 2941 1064 ponere.
2988 997 3341 1053 Perfectionis
3383 1008 3565 1054 autem

1985 1083 2234 1152 princeps
2267 1093 2386 1149 est,
2425 1100 2564 1154 quae
2599 1099 2794 1154 graece
2829 1085 3137 1157 τιλεταρχια
3177 1097 3416 1153 vocatur,
3451 1090 3565 1157 ipsa

1987 1171 2273 1236 Divinitas,
2323 1187 2464 1242 quae
2494 1173 2709 1227 sibimet
2754 1173 3144 1238 excelsissime,
3189 1175 3291 1230 hoc
3336 1187 3439 1241 est,
3499 1177 3561 1232 in

1987 1260 2298 1314 summitate
2338 1262 2706 1316 universitatis
2748 1263 2966 1317 ordines
3015 1263 3225 1333 primae
3270 1266 3568 1324 ierarchiae

1989 1348 2310 1414 sanctiﬁcat,
2340 1349 2633 1414 sacrificat,
2666 1349 2925 1404 immolat.

2062 1436 2090 1508 §
2129 1437 2182 1491 5.
2214 1437 2330 1492 Hoc
2355 1455 2476 1509 ergo
2497 1437 2722 1508 theologi
2743 1450 2919 1508 aperte
2949 1439 3238 1507 declarant,
3274 1443 3570 1512 suppositas

1988 1527 2196 1596 quidem
2268 1527 2566 1581 caelestium
2621 1529 2962 1583 essentiarum
3028 1531 3386 1600 dispositiones
3442 1550 3474 1587 α
3522 1533 3573 1566 ⁸³

1989 1607 2367 1686 sitperﬁrmatis
2433 1618 2672 1671 ordinate
2747 1619 2948 1672 erudiri
3009 1620 3224 1689 dei/icas
3281 1623 3572 1688 scientias;

307 1728 494 1786 perant
525 1718 566 1770 ο.
596 1718 712 1772 Νοη
735 1719 878 1772 etum
911 1734 1004 1774 eas
1031 1721 1302 1792 ἀναλυτικῇ
1328 1721 1374 1783 τ,
1402 1720 1453 1774 id
1484 1728 1584 1782 est,
1613 1721 1887 1774 reductiva
1921 1717 1963 1776 tt
1992 1706 2223 1759 omnium
2250 1722 2365 1758 vero
2395 1706 2606 1760 auiam
2636 1708 2700 1759 ab
2729 1708 2842 1776 ipsa
2869 1709 3159 1775 meare/cia.
3187 1721 3437 1781 quantum
3465 1712 3571 1781 fas.

309 1811 418 1863 sive
465 1810 697 1864 reditiva
749 1811 771 1843 ⁸
818 1812 1041 1867 scientia
1093 1813 1274 1867 reduci
1319 1812 1742 1877 aestimandum,
1793 1812 1886 1866 sed

309 1901 469 1954 veluti
494 1903 668 1972 prima
699 1913 753 1958 et
791 1903 1232 1972 superexcellenti
1268 1902 1608 1958 deificatione
1657 1901 1888 1970 repletas

305 1991 454 2059 juxta
481 1992 966 2047 eminentissimam
993 1994 1292 2048 divinorum
1323 2008 1544 2063 operum
1585 1993 1886 2057 scientiam,

310 2091 573 2150 quantum
600 2084 808 2154 angelis
839 2084 1015 2149 datur,
1045 2099 1137 2138 eas
1186 2085 1444 2138 debemus
1500 2083 1884 2148 lionorilicare,

310 2175 564 2240 quoniam
616 2175 924 2230 immediate
980 2177 1047 2230 ab
1101 2175 1216 2244 ipsa
1252 2175 1432 2230 divina
1461 2174 1658 2228 virtute
1691 2184 1745 2229 et
1771 2175 1892 2228 illu-

312 2265 587 2319 minantur
612 2273 665 2320 et
691 2267 1061 2335 perﬁciuntur.
1099 2266 1166 2321 Et
1196 2267 1298 2320 hoc
1323 2273 1407 2320 est
1435 2264 1575 2334 quod
1605 2265 1851 2334 sequitur
1875 2281 1887 2317 :

314 2359 436 2412 Non
475 2361 618 2413 enim
666 2377 759 2429 per
795 2361 930 2414 alias
976 2369 1184 2414 sanctas
1213 2359 1482 2422 essentias,
1522 2357 1613 2410 sed
1658 2357 1722 2409 ab
1776 2356 1891 2425 ipsa

313 2451 579 2503 tliearrltia
632 2451 654 2484 ³
689 2451 1065 2518 sanctiﬁcatae,
1106 2450 1159 2504 in
1187 2449 1350 2518 ipsam
1391 2449 1687 2502 immediate
1715 2458 1894 2502 exten-

312 2541 530 2604 duntur,
553 2542 696 2593 omni
723 2540 1120 2609 supereminenti
1161 2541 1345 2594 virtute
1388 2550 1436 2593 et
1477 2539 1678 2604 ordine,
1727 2549 1774 2592 et
1823 2538 1891 2592 ad

312 2631 663 2682 castissimam
706 2631 915 2684 omnino
942 2629 1303 2698 fortitudinem
1340 2629 1684 2693 collocantur,
1726 2639 1772 2682 et
1823 2629 1891 2682 ad

311 2719 810 2772 immaterialitatem
839 2731 883 2773 et
915 2720 1218 2774 invisibilem
1240 2719 1699 2789 pulchritudinem,
1726 2735 1894 2788 quan-

314 2819 420 2862 tnm
444 2811 545 2878 fas,
562 2810 618 2861 in
640 2811 1117 2880 contemplationem
1141 2812 1498 2874 adducuntur,
1521 2821 1568 2863 et
1596 2812 1892 2864 divinorum

315 2915 527 2967 operum
567 2900 774 2954 scibiles
815 2903 1062 2964 rationes,
1095 2911 1150 2952 nt
1193 2901 1392 2968 primae
1441 2910 1488 2952 et
1538 2901 1676 2952 circa
1730 2899 1894 2952 Deum

313 2993 584 3054 essentiae,
615 2991 913 3058 ﬂectuntur,
951 3001 998 3043 et
1046 2990 1109 3042 ab
1153 2992 1263 3059 ipso
1295 2990 1626 3059 perfectionis
1664 2990 1894 3058 principe

1987 1795 2255 1850 doctrinas
2288 1796 2600 1850 illuminari.
2648 1797 2965 1864 Declarant,
2995 1801 3196 1870 inquit,
3236 1803 3575 1872 apertissime

1991 1885 2247 1956 theologi,
2279 1887 2576 1956 prophetae
2605 1887 2858 1944 videlicet
2899 1891 2951 1943 in
2983 1891 3278 1946 visionibus
3306 1893 3420 1947 suis
3450 1895 3572 1954 hoc.

1990 1975 2132 2044 quod
2163 1975 2216 2028 in
2247 1975 2568 2030 caelestium
2597 1977 2953 2032 essentiarum
2985 1981 3450 2050 dispositionibus,
3480 2000 3574 2038 or-

1991 2065 2358 2120 dinationibus
2405 2066 2596 2136 plane,
2644 2069 2905 2138 suppositi
2956 2069 3004 2100 ²⁶
3037 2073 3254 2126 ordines
3307 2091 3338 2126 a
3383 2089 3576 2144 super-

1992 2155 2246 2220 firmatis,
2289 2158 2392 2211 hoc
2419 2167 2523 2221 est,
2561 2158 2950 2215 excelsioribus
2995 2163 3242 2216 ordinata
3287 2162 3402 2234 lege
3446 2180 3574 2220 eru-

1991 2247 2214 2301 dittntur
2260 2247 2312 2301 in
2343 2248 2552 2303 deilicis
2586 2250 2866 2316 scientiis,
2920 2253 2972 2306 in
3023 2254 3322 2309 divinorum
3371 2257 3578 2312 scilicet

1992 2337 2363 2393 iutellectuum
2393 2339 2779 2407 multiplicibus
2819 2342 3133 2413 disciplinis,
3177 2361 3314 2413 quae
3344 2361 3439 2401 eos
3464 2348 3580 2402 dci-

1993 2429 2159 2486 licant
2193 2449 2206 2484 :
2239 2431 2462 2487 altiores
2507 2447 2637 2487 vero
2681 2434 2954 2499 omnium,
2991 2443 3102 2490 tres
3132 2436 3339 2492 scilicet
3373 2441 3580 2506 primae

1993 2521 2296 2576 ierarchiae
2340 2523 2580 2588 ordines,
2613 2525 2702 2594 qui
2749 2535 2958 2580 ceteras
3003 2527 3264 2584 caelestes
3316 2531 3580 2584 essentias

1994 2614 2256 2681 dignitate
2281 2615 2636 2683 praecellunt,
2677 2615 2745 2670 ab
2791 2617 2904 2687 ipsa
2950 2618 3265 2684 Divinitate,
3313 2631 3573 2688 quantum

1994 2703 2172 2756 divina
2202 2704 2330 2757 sinit
2363 2704 2466 2770 lex,
2499 2706 2548 2758 in
2591 2707 2849 2761 doctrinis
2879 2706 3233 2764 inell'abilibus
3275 2710 3578 2766 illuminan-

1997 2799 2102 2844 tur.
2152 2791 2270 2860 Ipsa
2315 2793 2577 2862 siquidem
2609 2795 2870 2850 Divinitas
2904 2799 3178 2867 proximos
3207 2800 3309 2854 sibi
3352 2802 3572 2858 ordines

1997 2883 2172 2946 docet,
2199 2883 2296 2951 ipsi
2325 2894 2504 2940 autem
2533 2887 2815 2944 inferiores
2841 2893 3092 2945 erudiunt
3122 2932 3136 2957 ,
3184 2909 3247 2947 ac
3277 2895 3355 2949 sic
3383 2895 3429 2926 "
3456 2913 3578 2966 gra-

1999 2980 2164 3034 datim
2196 2998 2365 3050 usque
2394 2983 2459 3036 ad
2489 2985 2836 3038 novissimttm
2869 2997 3117 3040 ornatum
3149 3004 3245 3058 per
3270 2992 3578 3057 superiores

312 3081 658 3134 excelsissime
702 3081 1056 3147 sanctiﬁcatae
1095 3090 1236 3134 sunt.
1283 3078 1491 3133 Nullius
1542 3079 1894 3148 expositionis

2000 3071 2052 3124 in
2079 3069 2363 3126 inferiores
2381 3073 2559 3128 divina
2577 3074 2854 3128 descendit
2870 3075 3133 3130 doctrina.
3153 3077 3420 3143 Quasdam
3435 3085 3573 3134 enim

317 3171 515 3242 indiget
549 3173 685 3226 haec
709 3171 1011 3236 sententia;
1053 3171 1104 3225 in
1138 3171 1460 3240 quibusdam
1489 3179 1667 3224 tamen
1695 3183 1894 3238 anceps

317 3262 446 3316 haec
480 3263 523 3293 ⁸⁸
570 3262 942 3332 interpretatio
965 3271 1068 3316 est.
1093 3261 1318 3332 Quippe,
1347 3262 1434 3316 ubi
1479 3260 1852 3315 transtulimus
1878 3278 1890 3314 :

316 3352 378 3405 sd
430 3353 801 3407 castissimam
853 3353 1072 3408 omnino
1123 3352 1532 3418 fortitudinem,
1589 3353 1662 3406 ibi
1717 3361 1897 3422 potest

315 3442 473 3496 etiam
512 3442 836 3498 transferri:
885 3443 952 3497 ad
996 3444 1355 3498 castissimam
1401 3441 1892 3508 inﬂexibilitatem;

315 3534 532 3608 διρῥεπὲς
567 3534 606 3564 ¹¹
633 3534 776 3588 enim
807 3534 860 3588 in
888 3533 1096 3588 Graeco
1117 3543 1200 3588 est
1222 3534 1264 3564 "
1291 3533 1568 3602 scriptum,
1598 3533 1739 3602 quod
1773 3532 1815 3564 ⁸³
1843 3542 1897 3586 ct

317 3622 681 3678 fortitudinem
713 3635 768 3680 et
789 3623 1229 3680 inﬂexibilitatem
1259 3625 1546 3694 significat.
1581 3623 1690 3679 Nec
1715 3634 1893 3678 tamen

321 3714 489 3770 differt
515 3731 727 3779 sensus,
774 3717 1026 3787 quoniam
1052 3731 1179 3770 vera
1205 3713 1465 3770 fortitudo
1513 3731 1542 3768 a
1573 3713 1720 3768 nullo
1754 3712 1895 3767 [lecti

321 3818 510 3878 potest.
542 3809 806 3864 Similiter
827 3811 913 3865 ubi
959 3810 1283 3864 invisibilem
1309 3808 1788 3879 pulchritudinem,
1823 3807 1894 3861 ibi

323 3899 706 3971 intelligibilem
773 3903 1019 3957 decorem
1066 3911 1242 3971 potest
1301 3903 1420 3972 quis
1461 3917 1660 3970 ponere
1720 3901 1783 3964 “,
1844 3901 1895 3955 in

322 3991 612 4059 eodemque
643 3991 685 4022 ³⁸
722 4000 898 4045 tamen
927 3991 1219 4046 intelleCtu.
1266 3989 1399 4044 Nam
1443 3991 1728 4046 invisibilis
1774 3992 1895 4062 pul-

322 4083 570 4136 chritudo
622 4081 696 4135 nil
753 4082 896 4136 aliud
950 4092 1053 4146 est,
1095 4098 1255 4151 quam
1305 4081 1654 4150 intelligibilis
1701 4084 1892 4149 decor;

325 4173 581 4240 siquidem
612 4177 886 4247 εὐπρέπεια
919 4173 961 4205 ¹⁸
1004 4186 1059 4229 et
1093 4175 1144 4228 in
1191 4175 1643 4244 pulchritudinem
1673 4177 1898 4230 vertitur

327 4271 372 4313 et
395 4264 661 4317 decorem.
684 4266 780 4320 Ubi
810 4274 1067 4334 quantum
1093 4265 1194 4331 fas,
1213 4265 1282 4319 ibi
1304 4276 1476 4335 potest
1503 4267 1606 4321 dici
1634 4277 1895 4336 quantum

328 4353 464 4416 licet,
490 4355 572 4408 vel
600 4366 859 4424 quantum
886 4356 992 4420 lex,
1020 4356 1099 4410 vel
1126 4367 1383 4426 quantum
1411 4356 1639 4426 justum.
1673 4359 1752 4412 Ex
1786 4375 1895 4413 uno

329 4443 463 4494 etiim
489 4444 697 4499 Graeco
742 4455 1023 4500 vertuntur
1068 4448 1268 4518 θεμιτόν
1325 4448 1377 4501 in
1426 4463 1535 4502 uno
1586 4449 1890 4515 intellectu;

330 4548 480 4586 omne
527 4535 722 4603 quippe
771 4534 852 4590 fas
895 4545 950 4589 et
977 4537 1120 4600 licet,
1171 4547 1221 4592 et
1275 4537 1356 4591 lex
1409 4549 1516 4604 est,
1584 4548 1638 4592 et
1687 4537 1893 4606 justum

333 4632 424 4674 cst.
467 4623 600 4678 ltem
632 4626 719 4679 ubi
754 4643 768 4679 :
799 4635 854 4680 et
889 4627 1031 4680 circa
1068 4627 1231 4681 Deum
1278 4629 1546 4686 essentiae
1585 4627 1896 4692 ﬂectuntur,

335 4727 426 4781 pro
446 4715 730 4768 ﬂectuntur
776 4727 950 4786 potest
1005 4717 1285 4772 transferri
1338 4720 1377 4751 "
1412 4719 1782 4789 perﬁciuntur,
1812 4720 1898 4775 vel

337 4801 605 4870 docentur,
635 4805 720 4860 vel
745 4803 1044 4872 initiantur,
1073 4808 1156 4862 vel
1192 4809 1526 4864 imbuuntur.
1573 4809 1713 4864 llaec
1737 4809 1896 4880 quip-

1927 4403 1974 4460 D

1995 3173 2174 3211 earum
2190 3160 2526 3212 introducunt
2541 3179 2572 3212 a
2587 3161 2850 3229 prioribus
2863 3180 3010 3218 sacre
3025 3165 3570 3231 eruditas,Dominum

1995 3265 2103 3303 esse
2131 3250 2432 3304 caelestium
2481 3251 2748 3317 virtutum,
2790 3264 2836 3308 et
2879 3271 3049 3324 regem
3092 3257 3291 3326 gloriae
3319 3259 3373 3312 in
3401 3261 3573 3315 caelos

1994 3337 2297 3402 humanitus
2333 3350 2612 3410 receptant.
2651 3341 2908 3413 Exemplo
2933 3345 3196 3414 approbat
3243 3349 3385 3416 quod
3415 3349 3572 3408 dixit.

1994 3427 2346 3484 lntroducunt
2369 3431 2535 3493 enim,
2567 3430 2758 3500 inquit,
2792 3433 2892 3502 ipsi
2925 3434 3156 3504 theologi
3193 3435 3247 3488 in
3277 3437 3575 3492 visionibus

1997 3521 2109 3574 suis
2135 3522 2394 3590 quasdam
2439 3522 2682 3577 eruditas
2723 3525 2989 3580 essentias
3033 3541 3062 3578 a
3105 3527 3398 3594 prioribus.
3432 3529 3498 3582 Et
3524 3531 3577 3584 in

1996 3626 2104 3680 quo
2127 3613 2371 3668 eruditae
2398 3614 2562 3666 sunt?
2602 3613 2658 3667 ln
2685 3629 2750 3667 eo
2787 3615 2966 3683 plane,
2997 3617 3137 3684 quod
3169 3618 3426 3674 Dominus
3455 3635 3582 3674 cae-

1997 3699 2209 3754 lestium
2235 3702 2513 3767 virtutum,
2539 3711 2592 3757 et
2621 3719 2714 3758 rex
2759 3705 2963 3773 gloriae
2991 3706 3043 3759 in
3075 3707 3188 3775 ipsa
3221 3708 3576 3772 humanitate,

1999 3789 2160 3860 quam
2187 3807 2252 3846 ex
2285 3793 2439 3848 nobis
2469 3805 2688 3864 propter
2727 3813 2826 3851 nos
2864 3805 3172 3868 acceperat,
3207 3799 3260 3854 in
3289 3801 3466 3857 caelos
3493 3817 3580 3857 as-

1999 3893 2248 3952 sumptus
2274 3893 2378 3948 est,
2412 3884 2511 3938 hoc
2538 3896 2642 3951 est,
2669 3886 2812 3956 quod
2843 3889 3146 3944 humanitas
3169 3889 3377 3946 Domini
3410 3895 3579 3948 nostri

1998 3973 2126 4029 Jesu
2156 3973 2387 4040 Christi,
2420 3977 2509 4046 qui
2541 3987 2624 4032 est
2653 3979 2913 4033 Dominus
2942 3981 3202 4035 virtutum
3233 3993 3288 4036 et
3327 3999 3422 4037 rex
3467 3985 3580 4054 glo-

1999 4065 2133 4129 riae,
2179 4067 2231 4120 in
2268 4083 2421 4121 sttam
2458 4069 2814 4134 divinitatem,
2855 4086 3017 4139 quam
3063 4073 3240 4128 caelos
3285 4075 3575 4143 appellant,

1999 4165 2122 4224 post
2145 4159 2594 4212 resurrectionem
2640 4160 2874 4216 exaltata
2898 4161 2997 4227 sit,
3033 4171 3087 4218 et
3111 4164 3264 4232 'quod
3297 4173 3575 4235 utriusque

2001 4258 2245 4310 naturae,
2291 4250 2504 4304 divinae
2534 4251 2785 4306 videlicet
2827 4261 2990 4322 atque
3024 4256 3306 4320 humanae,
3339 4259 3581 4327 proprie-

2003 4341 2201 4395 tatibus
2225 4342 2735 4397 incommutabiliter
2763 4360 2827 4398 ex
2855 4347 3059 4400 unitate
3100 4347 3434 4403 substantiae
3460 4366 3581 4420 per-

2002 4434 2383 4496 manentibus,
2430 4434 2880 4503 quemadmodum
2928 4437 3162 4491 Verbum
3203 4454 3331 4494 caro
3375 4439 3575 4496 factum

2003 4534 2103 4589 est,
2134 4525 2206 4578 ita
2235 4540 2363 4579 caro
2392 4525 2628 4580 Verbum
2661 4524 2796 4580 facta
2829 4535 2973 4582 totus
3014 4529 3155 4584 Deus
3201 4529 3253 4584 in
3300 4533 3428 4586 totis
3464 4534 3578 4589 suis

2005 4615 2230 4670 naturis.
2257 4615 2322 4669 Et
2351 4631 2416 4670 ne
2445 4616 2677 4682 mireris,
2709 4617 3046 4673 divinitatem
3075 4619 3273 4676 Christi
3302 4623 3579 4692 pluraliter

2005 4704 2181 4760 caelos
2212 4707 2414 4760 vocari.
2458 4705 2515 4761 Si
2550 4707 2692 4762 enim
2725 4709 2839 4777 ipse
2869 4709 3144 4781 multiplex
3174 4722 3228 4766 et
3264 4714 3469 4771 inﬁnita
3497 4733 3582 4772 sa-

2004 4797 2204 4866 pientia
2231 4796 2407 4853 Patris
2433 4806 2554 4864 est,
2603 4799 2728 4854 dum
2756 4800 2824 4854 sit
2855 4816 2961 4854 una
2995 4811 3050 4856 et
3076 4802 3348 4859 individua
3375 4846 3394 4872 ,
3439 4815 3494 4863 et
3532 4808 3578 4863 si

1599 4939 1852 4996 VARIAE
1885 4933 2284 4995 LECTIONES.

405 5052 420 5082 ⁸
455 5050 494 5104 Β
519 5052 750 5111 recrtiva.
787 5067 932 5107 corr.
965 5053 1029 5107 B'
1074 5045 1310 5107 reditiva.

333 5123 552 5208 quadarn
596 5121 849 5208 dioretica
894 5125 1175 5208 impertita.

341 5189 355 5220 -'
415 5189 542 5244 ABG
601 5193 898 5248 ἀναλυτικα.

1267 5122 1290 5154 δ
1322 5123 1384 5177 Β⁶
1431 5139 1574 5178 corr.
1624 5122 1816 5193 posuit.

1013 5193 1036 5224 ⁸
1076 5193 1166 5248 Sic
1205 5192 1278 5258 C,
1325 5193 1416 5247 ΑΒ
1462 5192 1706 5248 recidiva.

337 5298 374 5329 “
395 5299 479 5354 AB
500 5287 755 5380 ὰξριπης,
787 5302 1148 5376 Cpanarepes.
1184 5305 1238 5360 in
1263 5314 1410 5361 textu
1453 5319 1648 5376 graeco
1667 5303 1802 5374 legis
1837 5302 2180 5375 παναρῥεπίς.

336 5389 374 5464 ff
414 5391 524 5464 Proh
563 5391 690 5464 quis
725 5408 913 5464 ponere
974 5391 1035 5445 Β·
1101 5394 1216 5464 rad.
1275 5409 1417 5450 corr.
1467 5393 1677 5464 exponi.

334 5550 549 5603 gemat,
695 5530 931 5602 myontej
1015 5534 1060 5565 ⁸⁸
1108 5533 1150 5587 Β
1174 5535 1439 5603 trans/eri.

337 5599 379 5629 "
405 5618 434 5652 a
464 5618 570 5656 om.
602 5602 709 5667 AB,
744 5599 810 5658 ad
837 5619 1004 5675 marg.
1035 5605 1210 5658 adscr.
1241 5599 1331 5659 B'J
1420 5604 1467 5636 “
1500 5605 1545 5658 Α
1574 5599 1803 5674 supposi.

1783 5392 1828 5423 "
1878 5390 1937 5444 B‘
1985 5391 2098 5444 rad.
2155 5407 2296 5446 corr.
2345 5392 2542 5446 eodem.

338 5458 372 5487 "
402 5458 529 5516 ΑΒΕ
575 5458 733 5531 ﬁeri,
755 5463 814 5514 Β·
849 5478 1010 5532 supra
1058 5463 1236 5518 adscr.
1269 5474 1461 5530 trans-,
1497 5458 1552 5520 ei
1583 5464 1696 5518 rad.
1734 5478 1874 5518 corr.
1907 5461 2003 5529 [eri
2035 5460 2197 5528 (forte
2223 5463 2325 5532 leg.
2362 5464 2509 5520 dici).

338 5550 549 5586 μνονται.
599 5530 641 5585 C
695 5544 920 5586 muonte.
1015 5534 1060 5565 ³⁸
1108 5533 1439 5586 Btransferi.
1559 5534 1606 5564 “
1650 5533 1738 5586 AB
1768 5536 2009 5586 αὑονταν.
2039 5531 2080 5585 C
2120 5543 2343 5586 muonte.
2439 5533 2483 5561 "

1765 5549 2009 5604 μύονταν,
2039 5549 2080 5585 υ
2120 5549 2343 5602 myonte.
2441 5549 2482 5561 --

1767 5604 1803 5658 i.
1899 5601 1946 5632 "
1968 5600 2121 5655 Corr.
2159 5606 2239 5668 ις’,
2271 5601 2402 5656 ABC
2427 5602 2488 5655 si.

1409 5053 1431 5085 ³
1469 5051 1648 5121 Conj.,
1680 5053 1768 5106 AB
1803 5052 2025 5125 quedam
2049 5049 2299 5102 diaretica
2330 5048 2398 5113 vi,
2442 5046 2506 5101 B‘
2537 5064 2634 5118 pro
2667 5049 2918 5104 diaretica
2958 5066 3099 5106 corr.
3141 5054 3402 5110 dialetica.
3481 5059 3502 5090 ³
3538 5058 3579 5113 C

1431 5139 1574 5170 corr.
1625 5125 1816 5170 nasuit.
1915 5123 1937 5154 ⁸
1981 5119 2024 5170 Β
2094 5118 2322 5170 demum.
2399 5118 2420 5148 ⁸
2469 5117 2512 5170 Β
2555 5121 2886 5170 dit‘unerant.
2935 5122 2994 5170 B'
3043 5139 3186 5170 corr-
3244 5127 3571 5170 dirunnnni.

1803 5118 1825 5174 .’
1915 5123 1937 5154 ⁸
1981 5119 2024 5172 Β
2094 5118 2322 5171 demum.
2399 5118 2420 5148 ‘
2469 5118 2512 5170 Β
2555 5121 2886 5188 diruperant,
2935 5122 2994 5174 Β·
3043 5139 3186 5178 corr.
3244 5127 3573 5194 dirupernnt.

1802 5195 1824 5226 υ
1864 5192 1939 5246 Ex
1987 5197 2118 5242 text.
2149 5203 2232 5256 gr.
2273 5196 2330 5240 et
2357 5201 2519 5251 vers.,
2563 5189 2652 5241 AB
2700 5189 2978 5245 ierarcltia.
3108 5193 3150 5224 ¹⁰
3190 5196 3316 5248 haec
3362 5211 3468 5249 om.
3513 5198 3573 5251 Β.

3108 5193 3150 5224 ¹⁰
3190 5196 3316 5248 haec
3362 5211 3468 5249 om.
3513 5198 3574 5251 Β.

2289 5301 2331 5332 ⁸⁸
2357 5313 2430 5355 est
2460 5317 2568 5356 om.
2598 5302 2658 5357 B.
2760 5302 2804 5334 ³³
2843 5303 2882 5354 Β
2907 5311 3044 5392 quod
3073 5305 3276 5374 (punct.
3311 5304 3414 5373 auj.
3448 5305 3508 5359 B'
3549 5339 3563 5354 .

2660 5394 2706 5468 "_
2730 5393 2845 5468 _AB
2903 5398 3154 5468 sdapszrtat
3207 5394 3246 5448 C
3298 5397 3572 5468 cuprelia.

2609 5463 2652 5494 ⁸⁸
2682 5464 2768 5516 ΔΒ
2794 5463 3010 5532 uocum,
3043 5464 3083 5517 C
3118 5479 3291 5530 myan.
3403 5464 3444 5497 ⁸³
3476 5467 3559 5516 ,λη

2439 5533 2483 5603 ’ξ
2530 5532 2619 5587 Sic
2667 5533 2707 5587 C
2749 5543 2803 5587 et
2843 5550 2982 5587 corr.
3031 5534 3113 5598 B',
3148 5534 3234 5586 All
3277 5534 3564 5603 posuimus.
