3952 6156
374 214 479 273 137

1460 203 1954 262 EXPOSITIONES
1993 202 2275 260 JOANNIS
2316 201 2510 259 SCOTI

3519 204 3619 262 188

376 342 510 398 ipsa.
552 322 755 380 Christi
804 319 1048 375 videlicet
1091 320 1364 382 divinitas,
1405 334 1510 373 una
1555 328 1610 374 et
1656 316 1945 388 singularis
1973 330 2021 387 Α
2051 320 2251 389 inquit,
2291 336 2414 376 cum
2466 322 2505 352 “
2551 321 2722 375 sancti
2755 320 2985 393 theologi
3020 320 3220 390 primas
3253 320 3510 377 caelestes
3536 338 3621 378 cs-

375 417 567 471 domus
593 422 679 468 est
705 412 884 467 Patris
902 452 916 475 ,
956 418 1010 464 et
1041 419 1221 463 tamen
1249 410 1301 462 in
1334 409 1450 478 ipsa
1488 408 1685 464 multae
1714 408 1949 462 mansio-

373 521 472 562 nes
502 514 649 569 sunt,
671 504 799 573 quid
826 502 1060 571 expedit,
1091 500 1133 553 si
1164 500 1351 554 eadem
1381 500 1636 554 credatur
1663 509 1719 553 et
1747 499 1944 554 intelli-

372 608 532 667 gatur
556 597 765 651 caelum
791 603 845 647 et
875 591 1048 646 caeli?
1085 589 1304 645 Caelum
1346 590 1564 658 quidem
1607 599 1828 659 propter
1856 606 1948 645 su-

368 683 936 759 persubstantialitatis
992 696 1123 735 suae
1169 681 1575 746 excellentiam;
1630 681 1764 737 caeli
1815 697 1944 737 vero

369 784 588 845 propter
634 772 930 841 sapientiae
981 785 1113 824 suae
1180 769 1529 838 multiplicem
1596 768 1940 836 inﬁnitatem,

365 865 619 933 quoniam
674 861 989 930 sapientiae,
1016 858 1135 927 ejus
1172 874 1280 913 non
1332 868 1414 913 est
1462 874 1738 914 numerus;
1768 859 1942 925 Quae-

363 957 487 1011 dam
543 970 672 1010 vero
728 953 994 1008 caelestes
1023 954 1253 1005 virtutes
1303 966 1332 1004 a
1380 951 1752 1020 superioribus
1800 965 1940 1004 sem-

358 1062 457 1119 per
522 1048 768 1111 discunt,
810 1045 1078 1114 quomodo
1118 1041 1275 1097 Jesus
1322 1043 1582 1098 Dominus
1639 1043 1769 1098 est‘
1818 1057 1941 1096 eaeo

356 1139 573 1195 lcstium
621 1140 876 1192 virtutum
929 1145 983 1190 et
1034 1151 1129 1190 rex
1177 1135 1417 1205 gloriae,
1446 1143 1502 1189 et
1534 1134 1801 1204 quomodo
1840 1134 1939 1188 hu-

357 1232 593 1284 manitas
621 1229 790 1299 ipsius
833 1229 886 1281 in
918 1227 1251 1281 divinitatem
1287 1235 1558 1295 assumpta
1588 1233 1698 1291 est,
1743 1241 1848 1279 non
1879 1232 1939 1278 ut

355 1323 740 1392 assumptionis
788 1321 955 1389 ipsius
1008 1321 1029 1349 ²
1068 1319 1283 1373 modum
1326 1318 1656 1388 intelligant;
1716 1326 1937 1387 superat

353 1417 551 1484 quippe
578 1428 792 1468 omnem
826 1412 1153 1467 intellectunt
1176 1430 1188 1476 ;
1211 1413 1303 1467 sed
1332 1421 1389 1465 ut
1417 1413 1582 1482 ipsam
1610 1414 1936 1483 assumptio-

353 1522 475 1560 nem
508 1502 988 1573 supernaturaliter
1017 1511 1070 1556 et
1101 1501 1442 1556 ineﬂ’ahiliter
1466 1517 1587 1556 esse
1618 1500 1811 1556 factam
1839 1519 1934 1558 co-

340 1603 634 1677 gnoscant.
692 1592 961 1658 Quasdam
1002 1608 1117 1646 vero
1159 1593 1298 1662 apud
1336 1594 1504 1662 ipsum
1552 1591 1735 1646 Jesum
1778 1595 1932 1648 Clari-

2050 414 2253 469 sentias
2279 413 2349 469 ab
2385 414 2502 484 ipso
2530 412 2838 468 immediate
2873 412 3053 468 doceri
3098 413 3463 477 introducunt,
3494 416 3620 485 quia

2046 503 2179 573 ipse,
2211 507 2339 559 dum
2367 504 2422 558 in
2452 512 2680 569 tantum,
2711 513 2970 573 quantum
3002 502 3389 573 praediximus,
3409 512 3621 560 ceteras

2044 610 2232 650 omnes
2267 595 2425 651 simul
2464 595 2519 649 in
2549 595 2747 650 divinis
2795 596 3274 650 illuminationibus
3322 598 3620 665 superemi-

2044 693 2171 739 nent
2201 694 2259 738 ut
2289 685 2550 750 mediate,
2598 686 2699 739 hoc
2725 693 2842 749 est,
2889 684 3050 740 veluti
3100 685 3376 754 superiore
3422 694 3612 742 natura

2042 773 2380 844 interposita,
2412 774 2757 843 quaestiones
2786 783 3091 829 reverenter
3120 783 3396 843 appetunt,
3430 776 3480 829 id
3530 787 3613 831 est

2046 862 2261 927 timide,
2304 864 2446 932 quod
2494 878 2686 933 graece
2733 864 2930 918 dicitur
2976 865 3235 930 εὐλαϐῶς,
3281 865 3608 921 desiderant.

2038 954 2284 1010 catastae
2309 956 2450 1009 enim
2479 965 2561 1011 est
2589 973 2711 1012 eum
2739 975 2924 1014 amore
2956 960 3215 1015 timiditas
3240 961 3324 1015 vel
3354 976 3612 1016 verecun-

2040 1042 2148 1095 dia.
2180 1042 2249 1096 Et
2289 1044 2425 1097 enim
2454 1061 2558 1099 non
2598 1046 2716 1100 inde
2744 1047 3082 1119 interrogant,
3118 1049 3218 1103 hoc
3247 1058 3348 1114 est,
3375 1059 3430 1104 ct
3466 1049 3610 1106 enim

2040 1147 2144 1185 non
2175 1133 2347 1201 ipsum
2375 1133 2555 1188 Jesum
2588 1135 2893 1190 immediate
2920 1137 3269 1209 interrogant,
3288 1156 3448 1210 quare
3468 1140 3547 1196 tui
3566 1139 3610 1172 “

2039 1223 2196 1275 rubra
2236 1224 2577 1278 vestimenta?
2621 1225 2703 1279 vel
2731 1226 2870 1280 sicut
2899 1227 2953 1280 in
2989 1228 3300 1282 melioribus
3338 1228 3611 1301 exempla-

2038 1312 2187 1366 ribus
2238 1313 2527 1377 invenitur,
2592 1331 2751 1384 quare
2792 1316 2867 1369 tui
2911 1316 2954 1348 ⁸³
2992 1319 3227 1371 coccinea
3270 1320 3613 1375 vestimenta?

2036 1400 2190 1470 Apud
2218 1402 2413 1471 seipsas
2466 1404 2508 1434 ¹¹⁵
2554 1421 2674 1459 vero
2702 1406 2986 1461 deliberant
3015 1420 3136 1462 ante
3158 1408 3494 1479 interrogare,
3526 1409 3610 1465 vel

2037 1491 2351 1562 simpliciter
2383 1493 2724 1561 transfertur,
2750 1498 2913 1566 ‘apud
2940 1514 2995 1551 se
3023 1499 3165 1568 ipsas
3210 1509 3533 1555 cunctantur
3564 1502 3609 1533 ³⁸

2036 1584 2119 1637 vel
2175 1586 2447 1640 haesitant
2475 1586 2517 1617 “
2552 1598 2678 1642 ante
2708 1588 2905 1644 dicere.
2936 1589 3118 1646 Potest
3143 1600 3198 1645 et
3224 1593 3303 1647 sic
3334 1594 3557 1666 intelligi
3586 1609 3603 1646 :

349 1675 488 1739 stum
552 1685 573 1715 ⁸
641 1694 945 1754 quaerentes
976 1725 990 1749 ,
1048 1693 1097 1738 et
1163 1701 1256 1753 pro
1317 1685 1462 1737 nobis
1539 1701 1664 1740 suae
1733 1686 1927 1741 divinae

2038 1682 2093 1727 et
2119 1675 2261 1728 enim
2288 1691 2391 1730 non
2439 1678 2561 1733 inde
2605 1680 2959 1751 interrogant,
2991 1690 3045 1735 et
3085 1682 3226 1736 enim
3261 1697 3330 1738 ne
3364 1683 3511 1748 inde,
3538 1684 3610 1739 ab

350 1775 571 1828 actionis
613 1775 883 1827 scientiam
915 1775 1203 1837 discentes,
1243 1784 1289 1828 et
1339 1791 1427 1828 eas
1456 1774 1637 1829 Iesum
1684 1778 1705 1808 "
1729 1778 1785 1830 in
1824 1793 1931 1831 me-

349 1864 542 1915 dietate
594 1863 616 1894 ⁵
663 1863 927 1916 docentem
971 1873 1018 1916 et
1044 1863 1397 1933 praelargiens
1419 1866 1493 1918 eis
1516 1866 1932 1934 manifestantem

349 1970 500 2005 suam
544 1954 830 2006 [minimam
868 1954 1254 2022 benignitatem.
1303 1955 1654 2010 introducunt
1696 1972 1929 2027 quoque,

348 2042 545 2111 inquit,
582 2042 815 2111 theologi
857 2043 1135 2111 quasdam,
1178 2044 1280 2098 hoc
1314 2053 1419 2109 est,
1452 2045 1932 2102 excellentissimas

349 2136 611 2189 caelestes
638 2136 936 2201 essentias,
980 2135 1119 2204 apud
1173 2136 1344 2205 ipsum
1388 2135 1571 2190 Jesum
1622 2137 1931 2193 immediate

345 2240 560 2295 semper
586 2239 730 2290 esse,
776 2235 1100 2294 quaerentes
1145 2235 1199 2280 et
1241 2226 1513 2281 discentes
1556 2226 1624 2283 ab
1655 2227 1771 2297 ipso
1799 2243 1931 2284 suae

341 2334 444 2391 pro
471 2322 623 2375 nobis
651 2321 864 2376 divinae
893 2323 1141 2386 actionis,
1171 2322 1271 2378 hoc
1297 2333 1403 2389 est,
1437 2324 1841 2392 incarnationis,
1874 2336 1931 2382 et

294 2414 303 2417 “
340 2412 629 2480 passionis,
654 2421 708 2467 et
736 2416 1168 2480 resurrectionis,
1187 2418 1703 2487 etassuniptionisin
1720 2420 1925 2475 caelum

341 2499 645 2554 scientiam.
703 2500 772 2554 Et
820 2502 1169 2558 introducunt
1207 2505 1381 2575 ipsum
1419 2506 1602 2561 Jesum
1640 2509 1922 2565 docentem

332 2604 436 2643 cas
459 2590 763 2646 immediate
786 2600 840 2646 et
862 2593 1294 2649 manifestantem
1341 2596 1406 2650 iis
1445 2595 1487 2661 ⁸,
1533 2597 1919 2669 praelargieus,

340 2680 445 2734 hoc
476 2688 575 2743 est,
607 2681 755 2749 prius
779 2696 941 2751 quam
972 2686 1165 2739 ceteris
1192 2684 1445 2756 largiens,
1475 2688 1559 2741 vel
1586 2689 1728 2743 sicut
1759 2691 1920 2745 etiam

340 2778 520 2837 potest
566 2769 934 2838 interpretari,
976 2772 1426 2843 praclargientem
1465 2775 1486 2807 ⁷
1532 2792 1682 2831 suam
1729 2779 1924 2833 huma—

340 2874 488 2924 nam,
521 2859 623 2914 hoc
677 2869 764 2915 est
808 2860 1129 2916 clementem
1157 2879 1283 2933 erga
1315 2865 1543 2919 salutem
1575 2867 1794 2921 humani
1832 2883 1922 2938 ge-

342 2950 490 3003 neris
519 2950 926 3020 benignitatem.
968 2948 1081 3022 Ego
1111 2954 1266 3017 enim,
1301 2955 1493 3024 inquit,
1535 2956 1742 3026 disputo
1762 2958 1922 3027 justi-

2038 1765 2153 1833 ipso
2203 1767 2451 1821 videlicet
2505 1768 2662 1834 Jesu,
2712 1770 3062 1841 interrogant.
3125 1773 3400 1843 Siquidem
3446 1790 3606 1844 prae-

2035 1854 2189 1918 dixit,
2229 1864 2284 1909 ut
2323 1856 2575 1922 mediate,
2608 1858 2659 1911 id
2699 1868 2783 1913 est
2829 1862 2981 1930 quasi
3010 1863 3260 1927 inediale,
3295 1879 3396 1917 non
3426 1874 3609 1919 autem

2033 1947 2254 2000 omnino
2282 1948 2544 2014 mediate;
2586 1949 2731 2004 nulla
2766 1954 2963 2022 quippe
2997 1962 3246 2007 creatura
3293 1954 3433 2007 inter
3460 1953 3609 2023 ipsas

2032 2046 2087 2091 et
2111 2034 2293 2092 Jesum
2328 2038 2487 2093 altior
2515 2048 2597 2095 est
2621 2081 2636 2106 ,
2681 2050 2740 2095 ut
2783 2044 3042 2112 praefatis
3081 2044 3375 2099 rationibus
3415 2045 3608 2100 incon-

2030 2142 2189 2182 cusse
2215 2129 2492 2184 deﬁnitum
2526 2131 2586 2185 ".
2653 2131 2761 2185 Cur
2795 2140 2971 2188 autem
3011 2136 3161 2203 quasi
3201 2136 3448 2200 mediate,
3496 2151 3604 2190 non

2030 2228 2211 2272 autem
2239 2219 2452 2288 penitus
2480 2220 2807 2285 immediate,
2832 2223 2914 2277 vel
2948 2225 3161 2293 penitus
3188 2225 3416 2280 mediate
3445 2224 3606 2278 inter-

2030 2310 2254 2380 rogant?
2290 2309 2571 2366 Rationem
2608 2313 2782 2367 reddit
2819 2330 2831 2366 :
2863 2315 3003 2384 apud
3038 2330 3098 2369 se
3134 2316 3277 2385 ipsas
3313 2331 3438 2371 vero
3468 2316 3605 2372 deli-

2027 2404 2221 2459 berant
2246 2404 2596 2476 interrogare,
2624 2407 2768 2461 velut
2793 2407 3003 2476 planius
3026 2410 3367 2475 transfertur,
3389 2410 3603 2478 dicere;

2027 2493 2327 2548 deliberant
2362 2495 2559 2566 quippe
2606 2496 2887 2553 altitudine
2937 2500 3318 2570 mysteriorum
3366 2514 3599 2569 expave-

2026 2585 2201 2651 facti,
2253 2596 2432 2641 utrum
2494 2588 2890 2658 interrogarent
2956 2591 2998 2621 “
3040 2606 3228 2646 necne.
3282 2590 3350 2645 Et
3394 2592 3505 2660 ipsa
3560 2592 3602 2626 ⁸⁸

2026 2674 2340 2732 deliberatio
2368 2675 2531 2730 veluti
2568 2677 2612 2707 ²⁰
2648 2678 2912 2746 quaedam
2960 2679 3220 2732 medietas
3265 2692 3300 2734 a
3344 2679 3602 2750 theologis

2025 2774 2267 2822 vocatur.
2347 2766 2580 2837 Ideoque
2644 2783 2816 2837 neque
2871 2768 3128 2824 medietas
3169 2778 3289 2833 est,
3336 2785 3510 2839 neque
3553 2770 3599 2802 ¹¹

2026 2860 2381 2916 imtnedietas.
2429 2859 2555 2915 Mihi
2601 2870 2780 2914 autem
2807 2860 3019 2914 videtur
3058 2876 3162 2915 non
3208 2861 3422 2915 aliunde
3460 2862 3601 2917 hanc

2024 2952 2466 3006 deliberationem
2514 2950 2890 3013 excellentitim
2934 2953 3286 3007 essentiarutu
3328 2952 3601 3023 theologos

342 3042 470 3095 tiam
519 3053 567 3097 et
583 3044 847 3113 judicium
895 3042 1177 3100 Salutaris.
1212 3046 1491 3102 Sententia
1524 3025 1744 3107 sanctae
1763 3025 1919 3106 VSeri-

2028 3044 2369 3106 intellexisse,
2400 3044 2501 3100 nisi
2528 3058 2595 3097 ex
2622 3043 2735 3113 ipsa
2765 3044 2990 3109 visione,
3021 3058 3157 3113 quae
3192 3044 3465 3109 describit,
3493 3045 3597 3100 due

341 3142 535 3204 pturae
563 3135 848 3205 approbat,
877 3134 1017 3203 quod
1044 3135 1303 3191 Dominus
1329 3136 1381 3189 ιιι
1393 3152 1487 3193 sus
1514 3140 1790 3209 proximas
1819 3143 1920 3197 sibi

336 3225 602 3282 caelestes
621 3227 885 3280 essentias
911 3241 1125 3295 semper
1150 3227 1360 3282 doceat.
1393 3229 1523 3298 Ego,
1554 3231 1744 3300 inquit,
1766 3231 1922 3287 Jesus

337 3316 628 3380 videlicet,
676 3317 891 3385 disputo
924 3315 1192 3384 justitiam
1222 3325 1277 3371 et
1317 3317 1580 3386 judicium
1630 3320 1919 3389 salutaris,

339 3409 446 3462 mei
475 3406 748 3476 profecto,
794 3407 884 3476 qui
928 3406 950 3438 ⁸
994 3407 1305 3462 caelestium
1328 3418 1383 3463 et
1412 3412 1746 3465 terrestrium
1775 3413 1921 3467 saltis

340 3515 482 3564 eum,
514 3509 568 3553 et
592 3514 719 3568 pax,
748 3508 802 3554 et
829 3499 1144 3569 redemptio.
1171 3499 1321 3568 Quae
1350 3502 1495 3556 enim
1518 3503 1690 3573 major
1712 3504 1920 3575 justitia

336 3585 441 3652 est,
489 3602 648 3656 quam
678 3596 736 3641 ut
765 3589 787 3621 '
825 3587 1053 3643 Creator
1081 3600 1387 3644 creaturam
1410 3631 1425 3655 ,
1474 3605 1636 3661 quam
1667 3592 1734 3647 ad
1785 3593 1922 3647 ima-

339 3679 521 3749 ginem
546 3694 697 3733 suam
729 3678 953 3743 fecerat,
989 3679 1056 3733 ab
1082 3681 1360 3736 erroribus
1386 3682 1498 3737 suis
1530 3692 1745 3738 revocet
1772 3685 1921 3738 simi-

339 3768 554 3839 lemque
581 3771 661 3826 sui
692 3771 971 3835 restituat;
1000 3772 1128 3840 quid
1157 3770 1329 3840 majus
1356 3773 1642 3843 judicium,
1669 3791 1831 3845 quam
1863 3786 1920 3830 ut

343 3862 532 3931 puniat
560 3862 612 3915 in
662 3869 932 3927 creatura,
960 3861 1101 3930 quod
1124 3878 1228 3916 non
1259 3861 1406 3927 fecit,
1436 3863 1648 3929 liberet,
1675 3866 1819 3935 quod
1841 3864 1918 3919 fe-

339 3953 433 4009 cit.
468 3954 604 4008 Hinc
630 3952 913 4007 Psalmista
943 3954 1050 4007 ait:
1074 3971 1094 4004 ι
1126 3952 1548 4010 Misericordiam
1576 3963 1633 4010 et
1658 3955 1917 4023 judicium

339 4046 572 4101 cantabo
598 4046 715 4109 tibi,
743 4044 968 4099 Domine
987 4063 1006 4096 ι
1037 4064 1049 4097 :
1076 4045 1503 4101 misericordiam
1526 4047 1774 4102 videlicet
1794 4047 1920 4104 libe-

340 4137 512 4191 rando
556 4145 839 4201 naturain,
875 4136 1135 4206 judicium
1166 4151 1293 4192 vero
1327 4138 1600 4207 puniendo
1640 4138 1914 4195 delictum.

341 4224 509 4280 lliror
534 4235 731 4291 autem,
759 4225 882 4297 quia
910 4234 958 4279 et
987 4225 1285 4280 caelestium
1315 4229 1658 4282 essentiarum
1695 4230 1917 4299 primae,

2023 3135 2312 3190 Cherubitn
2326 3136 2372 3165 "
2386 3150 2444 3190 se
2462 3135 2687 3190 invicem
2702 3135 2896 3189 intueri
2910 3144 2964 3190 et
2977 3136 3130 3204 quasi
3143 3136 3432 3198 consiliari,
3452 3136 3597 3205 quod

2021 3227 2181 3280 etiam
2213 3226 2317 3281 iste
2354 3226 2607 3296 magister
2636 3226 2688 3279 itt
2717 3228 3068 3296 sequentibus
3097 3226 3330 3281 voluisse
3359 3227 3591 3281 videtur.

2022 3298 2360 3369 Ostendentes
2379 3316 2606 3385 quidem,
2626 3318 2747 3382 quia
2768 3318 2993 3383 discunt,
3009 3327 3057 3370 et
3071 3317 3284 3386 dei/irae
3294 3318 3536 3372 scientiae
3548 3317 3596 3349 "

2019 3414 2285 3473 appetunt,
2301 3405 2405 3459 hoc
2418 3414 2523 3470 est,
2538 3420 2634 3475 per
2661 3408 2801 3461 hanc
2821 3406 3258 3463 deliberationem
3282 3407 3591 3471 ostendunt,

2020 3496 2144 3563 quia
2170 3496 2406 3563 discunt,
2430 3506 2486 3552 et
2519 3497 2763 3553 deiﬁcam
2795 3500 3096 3563 scientiam,
3122 3516 3261 3570 quae
3285 3514 3345 3553 se
3366 3497 3414 3530 “
3436 3499 3591 3554 deiti-

2018 3597 2128 3653 cat,
2195 3589 2263 3645 ab
2318 3590 2364 3621 "
2404 3588 2531 3645 Jesu
2586 3599 2793 3660 petunt.
2839 3590 2962 3644 Non
3013 3601 3186 3644 autem
3239 3589 3595 3660 praesilientes

2017 3698 2109 3752 per
2128 3681 2175 3712 "
2202 3683 2432 3737 divinam
2456 3686 2836 3755 processionem
2862 3686 3083 3739 inditam
3113 3685 3549 3741 illuminationem
3573 3703 3593 3751 ;

2017 3773 2120 3827 hoc
2178 3782 2304 3839 est,
2347 3789 2454 3829 non
2502 3774 2577 3828 ita
2635 3782 2825 3845 petunt
2894 3774 3129 3829 divinam
3169 3776 3491 3839 scientiam,
3535 3782 3597 3829 ut

2016 3872 2414 3933 praeoccupent
2440 3864 2663 3917 inditam
2704 3864 2807 3919 sibi
2852 3864 3295 3920 illuminationem
3331 3881 3427 3934 per
3452 3863 3591 3920 divi-

2017 3971 2143 4010 nam
2190 3956 2587 4025 processionem
2609 3957 2680 4009 '7.
2714 3955 2858 4010 Nihil
2884 3957 3026 4011 enim
3057 3964 3271 4027 petunt,
3297 3956 3397 4011 nisi
3444 3956 3595 4025 prius

2015 4048 2359 4118 processione
2380 4048 2543 4102 divini
2570 4047 2788 4102 luminis
2814 4055 3159 4118 cognoscant,
3183 4055 3360 4101 utrum
3385 4055 3593 4115 petant,

2016 4147 2074 4195 et
2098 4140 2251 4209 quid,
2280 4149 2336 4195 et
2362 4140 2629 4208 quomodo
2658 4150 2840 4209 petere
2879 4155 2974 4193 eos
3001 4148 3231 4208 oportet.
3276 4139 3342 4192 Et
3384 4138 3485 4192 hoc
3509 4147 3595 4192 est

2017 4231 2159 4301 quod
2185 4230 2315 4285 dicit
2338 4230 2424 4284 ’δε
2459 4246 2565 4285 non
2598 4230 2970 4300 praesilientes
3000 4230 3221 4283 inditam
3255 4228 3597 4283 illuminatio.

337 4333 386 4375 et
422 4332 623 4375 tantum
658 4321 815 4374 simul
855 4337 1029 4375 omnes
1057 4322 1434 4393 supereminent
1463 4322 1770 4379 tltearchicis
1800 4323 1921 4379 illu-
1948 4356 1998 4417 Β
2022 4337 2143 4377 nem
2171 4323 2383 4379 divinae
2409 4323 2788 4392 processionis.
2820 4320 2942 4375 Non
2988 4322 3033 4357 "
3060 4338 3180 4390 ergo
3224 4321 3392 4389 prima
3426 4319 3598 4374 caele-

336 4412 709 4466 tninationibus
759 4422 814 4465 ut
858 4413 1081 4467 mediate
1145 4414 1471 4481 quaestiones
1536 4424 1825 4470 reverenter
1872 4415 1915 4449 ¹⁰

337 4513 603 4573 appetunt.
646 4501 791 4557 Ordo
818 4504 1103 4557 verborum
1132 4521 1147 4557 :
1178 4503 1360 4570 Miror,
1391 4504 1518 4576 quia
1550 4513 1809 4575 appetunt
1852 4514 1913 4561 ut

338 4595 571 4651 mediate
615 4595 961 4664 quaestiones
1006 4604 1315 4650 reverenter
1356 4598 1562 4666 primae
1602 4596 1911 4653 caelestium

337 4690 694 4747 essentiarum
719 4730 733 4750 ,
782 4698 837 4743 et
864 4691 1265 4759 supereminent
1295 4700 1500 4745 tantum
1530 4690 1692 4745 simul
1724 4705 1913 4745 omnes

339 4780 662 4836 thearchicis
697 4779 1196 4836 illuminationibus.
1232 4781 1298 4836 Et
1340 4790 1425 4837 est
1461 4795 1695 4837 sensus:
1726 4780 1912 4844 Miror,

2021 4412 2181 4467 stium
2208 4412 2560 4468 intellectuum
2603 4412 2861 4466 ierarchia
2906 4411 2987 4475 ³⁸,
3034 4412 3098 4464 ab
3128 4412 3238 4479 ipsa
3281 4409 3595 4487 τελεταρχιιι

2018 4503 2367 4572 sanctiﬁcata,
2394 4520 2495 4574 quo
2518 4503 2571 4557 in
2594 4519 2708 4556 eam
2732 4501 3028 4556 immediate
3053 4500 3349 4554 extenditur
3369 4500 3437 4563 ³³,
3470 4517 3595 4554 san-

2020 4596 2252 4651 ctissima
2276 4597 2584 4666 purgatione
2633 4595 2795 4650 multo
2836 4593 3030 4649 lumine
3061 4594 3438 4662 anteperfcctae
3465 4608 3595 4645 con-

2020 4690 2380 4745 summationis
2397 4729 2410 4751 ,
2433 4686 2890 4758 proportionaliter
2918 4702 3032 4740 eam
3057 4686 3294 4754 impleas,
3316 4694 3597 4754 purgatur,

2020 4791 2068 4835 et
2095 4780 2444 4843 illuminatur,
2486 4789 2533 4832 et
2569 4778 2858 4847 perﬁcitur.
2882 4775 3026 4832 Ordo
3055 4776 3339 4830 verborum
3368 4793 3381 4827 :
3409 4773 3598 4829 Nonne

1622 4920 1709 4975 VA
1719 4919 1877 4974 RlAE
1919 4916 2317 4974 LECTIONES.

414 5041 431 5073 ¹
468 5039 510 5093 Β
537 5049 609 5093 est
635 5038 898 5093 dominus.
996 5040 1017 5070 ’
1043 5039 1082 5092 Β
1115 5039 1276 5093 illius.

340 5113 372 5164 .l
386 5127 540 5165 esum.

346 5183 387 5214 ι’
420 5181 507 5235 ΑΒ
537 5190 592 5234 ιιι
643 5187 969 5235 reverenter.

341 5253 455 5305 rad.
483 5266 625 5304 corr.
657 5248 755 5312 B';
791 5249 879 5303 AB
906 5261 1225 5305 cunctanter.

344 5321 428 5373 AB
458 5321 831 5374 deliberabant.
951 5322 991 5355 ³ο
1022 5320 1110 5375 Sic
1136 5321 1176 5374 (Σ
1202 5329 1255 5372 et
1283 5336 1426 5375 corr.
1459 5320 1551 5385 B';
1579 5320 1666 5374 ΑΒ
1695 5323 1821 5389 ipse.

1075 5182 1116 5213 ”
1154 5182 1193 5233 Β
1223 5198 1355 5234 com.
1436 5182 1479 5212 "‘
1517 5182 1579 5235 B'
1620 5198 1763 5237 corr.
1807 5191 1919 5233 tua.

344 5458 437 5511 rad
467 5475 609 5515 corr.
639 5477 690 5514 a.
768 5459 813 5491 "
853 5460 893 5513 Β
917 5480 1026 5531 per.

342 5552 554 5607 dicitur.
631 5556 676 5591 ”
704 5555 746 5609 Β
769 5557 785 5575 ⁶
815 5538 1205 5611 corn-Nonne.
1284 5555 1328 5585 ³⁰
1357 5556 1399 5609 Α
1433 5556 1675 5611 icrarciti.

1381 5041 1403 5072 ⁸
1429 5041 1695 5096 Christum
1726 5057 1835 5096 om.
1864 5039 1927 5104 C,
1959 5053 2101 5093 vers.
2137 5048 2189 5093 et
2222 5047 2355 5093 text.
2394 5053 2473 5106 gr.

618 5109 639 5141 ⁸
673 5108 826 5164 Corr.
859 5108 941 5173 B',
968 5114 1005 5164 Α
1040 5110 1092 5163 in
1125 5111 1471 5175 medietatem,
1499 5111 1538 5164 Β
1580 5112 2001 5166 imntcdietatem.

1325 5251 1367 5283 “
1401 5251 1489 5305 AB
1518 5254 1729 5312 esitant.
1754 5251 1816 5304 B‘
1848 5265 2008 5320 supra
2037 5248 2214 5303 adscr.
2246 5248 2491 5301 hesitant.

1325 5337 1426 5371 orr.
1459 5320 1551 5371 B':
1579 5320 1666 5371 ΑΒ
1695 5323 1821 5371 inse.
1920 5319 1965 5351 ”
1990 5319 2033 5371 Α
2061 5318 2215 5371 velut.
2292 5318 2334 5348 “
2371 5317 2409 5370 Β
2434 5334 2491 5371 ne

2061 5328 2215 5372 velut.

344 5391 460 5441 rad.
489 5407 630 5445 corr.
668 5391 907 5458 dei/icam
950 5391 1254 5454 sciemiam;
1301 5390 1341 5444 C
1383 5392 1655 5451 ostendens
1699 5388 1915 5459 quidem
1946 5406 2000 5456 q.
2044 5391 2099 5440 d.
2137 5396 2193 5441 et
2236 5388 2477 5455 deiﬁcam
2516 5388 2805 5441 scientiam.

1122 5460 1165 5490 ’⁷
1200 5459 1419 5513 inditam
1464 5455 1924 5523 illuminaiionem,
1968 5461 2064 5512 hoc
2092 5467 2165 5511 est
2207 5474 2309 5512 non
2340 5459 2414 5510 ita
2451 5468 2627 5527 petunt
2658 5487 2729 5497 —-
2757 5460 3129 5526 processionem
3171 5472 3301 5509 otn.‘
3323 5455 3383 5509 Β.

1756 5556 1797 5587 ³¹
1827 5555 2123 5609 extenditur
2148 5570 2255 5610 om.
2287 5554 2397 5619 AB,
2432 5554 2609 5611 addidi
2639 5569 2705 5610 cx
2739 5571 2881 5610 vers.
2907 5563 2961 5609 et
2991 5562 3119 5608 text.
3150 5568 3329 5624 graec.

2567 5036 2590 5069 ⁸
2616 5034 2863 5117 ,δῖοιΑΒς
2890 5046 3124 5117 γθιίεηοι
3152 5044 3284 5117 terit.
3316 5036 3599 5117 gr._ipsum

2078 5109 2100 5139 ⁸
2128 5108 2168 5161 Β
2193 5110 2288 5163 eis.
2363 5108 2382 5139 ⁷
2417 5108 2456 5160 Β
2483 5106 2906 5177 praclargienter.
2982 5108 3003 5140 ⁸
3031 5108 3072 5161 Α
3102 5109 3329 5177 quidem.
3403 5109 3424 5140 ⁹
3454 5107 3497 5159 Α
3524 5115 3595 5158 et.

2080 5179 2139 5230 Β·
2169 5194 2312 5230 corr.
2356 5187 2469 5230 tua.
2574 5175 2619 5207 “
2656 5176 2837 5230 Corn.
2868 5176 2957 5230 ΑΒ
2984 5180 3198 5230 seinsos.
3280 5177 3323 5206 ’⁵
3357 5176 3448 5230 Sic
3474 5174 3513 5228 C
3545 5182 3602 5227 et

2600 5176 2619 5205 "
2656 5176 2837 5239 Corn,
2868 5176 2957 5231 AB
2984 5176 3198 5246 seipsos.
3280 5177 3323 5206 ’⁵
3357 5176 3448 5231 Sic
3474 5176 3513 5228 C
3545 5182 3598 5227 et

2593 5247 2733 5318 "LB’
2762 5264 2921 5318 supra
2951 5249 3122 5302 adscr.
3153 5257 3246 5299 est.
3337 5247 3380 5287 ¹³
3419 5243 3598 5318 Cttnj_.,

2292 5318 2334 5348 “
2371 5317 2409 5370 Β
2434 5333 2543 5371 nec.
2621 5315 2667 5347 “
2692 5318 2730 5369 Β
2756 5312 3025 5379 cherubin,
3056 5318 3135 5371 sic
3162 5317 3375 5385 ubique.
3453 5315 3498 5344 ³³
3534 5312 3598 5366 Β·

2292 5388 2477 5438 ’ἰῆεηηι
2516 5388 2805 5438 scientiam.
2914 5387 2961 5418 "
2998 5405 3052 5438 se
3080 5402 3188 5438 om.
3225 5382 3284 5438 Β.
3380 5384 3427 5415 ²⁸
3466 5383 3521 5437 in
3561 5381 3604 5434 Β

2998 5405 3052 5442 se
3080 5402 3188 5439 om.
3225 5400 3284 5439 ὕ.
3381 5400 3427 5415 δ’
3466 5400 3521 5437 ιιι

3488 5452 3607 5507 Nu

1999 5179 2044 5210 ¹³
2080 5179 2139 5232 Β’
2169 5194 2312 5233 corr.
2356 5187 2469 5230 tua.
