3952 6156
1875 152 1949 181 EI

422 229 513 286 £91

1488 229 1988 290 EXPOSITIONES
2029 232 2308 288 JUANNIS
2347 232 2539 288 SCOTI

3563 236 3666 292 L92

421 343 600 399 Ambit
629 350 807 397 autem
852 352 1124 397 aeternam
1168 343 1478 405 scientiam,
1513 359 1616 397 non
1653 353 1710 397 ut
1753 345 1989 399 exterius
2017 348 2064 406 Α
2091 344 2470 396 excelsissimae
2492 344 2655 411 ipsius
2684 343 3083 398 illuminationis
3126 346 3425 398 eminentia.
3453 344 3664 402 Laudes

413 437 1038 500 eam‘circumscribat,
1092 435 1183 490 sed
1215 445 1273 488 ut
1325 435 1549 490 interius
1601 448 1720 488 eam
1774 435 1983 490 lustret.

413 523 688 592 Quaenam
726 535 970 580 creatura
1005 525 1106 589 sit,
1135 539 1272 593 quae
1310 534 1582 578 aeternam
1609 526 1690 580 sui
1717 525 1988 582 Creatoris

415 617 697 672 scientiam
721 618 927 671 ambire
951 617 1140 684 possit,
1172 631 1310 684 quae
1335 616 1515 670 omnia
1541 616 1682 670 intra
1711 633 1770 672 se
1795 617 1816 647 ’
1860 633 1987 672 con-

417 710 550 763 tinet
609 719 769 778 atque
815 706 1056 761 coartat?
1106 708 1411 762 Secundum
1457 707 1984 774 excellentissimam,

415 808 672 865 quantum
701 798 904 867 angelis
933 797 1262 860 conceditur,
1296 811 1510 865 semper
1536 797 1786 852 mobilem
1822 797 1988 852 collo-

412 889 711 951 cationem;
746 901 958 955 semper
986 887 1184 956 quippe
1235 887 1517 941 collocatio
1557 887 1703 956 ejus,
1748 888 1848 942 hoc
1877 898 1984 954 est,

410 988 584 1033 status
615 979 827 1033 mobilis
855 989 954 1039 est,
982 989 1034 1033 et
1065 988 1239 1033 motus
1267 979 1596 1034 collocabilis
1623 978 1981 1044 uniformiter,

408 1067 655 1121 videlicet
684 1068 913 1122 stabilis.
940 1067 1076 1134 Quid
1107 1070 1323 1132 mirum,
1358 1068 1484 1121 dum
1520 1079 1574 1120 et
1619 1066 1776 1134 hujus
1805 1068 1982 1122 sensi-

409 1158 529 1210 bilis
558 1159 817 1226 sphaerae
858 1157 878 1187 ³
915 1157 1122 1211 stabilis
1157 1169 1334 1210 motus
1379 1159 1466 1222 sit,
1496 1172 1748 1226 quoniam
1783 1157 1986 1211 unifor-

407 1249 568 1302 miter
598 1258 859 1312 movetur,
889 1256 942 1302 et
982 1257 1154 1301 status
1200 1247 1432 1312 mobilis,
1476 1249 1727 1316 quoniam
1773 1263 1986 1316 semper

407 1352 654 1394 movetur
697 1339 746 1393 ιε
782 1339 978 1394 Multas
1005 1340 1212 1412 quidem
1243 1349 1289 1393 et
1313 1341 1488 1393 beatas
1512 1340 1686 1394 videns
1711 1356 1839 1406 pure
1861 1356 1984 1392 con-

405 1430 802 1500 templationes,
853 1431 1064 1500 simplos
1109 1431 1130 1462 ⁸
1169 1447 1285 1484 vero
1328 1441 1373 1484 et
1422 1431 1717 1483 immediate
1757 1429 1983 1498 fulgores

404 1518 725 1582 illuminata,
748 1529 794 1572 et
829 1519 1003 1572 divino
1031 1518 1277 1572 alimento
1308 1518 1519 1586 repleta.
1544 1517 1757 1580 Multas,
1786 1517 1980 1584 inquit,

404 1615 460 1658 et
495 1606 681 1661 beatas
713 1607 944 1660 theorias
980 1607 1151 1675 prima
1186 1607 1448 1661 ierarcbia
1483 1621 1613 1675 pure
1656 1606 1817 1660 videt.
1864 1605 1984 1674 Ipsa

2089 433 2256 500 ipsius
2285 433 2444 497 dicit,
2483 433 2677 502 quibus
2713 434 2878 487 Deum
2921 433 3189 503 glorificat
3227 433 3525 502 theologia,
3562 437 3660 491 ho-

2087 524 2322 578 minibus
2351 525 2570 579 tradidit
2590 525 2654 576 ¹¹.
2679 523 2785 578 Alii
2805 525 3012 590 quidem
3029 526 3164 578 enim
3186 523 3328 594 ejus,
3351 527 3665 582 sensibiliter

2083 611 2252 665 dicere
2269 612 2331 676 ¹³,
2360 612 2462 667 hoc
2481 620 2596 676 est,
2621 613 2708 666 alii
2726 613 2939 681 quidem
2969 613 3258 682 participes
3281 611 3422 680 ejus,
3454 615 3662 682 primae

2088 701 2348 755 videlicet
2379 702 2676 757 ierarcbiae
2696 743 2710 766 ,
2750 703 3078 758 sensibiliter
3097 703 3276 758 dicere
3315 703 3409 757 u’a
3444 705 3490 736 "
3515 706 3668 761 theo-

2085 793 2220 863 logis
2247 797 2550 861 traduntur,
2579 807 2826 867 tanquam
2856 813 2954 851 vos:
2993 814 3248 867 aquarum
3279 797 3491 852 reboant
3518 815 3535 853 :
3561 798 3660 854 De-

2083 885 2288 939 nedicta
2327 885 2494 954 gloria
2519 885 2732 939 Domini
2768 902 2832 940 ea:
2856 886 2967 940 loco
3007 903 3100 940 suo
3139 885 3199 936 ”.
3226 885 3330 939 Alii
3353 905 3468 942 vero
3507 889 3656 943 illam

2085 974 2233 1027 valde
2254 974 2570 1028 laudabilem
2591 985 2640 1029 et
2659 976 2943 1043 piissimam
2972 976 3260 1030 reclamant
3288 977 3598 1047 theologiam
3638 997 3658 1033 :

2085 1063 2311 1119 Sanctus
2329 1105 2344 1130 ,
2373 1065 2622 1130 Sanctus,
2646 1063 2871 1120 Sanctus
2897 1066 3149 1120 Dominus
3177 1067 3312 1120 Deus
3333 1068 3376 1098 ”
3403 1067 3660 1131 Sabaoth,

2083 1153 2235 1222 plena
2259 1164 2333 1207 est
2356 1148 2525 1208 omnis
2548 1166 2686 1208 terra
2708 1155 2905 1224 gloriae
2934 1156 3068 1224 ejus.
3105 1155 3203 1210 Ubi
3235 1157 3509 1226 posuimus
3533 1160 3665 1227 piis-

2084 1244 2304 1308 simam,
2347 1246 2418 1299 ibi
2443 1246 2608 1300 etiam
2635 1245 3189 1310 honorabilissimam,
3222 1248 3302 1301 vel
3335 1249 3486 1304 valde
3524 1249 3656 1304 ado-

2085 1332 2308 1386 randam
2349 1335 2391 1366 ¹⁸
2420 1342 2598 1403 potest
2648 1336 3013 1404 interpretari.
3063 1337 3213 1403 Quod
3267 1349 3448 1393 autem
3498 1339 3660 1402 dicit,

2087 1424 2414 1478 scnsibiliter
2450 1439 2543 1479 eos
2576 1425 2759 1480 dicere
2794 1425 2857 1488 ι’.
2892 1443 2999 1481 non
3045 1426 3202 1482 facile
3250 1438 3427 1496 patet,
3477 1439 3659 1486 utrum

2085 1515 2246 1567 veluti
2273 1529 2366 1583 per
2397 1516 2658 1584 quaedam
2687 1516 2984 1586 spiritualia
3008 1533 3234 1588 corpora
3258 1519 3301 1548 ²⁰
3333 1519 3434 1572 sibi
3458 1535 3663 1575 conua-

2086 1602 2332 1656 turaliter
2357 1603 2608 1672 adjuncta
2625 1643 2640 1669 ,
2676 1604 2728 1658 iu
2772 1606 2968 1675 quibus
2994 1607 3158 1660 etiam
3181 1607 3433 1661 immanis
3456 1609 3660 1666 visibus

409 1696 627 1764 quidem
673 1697 852 1751 divina
883 1697 1144 1767 sapientia
1170 1737 1185 1762 ,
1218 1711 1378 1766 quam
1425 1696 1569 1750 clare
1613 1697 1979 1766 conspicatur,
2016 1699 2056 1756 Β
2085 1699 2398 1768 apparuisse
2443 1701 2622 1754 divina
2655 1703 2820 1756 tradit
2867 1704 3122 1767 historia,
3174 1706 3442 1775 praefatus
3472 1706 3661 1763 laudes

404 1785 682 1856 multiplex
707 1797 790 1842 est
815 1795 868 1840 et
895 1788 1070 1841 beata.
1112 1787 1374 1853 Quoniam
1403 1801 1532 1841 vero
1560 1787 1671 1856 ipsa
1701 1788 1980 1857 multiplex

403 1879 663 1948 sapientia
701 1879 891 1947 simpla
929 1888 1012 1934 est
1061 1888 1114 1934 et
1167 1880 1474 1943 individua,
1527 1889 1809 1950 propterea
1854 1883 1981 1936 sim-

401 1970 570 2038 plices
619 1985 744 2024 suos
787 1969 1023 2040 fulgores
1069 1971 1120 2024 in
1171 1971 1398 2040 primam
1443 1972 1692 2040 primitus
1735 1973 1982 2029 dilTundit

403 2048 744 2125 iei'archiam,
774 2063 968 2130 quibus
999 2061 1083 2114 illa
1114 2062 1464 2124 illuminatur,
1493 2078 1556 2116 ac
1600 2063 1760 2116 veluti
1799 2065 1979 2119 divino

402 2153 678 2214 alimento,
709 2154 840 2214 sive,
877 2163 931 2206 ut
954 2152 1165 2221 planius
1196 2151 1539 2214 transfertur,
1562 2153 1743 2206 divina
1775 2153 1978 2207 laetitia

399 2246 593 2299 satiata
631 2245 885 2314 repletur.
939 2243 1107 2296 Multa
1137 2244 1345 2313 quidem
1388 2244 1554 2312 primo
1595 2245 1716 2297 data
1752 2245 1974 2313 fusione,

397 2338 510 2389 sola
557 2353 673 2389 rero
713 2336 992 2389 dontestica
1020 2346 1066 2390 et
1092 2335 1286 2403 uni/ica
1313 2335 1517 2388 divinae
1550 2337 1842 2405 refectionis
1867 2339 1981 2390 uni.

397 2436 502 2478 tate
519 2442 536 2490 ;
565 2425 826 2494 multaque
856 2427 1216 2479 communione
1240 2425 1332 2479 Dei
1361 2435 1408 2480 et
1440 2427 1802 2496 cooperatione
1818 2428 1976 2497 digna

395 2515 578 2583 effecta
607 2516 675 2568 ad
699 2531 831 2580 eam,
865 2528 919 2569 ut
948 2517 1217 2586 possibile,
1245 2517 1585 2571 similitudine
1607 2519 1857 2572 bonarum
1883 2520 1978 2572 ha-

396 2603 689 2655 bitudinum
735 2615 782 2656 et
831 2606 1112 2658 actionum.
1150 2605 1450 2660 Verborum
1488 2609 1818 2661 constructio
1857 2608 1977 2661 talis

396 2701 518 2746 est:
555 2693 719 2762 Digna
749 2692 938 2747 effecta
963 2703 1046 2748 est
1075 2694 1240 2748 multa
1275 2695 1448 2764 primo
1484 2707 1609 2749 ante
1643 2695 1774 2750 alias
1800 2697 1972 2750 ierar-

397 2785 546 2838 chias
570 2785 777 2840 fusione
801 2786 1116 2854 sapientiae,
1142 2787 1255 2839 sola
1287 2801 1432 2850 vero,
1465 2788 1567 2841 hoc
1586 2796 1668 2840 est
1693 2786 1970 2856 singulari,

397 2877 712 2940 domestica,
755 2877 997 2944 proxima
1031 2876 1208 2945 plane,
1253 2885 1308 2930 et
1344 2876 1540 2930 unilica
1579 2875 1792 2929 divinae
1839 2876 1974 2929 refe-

397 2966 595 3020 ctionis
627 2967 862 3031 unitate;
912 2981 1017 3020 non
1048 2966 1193 3020 enim
1219 2967 1394 3020 omnis
1424 2967 1600 3020 unitas
1631 2967 1825 3021 unilica
1856 2976 1969 3031 est,

2084 1792 2358 1860 corporeis
2386 1793 2636 1848 sensibus
2663 1794 2904 1848 sensibili
2951 1810 3084 1850 voce
3133 1806 3409 1863 coaptatas
3449 1798 3661 1868 hymni-

2083 1882 2292 1946 zaut“,
2329 1897 2397 1935 an
2425 1883 2551 1952 quia
2583 1885 2910 1952 propheticis
2937 1885 3233 1940 visionibus
3261 1887 3332 1939 ita
3361 1902 3664 1956 apparuere

2081 1972 2245 2026 veluti
2277 1973 2580 2035 sensibiles,
2606 1975 2659 2028 in
2682 1975 3032 2040 similitudine
3054 1977 3299 2030 videlicet
3325 1978 3657 2033 sensibilium

2081 2076 2268 2116 vocum
2318 2063 2577 2132 prolatae.
2639 2065 3018 2120 Verumtamen
3085 2068 3462 2134 quoquomodo
3513 2067 3660 2136 sint,

2081 2155 2148 2206 ab
2173 2154 2554 2209 excelsissimis
2577 2156 2782 2223 primae
2825 2157 3122 2210 ierarcbiae
3151 2159 3398 2213 essentiis
3424 2174 3516 2213 eas
3541 2159 3661 2216 fieri

2082 2243 2360 2312 theologus
2392 2245 2491 2300 iste
2519 2254 2767 2300 testatur.
2810 2247 2899 2300 Ait
2924 2249 3066 2300 enim
3097 2265 3111 2301 :
3151 2248 3260 2302 llas
3289 2261 3462 2303 autem
3495 2251 3662 2304 excel-

2078 2337 2317 2389 sissimus
2350 2337 2647 2390 caelestium
2693 2339 2988 2392 animorum
3018 2341 3376 2409 hgmnologias
3403 2343 3516 2410 jam
3539 2345 3659 2412 qui-

2078 2426 2192 2477 dem
2219 2427 2273 2478 in
2294 2426 2375 2479 his
2415 2443 2550 2496 quae
2588 2437 2709 2480 sunt
2751 2428 2815 2481 de
2863 2429 3053 2482 divinis
3099 2429 3372 2495 laudibus,
3401 2443 3656 2500 quantum

2077 2515 2351 2582 possibile,
2391 2516 2721 2584 aperuimus,
2767 2527 2815 2570 et
2857 2517 3052 2570 dictant
3095 2528 3169 2572 est
3214 2520 3276 2572 de
3311 2519 3394 2575 his
3418 2523 3472 2574 in
3507 2522 3611 2574 illis
3636 2563 3652 2584 ,

2075 2615 2327 2674 quantum
2349 2606 2418 2657 ad
2433 2622 2536 2660 nos
2556 2646 2570 2671 ,
2598 2609 2908 2676 sufﬁcienter
2921 2625 2940 2672 ;
2964 2624 3028 2660 ex
3046 2610 3233 2676 quibus
3256 2609 3310 2662 in
3343 2610 3659 2663 admonitio-

2078 2711 2190 2747 nem
2222 2697 2404 2766 su/ﬁcit
2434 2697 2607 2750 dicere
2628 2705 2829 2750 tantum
2854 2699 3136 2751 secundum
3171 2715 3414 2764 praesens
3436 2710 3655 2765 tempus.

2079 2785 2152 2838 Ex
2203 2786 2302 2840 hac
2345 2788 2606 2841 sententia
2648 2803 2933 2857 possumus
2970 2803 3330 2858 cognoscere,
3367 2789 3431 2843 de
3457 2790 3658 2844 divinis

2076 2874 2321 2930 laudibus
2348 2877 2519 2946 ipsum
2539 2877 2841 2946 scripsisse,
2861 2878 3114 2946 quoniam
3145 2878 3196 2932 in
3221 2877 3357 2932 libro
3380 2879 3445 2934 de
3461 2879 3660 2934 divinis

2077 2966 2382 3020 horninibus
2405 2981 2472 3020 ex
2502 2967 2778 3022 amatoriis
2802 2968 3016 3037 hymnis
3045 2969 3214 3022 sancti
3232 2967 3465 3023 Jerothei
3495 2985 3660 3038 quae-

399 3062 504 3130 sed,
519 3061 631 3115 sola
658 3062 869 3128 divina;
905 3061 1178 3130 multaque
1202 3062 1578 3115 communione
1602 3060 1693 3114 Dei
1715 3069 1769 3114 et
1793 3076 1977 3129 coope-
2005 3058 2049 3120 C
2082 3059 2204 3110 dam
2236 3057 2562 3119 introduxit,
2595 3058 2646 3110 in
2675 3059 2872 3126 quibus
2895 3058 2960 3113 de
2989 3059 3281 3128 praedictis
3310 3058 3553 3113 laudibus
3581 3060 3663 3113 ni-

397 3153 610 3206 ratione
663 3153 822 3222 digna
877 3151 1038 3205 facta.
1094 3151 1226 3204 Eum
1267 3151 1464 3219 quippe
1513 3151 1687 3219 primo
1737 3152 1978 3205 omnium

399 3243 793 3304 communicat,
819 3241 921 3295 hoc
950 3249 1031 3295 est
1085 3240 1390 3309 participat,
1426 3239 1584 3308 eique
1617 3239 1639 3270 ‘
1664 3251 1983 3310 cooperatur

398 3333 449 3385 in
498 3331 960 3386 administratione
1006 3329 1379 3384 universitatis
1427 3329 1564 3382 infra
1609 3345 1668 3384 se
1710 3331 1977 3386 conditae.

395 3423 674 3488 Quomodo
716 3421 1080 3476 communicat
1124 3429 1178 3473 et
1221 3419 1585 3490 cooperator?
1622 3419 1676 3473 In
1735 3421 1982 3474 similitu-

398 3515 556 3576 dine,
603 3511 850 3566 videlicet
897 3511 961 3564 ad
1012 3527 1154 3572 eam,
1201 3511 1630 3567 communionem
1677 3511 1872 3582 plane,
1926 3521 1982 3565 et

402 3605 780 3672 cooperatione
826 3603 1084 3656 bonarum
1135 3601 1506 3656 habitudinqu
1559 3610 1614 3656 et
1664 3603 1933 3657 actionum
1963 3643 1978 3668 ,

398 3702 662 3760 quantum
697 3699 874 3760 potest
907 3691 1041 3744 lieri.
1091 3689 1146 3743 In
1207 3689 1560 3744 similitudine
1595 3689 1778 3758 itaque
1815 3691 1981 3744 bona-

399 3797 520 3834 rum
564 3780 978 3843 habitudinum,
1021 3779 1124 3832 hoc
1167 3788 1249 3831 cst
1291 3779 1577 3838 virtutum,
1613 3778 1784 3830 virtus
1836 3778 1979 3831 enim

396 3878 480 3920 est
506 3869 725 3922 habitus
763 3866 1041 3921 rationalis
1068 3877 1161 3920 aut
1188 3866 1568 3920 intellectualis
1611 3865 1806 3928 anitni,
1839 3874 1892 3918 et
1924 3867 1978 3919 in

397 3958 748 4012 similitudine
795 3958 1057 4011 bonarum
1107 3959 1377 4009 actionum
1424 3956 1788 4010 communicat
1837 3956 1976 4020 Deo,

395 4051 554 4117 eique
601 4057 944 4118 cooperatur.
1003 4046 1275 4116 Multaque
1317 4046 1613 4099 divinorum
1662 4048 1978 4114 superposite

395 4157 705 4210 cognoscens
725 4179 738 4204 ,
773 4148 819 4192 et
847 4139 1052 4191 divinae
1081 4138 1327 4191 scientiae
1355 4146 1402 4190 et
1427 4137 1736 4206 cognitionis
1764 4137 1817 4189 in
1849 4153 1975 4205 par-

394 4229 716 4296 ticipatione,
736 4228 1021 4280 secundum
1038 4227 1176 4292 quod
1199 4225 1281 4293 fas
1301 4236 1398 4288 est,
1419 4226 1575 4294 facta.
1601 4225 1868 4294 Factaque
1894 4235 1979 4280 est

394 4318 688 4372 secundum
735 4318 876 4386 quod
898 4316 1002 4379 fas,
1029 4317 1131 4370 hoc
1164 4324 1249 4369 est
1275 4316 1322 4380 ⁷,
1351 4314 1496 4378 licet,
1531 4324 1612 4368 est
1637 4315 1658 4346 ⁸
1687 4313 1892 4382 justum
1929 4318 1973 4379 ',

2083 3144 2156 3198 hil
2205 3154 2483 3198 tractatur.
2545 3144 2645 3201 Ubi
2690 3147 2970 3215 posuimus
3031 3147 3451 3202 admonitionem
3485 3148 3551 3208 “,
3582 3148 3658 3203 ibi

2081 3237 2365 3306 ὑπόμνησιν
2391 3236 2444 3289 in
2475 3235 2682 3290 Graeco
2701 3278 2716 3300 ,
2741 3237 2843 3291 hoc
2869 3244 2950 3291 est
2969 3277 2983 3302 ,
3013 3237 3433 3292 admonitionem
3464 3235 3546 3291 vel
3567 3251 3658 3291 re-

2082 3325 2474 3379 cordationem.
2507 3324 2714 3380 Sullicit
2736 3367 2751 3391 ,
2776 3327 2978 3395 inquit,
3005 3328 3138 3381 haec
3167 3343 3335 3396 pauca
3366 3342 3429 3382 ex
3462 3325 3660 3382 divinis

2083 3413 2331 3469 laudibus
2365 3417 2431 3470 ad
2460 3431 2714 3485 praesens
2759 3425 2967 3485 tempus
3018 3416 3070 3470 in
3120 3417 3540 3472 admonitionem
3573 3419 3660 3472 vel

2083 3507 2515 3561 recordationem
2560 3509 2761 3562 dicere.
2796 3507 2933 3573 Quia
2963 3508 3302 3577 theologicam
3318 3508 3364 3538 “
3389 3508 3661 3560 scientiam

2082 3599 2196 3667 ipsa
2224 3599 2394 3668 prima
2440 3599 2710 3668 dispositio
2725 3599 2796 3664 ",
2826 3610 3077 3668 quantum
3103 3599 3184 3666 fas
3207 3639 3221 3662 ,
3259 3598 3553 3652 illuminata
3582 3609 3659 3651 est

2082 3708 2113 3743 a
2129 3691 2422 3742 thearchica
2440 3690 2685 3753 bonitate,
2701 3689 2801 3743 hoc
2813 3699 2913 3753 est,
2934 3691 3059 3758 quia
3073 3690 3244 3758 prima
3263 3689 3526 3743 ierarcbia
3546 3689 3663 3742 illu-

2082 3784 2285 3835 minata
2316 3791 2399 3834 est
2429 3781 2480 3834 in
2513 3780 2871 3850 theologicam
2921 3780 3202 3833 scientiam
3233 3780 3301 3832 ab
3337 3779 3448 3847 ipsa
3479 3778 3659 3832 divina

2082 3873 2342 3927 bonitate.
2373 3873 2438 3925 Et
2465 3887 2531 3925 ne
2563 3871 2777 3925 mireris
2806 3871 3265 3926 constructionem
3303 3885 3317 3922 :
3360 3870 3659 3923 illuminata

2083 3962 2437 4032 theologicam
2495 3962 2812 4027 scientiam;
2877 3970 2959 4015 est
3017 3961 3164 4015 enim
3227 3969 3374 4023 rata,
3431 3961 3663 4014 dicimus

2080 4052 2277 4120 quippe
2303 4051 2575 4105 illuminor
2602 4051 2648 4082 "
2670 4068 2699 4104 a
2728 4060 2780 4105 te
2808 4059 3003 4114 artem,
3027 4051 3195 4105 doceo
3225 4057 3275 4104 te
3298 4049 3655 4119 disciplinam.

2083 4138 2201 4204 Qua
2224 4149 2473 4208 tanquam
2501 4140 2770 4209 deiformis
2797 4141 3055 4194 ierarcbia
3081 4150 3130 4194 et
3158 4140 3277 4193 aliis
3298 4140 3505 4210 quidem
3536 4156 3652 4192 ean-

2080 4232 2197 4284 dem
2219 4231 2401 4285 deinde
2421 4233 2672 4296 tradidit;
2700 4233 2803 4288 hoc
2823 4243 2906 4287 est
2932 4251 2944 4285 :
2969 4249 3035 4286 ex
3061 4249 3164 4301 qua
3191 4234 3371 4287 divina
3389 4234 3627 4286 bonitate
3647 4274 3663 4296 ,

2083 4321 2166 4374 vel
2189 4331 2245 4374 ut
2267 4321 2480 4390 planius
2501 4321 2850 4388 transfertur,
2879 4338 2946 4377 ex
2973 4324 3158 4377 eadem
3184 4323 3364 4377 divina
3387 4323 3662 4388 bonitate;

398 4411 451 4465 in
501 4410 911 4480 participatione
959 4407 1172 4461 divinae
1214 4407 1478 4462 scientiae
1525 4415 1580 4460 et
1621 4407 1972 4476 cognitionis,
2007 4394 2054 4452 D
2083 4420 2338 4480 tauquam
2389 4411 2697 4476 deiformis;
2741 4413 3191 4482 quemadmodum
3239 4413 3438 4482 quippe
3481 4412 3665 4466 divina

397 4515 757 4569 cognoscens,
794 4500 919 4552 dum
940 4497 1236 4567 cognoscit,
1263 4497 1729 4566 supereminenter
1748 4495 1913 4549 multa
1931 4495 1973 4526 ¹⁰

392 4589 1064 4655 divinorum,subauditur
1090 4587 1478 4661 intellectuum.
1506 4586 1761 4655 Sequitur
1795 4603 1806 4637 :
1845 4584 1975 4638 Pro-

392 4691 569 4750 pterea
595 4688 643 4734 et
687 4679 868 4731 laudes
891 4677 1054 4747 ipsius
1094 4675 1351 4744 theologia
1392 4676 1504 4736 his,
1553 4674 1641 4744 qui
1672 4675 1727 4726 in
1769 4674 1971 4726 terra“

395 4787 555 4837 sum,
599 4769 852 4835 tradidit,
915 4769 971 4822 in
1028 4767 1214 4838 quibus
1261 4765 1570 4820 mirabiliter
1608 4764 1974 4833 manifestatur

2081 4500 2297 4554 bonitas
2325 4499 2625 4556 conformat
2647 4503 2826 4556 omnia
2847 4542 2863 4566 ,
2888 4503 2958 4556 ita
2981 4511 3034 4556 et
3058 4504 3171 4573 ipsa
3195 4505 3368 4572 prima
3395 4504 3664 4558 ierarcbia

2082 4601 2384 4645 ceterarum
2411 4593 2747 4660 sequentium
2773 4607 2831 4647 se
2859 4592 3136 4648 deiformis
3161 4602 3245 4648 est
3263 4633 3279 4658 ,
3304 4594 3404 4648 hoc
3426 4601 3538 4657 est,
3565 4608 3664 4647 eas

2083 4683 2221 4735 sicut
2254 4681 2397 4736 Deus
2428 4681 2654 4746 format;
2703 4691 2759 4736 et
2805 4681 2925 4736 aliis
2953 4683 3168 4750 quidem
3215 4683 3440 4736 eandem
3471 4682 3666 4737 deinde

2083 4770 2333 4834 tradidit,
2385 4771 2439 4826 id
2485 4780 2604 4836 est,
2649 4773 2877 4827 eandem
2925 4773 3160 4827 divinam
3191 4774 3528 4836 bonitatem,
3557 4789 3669 4844 qua

1680 4873 1938 4929 VABIAE
1976 4875 2106 4934 LEC
2115 4880 2381 4936 TIONES.

475 4973 492 5003 ⁸
516 4975 560 5026 Α
584 4986 722 5025 eum.
795 4969 816 5000 '
847 4987 900 5024 se
921 4984 1030 5024 om.
1059 4969 1122 5023 Β.
1228 4969 1248 5001 ³
1269 4969 1359 5022 ΑΒ
1379 4984 1543 5037 spere.

400 5058 540 5097 corr.
567 5051 737 5111 atque.
811 5042 830 5072 "
861 5041 902 5093 Β
925 5041 1061 5110 quod
1087 5043 1181 5094 hoc
1204 5039 1284 5108 fas
1309 5050 1403 5101 est,
1432 5038 1491 5090 B‘
1515 5038 1691 5092 adscr.
1714 5052 1855 5090 corr.
1877 5038 2014 5106 quod
2039 5039 2120 5108 fas
2146 5038 2216 5095 eat
2240 5041 2321 5126 [as
2343 5050 2438 5094 est.

396 5138 792 5208 participatione
835 5135 1120 5208 secundum
1143 5135 1282 5208 quod
1312 5133 1392 5200 [as
1425 5143 1520 5208 est,
1551 5132 1670 5208 _hoc
1701 5141 1788 5208 est
1825 5131 1942 5208 licet
1971 5119 2829 5208 etinjustuminparticipatione
2843 5141 2958 5208 cet.

1083 5152 1120 5187 νη
1180 5152 1280 5188 ttoa
1312 5152 1392 5200 I08
1425 5152 1520 5196 εει,
1574 5152 1670 5184 noc
1715 5152 1788 5184 εει
1825 5152 1941 5184 ιισει
1971 5152 2015 5184 ει
2042 5152 2295 5199 τηλιιδιιιηι
2320 5152 2372 5184 ιη
2399 5152 2712 5200 ρδτιιριιιιιιυ

1083 5152 1191 5258 “(lt
1218 5206 1378 5258 intra.
1481 5203 1522 5232 “
1545 5203 1598 5254 in
1625 5201 1808 5270 quibus
1836 5202 2144 5255 mirabiliter
2177 5231 2246 5240 —
2269 5201 2486 5253 tradidit
2509 5216 2616 5253 om.
2654 5199 2712 5252 Β.

1249 5274 1291 5304 ⁸⁸
1322 5272 1492 5327 Verba
1520 5286 1679 5340 supra
1718 5271 1916 5325 omissa
1953 5288 1964 5324 :
1999 5273 2052 5323 in
2080 5272 2264 5338 quibus
2301 5270 2608 5324 mirabiliter
2657 5299 2725 5308 —
2753 5271 3033 5325 eminentia
3075 5273 3116 5326 Β
3158 5273 3224 5325 ad
3257 5287 3427 5340 marg.
3459 5273 3671 5334 adser.,

1622 5367 1662 5397 "’
1689 5365 1778 5420 Sic
1798 5365 1906 5425 AB,
1942 5366 1993 5418 in
2021 5366 2228 5420 Graeco
2257 5366 2377 5425 Θεὸς
2411 5367 2579 5419 deest.

1867 5438 1909 5466 "
1935 5437 2321 5503 ABymnizant,
2341 5437 2414 5489 sic
2433 5438 2646 5503 ubique.

1951 5505 1995 5535 ’ί
2023 5505 2114 5558 Sic
2143 5505 2183 5558 (ἶ
2210 5516 2258 5558 et
2291 5522 2433 5559 corr.
2464 5506 2547 5569 B‘,
2577 5505 2662 5558 ΑΒ
2691 5507 2961 5575 άεροεὶῖίο.

396 5201 701 5260 eminentem
734 5201 972 5259 multum.
1083 5206 1123 5236 “
1147 5201 1191 5258 Ᾱ
1218 5206 1378 5258 intra.

395 5277 635 5330 dicendo.
739 5276 782 5306 ¹⁵
813 5277 853 5329 Β
875 5277 969 5329 hoc
991 5285 1063 5364 est
1094 5293 1145 5328 α.

397 5374 489 5427 sed
519 5373 649 5427 falso
677 5373 779 5426 huc
807 5351 1085 5425 ingerenda
1108 5383 1226 5423 esse
1253 5366 1528 5421 indicavit.

397 5456 520 5495 tum.
598 5443 638 5473 "
662 5441 700 5494 Β
733 5443 903 5493 dicere
923 5456 1030 5492 eos.
1106 5440 1150 5469 ²⁰
1175 5439 1445 5506 Bcorpora
1467 5436 1782 5506 spiritualia.

393 5514 522 5580 quia
557 5512 722 5584 ipsum
753 5509 1090 5578 theologicam
1118 5504 1337 5578 (puncta
1367 5505 1424 5558 B'
1452 5504 1554 5572 adj.
1590 5505 1847 5577 videtur).

1643 4966 1666 4997 ⁸
1691 4975 1738 5020 et
1767 4977 1934 5020 status
1950 4967 2155 5040 mobilis
2171 4971 2414 5040 quoniam
2433 4985 2632 5040 semper
2656 4979 2888 5040 movetur
2917 4985 3027 5024 om.
3045 4969 3106 5023 Β.

3184 4971 3205 5002 ⁵
3233 4969 3324 5025 Sic
3352 4971 3457 5024 AB.
3559 4971 3579 5000 ⁶
3604 4972 3670 5025 Β·

3072 5041 3096 5075 ⁸
3121 5039 3182 5092 Β⁶
3214 5043 3389 5095 adscr.
3416 5049 3510 5094 est.
3540 5041 3579 5094 Ο
3614 5044 3673 5096 in

3075 5133 3116 5162 ¹⁰
3149 5131 3240 5186 Sic
3270 5132 3332 5196 C,
3365 5130 3453 5184 AB
3479 5149 3672 5197 super-

3085 5218 3192 5252 om.
3229 5201 3290 5252 B.
3370 5202 3412 5231 “
3437 5201 3492 5252 B‘
3519 5216 3670 5252 corr.

3519 5216 3670 5255 COTI‘.

2539 5039 2560 5069 “
2581 5038 2762 5108 Conj.,
2805 5037 2894 5091 ΑΒ
2918 5049 2988 5092 et.

2816 5201 2861 5232 ¹³
2889 5203 3061 5255 dicere
3085 5218 3192 5255 om.
3229 5201 3290 5254 Β.

2680 5366 2720 5397 ¹⁸
2749 5365 2926 5429 SicC,
2954 5375 3004 5420 et
3035 5382 3176 5422 corr.
3209 5365 3292 5427 B',
3325 5367 3411 5419 ΑΒ
3441 5367 3673 5419 adomn-

2725 5438 2769 5467 ”
2792 5438 2848 5490 B'
2871 5453 3013 5490 eot'r.
3037 5438 3478 5489 mumonitianent.
3557 5437 3610 5466 ³³
3633 5438 3674 5489 Β

3048 5508 3093 5537 ’⁸
3119 5507 3272 5560 Curr.
3307 5507 3390 5570 B',
3416 5505 3500 5557 AB
3537 5504 3671 5559 illuo

401 5601 562 5669 mino,
590 5603 649 5657 B‘
685 5621 850 5675 marg.
887 5605 1062 5659 adscr.
1099 5603 1175 5658 rel
1215 5601 1446 5655 erudiar.
1479 5599 1518 5654 (ἰ
1549 5600 1784 5654 illaut-in
1834 5611 1880 5653 te
1922 5609 2104 5653 artem.

3051 5692 3105 5710 π..
