3952 6156
245 332 338 388 liis

1085 327 1311 384 SUPER
1354 324 1775 384 IERARCHIAM
1813 325 2112 382 ΟΠΞῌίδῖ
2133 331 2220 384 Ell
2262 332 2318 386 S.
2367 333 2676 392 DlOXYSll.

3394 349 3409 399 Ι
3423 349 3491 402 5ὶῶ

237 455 411 512 oritno
450 448 808 512 il'uminatur,
855 447 974 501 aliis
1009 448 1236 510 deinde,
1268 447 1618 515 sequentibus
1667 444 1812 497 vidc-
1843 443 1895 500 Α
1925 442 2180 501 {eiiiiuino
2207 446 2408 513 διιῖσα,
2441 453 2581 521 quod
2631 454 2869 510 nascitur
2909 470 2938 510 a
2976 457 3138 512 verbo
3171 468 3357 531 όιειμι,
3391 463 3492 516 huc

238 544 359 597 licet
387 554 483 598 se.
523 538 820 594 distribuit.
849 536 992 590 Illud
1015 553 1106 605 per
1136 537 1435 590 breuitatem
1476 535 1651 588 dicere
1691 534 1814 588 sub-

234 632 601 691 introducens,
633 631 734 684 hoc
763 636 882 690 est,
911 626 1038 682 illud
1067 626 1300 681 breviter
1329 625 1512 679 dicere
1539 623 1812 678 subintro-

232 720 379 776 tlucit
409 721 526 788 ipsa
563 717 860 780 ierarchia,
892 717 1059 785 ipsam
1092 712 1110 748 ί
1143 715 1433 785 piissimam
1454 723 1498 766 et
1521 713 1636 784 plus
1657 729 1814 782 quam

232 810 555 864 laudabilem
585 819 633 861 et
670 806 1145 874 laudabilissimam
1185 806 1506 860 tltearcliiam
1530 805 1612 875 fas
1631 816 1704 857 est
1731 803 1816 858 be-

233 899 534 952 nedictam'
574 913 684 950 esse
721 910 755 949 a
805 894 1166 959 theodochis’,
1215 903 1470 964 quantum
1514 891 1810 962 possibile‘,

233 990 472 1060 cognosci
497 998 544 1041 et
569 987 783 1040 laudari
802 1025 818 1050 ,
841 985 1222 1050 intellectibus;
1264 985 1364 1052 ipsi
1385 985 1521 1038 enim
1547 994 1666 1037 sunt
1698 992 1815 1037 tan-

230 1098 384 1151 quam
426 1080 710 1154 deiformes
755 1071 918 1132 divini
959 1077 1062 1131 loci
1103 1077 1462 1140 tlt'earclticae,
1506 1087 1560 1131 ut
1608 1076 1813 1146 eloquia

232 1171 398 1236 aiunt,
424 1169 634 1240 quietis.
670 1166 782 1223 Hoc
804 1177 886 1222 est
908 1207 924 1232 ,
954 1167 1150 1236 inquit,
1195 1167 1337 1236 quod
1366 1167 1601 1223 breviter
1629 1167 1814 1222 subin-

232 1263 470 1316 troducit
497 1261 672 1332 prima
701 1259 1000 1323 ierarchia,
1029 1259 1173 1329 quod
1212 1258 1292 1314 fas
1317 1268 1402 1314 est
1439 1268 1492 1313 et
1519 1259 1605 1314 lex
1636 1269 1692 1315 et
1733 1259 1814 1332 jus

233 1362 392 1407 stum.
438 1351 618 1422 Ipsam
655 1351 976 1421 piissimam.
1022 1351 1105 1405 vel
1153 1349 1698 1416 honorabilissimam,
1731 1351 1814 1405 vel

235 1441 381 1496 valde
411 1439 746 1494 adorandam
766 1480 781 1506 ,
804 1446 860 1492 et
903 1438 1382 1508 superlaudabilem
1419 1449 1472 1494 et
1501 1440 1813 1496 laudabilis-

235 1531 422 1586 simam
451 1529 801 1605 Disinitatem
821 1525 902 1583 fas
944 1536 1028 1584 est
1055 1527 1572 1604 benediclam'esse
1598 1545 1628 1583 a
1667 1531 1814 1585 theo-

237 1623 418 1679 xlochis
458 1619 846 1680 intellectibus.
869 1635 932 1674 ex
957 1619 1339 1688 recipientibus
1367 1620 1615 1676 videlicet
1643 1623 1808 1676 Deum

237 1705 626 1766 intelleCtibus.
660 1699 765 1774 ipsi
793 1703 936 1757 enim
963 1691 1302 1770 intellectus,
1339 1707 1431 1775 qui
1480 1705 1644 1761 Demn
1676 1724 1814 1765 lcul-

238 1793 412 1861 piunt,
458 1801 722 1861 tanquam
773 1790 1064 1849 deil‘ormes
1107 1793 1274 1848 divini
1304 1794 1408 1850 loci
1438 1805 1563 1851 sunt
1599 1799 1812 1856 divinae

236 1879 463 1946 quietis,
499 1887 562 1932 nt
589 1888 775 1933 sancta
807 1888 1077 1936 testantur
1103 1877 1338 1952 eloquia.
1383 1883 1441 1938 ln
1487 1885 1619 1955 ipsis
1645 1887 1812 1957 siqni-

237 1971 344 2026 dem
375 1969 523 2026 Deus
550 1971 803 2040 quiescit.
834 1970 1186 2028 Tlieodochos
1211 1983 1392 2030 autem
1429 1977 1625 2032 dicitur
1655 1977 1809 2049 quasi

236 2063 334 2119 θεοῦ
357 2063 550 2134 δοχὸς,
578 2063 680 2118 hoc
703 2071 806 2128 est,
831 2063 924 2117 Dei
956 2074 1221 2136 receptor.
1245 2059 1363 2134 Quo
1393 2069 1610 2125 nomine
1633 2065 1813 2126 omnis

237 2169 392 2224 pums
427 2155 649 2209 aninms
685 2155 799 2208 sive
840 2155 1109 2210 humanus
1151 2159 1266 2214 sive
1311 2157 1586 2230 angelicas
1633 2151 1812 2231 potest

238 2248 429 2302 vocari.
459 2247 517 2301 ιη
550 2247 682 2317 ipsis
719 2247 864 2302 enim
893 2234 1102 2303 duobus
1133 2237 1272 2305 Deus
1297 2252 1548 2320 quiescit.
1585 2253 1649 2306 Et
1683 2257 1810 2324 quia

238 2355 408 2392 nonas
429 2349 509 2391 est
535 2349 583 2392 et
604 2337 626 2368 ‘
649 2337 846 2404 unitas,
868 2349 971 2393 tres
993 2341 1426 2396 substantialiter.
1457 2342 1566 2400 lloc
1593 2361 1809 2416 quoque

237 2428 626 2483 subintroducit
649 2418 669 2458 θ
696 2429 1046 2498 sequentibus
1070 2445 1130 2486 se
1148 2426 1432 2486 ierarchiis
1455 2434 1626 2502 prima
1645 2431 1808 2490 ierar-

237 2523 344 2576 chia
371 2520 664 2586 caelestis,
690 2522 833 2590 quod
862 2520 1136 2576 tbearcbia
1155 2563 1168 2588 ,
1199 2523 1253 2578 id
1283 2533 1366 2578 est
1385 2525 1667 2591 Divinitas,
1699 2525 1810 2583 mo-

235 2621 376 2686 nas',
425 2621 532 2676 hoc
561 2629 650 2674 est
677 2619 886 2683 unitas;
917 2629 1026 2673 tres
1074 2603 1520 2686 substantialiter,
1545 2614 1807 2678 Divinitas

233 2714 420 2784 quippe
445 2713 634 2766 unitas
665 2707 748 2766 est
770 2712 821 2766 in
849 2709 1082 2767 essentia
1103 2752 1118 2777 ,
1143 2713 1358 2770 trinitas
1385 2715 1436 2768 in
1463 2715 1799 2773 substantiis.

230 2802 365 2858 later
398 2803 638 2858 monada
681 2812 859 2858 autem
899 2812 952 2858 et
997 2803 1202 2870 enada,
1233 2807 1480 2875 quamvis
1521 2808 1662 2877 apud
1709 2824 1806 2864 nos

231 2909 380 2947 unam
411 2894 657 2949 habeant
697 2895 1233 2964 interpretationem,
1269 2911 1458 2952 monas
1500 2899 1641 2953 enim
1673 2899 1804 2954 dici-

231 2994 310 3038 tur
353 2985 574 3050 unitas,
618 2985 870 3040 similiter
909 3001 1041 3042 enas
1089 2987 1298 3051 unitas,
1341 2987 1462 3042 talis
1503 2989 1802 3046 differentia

1918 544 1996 589 est
2041 540 2298 606 pervenio
2326 540 2367 572 ¹’⁸
2391 543 2471 595 vel
2487 552 2737 622 penetro;
2771 545 2872 601 hoc
2901 547 3046 602 enim
3073 558 3296 618 propter
3323 549 3466 605 facili

1922 635 2084 683 tatem
2113 631 2499 703 intelligentiae
2537 635 2636 690 feci
2655 637 2718 690 ’⁵.
2749 637 2854 693 Sed
2884 639 2930 694 si
2958 640 3081 710 quis
3104 642 3491 712 proprietatem

1921 719 2384 792 interpretationis
2406 727 2556 796 sequi
2587 729 2850 796 voluerit,
2878 746 2974 802 pro
2995 733 3293 788 extendens
3319 743 3496 804 potest

1918 813 2099 868 dicere
2127 816 2470 884 pervenire“
2499 817 2581 871 vel
2605 829 2886 888 penetrare
2918 820 3120 876 faciens
3142 862 3158 888 ,
3189 833 3247 877 ut
3275 825 3398 878 talis
3425 824 3494 880 sit

1919 918 2140 958 sensus:
2166 905 2211 958 A
2237 906 2722 984 supercaelcstibus
2745 911 2995 966 essentiis
3019 929 3186 983 usque
3213 917 3279 969 ad
3310 919 3490 988 novis-

1917 994 2054 1046 sima
2089 1003 2264 1050 terrae
2285 997 2582 1052 bonitatem
2605 1015 2776 1064 suam,
2822 1002 2924 1059 hoc
2964 1013 3051 1074 est.
3075 1007 3497 1075 providentiam,

1917 1088 2119 1153 omnia,
2147 1105 2286 1159 quae
2314 1099 2458 1154 sunt,
2505 1103 2792 1162 penetrare
2833 1093 2982 1150 facit.
3012 1095 3282 1167 Tanquam
3325 1103 3495 1156 omnis

1915 1180 2167 1234 essentiae
2193 1183 2630 1252 superprincipale
2656 1185 2968 1256 principium
3005 1197 3051 1240 et
3082 1203 3242 1262 causa
3262 1231 3276 1254 ,
3319 1195 3495 1246 omnia

1915 1272 2416 1343 superessentialiter
2468 1275 2880 1348 immensurabili
2915 1279 3231 1332 continentia
3274 1282 3495 1337 circum—

1915 1358 2106 1430 ligans.
2131 1359 2247 1416 Non
2273 1363 2546 1428 inmerito,
2570 1355 2768 1435 inquit,
2791 1365 3127 1436 providentia
3171 1369 3286 1439 ejus
3309 1382 3495 1426 cxten-

1915 1451 2063 1508 ditur
2093 1452 2146 1506 in
2167 1454 2348 1508 omnia
2369 1496 2385 1521 ,
2418 1456 2502 1510 vel
2533 1466 2780 1527 penetrat
2799 1459 3002 1514 omnia.
3028 1460 3121 1514 Est
3145 1461 3290 1516 enim
3319 1466 3496 1518 omnis

1915 1544 2186 1599 essentiae
2275 1548 2728 1616 superessentiale
2814 1550 3170 1620 principium,
3239 1561 3296 1607 et
3375 1570 3460 1608 om

1915 1634 2003 1688 nia
2064 1635 2589 1705 superessentialiter
2665 1637 3090 1693 immensurabili
3167 1639 3494 1695 continentia

1919 1721 2279 1796 circumligat.
2329 1724 2429 1782 Ubi
2475 1725 2745 1792 similiter,
2796 1736 2854 1782 ut
2913 1729 3122 1786 facilius
3175 1729 3496 1802 intelligere-

1849 1784 1890 1845 Β
1920 1821 2026 1878 tur,
2084 1815 2466 1887 circumligatus
2519 1819 2766 1872 transtuli
2818 1834 2916 1890 pro
2961 1835 3161 1890 graeco
3211 1821 3494 1892 participio

233 3075 435 3132 videtur
465 3079 730 3134 interesse
749 3119 764 3141 ,
797 3078 940 3148 quod
971 3095 1158 3136 monas
1184 3079 1256 3135 sit
1282 3082 1496 3152 proprie
1526 3083 1639 3152 ipsa
1684 3085 1800 3138 nni-
1835 3139 1870 3155 η

230 3177 336 3233 tas,
379 3183 451 3223 ex
495 3183 606 3238 qua
651 3183 840 3223 omnes
871 3169 1076 3224 numeri
1122 3172 1448 3241 procedunt,
1478 3173 1798 3245 principium

227 3260 416 3330 quippe
446 3268 503 3314 et
529 3274 692 3314 causa
719 3268 804 3314 est
826 3259 990 3314 totius
1015 3261 1438 3324 numerositalis,
1465 3276 1596 3317 cnas
1617 3263 1638 3292 ο
1673 3279 1803 3318 vero

229 3357 302 3402 est
319 3349 434 3418 ipsa
455 3349 646 3412 unitas
661 3348 1086 3404 substantiarum
1104 3351 1218 3406 sive
1233 3350 1284 3404 in
1299 3353 1737 3419 superessentiali
1757 3339 1801 3387 ίθ

228 3442 455 3495 essentia
477 3481 492 3504 ,
521 3457 665 3510 quae
693 3441 836 3496 Deus
863 3449 981 3507 est,
1011 3443 1126 3498 sive
1163 3443 1216 3497 in
1245 3445 1564 3514 generibus,
1603 3447 1716 3501 sive
1751 3449 1800 3502 in

230 3534 438 3596 formis,
467 3543 522 3586 et
547 3533 870 3602 simpliciter
899 3533 953 3587 in
983 3533 1234 3589 omnibus
1255 3575 1270 3598 ,
1313 3549 1452 3603 quae
1481 3551 1638 3588 unam
1669 3551 1800 3591 ean-

228 3625 450 3696 demque
477 3626 807 3695 participant
829 3626 1138 3680 essentiam.
1167 3625 1354 3681 Divina
1383 3627 1562 3696 itaque
1589 3629 1802 3685 bonitas

229 3732 409 3772 inonas
427 3726 537 3782 est,
560 3717 816 3786 quoniam
840 3717 1164 3786 principium
1186 3727 1240 3771 et
1266 3733 1429 3772 causa
1455 3726 1537 3774 est
1557 3719 1798 3774 omnium

227 3817 357 3877 quae
403 3817 564 3874 sunt,
602 3809 793 3863 enas“
839 3818 1054 3872 autem,
1085 3809 1338 3882 quoniam
1367 3811 1550 3866 unitas
1573 3811 1713 3866 est“
1747 3813 1798 3866 in

229 3899 393 3952 tribus
415 3899 740 3953 substantiis
759 3939 774 3962 ,
806 3907 859 3952 et
893 3907 1002 3952 tres
1028 3899 1362 3954 substantiae
1391 3899 1444 3954 in
1476 3901 1682 3956 unitate
1708 3917 1799 3976 es-

225 3989 446 4043 sentiae.
471 3989 515 4040 Α
543 3987 1007 4057 supercaelestibus
1046 3991 1280 4042 essentiis
1331 3989 1491 4059 usque
1523 3992 1593 4044 ad
1631 3992 1800 4046 novis-

223 4078 348 4131 sima
367 4080 412 4112 ⁸³
432 4089 605 4132 terrae
624 4080 905 4134 extritdens
929 4079 1203 4133 bonitatem
1226 4097 1376 4133 suam
1399 4081 1453 4134 in
1471 4083 1645 4136 omnia
1667 4101 1799 4154 quae

225 4180 336 4223 sunt
359 4170 758 4239 procidentiam.
790 4169 902 4224 Hoc
933 4169 1057 4224 item
1086 4170 1254 4239 prima
1295 4170 1564 4228 ierarchia
1595 4173 1648 4228 in
1683 4175 1798 4228 lau-

225 4259 340 4314 dem
367 4260 679 4314 Divinitatis
707 4257 1130 4323 subintroducit,
1159 4260 1301 4330 quod
1333 4276 1360 4314 a
1393 4261 1796 4320 sublimissimis

225 4351 544 4406 caelestibus
572 4351 824 4406 essentiis
855 4363 1026 4420 usque
1072 4351 1140 4404 ad
1184 4351 1474 4406 novissima
1507 4361 1684 4408 terrae
1718 4354 1798 4408 in~

226 4441 704 4496 tenditbonitatem
719 4456 890 4503 suam,
910 4440 1162 4495 videlicet
1190 4442 1240 4495 in
1257 4443 1459 4506 omnia,
1481 4458 1620 4512 quae
1642 4455 1792 4510 sunt,

225 4533 633 4598 providentiam.
664 4531 730 4586 Et
758 4546 917 4586 nemo
945 4532 1261 4597 arbitretur,
1290 4548 1372 4587 me
1404 4549 1498 4604 per
1541 4536 1798 4604 ignoran-

227 4623 348 4677 tiam
374 4625 720 4679 transmlisse
746 4641 760 4680 :
787 4625 1102 4690 extendens,
1133 4639 1230 4695 pro
1275 4641 1472 4695 graeco
1516 4628 1796 4698 participio

1830 4489 1874 4547 ἰ)

1914 1901 2380 1980 περιδιδραγμένη,
2430 1907 2574 1978 quod
2623 1909 2839 1978 proprie
2885 1909 3270 1981 interpretatur
3313 1913 3496 1983 palmo

1915 1995 1998 2049 vel
2020 2011 2199 2068 pugno
2214 1999 2696 2068 comprehendens.
2718 2000 2866 2056 Finit
2883 2003 3172 2074 capitulum
3193 2005 3488 2076 septimum.

1915 2085 2106 2155 Incipit
2135 2100 2391 2145 octavum.

2359 2204 2456 2260 CA
2479 2195 2846 2264 PlTULUM
2888 2197 3048 2265 Vill.

2387 2318 2552 2388 Cujus
2581 2319 2845 2404 praefatio
2869 2334 2953 2378 est
2992 2319 3010 2380 ἐ

1913 2409 1988 2479 De
2016 2424 2537 2504 Dominationibuset
2572 2429 2862 2504 Virtutibus
2890 2444 2937 2504 et
2965 2425 3318 2496 Potestatibus
3356 2442 3492 2498 etde

2333 2500 2506 2554 media
2528 2513 2709 2555 earum
2738 2500 2998 2556 ierarcltia
3015 2518 3064 2558 α.

1982 2611 2010 2682 ς
2044 2613 2094 2666 l.
2139 2611 2533 2668 Transeundum
2577 2611 2716 2670 nunc
2761 2611 2908 2672 nobis
2949 2615 3002 2675 in
3032 2621 3072 2652 "
3115 2618 3338 2678 mediam
3369 2643 3487 2680 cae-

1907 2703 2115 2758 lestium
2138 2704 2488 2760 intellectuun:
2518 2699 2922 2778 expositionem,
2950 2711 3344 2771 Dominntiones
3367 2718 3486 2773 illas

1905 2797 2345 2868 supermundanis
2393 2797 2576 2864 oculis,
2615 2809 2871 2870 quantum
2914 2804 3161 2883 possibile
3186 2817 3286 2872 est,
3311 2811 3488 2880 explo-

1907 2887 2168 2951 rantibus,
2189 2896 2238 2942 et
2265 2903 2378 2942 vere
2405 2889 2637 2957 potentia
2664 2889 3022 2958 speculamina
3049 2889 3350 2951 divinarum
3377 2899 3484 2954 Po-

1905 2985 2150 3030 testatum
2195 2985 2245 3028 et
2297 2971 2578 3029 Virtutum.
2609 2975 2737 3030 Post
2771 2979 3229 3048 explanationem,
3286 2986 3480 3056 inquit,

1905 3065 2112 3134 primae
2137 3073 2191 3117 et
2213 3063 2556 3120 sublissintae
2593 3064 2895 3122 ierarcliiae
2927 3073 3316 3128 transeundum
3341 3092 3482 3132 nunc

1831 3141 1872 3197 (οἷ
1907 3157 1959 3211 in
1985 3157 2215 3212 mediam
2240 3159 2586 3220 ierarcbiam,
2619 3173 2758 3228 quae
2782 3161 2946 3218 etiam
2988 3163 3222 3218 seCunda
3253 3178 3356 3232 est,
3383 3183 3480 3225 n0-

1909 3250 1992 3305 bis
2019 3239 2444 3321 esplorantibus,
2483 3251 2567 3306 vel
2589 3252 2730 3308 sient
2755 3255 2970 3323 proprie
2998 3257 3344 3326 transfertur,
3378 3277 3478 3318 no-

1908 3337 1991 3393 bis
2015 3339 2352 3395 intuentibus
2383 3339 2849 3397 Dominatianes“
2879 3344 3000 3400 illas
3027 3346 3480 3407 intellectualibus

1906 3431 2077 3487 oculis
2105 3433 2398 3487 secundum
2439 3443 2679 3490 nostram
2713 3423 3147 3506 possibilitatem,
3179 3447 3234 3496 et
3275 3441 3329 3498 in
3355 3459 3482 3498 vere

1906 3513 2200 3590 putentia‘9
2253 3522 2616 3596 speculamina
2688 3525 2993 3582 divinarum
3050 3527 3384 3588 Potestatum
3429 3546 3484 3589 et

1885 3602 2196 3676 'Virtutum,
2233 3613 2482 3668 similiter
2527 3615 2785 3670 subaudis
2831 3618 3238 3675 transeundum.
3271 3620 3478 3678 Etenim

1887 3699 2247 3772 unaquaeque
2273 3718 2429 3774 super
2451 3723 2544 3759 nos
2579 3707 2922 3762 essentiarum
2954 3713 3338 3781 cognominatio
3357 3732 3479 3784 pro-

1902 3793 2018 3859 pria
2047 3809 2226 3848 earum
2251 3793 2510 3865 signiﬁcat
2533 3791 2744 3852 virtutes
2758 3799 2824 3852 '°.
2855 3797 3032 3871 Igitur
3050 3811 3353 3858 sanctarum
3372 3804 3478 3858 DJ-

1904 3891 2248 3946 minationum
2296 3885 2733 3960 manifestativam
2803 3893 3210 3946 nominationem
3265 3897 3481 3950 uestium

1903 3987 2168 4043 declarare
2191 3983 2480 4038 absolutam
2506 3984 2770 4054 quandam
2814 3995 2859 4036 et
2891 3987 3031 4040 omni
3059 3987 3345 4056 ignominia
3383 3993 3478 4042 mf-

1903 4079 2191 4133 norationis
2217 4073 2431 4130 liberam
2475 4077 2761 4144 anagogen.
2795 4073 2944 4143 Quod
2981 4077 3143 4131 etiam
3173 4079 3251 4132 sic
3286 4097 3470 4152 possu-

1905 4169 2024 4226 mus
2069 4167 2433 4238 interpretari,
2474 4182 2578 4220 non
2613 4167 2862 4220 servilem
2905 4171 3175 4237 quandam
3230 4181 3285 4225 et
3325 4175 3472 4228 omni

1903 4259 2242 4332 subpedestri
2299 4258 2659 4313 minoratione
2717 4258 2942 4313 liberam
2995 4277 3294 4332 anagogen.
3363 4258 3473 4321 ll'n-

1902 4369 2116 4424 quoque
2157 4352 2208 4405 in
2246 4349 2494 4404 laudibus
2537 4347 2879 4402 'l‘bronorum
2919 4351 3114 4418 posuit.
3158 4341 3478 4423 Ignominia-

1902 4461 2020 4500 sum
2045 4444 2241 4514 quippe
2290 4448 2456 4494 estet
2496 4439 2871 4494 minorationis
2919 4450 2972 4493 ct
3016 4442 3386 4511 subiectionis,
3421 4449 3471 4504 id

1905 4547 2006 4600 est,
2038 4531 2316 4588 servitutis
2347 4529 2624 4593 indicium,
2656 4529 2787 4596 pede
2822 4529 3053 4600 ingredi,
3085 4548 3149 4586 ex
3175 4548 3278 4602 qua
3303 4533 3468 4589 libo“.

1902 4641 1956 4686 et
1983 4626 2227 4682 absoluta
2263 4631 2343 4678 est
2387 4619 2696 4675 caelestium
2730 4620 3161 4676 Dominatiomnn
3209 4637 3470 4700 τηιθςυειί,

1491 4747 1576 4801 VA
1589 4750 1693 4803 [ΗΑ
1708 4753 1745 4805 Ε
1787 4747 2073 4808 LECTION
2084 4745 2186 4801 ES‘.

285 4859 493 4928 'ipsam
522 4855 932 4928 ont.iAB,iadd.
965 4871 1028 4910 ex
1071 4871 1214 4910 vers.
1261 4867 1313 4912 et
1360 4868 1492 4912 text.
1546 4877 1722 4928 graec.

215 4933 389 4985 adscr.
423 4937 519 4982 est.
599 4927 736 4982 'Sic
775 4927 817 4982 C
863 4936 916 4982 et
957 4941 1100 4980 corr.
1153 4928 1232 4988 δ’,
1281 4927 1369 4980 ΑΒ
1414 4927 1697 4985 benedicta.

217 5001 459 5054 traducit.
535 4999 560 5030 ⁸
602 4997 666 5050 B'
723 5013 886 5066 supra
925 4997 1103 5052 adscr.
1151 5010 1244 5050 est.

214 5071 345 5124 tituli.
426 5070 467 5101 “
495 5069 534 5123 Α
566 5067 726 5121 enahs
757 5068 796 5121 Β
822 5066 1003 5121 enahs.

211 5138 504 5204 praeuenio.
589 5139 634 5168 "
664 5136 706 5189 Β
740 5129 1043 5206 facilitatem
1085 5137 1184 5206 feci
1207 5137 1590 5206 intelligentiae.

1081 5067 1123 5098 “
1157 5077 1231 5120 est
1255 5082 1361 5120 om.
1393 5068 1450 5120 Β.

1800 4867 1820 4896 ¹
1865 4863 1958 4918 Sic
1995 4860 2066 4921 C,
2111 4858 2197 4911 AB
2243 4857 2526 4910 benedicta.

1776 4935 1864 4986 “et
1906 4948 2016 4987 oni.
2051 4927 2165 4986 ΑΒ,
2231 4925 2353 4980 add.
2396 4941 2474 4998 rex
2532 4941 2672 4982 vers.
2731 4933 3192 4998 etpteixt.“gra_cc.

1321 4997 1341 5027 ⁹
1388 4999 1432 5072 ᾼ
1472 5001 1652 5072 encas.
1679 5002 1718 5056 Β
1754 5005 1935 5072 enalts.
2013 5001 2056 5072 ⁸9
2087 4999 2131 5053 Α
2237 4998 2340 5072 sive
2387 4997 2442 5050 in
2474 5005 2798 5072 superessent

1528 5065 1735 5125 "—Razl.
1754 5065 1896 5127 corr.
1929 5073 1998 5134 B;
2032 5071 2073 5123 A
2098 5069 2458 5132 novissimum,
2484 5065 2526 5119 Β
2553 5065 2900 5120 novissimam.

1668 5142 1716 5172 ¹⁶
1742 5141 1834 5197 Sic
1865 5141 2014 5196 ΑΒΘ.

2617 4855 2724 4908 ³Β¹
2783 4869 2928 4909 corr.
2979 4857 3284 4912 tlteatocltis.
3364 4856 3467 4910 ‘El'

3266 4928 3288 4961 τ
3321 4927 3470 4982 Biu-

2013 5001 2056 5034 ¹⁰
2087 4999 2131 5053 Α
2171 4998 2211 5050 Β
2237 4998 2340 5050 sive
2387 4997 2442 5050 in
2474 4995 2889 5068 superessentiali
2909 5035 2924 5058 ,
2963 4994 3016 5068 (Ai
3040 4994 3106 5068 s_u
3141 5014 3470 5068 superesset»

2982 5064 3025 5096 "
3040 5064 3285 5131 Emend,
3316 5071 3353 5122 A
3377 5071 3414 5122 Β
3429 5068 3466 5124 C

2117 5139 2158 5170 ¹⁷
2193 5138 2254 5192 B'
2283 5153 2432 5206 supr.
2483 5136 2657 5191 adscr.
2689 5146 2788 5190 .est
2832 5136 2907 5189 in.

216 5207 255 5238 "
275 5209 368 5264 Sic
401 5210 445 5264 C
467 5218 522 5263 et
541 5223 690 5263 corr;
705 5207 763 5260 Β·
776 5247 797 5280 ,Δ
818 5207 906 5260 AB
935 5222 1049 5261 vere
1075 5216 1228 5275 poten
1251 5207 1316 5260 ie.
1391 5209 1436 5240 '°
1462 5207 1553 5264 Sic
1573 5211 1680 5275 AB,
1713 5212 1891 5267 versio
1918 5212 2077 5266 habet
2102 5227 2114 5262 :
2150 5207 2553 5280 cognominatio
2577 5206 2667 5262 Dei
2688 5206 3002 5264 imitatorias
3035 5223 3222 5268 earum
3262 5210 3461 5280 δέθιιίίὶ-

210 5291 286 5333 ut
309 5281 596 5350 deiformes
621 5277 984 5348 proprietates,
1005 5290 1143 5345 quae
1165 5291 1284 5332 cum
1309 5285 1456 5332 textu
1479 5295 1674 5349 graeco
1703 5283 1772 5336 ad
1791 5282 2014 5338 verbum
2044 5279 2388 5334 conveniunt.

1730 5399 1959 5457 NOTAE

270 5527 292 5554 ι
319 5519 364 5568 Δ
405 5514 605 5568 litteris
646 5513 886 5586 minipatis
927 5531 938 5566 :
975 5513 1117 5570 Finit
1159 5515 1442 5586 capitulum
1478 5519 1771 5586 septimum.

205 5583 396 5653 Incipit
419 5595 679 5645 octauum,
695 5584 846 5653 cujus
866 5585 1122 5653 praefatio
1143 5583 1301 5638 estde
1321 5583 1774 5638 Dominatiom’bus

203 5665 244 5704 et
281 5651 579 5707 Virtutibus
602 5663 648 5707 et
675 5651 1025 5708 Potestatibus
1046 5667 1092 5709 et
1119 5663 1182 5708 de
1204 5655 1378 5708 media
1403 5671 1584 5708 eorum
1615 5658 1782 5709 icrar-

201 5723 335 5776 cliia.
367 5723 412 5776 Β
451 5723 642 5777 litteris
686 5724 918 5776 miniatis
946 5739 960 5776 :
992 5727 1288 5794 Capitufum
1324 5735 1517 5778 nonum
1538 5727 1600 5779 tle
1627 5725 1778 5779 Prin-

523 5813 796 5875 PsTttOL.
837 5813 1094 5874 CXXII.

1886 5515 2086 5574 ciuibus
2116 5523 2162 5566 et
2189 5515 2224 5565 Α
2237 5513 2524 5582 rrhangells
2557 5524 2602 5566 et
2625 5513 2836 5583 Angelis
2875 5522 2922 5566 et
2962 5511 3035 5583 de
3071 5507 3253 5562 ultima
3283 5519 3461 5566 coma:

1882 5585 2176 5648 ierarcltia;
2225 5584 2283 5636 Β·
2359 5581 2408 5637 in
2461 5584 2640 5636 infima
2685 5581 2834 5650 parte
2882 5581 3226 5650 membranae
3281 5585 3457 5634 ancr.

1884 5646 2186 5721 Capitulnnt
2254 5651 2390 5706 VIII
2433 5659 2496 5706 de
2524 5646 2973 5705 nominationibus
3004 5659 3061 5721 et
3103 5646 3386 5704 Vlt’luiilms
3414 5668 3459 5706 ct

1894 5720 2243 5778 I’otestatibus
2268 5732 2314 5776 et
2337 5723 2398 5776 de
2421 5722 2589 5774 media
2618 5729 2794 5773 eorum
2822 5720 3101 5772 ierarrltia.

3029 5811 3064 5829 ν

3042 5830 3058 5866 ι

2989 5137 3032 5169 ’⁸³
3059 5138 3104 5193 At
3137 5139 3463 5193 danatimtex.
3551 5151 3572 5158 '
