3952 6156
414 272 513 325 l‘lii

1532 269 2028 327 EXI’OSITIONES
2061 263 2343 321 JOANNIS
2383 264 2578 323 SCOTI

3561 270 3664 324 Mil

414 385 514 439 hoc
542 394 877 449 est,sursnm
912 399 1099 437 versus
1119 382 1381 447 altitudo;
1412 383 1486 436 nil
1512 384 1656 438 enim
1682 394 1979 451 terrenum,
2012 390 2056 445 Λ
2087 377 2368 445 membris,
2397 379 2718 434 subauditur
2742 394 2771 432 a
2795 379 3201 450 superioribus:
3231 383 3457 438 aestimo
3484 383 3664 439 decla-

412 477 484 532 nil
510 478 638 535 vile.
684 478 756 532 nil
808 477 1000 532 servile
1053 477 1288 545 ipsarum
1340 476 1678 533 altitudinem
1708 480 1978 550 deprimit.

416 568 537 623 Non
574 568 834 623 assimilat
886 566 1281 636 tyrannicarum
1320 567 1806 624 dissimilitudinum
1831 572 1847 601 ¹
1874 570 1981 624 ullo

411 660 586 722 modo,
606 659 707 712 hoc
730 665 831 722 est,
865 671 926 711 se
949 656 1143 725 tingit'
1163 656 1246 712 vel
1268 657 1480 714 colorat
1501 658 1712 714 illarum
1734 660 1978 725 altitudo,

410 764 572 805 unam
620 763 739 804 esse
771 747 1170 817 tyrannicarum
1200 746 1724 804 dissimilitudinum.
1770 750 1981 822 Tyran-

410 841 529 895 nica
557 840 755 909 quippe
780 838 1073 894 dominatio
1093 853 1254 893 verae
1279 839 1642 895 Deaninationi
1668 840 1979 897 dissimilis‘

407 939 509 983 est.
534 928 808 984 Caelestes
852 937 1030 983 autem
1059 928 1464 985 Dominationes
1510 945 1616 986 non
1662 932 1940 1002 tyranniee
1963 973 1976 994 ,

409 1035 513 1075 non
569 1018 822 1089 superbe,
877 1017 972 1072 sed
1022 1019 1263 1072 modeste
1292 1027 1347 1073 et
1377 1018 1654 1074 humiliter
1694 1021 1747 1074 in
1796 1035 1983 1076 amore

410 1111 500 1166 Dei
544 1120 601 1167 et
650 1110 986 1166 subditorum
1038 1109 1139 1164 sibi
1189 1109 1551 1165 dominantur.
1615 1108 1985 1165 Universaliter

405 1219 521 1257 eam
574 1199 881 1256 inclinatam
916 1200 1235 1255 liberaliter‘
1278 1217 1507 1256 severam
1550 1202 1981 1267 dominationem,

406 1296 549 1350 omni
575 1296 853 1348 minutivae
868 1292 888 1324 "
901 1293 1133 1346 servituti
1146 1293 1547 1363 superpositam,
1570 1309 1598 1347 a
1616 1292 1983 1365 superioribus

405 1388 741 1450 subauditur,
774 1385 989 1438 aestimo
1022 1384 1312 1449 declarare,
1334 1384 1715 1440 universaliter
1759 1384 1975 1439 inclina-

408 1487 515 1532 tam
542 1476 780 1531 modeste
808 1483 861 1528 et
886 1474 1161 1528 humiliter
1180 1481 1234 1528 et
1257 1472 1554 1528 liberaliter
1574 1487 1842 1537 severam,
1870 1473 1983 1526 sive

406 1579 461 1621 ut
485 1575 662 1637 potest
688 1564 995 1626 transferri,
1046 1563 1571 1633 irrepreliensibilem
1604 1562 1625 1594 ‘
1659 1562 1982 1617 dominatio-

411 1676 533 1715 nem
567 1657 961 1728 superpositam
993 1654 1140 1709 omni
1166 1653 1523 1708 minorativae
1543 1653 1811 1708 servituti.
1857 1652 1980 1706 Non

2091 484 2232 524 rare.
2261 469 2487 539 Proprie
2508 465 2562 525 ὂν
2586 470 2911 534 universale,
2942 470 3116 540 ipsum
3161 486 3433 527 summum
3460 475 3664 529 bonum

2087 559 2239 623 dicit,
2269 559 2411 628 quod
2462 559 2679 629 proprie
2724 569 2828 624 est,
2869 569 2923 615 et
2970 561 3278 618 universale
3321 565 3521 618 bonum
3557 577 3661 619 cst.

2087 650 2279 707 Omnia
2308 651 2572 722 siquidem
2595 653 2736 708 bona
2774 669 2880 708 non
2908 652 3007 725 per
3036 671 3095 710 se
3131 657 3294 720 bona,
3326 659 3419 712 sed
3443 660 3667 728 partici-

2085 742 2302 812 patione
2347 741 2670 798 universalis
2706 742 2874 824 boni,
2909 745 3053 815 quod
3080 760 3207 800 vere
3227 745 3276 777 "
3310 746 3510 802 bonum
3558 758 3660 811 est,

2085 836 2224 890 bona
2255 844 2398 889 sunt.
2427 835 2655 905 Ideoque
2677 836 2811 891 dixit
2836 853 2850 889 :
2874 837 2939 891 ad
2961 838 3164 893 nullum
3188 855 3322 894 vana
3341 841 3663 904 videntium.

2088 926 2191 982 hoc
2216 935 2321 1001 est,
2354 926 2635 981 adnnllnm
2661 940 2847 982 eorum
2861 926 2930 994 “,
2946 943 3086 998 quae
3114 945 3211 1000 per
3240 944 3297 985 se
3323 931 3665 987 considerata

2089 1033 2225 1073 vana
2242 1018 2821 1074 videnturNidentium
2840 1019 2984 1074 enim
3002 1020 3131 1074 dicit
3151 1034 3249 1089 pro
3274 1020 3537 1085 visorum,
3563 1022 3668 1077 boe

2086 1119 2189 1176 est,
2227 1124 2366 1178 quae
2394 1109 2663 1176 videntur,
2690 1110 3043 1165 usitatissimo
3071 1106 3119 1143 "
3140 1109 3472 1167 Graecorum
3494 1129 3661 1173 more.

2086 1212 2142 1258 et
2175 1203 2299 1273 quia
2322 1217 2352 1256 a
2375 1202 2538 1258 verbo
2569 1200 2840 1275 δόκομαι¹⁸
2859 1243 2873 1268 ,
2903 1203 3008 1257 hoc
3033 1210 3116 1258 est
3139 1203 3294 1259 video
3316 1211 3371 1258 et
3384 1203 3428 1236 ⁸⁷
3456 1204 3665 1268 videor,

2086 1292 2364 1348 derivatur
2387 1331 2405 1358 ,
2436 1292 2690 1362 quoniam
2730 1305 3017 1348 commune
3062 1300 3186 1359 est;
3229 1301 3290 1348 ut
3330 1294 3404 1347 sit
3426 1309 3617 1349 sensus
3649 1313 3663 1347 :

2086 1385 2180 1439 sed
2201 1384 2252 1416 "
2284 1383 2512 1439 aestimo
2540 1382 2815 1438 declarare
2838 1398 3159 1439 conversam
3203 1398 3310 1439 non
3351 1384 3418 1438 ad
3463 1384 3668 1455 aliquid

2085 1492 2296 1541 eorum,
2319 1489 2457 1548 quae
2502 1489 2643 1529 vana
2688 1475 2959 1539 videntur,
3019 1477 3145 1546 quia
3176 1493 3275 1549 per
3298 1492 3357 1535 se
3394 1492 3501 1534 non
3537 1480 3669 1537 sub-

2087 1567 2308 1630 sistunt,
2345 1565 2438 1621 sed
2485 1566 2552 1621 ad
2595 1567 2668 1627 id,
2694 1565 2836 1634 quod
2872 1565 3093 1634 proprie
3124 1575 3209 1620 est
3238 1574 3293 1621 et
3332 1569 3662 1623 universale.

2085 1655 2653 1720 Animadvertendum,
2702 1654 2846 1725 quod
2888 1653 3080 1711 Graeci
3127 1654 3294 1710 Deum
3340 1665 3532 1710 vocant
3560 1655 3666 1710 ali-

404 1751 717 1821 indigentem
771 1744 1106 1815 subjectionis
1148 1744 1313 1798 omnis
1365 1755 1415 1798 et
1460 1754 1712 1797 remotam
1758 1742 1824 1797 ab
1863 1743 1979 1797 uni-
2012 1731 2057 1792 Β
2088 1751 2303 1821 quando
2324 1748 2647 1804 neutraliter
2671 1743 2726 1802 ὅν
2753 1787 2768 1813 ,
2799 1747 2941 1817 quod
2992 1754 3095 1811 est,
3122 1744 3410 1814 aliquando
3453 1760 3667 1801 masc“-

406 1857 553 1896 versa
588 1834 1016 1892 dissimilitudine
1049 1843 1096 1888 et
1124 1834 1489 1903 ltyriarcltiae'
1525 1834 1847 1887 incessanter
1889 1848 1986 1901 ap-

404 1938 680 2001 petentem.
730 1926 969 1980 Aestimo
1017 1922 1292 1978 declarare
1318 1921 1554 1976 “nullius
1597 1919 1982 1991 subjectionis’

407 2019 774 2088 indigentem,
816 2015 916 2068 nisi
952 2012 1111 2068 soli“
1153 2012 1265 2068 Deo
1310 2013 1427 2067 et”
1470 2012 1810 2082 praecedenti
1836 2012 1880 2043 "
1926 2025 1983 2064 se

408 2109 741 2172 ierarchiae;
769 2112 819 2160 et
838 2114 1098 2160 remotam
1123 2104 1191 2157 ab
1204 2103 1351 2158 omni
1375 2102 1827 2166 dissimilitudine,
1844 2116 1983 2170 quae

405 2218 526 2256 eam
543 2200 833 2257 deformem
853 2196 1277 2267 dissimilemque
1289 2194 1530 2252 Creatori
1546 2196 1690 2250 “suo
1707 2194 1901 2251 eliiciat
1915 2195 1982 2261 ",

407 2302 463 2348 et
485 2290 851 2362 kyriarebiam
870 2288 915 2321 ⁸⁵
940 2329 956 2353 ,
981 2288 1083 2342 hoc
1114 2296 1218 2350 est,
1254 2286 1424 2357 ipsam
1454 2286 1819 2351 Divinitatem,
1848 2300 1985 2356 quae

406 2381 712 2455 kyriarchia
732 2380 774 2413 ¹⁶
802 2379 1020 2444 dicitur,
1043 2377 1299 2448 quoniam
1329 2378 1581 2447 princeps
1596 2386 1681 2432 est.
1706 2387 1758 2431 et
1786 2376 1987 2447 princi-

408 2481 556 2552 pium
582 2473 1163 2536 totiusdominationis,
1202 2472 1568 2527 indesinenter
1593 2471 1880 2526 desiderat.
1917 2470 1985 2524 Et

408 2574 478 2628 ad
523 2574 690 2643 ipsam
721 2570 864 2624 illius
891 2568 1053 2639 ipsius
1085 2565 1400 2620 naturaliter
1425 2564 1750 2618 subsistentia
1779 2563 1987 2617 virtutis

408 2663 840 2725 similitudinem,
888 2667 1141 2730 quantum
1210 2653 1487 2725 possibile,
1551 2662 1597 2707 et
1647 2653 1894 2723 seipsam,
1938 2658 1988 2705 et

409 2773 546 2827 quae
564 2764 678 2825 post
702 2769 817 2808 eam
853 2760 996 2813 sunt,
1017 2746 1344 2817 deiformiter
1381 2743 1815 2813 conformanlem.
1839 2740 1989 2795 Hanc

408 2847 733 2905 sententiam
761 2850 1045 2914 propterea
1073 2838 1151 2893 sie
1177 2835 1517 2905 interpretati
1543 2847 1730 2890 sumus
1756 2845 1851 2902 per
1875 2845 1988 2885 am-

408 2938 605 3000 bitum,
625 2933 877 3004 quoniam
897 2931 1051 3006 κυρία
1076 2929 1115 2960 ν’
1144 2929 1197 2981 in
1219 2925 1427 2981 Graeco
1442 2932 1528 2979 est
1546 2923 1805 2993 positum,
1836 2920 1988 2992 cujus

409 3024 793 3096 interpretatio
816 3021 1034 3091 propria
1063 3033 1168 3071 uno
1196 3031 1301 3070 non
1339 3015 1661 3085 exprimitur
1681 3013 1863 3076 verbo,
1893 3011 1987 3066 sed

2074 1840 2191 1895 line
2213 1835 2300 1905 ὧν,
2322 1839 2411 1910 qui
2431 1847 2532 1895 est.
2554 1838 2619 1891 Et
2633 1836 2987 1909 kgriarcliicae
3008 1836 3055 1869 "
3074 1853 3275 1906 semper
3297 1836 3668 1906 deiformitatis

2081 1932 2136 1984 in
2160 1930 2559 2002 participatione
2579 1930 2861 1983 secundum
2883 1925 3021 1998 quod
3050 1926 3293 1998 possibile
3319 1928 3418 1995 ipsi
3446 1928 3653 1997 factam.

2085 2023 2196 2079 Hoc
2224 2023 2472 2078 ultimum
2499 2022 2718 2077 omnino
2741 2030 2906 2093 patet.
2948 2019 3101 2088 Quod
3132 2020 3275 2074 enim
3307 2019 3435 2074 dicit
3466 2020 3517 2073 in
3540 2034 3669 2090 par-

2083 2115 2393 2187 ticipatione
2454 2112 2790 2185 kyriarchiae
2819 2112 2867 2144 "
2935 2109 3313 2166 deiformitatis
3361 2108 3555 2163 factam
3574 2108 3619 2141 ⁸⁸
3648 2151 3664 2172 ,

2084 2220 2371 2264 commune
2391 2212 2475 2261 est
2503 2203 2744 2260 omnium
2767 2202 3090 2259 caelestium
3115 2200 3497 2256 essentiarum.
3531 2197 3668 2255 0m-

2083 2300 2171 2355 nis
2207 2299 2405 2371 quippe
2429 2297 2607 2352 virtus
2650 2310 2835 2350 earum
2877 2294 2930 2349 in
2981 2291 3396 2365 participatione
3440 2289 3670 2344 Deitatis

2083 2392 2247 2459 est",
2270 2405 2410 2462 quae
2431 2388 2478 2420 ⁸³
2500 2396 2585 2443 est
2615 2385 3054 2442 Dominationum
3102 2383 3371 2454 princeps.
3416 2380 3591 2451 Ipsam
3620 2380 3670 2412 ⁸³

2083 2499 2203 2537 vero
2222 2489 2524 2535 sanctarum
2562 2475 2849 2540 Virtutum,
2879 2472 3198 2529 subauditur
3234 2471 3462 2525 aestimo
3493 2469 3667 2523 decla.

2087 2589 2207 2629 rare
2236 2572 2677 2635 nominationem,
2716 2569 2903 2637 fortem
2928 2565 3192 2636 quandam
3230 2573 3279 2618 et
3320 2565 3672 2616 incommuta-

2086 2663 2240 2719 bilem
2271 2662 2574 2717 virilitatem
2602 2659 2656 2714 in
2689 2673 2864 2713 omnes
2904 2655 3191 2711 secundum
3240 2669 3421 2707 earum
3463 2649 3671 2723 deifor-

2085 2757 2319 2811 unitatem
2339 2754 2684 2825 operationes,
2708 2751 2776 2804 ad
2808 2749 3007 2803 nullam
3055 2748 3434 2817 susceptionem
3466 2747 3671 2801 inclita-

2089 2862 2205 2899 rum
2237 2846 2284 2899 ei
2337 2845 2634 2898 divinarum
2681 2840 3126 2908 illuminationum
3165 2837 3488 2891 imbecilliter
3519 2836 3677 2905 inﬁr-

2086 2945 2316 2999 matam,
2343 2943 2575 3004 potenter
2597 2933 2649 2986 in
2675 2930 3015 2983 imitationem
3052 2927 3098 2959 ³³
3125 2926 3220 2982 Dei
3247 2929 3531 2989 reductam,
3564 2943 3674 2981 non

2090 3025 2459 3094 relinquentem
2500 3022 2689 3074 suimet
2717 3017 3069 3073 imbecillitate
3098 3016 3406 3086 deiformem
3438 3026 3662 3076 motum,

408 3118 491 3174 sic
517 3132 533 3171 :
555 3089 885 3169 naturaliter
908 3089 1211 3164 subsistens
1233 3104 1425 3167 virtus,
1457 3112 1517 3157 ut
1540 3104 1613 3156 sit
1635 3114 1826 3156 sensus
1855 3118 1868 3153 :
1899 3099 1985 3154 ln-

2089 3112 2179 3167 sed
2218 3089 2437 3181 ﬁrmiter
2463 3110 2710 3181 ferentem
2733 3109 2789 3162 in
2809 3107 3291 3175 superessentialem
3316 3116 3366 3159 et
3407 3106 3674 3176 potentiﬁ-

410 3209 731 3266 desinenter
744 3201 948 3273 appetit
981 3196 1385 3254 similitudinem
1418 3194 1484 3248 ad
1514 3194 1681 3263 ipsam
1710 3190 1900 3262 kyrian
1915 3188 1988 3257 ⁸³,

411 3302 514 3357 hoc
539 3307 624 3355 est
647 3297 924 3356 virtutem,
955 3303 1095 3361 quae
1135 3285 1459 3342 naturaliter
1482 3298 1579 3354 per
1619 3296 1679 3337 se
1721 3280 1988 3346 subsistit,

412 3400 467 3447 et
494 3383 786 3461 quaeniliil
833 3382 977 3438 aliud
1005 3390 1109 3446 est,
1143 3378 1247 3433 nisi
1286 3377 1398 3448 ipsa
1440 3390 1537 3445 per
1582 3373 1815 3443 seipsam
1862 3373 1990 3427 sub-

413 3482 611 3538 sistens
658 3474 941 3538 Divinitas,
992 3484 1166 3541 quae,
1199 3475 1457 3538 quantum
1505 3464 1757 3535 possibile
1804 3472 1911 3531 est,
1937 3472 1994 3519 et

413 3573 611 3642 ipsam,
660 3565 1084 3622 dominationem
1120 3560 1391 3623 videlicet,
1426 3566 1483 3613 et
1527 3570 1667 3627 quae
1709 3563 1831 3625 post
1871 3569 1993 3610 eam

413 3670 562 3727 sunt,
598 3661 654 3716 in
692 3655 1039 3713 inferioribus
1085 3650 1367 3708 ordinibus
1407 3649 1732 3705 conformat.
1765 3647 1996 3705 Videtur

414 3756 560 3811 enim
596 3766 754 3825 posse
803 3750 882 3805 sic
918 3743 1220 3801 breviter”
1264 3740 1542 3797 transferri
1570 3759 1583 3795 :
1611 3739 1680 3796 Et
1723 3740 1790 3795 ad
1821 3739 1998 3811 ipsam

417 3845 658 3915 ejusdem
693 3839 966 3913 propriam
985 3837 1030 3868 '°
1063 3834 1490 3896 similitudinem,
1517 3842 1777 3901 quantum
1821 3831 1995 3901 possi-

414 3938 523 3993 bile
542 3935 613 4002 “,
651 3944 705 3989 et
734 3947 791 3987 se
838 3931 1031 3999 ipsam,
1060 3936 1115 3981 et
1137 3938 1275 3994 quae
1303 3932 1424 3993 post
1451 3938 1568 3977 eam
1608 3929 1752 3985 sunt,
1785 3920 1996 3976 confor-

428 4038 688 4091 mantem,
720 4031 781 4079 ut
805 4036 996 4077 sensus
1022 4020 1092 4074 sit
1123 4036 1135 4071 :
1168 4017 1234 4071 Et
1262 4017 1491 4072 aestimo
1517 4014 1795 4069 declarare
1829 4029 1995 4084 appe«

418 4129 624 4176 tentem
672 4114 742 4170 ad
786 4113 955 4182 ipsam
1001 4107 1274 4180 propriam
1303 4104 1710 4160 similitudinem
1732 4101 1995 4171 ejusdem,

417 4209 757 4286 kyriarcliiae
811 4205 987 4275 plane,
1030 4208 1288 4271 quantum
1324 4196 1597 4268 possibile,
1646 4203 1700 4249 et
1743 4194 1991 4265 seipsam,

425 4303 851 4361 dominationem
896 4296 1121 4355 scilicet,
1154 4302 1209 4347 et
1247 4305 1387 4360 quae
1414 4298 1535 4361 post
1563 4304 1681 4344 eam
1708 4288 1854 4354 sunt,
1884 4289 1999 4343 dei-

419 4392 669 4450 l'ormiter
695 4387 1120 4445 conformantem
1153 4391 1207 4438 et
1230 4379 1587 4452 ellingentem.
1610 4378 1675 4433 Et
1697 4380 1766 4433 ad
1795 4380 2000 4436 nullum

2091 3218 2207 3256 cam
2222 3200 2267 3233 ³⁸
2283 3202 2540 3263 virtutem,
2556 3211 2602 3253 et
2618 3200 2781 3270 ipsius
2795 3198 3071 3269 imaginem
3088 3198 3267 3251 virtuti
3286 3197 3506 3251 similem
3512 3196 3673 3267 juxta

2091 3294 2228 3365 quod
2257 3291 2372 3346 licet
2415 3291 2608 3363 factam
2633 3290 2702 3355 "’,
2732 3300 2779 3344 et
2814 3290 2883 3343 ad
2906 3291 3072 3360 ipsam
3094 3288 3299 3360 quidem
3324 3297 3379 3341 ut
3409 3289 3676 3360 principa-

2093 3384 2190 3441 lem
2226 3386 2467 3440 virtutem
2507 3391 2740 3454 patenter
2786 3395 3119 3446 conversam,
3161 3379 3233 3433 ad
3272 3378 3500 3433 secunda
3552 3393 3675 3433 vero

2093 3475 2298 3530 virtutis
2314 3477 2566 3529 datricem
2605 3484 2652 3529 et
2692 3472 3017 3543 deiforrniter
3045 3472 3452 3545 provenientem.
3489 3469 3676 3525 Nomi-

2092 3567 2267 3633 natio,
2302 3566 2496 3636 inquit,
2540 3565 2812 3621 Virtutum
2840 3563 3036 3619 fortem
3075 3571 3130 3618 et
3179 3562 3675 3618 incommutabilem

2093 3671 2283 3713 earum
2320 3657 2631 3712 virilitatem
2677 3654 2762 3711 vel
2796 3656 3033 3726 vigorem
3067 3654 3150 3709 vel
3194 3638 3573 3709 strenuitatem
3620 3653 3677 3707 in

2093 3763 2283 3804 onmes
2314 3745 2602 3804 deiformes
2630 3748 2974 3817 operationes
2996 3745 3257 3810 declarat,
3282 3760 3423 3815 quae
3448 3744 3680 3797 virilitas

2094 3841 2238 3896 nulla
2278 3840 2643 3896 imbecillitate
2682 3840 2990 3894 inﬁrmatur
3026 3840 3078 3893 in
3117 3839 3456 3908 susceptione
3495 3836 3679 3891 insita-

2100 3948 2216 3987 rum
2238 3932 2339 3988 sibi
2362 3932 2662 3986 divinarmn
2692 3929 3165 3992 illuminationum,
3184 3942 3322 3997 quae
3352 3937 3600 3996 potenter
3624 3927 3676 3979 in

2096 4022 2452 4076 imitationem
2486 4021 2576 4076 Dei
2616 4021 2908 4085 reducitur,
2936 4020 3038 4074 hoc
3068 4028 3151 4074 est
3188 4034 3402 4072 sursum
3435 4017 3675 4079 ducitur,

2096 4127 2235 4182 quae
2271 4126 2376 4167 non
2411 4110 2726 4180 relinquit“
2754 4126 2849 4164 sua
2888 4108 3183 4171 debilitate,
3234 4108 3360 4175 quia
3404 4121 3685 4175 nunquam

2097 4202 2426 4266 debilitatur,
2453 4201 2768 4256 deiformem
2793 4210 3019 4265 motum,
3046 4198 3139 4254 sed
3162 4197 3392 4252 ﬁrmiter
3421 4212 3480 4249 se
3500 4197 3681 4265 ipsam

2104 4295 2231 4361 fert,
2263 4297 2365 4349 boc
2419 4304 2536 4357 est,
2567 4295 2792 4347 lirmiter
2839 4281 3011 4346 tendit
3036 4292 3109 4366 in
3142 4286 3682 4360 superessentialem.

2104 4384 2342 4437 divinam
2371 4382 2527 4452 plane
2550 4386 2823 4446 virtutem,
2853 4396 2992 4451 quae
3014 4379 3058 4412 ³⁸
3085 4394 3144 4434 se
3167 4389 3439 4448 potentem
3471 4375 3685 4439 facit“,

425 4503 559 4542 vana
586 4483 889 4539 videntium.
913 4478 1000 4533 sed
1023 4479 1092 4530 ad
1116 4476 1322 4546 proprie
1343 4473 1444 4529 ‘ON
1470 4472 1757 4527 universale
1786 4488 1999 4526 conver—
2029 4454 2080 4514 Ῑ)
2108 4485 2161 4528 ct
2188 4491 2326 4547 quae
2349 4475 2391 4506 “
2421 4474 2559 4529 facta
2588 4483 2670 4530 est
2690 4475 2871 4545 imago
2896 4475 3066 4544 ipsius
3090 4470 3684 4545 superessentialisvir-

420 4593 575 4642 sam;
612 4575 666 4629 in
713 4572 963 4628 omnibus
1012 4567 1174 4637 hujus
1212 4564 1514 4619 sententiae
1541 4563 1753 4626 colis",
1790 4565 1891 4617 hoe.
1919 4571 2002 4617 est

2110 4566 2257 4626 tutis,
2292 4566 2419 4619 dum
2442 4566 2513 4620 sit
2537 4566 2721 4621 virtuti
2745 4564 2958 4630 similis,
2983 4574 3038 4619 et
3074 4577 3211 4634 quae
3241 4562 3573 4616 convertitur
3588 4573 3691 4631 po-

1703 4654 1955 4709 VARlAE
1992 4654 2394 4713 LECTIONES.

497 4762 513 4791 ⁸
538 4756 720 4816 Corn,
758 4752 848 4807 AB
883 4740 1381 4805 dissimilitudinem.

1474 4745 1615 4820 ’ῥίς
1651 4744 1714 4810 C,
1750 4744 1792 4798 Α
1832 4757 1905 4820 set
1944 4749 2073 4817 ingit
2097 4791 2113 4815 ,
2154 4748 2196 4803 B
2222 4751 2438 4820 fringit,
2472 4750 2585 4803 rad.
2630 4766 2772 4805 corr.
2798 4750 2968 4819 ﬁngit.

3069 4748 3089 4779 ³
3118 4748 3159 4800 Α
3186 4747 3405 4805 similis.
3496 4744 3518 4775 ⁸
3544 4743 3585 4797 Β
3616 4744 3690 4797 ἰξε-

426 4813 715 4899 beratiliter
735 4823 943 4894 (punet.
967 4822 1027 4875 B‘
1068 4820 1174 4888 adj.
1220 4817 1491 4887 videtur);
1515 4813 1579 4867 B'
1600 4830 1759 4885 supra
1782 4818 1960 4871 adscr.
1986 4813 2033 4872 et
2058 4813 2371 4876 liberaliter.
2427 4813 2469 4852 ’⁵
2494 4820 2536 4874 Β
2560 4822 2765 4873 minuti.
2798 4813 2856 4873 B‘
2875 4813 3054 4889 vsupra
3083 4822 3365 4872 adscr.-re.
3441 4815 3461 4844 ⁶
3489 4816 3527 4867 Β
3558 4818 3693 4866 irre-

425 4904 822 5009 preiiensibilem
847 4926 1052 4998 (punct.
1077 4923 1182 4992 adj.
1226 4931 1280 4978 et
1307 4939 1330 4976 s
1360 4935 1520 4990 supra
1550 4921 1727 4974 adscr.
1753 4919 1839 4986 B‘,
1869 4932 1925 4974 ut
1965 4922 2108 4993 legas
2134 4925 2605 4995 irrepressibilem).
2677 4926 2697 4957 "
2723 4923 2876 5009 Corr:
2912 4925 2992 4989 B‘,
3020 4924 3068 4976 Αη
3087 4922 3407 4991 kyiarchiae,
3433 4919 3474 4973 B
3498 4918 3691 4988 ltyrar-

427 5040 599 5094 chiae.
682 5035 705 5068 ⁸
731 5032 824 5090 Sic
856 5030 961 5096 BC,
996 5031 1057 5084 B'
1085 5045 1227 5085 corr.
1263 5026 1544 5092 declinare,
1582 5027 1627 5080 A
1650 5025 1933 5083 declinare.

1734 5105 1816 5144 ενι

2034 5031 2055 5062 ⁹
2083 5032 2127 5083 Α
2155 5031 2519 5085 subvectionis.

429 5146 473 5178 ι’
505 5143 596 5198 Sic
634 5141 677 5198 εξ
728 5149 782 5197 et
815 5153 959 5195 corr.
1011 5136 1096 5201 B',
1140 5132 1228 5186 AB
1249 5132 1588 5202 praecidenti.
1663 5132 1707 5162 ¹³
1734 5132 1954 5206 ξῖῑαιονὶ
2000 5133 2208 5204 (punet.
2254 5135 2359 5204 adj.
2391 5146 2445 5190 et
2474 5154 2557 5190 ere
2585 5151 2745 5206 supra
2774 5153 2881 5191 scr.
2909 5136 3121 5190 videtur
3146 5134 3255 5193 B‘l-

2631 5031 2673 5062 '°
2694 5029 2737 5084 Β
2768 4995 2880 5085 δοιέ
2905 5030 2946 5102 (i
2973 5045 3119 5100 supr.
3152 5024 3382 5097 ser.B‘).
3460 5025 3500 5056 “
3526 5024 3570 5077 Α
3601 5040 3692 5077 ea.

3333 5129 3375 5162 “
3400 5129 3553 5184 Corr.
3601 5128 3695 5193 B‘,

430 5225 562 5281 suo
588 5223 812 5293 inﬁciat.
891 5217 1044 5271 “Sic
1071 5198 1198 5293 Aci
1233 5198 1668 5293 pigram/tiam.
1743 5198 1805 5293 ςέο
1834 5198 2069 5293 δῖοι]ξῇ
2099 5230 2244 5268 corr.
2276 5198 2360 5293 of,
2386 5216 2473 5269 AB
2494 5198 2786 5293 ltyrarcltia.
2841 5216 2903 5293 ξ
2936 5216 3025 5293 se
3047 5219 3246 5293 xuﬁ‘c'ui.
3324 5209 3441 5293 una
3462 5208 3695 5293 κυςξφ,

430 5296 476 5328 ⁸⁹
504 5294 549 5348 Β
570 5281 887 5348 εἰς’ὺηυίιειν
912 5303 1079 5358 posse.
1121 5356 1129 5358 _
1154 5285 1200 5316 ’θ
1232 5282 1272 5336 Β
1298 5281 1560 5358 propriam
1604 5281 1854 5350 ejusdem.

1932 5285 1972 5315 "
1997 5285 2058 5337 Β·
2083 5300 2246 5353 supra
2277 5277 2453 5341 adscr.
2479 5277 2571 5340 es't.
2649 5288 2694 5319 ”
2724 5286 2813 5341 Sic
2834 5285 2897 5351 C,
2935 5290 2976 5338 Α
3014 5277 3179 5349 colui,
3205 5285 3245 5336 Β
3283 5279 3447 5352 coliis.
3524 5277 3703 5353 {{5}};

431 5365 472 5422 C
504 5342 971 5422 iliirA'B
1004 5356 1130 5427 qu’d
1174 5342 1328 5427 vero;
1357 5342 1434 5427 -ἦδ
1484 5342 1661 5404 eorum
1686 5355 1912 5427 ΔοηιῘ-ᾼ,
1942 5356 2006 5408 ad
2037 5342 2208 5424 mar'g.
2247 5357 2425 5427 adscr.
2450 5356 2509 5410 Β.
2557 5356 2633 5395 .ss
2659 5357 2812 5412 Com
2843 5342 2924 5421 υἷ’
2953 5357 3084 5412 ABG
3110 5342 3462 5427 us'ilau‘ssihq:
3543 5346 3591 5427 ἲ

434 5418 604 5501 marg.
634 5436 817 5501 adscr.
841 5418 1249 5501 ἰιᾳεΙιοξιςιιεμιιηΔ
1444 5436 1587 5501 corr.
1609 5420 1714 5501 vel.
1783 5424 1926 5501 1"
1956 5440 2097 5501 cprr.
2131 5418 2199 5478 ei.
2279 5426 2324 5501 '_’
2355 5427 2603 5501 Es_vers.
2632 5437 2687 5481 et
2713 5438 2846 5482 text.
2882 5418 3085 5497 praem,
3109 5428 3151 5479 Α
3183 5422 3514 5501 εΙιὲγίυγεΙιὶς..
3613 5419 3703 5501 lii:

435 5497 679 5566 riarcltae,
718 5502 760 5556 C
801 5497 1112 5568 Lyriarcltie.

1208 5493 1251 5525 ³⁰
1277 5490 1367 5546 AB
1394 5490 1704 5565 ltyriarcltie:
1781 5493 1823 5524 ³⁸
1853 5496 1941 5549 Sic
1970 5495 2010 5549 C
2035 5505 2089 5550 et
2115 5512 2257 5550 corr.
2284 5495 2369 5557 B‘,
2397 5497 2484 5549 AB
2524 5497 2766 5565 formam.

2846 5488 3008 5552 “Sic
3037 5488 3095 5551 C.
3129 5496 3218 5549 AB
3241 5502 3382 5547 sunt.
3460 5489 3506 5519 ³³
3533 5488 3626 5540 stc
3649 5491 3703 5541 (λ

437 5554 776 5634 εὶέὸίτζᾟῖ,
796 5554 884 5622 All
911 5568 1018 5637 qui.
1096 5565 1141 5597 ³³⁸
1166 5563 1224 5637 B‘
1252 5554 1633 5637 margfadser.
1664 5560 1740 5637 pe
1767 5565 2055 5616 virtutibus.
2134 5567 2178 5637 ’P
2216 5583 2237 5617 κ
2264 5554 2568 5621 imitatione.
2624 5567 2692 5637 7”
2717 5569 2870 5621 Corr.
2906 5567 2989 5629 B'.
3022 5554 3110 5619 ᾸΒ
3141 5564 3460 5637 pontiﬁcum.
3537 5556 3581 5587 ³⁷
3614 5557 3699 5610 Ex

436 5657 581 5697 vers.
616 5654 671 5694 et
710 5648 841 5693 text.
863 5635 1078 5709 Δίςιιίιρεη
1117 5635 1205 5709 Ali
1233 5636 1393 5709 litata.

438 5726 549 5766 scr.
581 5723 690 5776 per.
767 5709 810 5739 ³ο
849 5702 991 5774 facit.
1032 5725 1139 5761 oin.
1173 5702 1239 5759 l3.
1309 5704 1350 5734 “
1383 5702 1422 5754 Β
1449 5718 1581 5772 quae
1608 5718 1675 5757 se.

1471 5632 1515 5662 ³⁸
1544 5631 1632 5683 Sic
1661 5631 1701 5684 C
1738 5645 1788 5686 et
1827 5647 1975 5689 corr.
2003 5637 2085 5690 B'.
2108 5636 2189 5689 AB
2236 5641 2458 5705 reliquit.

2539 5637 2581 5668 ³³
2620 5636 2677 5689 B‘
2705 5639 2817 5691 voci
2854 5653 2986 5706 quae
3019 5631 3211 5706 puncta
3249 5631 3409 5697 subj.,
3439 5638 3494 5684 ct
3526 5642 3707 5695 supra
