3952 6156
267 310 369 369 197

1094 302 1315 359 SUPER
1359 300 1780 356 illliAiiClilMl
1823 296 2228 352 (LAELESTEM
2273 297 2330 351 S.
2374 292 2689 352 NONVS".

3440 290 3537 343 199

268 422 526 482 tenterad
543 418 982 492 ipsamvinnteat
998 417 1191 471 merito
1209 414 1848 486 principalem,quoniam
1884 418 1925 476 Α
1956 431 2046 483 per
2085 415 2309 468 mediam
2341 413 2484 466 illam
2522 414 2562 443 ’ί
2605 411 2832 464 secunda
2874 410 3291 479 manlius-latione
3326 410 3539 463 dolatis.

269 515 509 570 omnium
530 514 787 566 virtutum
805 519 856 561 et
883 509 1133 578 princeps
1159 518 1213 562 et
1240 506 1562 576 principium
1588 514 1690 571 est,
1714 520 1853 576 quae.

270 606 435 661 etiam
465 602 533 658 ad
558 601 796 657 secunda
828 600 1082 654 virtutem
1108 599 1199 654 dat
1220 608 1275 652 et
1300 596 1637 652 deiformitcr
1661 612 1855 668 prove-

269 696 370 759 nit,
390 694 497 748 hoe
516 700 623 757 est,
654 692 826 745 instar
847 689 1059 744 divinae
1081 688 1457 758 processionis.
1473 688 1539 743 Et
1561 688 1853 743 notandam

267 785 435 855 quod,
464 783 557 838 ubi
582 782 861 853 posuimus
894 780 912 813 ¹
955 780 1143 834 virtuti
1173 779 1406 853 similem
1435 788 1491 834 et
1517 779 1734 834 virtutis
1761 779 1858 833 da-

270 878 489 940 tricem,
521 876 596 929 ibi
640 874 694 928 in
743 872 952 928 Graeco
978 872 1277 942 composita
1321 880 1449 926 sunt
1491 873 1683 935 verba,
1719 880 1856 941 quae

270 965 625 1035 compositive
679 977 785 1019 non
831 978 1117 1032 possumus
1166 962 1482 1025 transferre,
1539 963 1642 1017 nisi
1692 950 1852 1023 forte,

270 1057 518 1129 quamvis
548 1055 825 1119 inusitate,
870 1054 1112 1110 dicamus
1160 1052 1462 1125 dwapoubi
1503 1048 1524 1085 ⁸
1558 1042 1859 1107 virtutifor-

271 1165 443 1214 mem;
471 1145 834 1220 δυναμοδότως
869 1146 889 1176 ³
926 1160 1072 1208 vero,
1104 1145 1232 1199 dum
1271 1144 1582 1200 adverbium
1622 1144 1853 1205 videtur,

270 1238 502 1294 nonnisi
534 1237 845 1292 nominibus
865 1244 1037 1305 potest
1079 1228 1385 1298 transferri.
1427 1229 1495 1291 tie
1520 1236 1744 1291 nimium
1784 1237 1860 1290 in-

273 1329 469 1395 usitate.
512 1335 785 1382 vertatur.
837 1322 1132 1398 Propterea
1185 1326 1420 1381 diximus
1451 1343 1465 1379 :
1496 1327 1680 1381 virtuti
1709 1327 1858 1381 sitni-

271 1422 372 1476 lem
391 1430 450 1477 et
469 1421 690 1475 virtutis
704 1419 986 1475 datricem.
1006 1418 1186 1488 Ipsam
1203 1418 1221 1449 ⁵
1239 1424 1411 1474 autem
1426 1430 1728 1474 sanctarum
1746 1418 1857 1473 Po-

272 1521 546 1576 testatum,
572 1512 676 1565 hoc
707 1519 812 1575 est,
868 1510 1039 1580 ipsam
1082 1506 1507 1566 nominationem
1545 1518 1856 1566 sanctarum

272 1602 607 1660 l‘otestatum
638 1602 871 1657 aestimo
888 1601 909 1633 ⁸
934 1600 1209 1657 declarare
1239 1603 1652 1674 aequipotentem
1675 1602 1696 1632 ‘
1719 1601 1857 1655 diri-

270 1710 455 1746 παι-ατη
482 1693 916 1747 Dominationum
959 1701 1008 1746 et
1061 1690 1323 1747 Virtutum
1370 1693 1494 1747 bene
1538 1701 1780 1747 ornatam
1807 1700 1855 1745 et

270 1782 603 1852 inconfnsam
639 1782 781 1836 circa
820 1782 1022 1836 divinas
1053 1782 1397 1851 susceptioncs
1450 1782 1854 1847 ordinationem,
1886 1760 1933 1819 Β

271 1886 316 1929 et
358 1875 671 1929 ordinatum
700 1874 722 1905 "
750 1872 1204 1944 supermnndanae
1242 1882 1288 1926 et
1323 1870 1690 1927 intellectualis
1718 1881 1860 1941 pote-

270 1966 438 2029 statis,
466 1981 573 2019 non
597 1965 868 2034 tyrannica
891 1964 946 2016 in
960 1980 1040 2023 ea.
1068 1979 1203 2034 quae
1225 1961 1478 2031 inferiora
1502 1969 1623 2016 sunt
1641 1961 1687 2027 ⁸,
1716 1968 1858 2031 pate-

270 2057 469 2112 stativis
491 2055 776 2110 virtutibus
803 2053 1201 2125 praecipitatae,
1225 2051 1317 2106 sed
1344 2060 1578 2121 potenter
1598 2051 1652 2105 in
1680 2051 1857 2105 divina

270 2157 377 2217 post
414 2150 549 2202 bene
589 2146 864 2201 ordinatas
901 2145 1167 2209 reductae,
1213 2153 1262 2198 et
1295 2153 1408 2215 post
1450 2159 1505 2197 se
1535 2142 1858 2211 deiformiter

272 2240 590 2305 reducentis,
624 2248 673 2292 et
711 2239 1067 2308 potentiﬁcam
1101 2233 1122 2269 '
1172 2232 1644 2301 exusiarcltiam“,
1683 2244 1856 2304 quan-

271 2343 372 2386 tum
408 2332 494 2403 fas
522 2340 626 2397 est,
667 2329 1011 2393 assimilatae,
1037 2339 1084 2384 et
1115 2337 1253 2393 eam,
1285 2336 1342 2382 ut
1366 2321 1632 2397 possibile,
1656 2327 1857 2397 angelis

274 2422 549 2477 rescidistis
575 2423 630 2476 in
655 2420 780 2475 bene
798 2421 1000 2475 ornatis
1027 2436 1121 2490 per
1142 2421 1309 2491 ipsum
1331 2418 1603 2473 ordinibus
1626 2422 1855 2489 potesta-

272 2515 369 2568 tira
393 2515 605 2569 virtute.
630 2503 834 2583 Ipsa“,
865 2512 1062 2582 inquit,
1097 2511 1392 2566 nominatio
1410 2519 1722 2566 sanctarum
1753 2493 1857 2565 Po;

274 2607 521 2658 testatum
564 2602 807 2658 declarat
859 2586 1363 2672 aequepo'tentem"
1411 2599 1494 2656 vel
1538 2600 1857 2671 aequeordi-

274 2702 446 2745 natam
469 2684 517 2723 ¹⁸
573 2689 969 2745 ordinationem
1025 2691 1222 2746 divinis
1285 2690 1751 2746 Dominationibus
1804 2701 1858 2744 et

274 2782 599 2848 Virtutibus,
648 2780 706 2836 et
742 2781 879 2838 bene
912 2791 1180 2847 ornatam,
1228 2790 1284 2838 et
1325 2781 1687 2848 inconfusam,
1716 2797 1856 2852 quae

278 2882 378 2927 nun
408 2874 716 2945 t‘yrannice,
752 2874 854 2928 hoc
881 2880 988 2939 est,
1016 2891 1118 2930 non
1142 2874 1363 2930 abusiva
1404 2873 1746 2944 potestatein
1767 2885 1848 2936 ea,

272 2975 405 3033 quae
427 2964 535 3019 sibi
561 2965 777 3019 subdita
820 2965 968 3029 sunt,
1012 2966 1067 3020 in
1121 2964 1244 3021 ficta
1288 2965 1332 2999 "
1390 2960 1742 3021 similitudine
1766 2960 1856 3034 po-

274 3057 647 3112 testativarum
699 3057 961 3112 virtutum
992 3057 1402 3128 praecipitatur,
1444 3057 1538 3112 sed
1578 3063 1851 3127 potenter,

275 3148 387 3204 sive
433 3154 495 3203 ut
541 3149 760 3219 proprie
814 3147 1162 3213 transfertur,
1188 3147 1562 3218 potentissime
1587 3147 1639 3200 in
1668 3146 1852 3201 divina

275 3239 549 3296 reducitur
569 3248 690 3310 post
715 3238 854 3294 bene
876 3239 1176 3303 ordinatas,
1214 3240 1317 3294 hoc
1349 3248 1452 3305 est,
1487 3246 1608 3308 post
1642 3232 1855 3308 primae

276 3331 576 3387 ierarchiae
628 3330 852 3401 pulchre
900 3331 1179 3386 ordinatas
1236 3331 1501 3396 virtutes,
1555 3344 1696 3400 quae
1734 3346 1853 3383 eam

274 3423 625 3492 praecedunt,
654 3431 711 3477 et
752 3430 873 3492 post
892 3438 973 3486 se,
1004 3422 1053 3475 iJ
1086 3431 1173 3477 est
1213 3420 1279 3487 η,
1304 3421 1442 3476 infra
1480 3436 1539 3477 se
1577 3422 1855 3477 Ordinatus

275 3513 500 3570 iirtutcs
543 3512 882 3569 deiforntiter
910 3515 1121 3569 reducit
1144 3513 1213 3580 “,
1245 3529 1461 3569 sursum
1487 3514 1647 3585 plane
1673 3514 1847 3576 ducit,

275 3612 326 3657 et
375 3603 724 3674 potentiiieae
771 3604 1173 3668 exusiarchiae,
1230 3604 1330 3658 hoc
1381 3613 1465 3659 est
1510 3596 1849 3661 Divinitatis.

276 3708 407 3762 quae
433 3693 863 3759 ἐξουσωποιὸςη,
908 3694 1037 3763 quia
1076 3702 1371 3763 potestates
1406 3693 1551 3759 facit,
1587 3693 1852 3766 ἄξουσιαῤ-

277 3786 426 3857 xix“
449 3801 602 3852 vero,
632 3786 759 3857 quia
809 3789 1136 3856 potestatum
1166 3786 1419 3854 princeps
1463 3795 1546 3841 est
1574 3794 1628 3841 et
1648 3786 1851 3857 princi-

275 3876 438 3943 pium,
469 3876 804 3938 nominatur,
834 3883 1098 3945 quantum
1136 3873 1280 3938 licet,
1326 3874 1519 3930 similis
1568 3873 1709 3931 facta
1745 3885 1845 3938 est,

275 3977 326 4022 et
347 3984 469 4024 eam
510 3962 968 4047 ἕξουσιαρχίανη,
1012 3977 1269 4037 quantum
1320 3969 1603 4039 possibile,
1648 3969 1851 4041 angelis

277 4059 478 4114 revelat
502 4061 822 4130 potestativa
852 4060 1049 4115 virtute
1081 4061 1134 4115 in
1171 4060 1307 4116 bene
1333 4061 1542 4117 ornatis
1571 4062 1851 4118 ordinibus

277 4152 587 4221 peripsam,
624 4168 776 4207 suam
807 4152 1057 4207 videlicet
1110 4153 1531 4217 ordinationem,
1565 4169 1663 4223 per
1687 4171 1848 4224 quam

278 4240 561 4298 inferiores
602 4244 821 4299 ordines
867 4254 1149 4300 ornantur.
1196 4245 1311 4298 Has
1344 4246 1538 4300 habens
1571 4247 1849 4317 deifarmes

279 4336 611 4403 proprietates
626 4335 797 4388 media
811 4334 1109 4390 caelestium
1122 4337 1298 4389 animo
1306 4352 1419 4390 rum
1433 4336 1702 4407 dispositio
1733 4355 1853 4407 pur-

1883 3106 1930 3170 C

1958 509 2084 573 llas,
2123 507 2315 576 inquit,
2351 506 2599 575 proprias
2642 505 2870 557 virtutes
2918 506 2980 557 ac
3023 502 3312 556 deiformes
3336 502 3544 556 medius

1957 600 2271 655 caelestium
2301 599 2604 651 animorum
2634 604 2856 651 ornatus
2880 595 3064 659 habet,
3094 595 3319 664 ideoque
3344 608 3546 664 purga-

1958 701 2046 751 tur
2098 703 2153 751 et
2213 694 2549 749 illuminatur
2607 684 2663 747 et
2716 692 3031 761 perficitur,
3085 689 3543 760 quemadmodum

1957 787 2157 841 dictum
2190 792 2273 839 est
2300 784 2351 837 in
2383 783 2645 845 superiori
2677 766 2922 851 Capitula
2944 782 3011 836 de
3047 780 3219 849 prima
3254 777 3544 833 ierarchia.

1958 876 2067 930 Nec
2095 874 2312 929 aliunde
2340 881 2601 942 purgatur
2648 866 2704 925 et
2761 870 3097 925 illuminatnr
3145 878 3199 924 et
3247 870 3544 939 perficitur.

1958 964 2061 1019 nisi
2091 979 2119 1016 a
2148 961 2346 1017 divinis
2374 960 2882 1022 illuminationilms,
2928 959 3112 1015 inditis
3156 960 3256 1015 sibi
3284 961 3542 1017 secundo,

1957 1053 2332 1112 adverbium"
2355 1052 2707 1113 estsecundo,
2739 1066 2835 1120 per
2855 1051 3084 1121 primam
3116 1050 3472 1105 ierarehicam
3499 1050 3546 1081 ³³

1959 1147 2389 1218 dispositionem,
2441 1143 2698 1214 quoniam
2763 1142 2849 1197 illa
2888 1142 3102 1211 primo,
3145 1142 3246 1197 isza
3292 1156 3423 1197 vero
3460 1159 3549 1197 se-

1958 1239 2135 1295 cundo
2162 1253 2261 1309 per
2313 1238 2457 1292 illam
2504 1231 2716 1291 divinas
2764 1233 3057 1304 participat
3101 1226 3544 1297 illuminationes,

1958 1343 2013 1390 et
2041 1348 2138 1402 per
2170 1331 2403 1387 mediam
2436 1329 2581 1384 illam
2615 1328 2812 1383 iterum
2843 1326 3077 1382 secunda
3107 1326 3545 1409 manifestatione

1959 1426 2012 1480 in
2037 1426 2250 1480 tertiam
2275 1422 2596 1480 ierarehiam
2613 1422 2779 1476 veluti
2808 1436 2907 1491 per
2935 1421 3225 1477 secundam
3247 1420 3294 1452 "t
3321 1420 3544 1474 manife-

1959 1517 2244 1571 stationem
2278 1510 2409 1584 ipsis
2435 1513 2632 1568 divinis
2661 1504 3145 1567 illuminationiiuts
3180 1494 3404 1577 delatis,
3435 1513 3551 1567 sive

1957 1615 2019 1662 ut
2046 1606 2263 1678 proprie
2298 1605 2649 1669 transfertur,
2682 1598 3005 1660 distributis.

2014 1697 2304 1770 §2Jtuque
2315 1714 2407 1768 per
2418 1693 2577 1747 aliam
2592 1693 2868 1747 dictionem
2884 1691 3053 1745 venire
3066 1689 3119 1744 in
3132 1687 3295 1745 alium
3309 1684 3550 1761 angelum

1961 1781 2529 1853 audttum,symbolum
2557 1780 2604 1813 ’⁸
2627 1782 2880 1851 faciemus
2909 1798 2940 1833 a
2968 1780 3117 1850 longe
3138 1774 3552 1863 superpfrfe'ctae

1962 1882 2008 1931 et
2028 1893 2120 1945 per
2138 1877 2516 1945 processionem
2534 1873 2766 1929 orettltae
2790 1874 2845 1927 in
2873 1872 3192 1943 sequentium
3211 1871 3258 1904 ’⁸
3278 1865 3553 1940 perfectio-

1963 1968 2063 2021 nis.
2131 1966 2296 2032 Haec,
2348 1966 2542 2036 inquit,
2596 1978 2952 2035 supernorum
3001 1962 3199 2017 Civium
3249 1960 3549 2031 colloquia,

1962 2059 2157 2129 quibus
2180 2058 2427 2113 videmus
2453 2072 2552 2126 per
2578 2056 2744 2111 alium
2774 2054 3024 2125 angelum
3048 2053 3339 2110 dictionem
3364 2050 3551 2108 venire

1963 2154 2015 2205 in
2047 2149 2212 2206 aliam
2245 2148 2517 2220 angelum,
2551 2148 2604 2203 in
2634 2163 2741 2218 quo
2769 2150 2853 2202 est
2878 2147 3113 2210 auditus,
3146 2145 3358 2216 signum
3389 2138 3550 2199 facie-

1963 2258 2083 2297 mus
2105 2253 2135 2296 α
2159 2241 2317 2312 longe
2343 2238 2802 2312 superperfeetae,
2824 2239 2928 2293 hoc
2955 2246 3059 2302 est,
3086 2236 3208 2308 plus
3233 2252 3395 2309 quam
3422 2226 3549 2308 pur-

1964 2328 2137 2388 fectae
2161 2331 2511 2402 perfectionis
2529 2372 2544 2395 ,
2569 2338 2625 2384 et
2657 2338 2754 2399 per
2789 2329 3189 2399 processionem
3216 2319 3462 2383 occultae
3493 2328 3548 2382 in

1962 2424 2297 2496 sequentiam
2324 2414 2391 2476 ’⁷.
2419 2422 2498 2501 Ac
2525 2421 2570 2477 si
2611 2426 2794 2492 aperte
2842 2416 3047 2476 dioeret
3078 2437 3092 2473 :
3123 2412 3232 2475 Nos
3282 2420 3550 2487 heminas,

1962 2517 2051 2586 qui
2089 2530 2192 2571 non
2219 2513 2617 2586 experimento,
2644 2513 2736 2568 sed
2769 2519 3089 2581 argumento
3117 2510 3328 2567 divinos
3360 2511 3541 2581 explo-

1962 2622 2146 2662 ramus
2175 2619 2385 2668 sensus,
2416 2602 2677 2660 faciemus
2705 2600 2752 2639 ”
2784 2608 3158 2672 argumentum
3188 2610 3245 2656 et
3270 2602 3550 2671 apertissi-

1962 2713 2109 2752 mum
2139 2697 2370 2766 signum,
2399 2696 2529 2765 quid
2554 2696 2621 2750 de
2651 2694 2829 2764 longe,
2874 2694 2977 2749 hoc
3013 2700 3116 2758 est,
3145 2693 3214 2747 ab
3243 2692 3356 2762 ipsa
3383 2692 3546 2748 celsi-

1964 2787 2148 2842 tudine
2202 2787 2416 2842 divinae
2471 2782 2858 2848 sublimitatis,
2915 2790 3056 2855 qoae
3111 2783 3424 2854 longissime
3480 2784 3550 2839 ab

1960 2879 2231 2943 omnibus,
2265 2882 2403 2948 quae
2424 2886 2570 2942 sunt,
2604 2877 2935 2941 remo’vetnr,
2965 2877 3086 2946 plus
3111 2891 3276 2946 quam
3302 2875 3544 2945 perfecta

1959 2978 2012 3027 et
2037 2964 2134 3043 per
2160 2967 2414 3026 arcanam
2448 2971 2844 3040 processionem
2876 2969 3084 3024 occulta
3121 2962 3451 3039 perfectione
3498 2968 3544 3001 ”

1960 3062 2226 3135 gradatim
2257 3068 2312 3116 et
2330 3060 2578 3117 ordinate
2604 3060 2658 3116 in
2686 3061 3021 3129 sequentiam
3036 3059 3105 3124 ³ο,
3129 3059 3181 3112 io
3227 3058 3544 3114 caelestium

1961 3154 2221 3208 virtutum
2255 3150 2508 3206 videlicet
2555 3158 2973 3220 consequentem
3017 3151 3416 3207 ordinationem
3449 3150 3543 3202 de-

1960 3244 2187 3301 scendit.
2221 3243 2284 3297 Et
2310 3243 2412 3297 hoc
2440 3251 2520 3297 est
2550 3241 2678 3296 illud
2710 3251 3083 3315 argumentum
3100 3249 3156 3296 et
3182 3241 3417 3312 signum,
3445 3254 3544 3311 per

1958 3342 2121 3395 alium
2146 3337 2389 3409 angelum
2414 3335 2656 3406 profecto
2679 3328 2724 3371 ³¹
2749 3335 2929 3392 venire
2950 3336 3242 3391 dictionem
3271 3350 3299 3389 a
3330 3350 3540 3389 summa

1958 3432 2248 3487 Divinitate
2269 3430 2320 3483 in
2356 3427 2520 3483 alium
2551 3428 2823 3498 angelum,
2855 3427 2907 3482 in
2938 3442 3044 3497 quo
3074 3424 3202 3482 illud
3230 3427 3460 3483 vertitur
3487 3429 3534 3460 ³³

1956 3521 2161 3579 dictum
2192 3516 2245 3576 in
2270 3520 2546 3585 auditum;
2581 3536 2684 3573 non
2711 3520 2853 3590 quod
2879 3520 2931 3573 in
2962 3520 3042 3575 eis
3069 3515 3315 3590 corporei
3347 3534 3537 3575 sensus

1957 3612 2086 3679 sint,
2128 3614 2222 3670 sed
2272 3613 2418 3685 quod
2464 3613 2542 3668 sic
2586 3613 2720 3666 visio
2752 3611 3063 3681 prophetica
3095 3611 3323 3667 formata
3355 3612 3446 3667 sit.
3480 3609 3539 3667 Si

1955 3704 2261 3777 ergo,quod
2292 3718 2500 3758 summa
2538 3703 2750 3757 bonitas
2780 3702 3057 3772 praecipit,
3087 3703 3259 3771 prima
3293 3701 3338 3733 ³³
3370 3702 3539 3756 ie‘rar-

1954 3798 2074 3852 cinia
2106 3797 2159 3850 in
2209 3794 2369 3849 aliam
2422 3802 2582 3865 atque
2636 3793 2798 3847 aliam
2854 3784 3195 3856 ierarchiatn,
3255 3792 3425 3847 Veluti
3488 3793 3542 3847 in

1953 3885 2117 3940 alium
2151 3893 2313 3953 atque
2338 3882 2502 3939 alium
2553 3883 2842 3955 angelum,
2885 3882 2938 3935 in
2988 3881 3184 3950 quibus
3236 3881 3324 3935 illa
3374 3876 3542 3936 dictio

1953 3975 2190 4039 auditur,
2219 3974 2518 4039 descendit,
2543 3974 2755 4044 signum
2806 3981 2889 4026 est
2934 3970 2980 4003 ³⁸
3024 3972 3406 4027 incunctanter
3451 3972 3539 4025 di-

1954 4070 2108 4122 vinae
2136 4067 2499 4138 processionis
2546 4079 2640 4135 per
2675 4055 2955 4120 ordinatos
3002 4064 3203 4131 gradus
3248 4079 3280 4116 a
3330 4077 3543 4117 summo

1953 4173 2122 4227 usque
2148 4155 2547 4218 deorsum,ltoc
2592 4163 2694 4218 est,
2735 4155 2801 4208 ab
2851 4153 3326 4209 excellentissimis
3375 4152 3545 4206 caele-

1953 4249 2126 4302 stibus
2154 4244 2407 4300 essentiis
2439 4236 2607 4314 usque
2638 4244 2703 4296 ad
2736 4243 2983 4299 homines
3004 4284 3017 4304 .
3045 4242 3139 4312 qui
3170 4241 3334 4296 etiam
3365 4241 3541 4313 angeli

1954 4340 2227 4398 div-untur,
2260 4334 2478 4405 quando
2507 4334 2746 4388 divinum
2786 4333 3101 4397 consilium,
3129 4332 3272 4401 quod
3302 4347 3401 4403 per
3450 4350 3539 4386 su-

278 4431 429 4514 gatur
451 4425 655 4493 quidem
678 4435 723 4478 et
752 4425 1085 4479 illuminatur
1105 4435 1152 4480 et
1174 4427 1465 4496 perﬁcitur,
1504 4429 1848 4497 quemadmo-
1883 4457 1927 4514 1)
1955 4431 2193 4499 periores
2207 4426 2424 4497 angelos
2445 4425 2733 4494 accipiunt,
2759 4422 3107 4479 inferioribus
3127 4416 3541 4479 scanituntiant.

280 4513 395 4565 dum
412 4515 607 4568 dictum
622 4525 717 4578 est,
745 4534 778 4570 a
807 4515 1503 4581 divinisilluminationibus,
1533 4519 1715 4575 inditis
1748 4523 1847 4577 sibi

281 4604 498 4655 secundo
524 4622 616 4674 per
638 4608 863 4672 primam
893 4605 1292 4659 ierarchicam"
1329 4607 1747 4677 dispositionem,
1801 4626 1848 4668 et

1958 4523 2070 4576 lloc
2114 4529 2293 4574 autem
2323 4518 2474 4581 dicit,
2524 4525 2584 4571 ut
2633 4516 2992 4585 intelligamus
3028 4516 3332 4570 mirabilem
3358 4531 3535 4570 rerum

1950 4613 2376 4686 dispositionem,
2407 4625 2505 4680 per
2545 4622 2706 4677 quam
2739 4609 2916 4663 divina
2947 4609 3293 4666 Providentia
3325 4602 3542 4665 univer-

1552 4734 1635 4787 V'A
1648 4734 1754 4789 ΒΙᾸ
1766 4738 1804 4791 Ε
1846 4730 2241 4793 LECTIONES.

350 4860 541 4940 '_Corr.
563 4860 647 4926 B‘,
674 4875 771 4929 pro
791 4860 1036 4940 quotlubi
1066 4858 1333 4940 ppsuimuf
1410 4859 1449 4912 Β
1483 4862 1568 4940 ubi
1596 4867 1863 4932 posuimus
1887 4865 2044 4932 quod,
2073 4864 2134 4940 ρ,
2159 4852 2298 4933 quod
2322 4845 2746 4940 non_p'osuinius.
2794 4859 2842 4940 _’
2875 4856 3177 4937 dua-appetiit;
3206 4857 3256 4940 i_n
3285 4854 3441 4940 fozid.
3470 4838 3539 4911 ila

278 4930 530 5002 scriptum
560 4927 763 5002 est,__ut
800 4927 1071 4983 facillime
1099 4928 1244 5002 legas
1302 4928 1435 4981 falso
1483 4927 1819 5002 δυνάμοσέαν,
1874 4927 2042 5002 quare
2078 4933 2140 4986 B‘
2172 4927 2343 5002 marg.
2375 4927 2551 4984 adscr.
2594 4929 2632 4979 i.
2670 4944 2720 4981 e.
2771 4927 3139 4997 dynamosian.

3217 4928 3237 4959 ³
3268 4927 3344 4999 Β·
3369 4942 3541 4999 marg.

278 4996 453 5053 adscr.
494 5002 635 5071 ine.
669 5000 1054 5054 dinamodotos.
1122 4996 1449 5071 ὶ-Βίιιιιινε.
1507 4996 1681 5057 adscr.
1718 5005 1793 5063 Ite
1823 4996 2183 5071 potestatibus.
2226 4996 2346 5071 7"A
2374 5002 2487 5071 ips.
2531 5013 2669 5071 nom.
2710 4996 2883 5071 sanet.
2919 5005 3105 5066 potest.
3137 4996 3540 5071 nominationem

279 5072 508 5130 aestima,
544 5068 585 5122 Β
621 5070 717 5138 ips.
752 5086 805 5122 η.
842 5086 886 5122 s.
928 5087 981 5136 p.
1023 5067 1427 5121 nominationem
1449 5072 1683 5125 aestimo.
1758 5076 1778 5102 δ
1819 5067 1911 5128 Sic
1938 5070 2089 5128 ABC.
2163 5072 2183 5105 "
2220 5070 2280 5125 B‘
2320 5070 2497 5123 adscr.
2527 5069 2626 5121 i.e.
2659 5067 3059 5121 ordinationem.

278 5158 437 5231 riora.
511 5158 532 5189 ’
564 5157 717 5212 Corr.
748 5158 985 5231 B‘LAB
1011 5162 1340 5231 pontiﬁcum.

278 5230 703 5296 omnipotentem.
780 5230 824 5260 ³³
846 5228 937 5282 Sic
963 5229 1113 5285 ABG.

1193 5226 1237 5262 ιι
1268 5230 1356 5283 Sic
1379 5230 1458 5294 c,
1492 5232 1581 5301 AB
1626 5226 1824 5301 inﬁcta.

278 5293 504 5351 B‘leo‘rr.
546 5299 817 5352 reducens.

897 5299 938 5329 "
980 5300 1023 5352 Α
1062 5318 1154 5369 ego
1180 5318 1456 5361 ουσιοποιι,
1504 5300 1546 5354 Β
1575 5299 2020 5370 θρονουσιοποιος.

3146 5067 3166 5098 ⁸
3197 5066 3235 5121 Β
3262 5078 3379 5120 sunt
3402 5066 3543 5135 infe-

1418 5156 1460 5194 ίο
1488 5161 1547 5214 Β·
1596 5179 1755 5232 supra
1788 5180 1893 5218 scr.
1926 5163 2079 5232 aliter
2104 5152 2366 5217 causalent
2394 5160 2696 5232 potentium.
2775 5159 2823 5232 ’ξ
2853 5162 2889 5232 Α
2924 5161 3109 5231 ipsam.
3139 5229 3151 5232 _
3188 5161 3230 5232 ‘7'
3260 5158 3541 5232 SicAB,C

1902 5232 1946 5266 ⁸⁵
1976 5231 2068 5288 Sic
2106 5233 2146 5287 C
2172 5244 2224 5286 et
2248 5233 2371 5295 rati,
2395 5228 2549 5284 corr.
2602 5228 2698 5292 B',
2744 5229 2832 5282 ΑΒ
2876 5228 3033 5283 idem.

3111 5229 3154 5262 ”
3196 5231 3232 5280 Β
3278 5230 3363 5282 red
3370 5240 3539 5291 uotae,

2123 5302 2166 5371 ‘3
2192 5303 2230 5354 Α
2284 5302 2324 5355 Β
2373 5316 2466 5368 ego
2503 5319 2807 5371 ουσιαρχια,
2845 5302 2902 5354 Β“
2946 5317 3089 5355 corr.
3125 5301 3304 5371 ἔκονσ-
3448 5297 3537 5351 ΑΒ

382 5387 721 5444 ουᾳιᾳρχιᾳν,
741 5367 800 5421 Β·
818 5384 962 5444 (ξρννζ
983 5367 1157 5444 um.
1178 5442 1184 5444 _
1215 5372 1260 5403 ²⁰
1276 5370 1428 5444 (Sorr.
1448 5371 1540 5444 ΔΒ’,
1565 5367 2008 5444 ierarrluam.
2084 5372 2126 5402 ²¹
2143 5370 2202 5423 Β·
2222 5367 2583 5444 ntarg.atlscr.
2618 5367 2763 5423 illam
2803 5373 2842 5423 i.
2868 5387 2914 5424 e.
2952 5367 3534 5444 priutamiieiqrcltium.

278 5434 318 5466 ⁸³
343 5436 385 5489 Α
431 5434 771 5492 Ad'oérbum
841 5438 887 5469 ⁸³
924 5438 1076 5494 Corr.
1130 5442 1213 5503 B‘,

1270 5438 1400 5495 ΑΒΕ
1441 5429 1772 5495 ierarcltiam.
1846 5442 1893 5475 “
1944 5442 1985 5495 Β
2038 5452 2294 5504 sanctam,
2328 5429 2386 5493 Β·
2443 5453 2617 5509 supra
2656 5454 2763 5493 scr.
2803 5429 3103 5494 secundum.
3178 5429 3313 5509 ""Bﬂ
3365 5452 3532 5509 marg,-

481 5506 754 5561 simbolum
788 5508 918 5582 ine.
940 5509 1245 5582 fxemplum
1280 5510 1386 5582 sive
1416 5510 1933 5582 demonstrationem.
2008 5511 2054 5582 τ’*
2081 5512 2131 5582 _B
2166 5512 2449 5581 sequentia.
2508 5506 2568 5582 ξιτ
2598 5508 2659 5561 Β⁹
2692 5525 2834 5582 corr.
2866 5508 3176 5582 sequentia:
3228 5510 3273 5582 "3
3300 5508 3363 5582 B_
3382 5506 3534 5576 faeie,

279 5571 332 5623 8‘
364 5575 547 5629 adscr.
576 5593 744 5630 mtas.
816 5577 861 5608 ”
939 5578 1074 5631 Rad.
1103 5571 1258 5633 ’θοι-ι’.
1289 5578 1351 5640 Β,
1400 5578 1489 5632 ΑΒ
1520 5580 1902 5647 perfectionem.

2009 5581 2052 5613 ³ο
2080 5579 2121 5633 Β
2146 5572 2465 5651 sequentium
2498 5580 2699 5648 (punct.
2748 5579 2833 5648 adj
2868 5572 2974 5646 B").
3050 5576 3091 5609 ³¹
3133 5572 3286 5632 Corr.
3335 5572 3418 5649 B‘,
3450 5582 3489 5635 Δ
3520 5572 3535 5633 λ

277 5664 521 5732 perferto.
596 5665 640 5698 ³⁸
677 5663 720 5718 Β
746 5667 962 5720 uertitur
991 5667 1140 5721 illud.
1218 5667 1264 5698 ³³
1290 5668 1333 5720 Α
1360 5684 1452 5737 per
1474 5669 1662 5737 prima.
1700 5668 1742 5721 Β
1770 5686 1862 5738 per
1884 5672 2072 5740 prima.
2108 5671 2313 5741 (punct.
2346 5652 2450 5741 arfj:
2480 5670 2588 5740 B'.)
2661 5668 2706 5698 “
2743 5668 2894 5722 Corr.
2930 5666 2987 5719 Β⁹
3008 5709 3021 5731 ,
3061 5668 3148 5721 ΑΒ
3174 5669 3309 5738 ejm.‘
