3952 6156
363 287 467 343 l9!)

1465 278 1962 337 EXPOSI'I‘IONES
2000 277 2281 335 JOANMS
2324 276 2516 333 SCUTI

3508 270 3614 324 200

359 376 535 432 sitatis
564 376 811 431 conditae
856 376 1238 446 plenitudinem
1289 372 1540 427 ineffabili
1592 372 1933 441 processioue
1966 376 2006 431 Α
2038 370 2235 437 Cipittm
2276 368 2540 431 omnium,
2592 365 2734 437 quod
2793 364 3243 436 superessentiale
3290 371 3391 427 est,
3446 362 3615 416 Deum

359 468 609 537 disponit.
646 464 797 520 Enim
835 469 1088 536 sapientes
1122 467 1259 518 circa
1290 481 1466 516 sacras
1523 472 1725 516 nostras
1774 461 1791 493 ¹
1837 462 1933 514 int-

360 564 664 620 molationes
692 565 711 593 ¹
742 564 924 623 aiunt,
974 577 1067 629 per
1110 560 1304 626 seipsas
1353 557 1579 609 lucentes
1641 555 1934 608 divinorum

357 653 726 722 plenitudines,
750 666 841 718 per
870 650 1063 701 alteras
1115 645 1633 715 contemplativarum
1675 644 1695 674 ³
1723 642 1937 712 partici-

356 742 655 808 pationum,
714 754 822 791 esse
876 736 1227 806 perfectiores.
1268 734 1419 801 Quod
1479 728 1776 803 praedixit,
1839 746 1938 799 per

357 845 689 884 sununorutn
770 829 1111 882 sacerdotum
1206 825 1470 895 approbat
1545 821 1928 877 testimonium.

357 922 639 991 Sapientes
682 919 851 981 enim,
899 917 1090 986 inquit,
1137 916 1228 984 qui
1274 930 1457 969 sacras
1485 920 1698 967 nostras
1733 912 1936 965 hostias

355 1019 409 1061 et
439 1007 834 1062 immolationes
862 1006 882 1036 "
910 1005 1164 1075 mysticus
1226 1004 1464 1073 perfecte
1502 1001 1824 1071 intelligunt,
1852 1000 1936 1054 di-

354 1105 503 1157 cunt.
533 1112 629 1165 per
654 1112 710 1151 se
749 1097 891 1165 ipsas
936 1095 1244 1149 immediate
1289 1094 1532 1157 lucentes
1577 1090 1937 1160 plenitudines

354 1189 656 1242 divinorum
691 1188 1077 1249 intellectuum,
1106 1186 1208 1240 boc
1232 1192 1334 1248 est,
1369 1183 1579 1237 divinos
1608 1179 1934 1241 intellectus,

354 1283 444 1350 qui
472 1296 568 1351 per
593 1294 651 1334 se
683 1281 826 1349 ipsos
859 1280 1163 1333 immediate
1214 1277 1524 1347 plenissime
1572 1278 1783 1345 lucent,
1816 1286 1936 1342 per-

357 1371 606 1423 fectiores
635 1383 774 1429 esse.
805 1382 966 1435 quam
999 1366 1451 1436 contemplativae
1472 1362 1933 1434 participationes,

356 1457 800 1525 ‘contemplativi
838 1455 858 1484 ⁸
906 1455 1113 1510 scilicet
1178 1454 1502 1518 intellectus,
1557 1453 1649 1522 qui
1699 1451 1935 1506 divinam

354 1544 860 1614 coiitemplatiouem
924 1559 1020 1614 per
1063 1544 1261 1598 alteras
1308 1544 1537 1597 virtutes
1588 1541 1933 1612 participant.

355 1636 506 1699 Quod
536 1635 772 1689 breviter
803 1633 1054 1704 colligere
1082 1646 1387 1702 possumus.
1420 1630 1782 1685 Perfectiorcs
1809 1638 1937 1683 sunt

2040 458 2311 521 videlicet,
2344 459 2692 519 reducuntur,
2721 464 2775 510 et
2804 472 2832 508 a
2865 454 2907 486 “
2937 453 3351 524 participatione
3401 452 3621 505 teletar—

2037 548 2336 612 chicarum,
2367 548 2671 601 divinarum
2700 546 2980 608 videlicet,
3007 543 3386 613 purgationem
3416 550 3471 596 et
3501 541 3622 594 illu-

2040 637 2393 691 minatiouum
2416 648 2469 691 et
2496 635 2912 705 perfectionem,
2931 643 3191 703 quantum
3217 633 3365 696 licet,
3388 631 3622 687 etiieiuno

2014 736 2144 793 .tur.
2173 725 2435 779 Divinitas
2487 725 2531 756 ²⁰
2570 734 2770 789 autem,
2803 732 2861 778 ut
2901 737 3064 791 saepe
3105 720 3216 789 jam
3268 722 3466 775 dictum
3530 723 3573 753 ’ί
3604 761 3621 787 ,

2040 816 2351 871 teletarcliis
2377 815 2576 871 dicitur
2597 816 2712 869 sive
2739 813 3073 876 teletarcbia,
3107 812 3362 884 quoniam
3414 812 3613 865 hostia.

2042 923 2159 961 rum
2189 906 2514 977 principium
2538 912 2623 960 est
2649 913 2703 959 et
2746 903 3018 974 princeps.
3053 901 3118 956 Et
3157 904 3291 957 haec
3333 901 3380 933 "
3429 901 3510 955 lex
3552 915 3620 954 ex

2039 1001 2217 1054 divina
2245 998 2567 1063 taxiarcliia,
2593 998 2696 1051 hoc
2722 1004 2806 1050 est
2828 995 2897 1060 ⁸⁸,
2925 1010 2990 1048 ex
3022 990 3067 1025 "
3104 993 3216 1064 ipsa
3242 992 3454 1051 deitate,
3482 1006 3623 1059 quae

2038 1098 2323 1159 propterea
2357 1087 2652 1143 taxiarchia
2691 1086 2915 1149 dicitur,
2949 1084 3076 1155 quia
3115 1084 3277 1162 totius
3325 1082 3625 1136 ordinatio-

2038 1179 2122 1233 nis
2151 1177 2472 1249 principium
2510 1185 2664 1231 estet
2683 1177 2951 1246 princeps,
2987 1174 3138 1243 quasi
3159 1175 3351 1238 τάξεων
3378 1174 3521 1249 ἀρχή
3550 1172 3622 1236 ’⁸,

2038 1270 2181 1341 quod
2209 1280 2294 1324 est
2335 1270 2585 1324 ordinum
2639 1268 2985 1338 principium,
3030 1266 3220 1319 tradita
3245 1272 3350 1328 est,
3381 1264 3621 1317 secunda

2038 1359 2246 1414 scilicet
2292 1358 2655 1426 speculamina
2704 1373 2801 1426 per
2836 1357 3008 1426 prima
3053 1355 3265 1408 divinas
3293 1353 3625 1423 participare

2040 1451 2476 1508 illuminationes.
2522 1449 2758 1504 Invenies
2789 1459 2959 1502 autem
3001 1448 3097 1500 hoc
3143 1456 3191 1501 et
3234 1446 3528 1499 multotiens
3577 1442 3628 1477 ³⁸

2039 1545 2289 1614 theologis
2338 1546 2380 1577 "
2430 1560 2750 1612 expressum.
2779 1544 2856 1595 Ac
2895 1542 2939 1596 si
2971 1542 3211 1595 diceret:
3243 1554 3344 1594 non
3380 1538 3550 1592 solum
3591 1550 3627 1591 a

2038 1637 2360 1693 sacerdotali
2391 1637 2697 1697 traditione,
2735 1649 2919 1689 verum
2954 1634 3119 1688 etiam
3146 1633 3214 1686 ab
3239 1632 3368 1701 ipsis
3396 1630 3628 1700 prophe-

355 1727 520 1782 tiiviui
550 1726 975 1795 itttcllecttts.Q|Ii
1004 1740 1099 1794 per
1125 1740 1180 1778 Se
1201 1725 1344 1794 ipsos
1365 1723 1671 1777 ίῐῐὶιηοάίῐιῑθ
1697 1722 1931 1775 (“Villam
1967 1730 2009 1790 Β
2040 1730 2107 1785 tis
2138 1728 2456 1799 saepissime
2479 1726 2775 1795 praefatam
2807 1726 2976 1797 legem
3010 1725 3254 1780 invenies
3278 1723 3624 1777 inculcatam.

357 1818 677 1887 participant
699 1816 1225 1886 contemplationem,
1251 1829 1410 1884 quam
1434 1814 1621 1878 ceteri,
1668 1812 1757 1881 qui
1784 1812 1804 1842 τ
1837 1826 1935 1880 per

358 1908 701 1963 medietatem
730 1906 983 1961 altiorum
1019 1921 1077 1959 se
1106 1906 1330 1959 eandem
1374 1904 1881 1973 contemplationem
1912 1901 1933 1932 "

357 2002 654 2072 suscipiunt
673 1999 712 2053 ’.
749 2000 962 2054 Intuere
981 2039 995 2063 ,
1047 1999 1133 2052 tibi
1162 1998 1440 2067 posuimus
1465 1996 1757 2066 sapientes,
1786 1994 1856 2049 ibi
1881 1994 1933 2047 in

357 2098 564 2150 Graeco
589 2092 761 2155 δεινοί,
790 2108 889 2162 pro
914 2107 1022 2162 quo
1047 2102 1225 2162 potest
1253 2092 1295 2123 ¹⁰
1322 2092 1444 2162 quis
1488 2090 1671 2145 dicere
1718 2108 1767 2145 ε..
1785 2102 1936 2143 reve-

358 2188 508 2245 rendi
537 2186 619 2241 vel
655 2185 810 2255 periti
844 2185 923 2239 vel
948 2186 1240 2255 sapientes.
1271 2183 1362 2240 Sic
1390 2185 1628 2247 aestimo,
1652 2192 1698 2237 et
1738 2180 1936 2253 angeli-

357 2293 531 2332 corum
566 2275 811 2329 ordinum
861 2275 1216 2329 immediatam
1263 2274 1712 2344 participationem
1766 2274 1936 2348 primo

357 2372 370 2421 ἰ
396 2386 408 2420 ι
444 2367 606 2419 Deum
637 2374 961 2419 extentorum
987 2364 1341 2434 perfectiorem
1364 2380 1473 2418 esse
1499 2381 1590 2434 per
1611 2364 1936 2417 medietatem

359 2459 724 2528 perfecturam.
753 2455 1235 2522 Quemadmodum,
1262 2455 1454 2524 inquit,
1488 2469 1583 2524 per
1609 2468 1667 2507 se
1695 2453 1938 2507 lucentes

356 2550 706 2620 perleetiores
732 2555 857 2602 sunt
888 2549 972 2602 bis
991 2588 1005 2612 ,
1033 2547 1123 2617 qui
1157 2561 1253 2616 per
1282 2546 1416 2600 alios
1441 2544 1612 2598 lucem
1645 2543 1935 2613 accipiunt,

358 2645 429 2696 ita
460 2640 695 2694 arbitror
720 2638 989 2709 angelicos
1014 2637 1257 2701 ordines,
1285 2637 1375 2706 qui
1406 2634 1713 2690 immediate
1753 2633 1940 2703 primi-

360 2743 445 2786 tus
472 2731 524 2785 in
557 2729 1028 2799 participationem
1057 2727 1149 2781 Dei
1180 2726 1563 2789 extenduntur,
1590 2723 1940 2795 perfectiores

355 2836 479 2876 csse
500 2819 863 2891 perfecturum
894 2820 957 2882 ",
986 2833 1174 2873 eorum
1207 2816 1477 2879 videlicet,
1502 2814 1592 2885 qui
1631 2814 1807 2884 aliqua
1830 2829 1939 2868 me-

263 2979 278 2992 .
361 2915 555 2969 dietate
588 2910 902 2981 interposita
929 2910 1152 2981 perfecti
1202 2917 1348 2965 sunt.
1394 2907 1496 2964 Ubi
1542 2907 1737 2978 posui:
1768 2906 1942 2978 perie-

359 3003 602 3066 ctiorem,
628 3001 700 3056 ibi
743 3002 794 3055 in
822 3000 1035 3056 Graeco
1072 3002 1440 3076 Evapywripav
1470 3000 1535 3066 “,
1571 2999 1711 3069 quod
1755 3013 1942 3068 possu—

357 3109 476 3148 mus
509 3093 691 3148 dicere
740 3109 753 3144 :

354 3199 385 3237 c
407 3190 503 3237 'rte
528 3182 907 3237 ellicaciorem.
948 3179 1170 3249 Propter
1208 3180 1346 3249 quod
1372 3188 1418 3233 et
1440 3196 1474 3237 _a
1497 3189 1673 3232 nostra
1702 3179 1944 3232 sacerdo-

352 3271 451 3325 tali
471 3272 753 3326 traditione
783 3266 1092 3339 perfectione
1126 3279 1174 3323 et
1203 3269 1248 3302 ³³
1283 3268 1520 3335 luciﬁcae
1556 3276 1602 3321 et
1645 3266 1947 3338 purgativae

356 3362 569 3414 virtutes
608 3360 761 3429 primi
796 3358 839 3390 ιθ
881 3358 1173 3413 intellectus
1214 3360 1551 3412 nominantur
1591 3357 1898 3427 inferiorum
1928 3400 1942 3422 ,

358 3465 606 3521 unquam
634 3466 721 3519 per
743 3467 795 3503 se
814 3450 857 3482 "
876 3450 927 3503 in
942 3451 1171 3503 omnium
1193 3447 1619 3519 superessentiale
1632 3450 1943 3518 principium

359 3541 711 3603 reductorum,
734 3550 780 3592 et
810 3538 1294 3593 theletarchicarum
1324 3539 1695 3609 purgationum
1740 3547 1788 3592 et
1819 3538 1942 3591 illu-

361 3632 701 3684 minationum
734 3640 778 3683 et
822 3629 1198 3700 perfectionum
1223 3630 1279 3683 in
1305 3630 1730 3701 participatione,
1757 3646 1944 3683 serun-

362 3736 483 3773 num
532 3720 603 3773 eis
648 3721 752 3789 fas,
787 3721 1068 3789 factorum.
1109 3719 1221 3775 Hoc
1246 3723 1384 3775 enim
1407 3731 1480 3775 est
1508 3722 1718 3774 omnino
1766 3721 1944 3774 divina

367 3810 662 3865 metiare/tia
705 3810 747 3841 ¹⁶
770 3810 1021 3865 divinitus
1042 3810 1426 3881 promulgatum
1460 3812 1523 3875 ⁸⁷,
1560 3828 1653 3882 per
1672 3812 1841 3881 prima
1862 3827 1947 3864 se-

368 3901 542 3955 cunda
572 3901 758 3955 divinis
786 3902 1101 3972 participare
1140 3901 1629 3957 illuminationibus.
1683 3901 1795 3957 llac
1842 3918 1945 3955 una

366 3989 624 4062 perplana
655 3990 696 4021 ⁸⁸
727 3989 1162 4061 lucidissimaque
1190 3992 1455 4046 sententia
1496 3990 1739 4046 ordinem
1772 3994 1947 4047 caele-

362 4076 525 4132 s.i:nn
541 4080 898 4136 essentiarum
914 4080 1334 4151 dignitatemque
1348 4081 1773 4153 breviteraperit
1788 4092 1949 4155 atque

362 4170 973 4243 i-oucludit.Propterea,
992 4174 1185 4244 inquit,
1200 4182 1383 4229 nostra
1402 4175 1633 4229 humana
1650 4177 1951 4233 sacerdota-

368 4262 431 4314 lis
450 4262 692 4316 doctrina
710 4273 819 4317 tres
831 4264 1034 4333 primos
1046 4264 1265 4320 ordines
1281 4265 1487 4333 primae
1513 4264 1762 4321 caelestis
1786 4267 1951 4323 ierar-

366 4351 524 4405 Cbiae
555 4352 881 4422 perlectivas
909 4363 963 4408 et
990 4353 1233 4410 luciﬁcas
1258 4364 1314 4409 et
1352 4356 1664 4426 purgativas
1708 4358 1949 4412 nominat

2037 1819 2263 1884 Quando
2290 1819 2427 1872 enim
2454 1818 2629 1870 divina
2653 1826 2700 1869 et
2743 1824 2963 1885 paterna
3014 1814 3318 1868 humanitas
3366 1813 3412 1844 ⁸⁸
3454 1808 3630 1866 Israel

2036 1907 2442 1965 conversibiliter
2468 1907 2515 1940 ’³
2549 1898 2644 1976 pro
2688 1923 2842 1960 sacra
2889 1907 3004 1976 ejus
3053 1904 3222 1959 salute
3260 1902 3529 1967 erudiens,
3574 1907 3631 1956 et

2036 2002 2402 2059 ulciscentibus
2427 2012 2476 2057 et
2507 1999 2793 2053 immitibus
2823 1997 3217 2052 nationibus‘in
3259 1994 3633 2049 correctionem

2038 2096 2270 2162 tradens,
2301 2094 2575 2164 omnigena
2601 2092 2927 2161 provisorum
2953 2090 3006 2143 in
3041 2087 3225 2141 melius
3274 2084 3624 2147 traductione,

2037 2194 2086 2239 et
2110 2184 2459 2255 captivitatem
2489 2181 2711 2245 dimisit,
2742 2190 2790 2233 et
2825 2179 2894 2233 ad
2917 2179 3139 2248 priorem
3170 2175 3445 2231 clementer
3472 2175 3631 2228 redu-

2037 2278 2114 2332 xit
2143 2276 2511 2338 constantiam,
2560 2273 2696 2327 videt
2739 2271 3095 2342 theologorum
3152 2285 3286 2322 unus
3338 2267 3631 2320 Zacharias

2039 2383 2202 2422 unum
2227 2367 2537 2436 primorum,
2565 2373 2624 2418 ut
2663 2363 2899 2425 aestimo,
2943 2373 2991 2414 et
3033 2361 3171 2414 circa
3208 2359 3373 2414 Deum
3416 2356 3634 2428 angelo-

2042 2476 2191 2524 rum;
2226 2473 2498 2513 commune
2521 2454 2564 2488 ³⁰
2596 2456 2733 2509 enim
2760 2462 2835 2508 est
2886 2454 2930 2485 "
2976 2452 3215 2506 omnibus
3258 2452 3353 2505 hoc
3393 2447 3633 2519 angelica

2042 2549 2495 2619 cognominatione
2511 2547 2579 2611 ",
2605 2548 2669 2600 ab
2699 2547 2810 2616 ipso
2829 2545 2874 2575 ³³
2914 2544 3022 2598 Deo
3049 2545 3326 2596 discentem
3358 2541 3421 2594 de
3448 2538 3509 2571 ’ν
3531 2541 3635 2592 hoc

2040 2640 2411 2705 consolatoria,
2428 2649 2483 2694 ut
2509 2640 2704 2694 dictum
2731 2646 2829 2703 est,
2852 2637 3021 2693 verba.
3053 2633 3197 2690 Ordo
3218 2634 3504 2688 verborum
3534 2632 3583 2663 "
3611 2649 3630 2690 :

2042 2733 2202 2788 Videt
2261 2734 2405 2788 enim
2455 2732 2500 2763 “
2563 2731 2956 2800 theologorum,
3012 2727 3394 2797 prophetarum
3445 2722 3632 2793 plane,

2042 2838 2184 2878 unus
2215 2822 2431 2877 nomine
2459 2820 2751 2876 Zacharias
2780 2834 2946 2873 unum
2970 2818 3266 2888 primorum
3289 2814 3631 2888 angelorum,

2042 2913 2421 2985 principalium
2456 2913 2705 2968 videlicet
2737 2912 3032 2971 Virtutum,
3079 2921 3218 2977 quae
3267 2907 3412 2961 circa
3455 2905 3632 2959 Deum

2047 3011 2191 3067 sunt,
2225 3012 2285 3056 ut
2313 3002 2569 3066 aestimo;
2626 3001 2728 3055 hoc
2756 3000 2899 3054 enim
2930 3012 3145 3060 nomen,
3181 2996 3325 3065 quod
3351 3003 3434 3050 est
3459 3009 3633 3065 ange-

814 3074 1218 3161 perfectiorem,
1282 3090 1364 3144 vel
1421 3090 1803 3160 potentiorem,
1857 3089 1943 3143 vel
1974 3074 2015 3135 (ἶ
2050 3092 2154 3158 lus,
2182 3099 2238 3145 ut
2274 3090 2541 3162 praedixi,
2582 3104 2871 3145 coinmune
2910 3096 2995 3142 est
3019 3085 3268 3141 omnibus
3305 3084 3635 3140 caelestibus

2047 3184 2333 3239 virtutibus
2358 3193 2579 3253 propter
2606 3181 2925 3252 angelicam,
2951 3180 3053 3234 hoc
3078 3187 3178 3242 est,
3197 3176 3627 3233 annuutiativam

2044 3275 2602 3345 cognominationem;
2655 3276 2724 3326 ab
2776 3272 2891 3342 ipso
2931 3272 3040 3326 Deo
3090 3271 3412 3334 discentem,
3440 3268 3635 3323 didicit

2044 3367 2190 3422 enim
2230 3366 2345 3436 ipse
2373 3381 2513 3420 unus
2560 3365 2857 3435 primorum
2891 3362 3200 3432 angelorum
3238 3362 3306 3415 ab
3354 3361 3469 3429 ipso
3516 3360 3633 3415 Deo

2045 3458 2356 3513 immediate
2382 3458 2447 3512 de
2477 3457 2599 3518 hoc,
2632 3456 2699 3509 de
2729 3456 2903 3510 reditu
2942 3454 3098 3523 plane
3121 3452 3307 3513 lsrael,
3328 3451 3635 3505 consolato—

2046 3550 2127 3603 ria
2160 3549 2345 3613 verba,
2376 3550 2517 3604 sicut
2565 3548 2769 3602 dictum
2806 3554 2909 3610 est,
2945 3546 2996 3599 in
3060 3545 3372 3615 prophetica
3421 3543 3636 3598 scilicet

2044 3641 2273 3705 visione,
2298 3641 2513 3708 quando
2557 3638 2738 3693 divina
2791 3645 2845 3691 et
2890 3644 3116 3706 paterna
3168 3636 3493 3695 humanitas,
3527 3635 3634 3689 hoc

2045 3739 2129 3785 est
2160 3728 2700 3793 clementia,dimisit
2746 3726 3131 3797 captivitatem,
3176 3732 3234 3779 ct
3274 3724 3342 3777 ad
3394 3724 3630 3794 priorem

2047 3835 2106 3873 re
2129 3818 2264 3872 luxit
2333 3816 2674 3887 indulgenter
2731 3815 3116 3878 constantiam,
3165 3814 3417 3868 erudiens
3465 3814 3632 3869 Israel

2047 3906 2503 3972 conversibiliter,
2533 3907 2634 3960 hoc
2677 3914 2778 3969 est,
2807 3913 2867 3958 ut
2903 3912 3330 3969 converteretur,
3355 3918 3450 3975 pro
3476 3919 3631 3958 sacra

2047 4000 2162 4067 ejus
2188 3999 2393 4065 salute;
2429 3995 2597 4051 noluit
2626 3996 2768 4050 enim
2793 4009 2917 4048 eum
2965 3994 3210 4049 hostibus
3258 3994 3371 4048 suis
3416 3994 3634 4048 tradere

2048 4090 2339 4160 asperitate
2363 4087 2653 4151 vindictae,
2685 4086 2780 4141 sed
2806 4085 2973 4140 voluit
3011 4085 3284 4155 corrigere
3321 4094 3376 4141 et
3419 4084 3635 4140 salvare

2049 4179 2460 4235 mansuetudine
2501 4176 2854 4240 clementiae;
2904 4183 2959 4229 et
2998 4173 3402 4238 ulciscentibus,
3431 4176 3543 4229 sive
3574 4186 3636 4228 ut

2049 4270 2433 4341 congruentius
2463 4270 2589 4329 buic
2614 4268 2732 4323 loco
2762 4266 3113 4329 transfertur,
3140 4268 3544 4328 coercentibus,
3577 4277 3637 4321 et

2054 4361 2365 4426 immitibus,
2392 4359 2472 4413 vel
2504 4359 2710 4428 asperis
2738 4358 2791 4411 in
2812 4357 3202 4411 correctionem
3231 4355 3275 4388 ³⁷
3303 4356 3538 4418 tradens,
3563 4356 3633 4408 ad

366 4444 615 4508 virtutes,
637 4445 888 4514 quoniam
912 4445 1196 4502 inferiores
1220 4447 1436 4502 ordines
1469 4462 1568 4517 per
1588 4463 1683 4504 eos
1705 4451 1773 4504 ad
1795 4450 1946 4520 prin-
1976 4438 2023 4496 Ι)
2050 4451 2444 4523 corrigendum,
2474 4449 2758 4520 omnigena
2789 4447 2834 4479 ³⁸
2876 4448 3211 4517 provisorum
3272 4448 3629 4510 traductione,

1668 4581 1922 4637 VARIAE
1958 4582 2359 4640 LECTIONES.

441 4720 457 4750 ²
480 4717 518 4772 Β
535 4727 738 4770 nostras
760 4734 957 4771 sacras.

1033 4718 1129 4771 ’θ’
1158 4716 1540 4788 margaadscr.
1563 4718 1662 4772 i.e.
1692 4720 1955 4788 sacriﬁcia
1983 4722 2085 4775 sive
2122 4726 2469 4773 sacramenta.

373 4793 387 4812 ⁸
433 4788 471 4841 Β
528 4788 907 4841 immolationes
954 4796 1002 4841 et
1048 4785 1301 4841 hostias.“
1342 4787 1363 4818 '
1413 4785 1455 4840 Β
1493 4785 1841 4875 ηεινιὶίειξοιςεέ
1890 4791 2335 4861 participationes.
2412 4788 2432 4818 ⁸
2476 4788 2608 4841 Rad.
2664 4785 2807 4843 corr.
2878 4787 2938 4841 Β·
2975 4831 2988 4851 ,

2548 4716 2643 4770 'B‘
2660 4732 2831 4787 marg.
2859 4719 3033 4772 adscr.
3059 4720 3097 4772 i.
3124 4735 3170 4771 e.
3199 4716 3632 4787 contemplativa.

3056 4788 3146 4841 AB
3196 4786 3630 4857 eontemplatiris.

2466 4870 2547 4905 sus
2590 4893 2599 4904 .

363 4904 379 4934 τ
436 4892 515 4959 vui
577 4905 687 4945 om.
736 4890 798 4954 B,
845 4892 910 4945 ad
950 4906 1122 4961 marg.
1155 4891 1332 4945 adscr.
1359 4891 1441 4945 B'.
1519 4892 1539 4922 ⁸
1570 4896 2049 4964 contemplationem
2077 4911 2185 4948 om.
2218 4895 2258 4947 B
2328 4895 2347 4924 ⁹
2388 4893 2429 4947 Β
2456 4890 2768 4962 ὅόἦσὶρὶωιι,
2848 4894 2891 4925 ¹⁰
2930 4903 3092 4962 potest
3119 4907 3229 4945 om.
3259 4892 3319 4956 Β,
3345 4892 3411 4945 ad
3453 4908 3608 4961 marg

374 4986 547 5062 adscr.
583 4982 665 5035 ll’.
744 4985 891 5062 “DB;
924 5000 1095 5054 marg.
1127 4985 1305 5062 adscr.
1358 4985 1396 5038 i.
1430 5000 1476 5062 ᾳ.
1507 4986 1797 5062 perfectis.
1876 4989 1921 5062 ’ἢ
1946 4986 2061 5062 Αιξ-
2090 4964 2582 5062 ξνιγμστιρονί-Ηυ
2619 4995 2667 5037 et
2710 5000 2819 5038 om.
2860 4986 2967 5062 ᾼΙὶ,
3008 4987 3131 5038 add.
3164 5002 3226 5038 ex
3272 4987 3411 5062 conj.
3464 4997 3515 5040 et

372 5060 502 5126 text.
527 5064 711 5126 graec.
746 5124 752 5126 ἓ
789 5053 911 5126 “Bf
948 5053 1115 5126 marg.
1145 5054 1326 5126 adscr.
1365 5056 1516 5126 primi
1543 5057 1577 5108 ἡ.
1619 5073 1664 5109 e.
1697 5059 1941 5126 supremi.

372 5125 542 5177 rhicu.
572 5122 612 5175 Β
645 5124 986 5191 laxiore/rica.

371 5194 417 5224 "
457 5193 549 5246 Sic
576 5191 651 5256 C;
688 5190 778 5245 AB
803 5190 1070 5248 dirinitus.
1146 5196 1189 5226 “
1230 5190 1288 5247 Β·
1321 5190 1481 5260 supra
1513 5196 1688 5249 adscr.
1744 5209 1839 5249 est.

370 5266 477 5327 «mit
503 5272 598 5317 ert.
674 5263 721 5294 ”
745 5273 819 5316 est
846 5278 955 5317 om.
998 5265 1107 5328 AB,
1138 5265 1303 5319 habet
1327 5263 1367 5317 C
1396 5274 1451 5316 et
1477 5279 1634 5331 supra
1665 5266 1838 5319 adscr.
1873 5267 1955 5319 B‘.

376 5335 421 5365 τ’
446 5331 535 5385 Sic
582 5332 692 5404 ᾼΒ.
768 5335 808 5365 ³⁷
828 5333 886 5386 B'
916 5348 1080 5404 supra
1105 5337 1282 5388 adscr.
1310 5351 1341 5404 η
1368 5333 1636 5404 theologis.

371 5406 510 5456 liter.
587 5402 631 5434 ⁸⁵
660 5404 716 5456 B'
748 5419 891 5457 corr.
916 5402 1223 5456 communis.

399 5475 663 5542 .rophetia.

403 5544 421 5572 '
450 5543 489 5595 Β
508 5543 641 5627 enim
681 5547 883 5615 (punct.
913 5545 1017 5610 adj.
1045 5543 1148 5614 B').

381 5652 498 5690 υηιη
532 5654 537 5661 ’
566 5662 592 5686 οι
614 5675 626 5686 .

1260 5544 1302 5575 ³⁷
1328 5534 1373 5599 Β
1387 5533 1398 5545 ’
1423 5533 1787 5614 col-cptionem.

2019 5057 2063 5089 ⁸³
2097 5056 2365 5127 Ιι’”ιίιπε.’
2411 5057 2587 5127 adscr.
2636 5069 2725 5121 per
2763 5071 2817 5127 se
2863 5056 2901 5108 i.
2937 5073 2981 5107 e.

1065 5125 1105 5156 "
1144 5123 1186 5176 Β
1230 5123 1615 5247 Eermnlgatum
1646 5166 1659 5189 ,
1708 5123 1849 5180 corr.
1899 5123 2325 5197 promulgatum'
2359 5127 2401 5157 ιδ
2441 5125 2570 5178 ABC
2599 5139 2690 5192 per
2733 5124 2908 5180 plana.

1065 5233 1070 5247 .
1146 5196 1189 5226 ²¹
1276 5198 1288 5214 ‘
1321 5207 1481 5247 supra
1513 5196 1688 5247 adscr.
1744 5209 1839 5247 est.
1914 5199 1959 5228 "
2001 5198 2058 5247 B'
2096 5197 2215 5247 voci
2249 5198 2374 5247 haec
2413 5204 2592 5247 nonet.
2628 5192 2790 5247 subi..
2821 5203 2875 5247 et
2907 5235 2908 5243 χ

3050 5073 3105 5107 er
3132 5073 3236 5108 eos.
3316 5056 3411 5108 “A
3432 5058 3637 5110 laxior-

2989 5124 3030 5156 ⁸³
3081 5124 3140 5178 Β⁶
3186 5127 3299 5177 rad.
3354 5141 3497 5179 corr.
3551 5130 3633 5181 in.

1914 5199 1959 5228 "
2001 5198 2058 5249 B'
2096 5192 2215 5249 voci
2249 5198 2374 5248 haec
2413 5204 2592 5260 punct.
2628 5192 2790 5260 subj.,
2821 5203 2875 5247 et
2907 5196 2971 5247 ad
3002 5210 3169 5263 inarg.
3196 5194 3374 5248 adscr.
3398 5198 3521 5246 Imcc
3545 5198 3638 5249 in-

2031 5269 2075 5297 "
2110 5267 2201 5318 Sic
2242 5266 2326 5326 (3.,
2356 5265 2444 5318 ΑΒ
2473 5267 2559 5315 od.

1709 5337 1754 5368 ⁸³
1791 5335 1852 5388 B'
1886 5351 2043 5405 supra
2076 5350 2186 5388 scr.
2214 5335 2249 5385 i.
2294 5350 2341 5385 e.
2374 5336 2580 5405 pietas.

1302 5403 1341 5433 ³³
1377 5402 1434 5454 B'
1456 5402 1635 5474 marg.
1661 5406 1836 5459 adscr.
1879 5424 1922 5457 s.
1951 5402 2152 5475 negotio
2194 5404 2588 5475 captivitatisct
2627 5402 2939 5475 reductionis
2972 5402 3143 5475 Israel
3169 5413 3221 5475 νίς
3252 5403 3445 5454 dictum
3469 5412 3543 5454 est
3576 5405 3636 5457 in

756 5474 799 5504 “
853 5476 911 5527 Β.
964 5475 1412 5543 cognomina'ione
1461 5485 1663 5543 (ptinet.
1717 5475 1822 5543 adj.
1874 5477 1973 5535 ll‘).

2636 5264 2683 5293 ⁸⁵
2716 5263 2775 5315 Β·
2821 5280 2991 5329 ntarg.
3044 5266 3220 5317 adscr.
3269 5267 3638 5320 taxeonarchi.

2656 5332 2701 5363 "
2731 5332 2865 5385 “ad.
2896 5349 3036 5385 corr.
3073 5334 3152 5396 B‘,
3187 5333 3273 5385 AB
3304 5336 3635 5386 conoersabi-

3099 5472 3145 5502 ³⁸
3190 5470 3248 5523 Β⁶
3306 5472 3484 5524 adscr.
3527 5484 3635 5525 est.

2053 5476 2099 5506 ³³
2130 5474 2220 5525 ΑΒ
2260 5471 2371 5525 ⁷Ιιυε
2411 5472 2473 5523 ab
2514 5473 2645 5537 ipso.
2720 5471 2766 5502 ”
2804 5471 2913 5524 Bet
2939 5481 3021 5524 de.

1894 5547 1937 5575 ³⁸
1970 5545 2026 5597 B'
2056 5560 2223 5613 marg.
2277 5543 2456 5595 adscr.
2496 5541 2577 5613 rel
2621 5541 2891 5610 omnigena
2938 5542 2975 5595 i.
3020 5558 3066 5594 e.
3125 5542 3353 5594 videiicet
3399 5544 3640 5609 generali
