3952 6156
278 314 373 371 ‘2‘}!

1121 312 1341 372 SUPER
1384 311 1808 370 IEBARCHIAM
1847 311 2256 373 CAELESTEM
2299 312 2357 367 S.
2399 311 2713 369 DlONYSll.

3433 316 3537 373 ‘ll'ﬂ

278 436 378 490 hoc
408 445 510 499 est,
539 435 849 498 omnimoda
893 450 1101 499 eorum,
1149 435 1242 506 qui
1294 434 1473 489 divina
1519 430 1853 505 providentia
1885 433 1929 491 A
1959 436 2163 491 etuose,
2188 428 2442 483 intellexit
2474 430 2820 499 multiplicem
2847 430 3117 486 redeuntis
3138 430 3202 486 dc
3229 432 3538 501 captivitate

274 535 537 594 reguntur
558 535 615 581 et
643 526 987 595 corriguntur
1010 525 1051 590 ’,
1085 524 1505 579 manudu‘ctione
1559 522 1612 576 in
1642 521 1853 576 melius.

277 616 375 671 Ubi
408 618 648 673 diximus
677 618 1058 678 constantiam,
1084 616 1155 670 ibi
1203 617 1254 670 in
1284 616 1497 671 Graeco
1525 612 1792 671 εὐπάθειαν
1812 615 1856 675 ³,

272 708 413 775 quod
458 708 650 763 Cicero
691 708 856 763 voluit
886 706 1177 761 transferre
1201 706 1556 762 constantiam
1584 721 1599 768 ;
1634 704 1732 773 ipsi
1761 720 1858 756 au-

277 806 382 849 tem
430 795 623 851 Graeci
654 798 918 851 ιῦπὰθειαν
963 796 985 827 ³
1038 795 1225 849 dicunt
1266 796 1559 869 εὐεργεσίαν
1586 793 1631 853 ’⁸.
1679 793 1730 846 id
1755 800 1858 855 est,

274 885 744 940 hencl’acientiam.
772 885 1080 941 eandenm“
1107 893 1285 938 autem
1304 893 1413 939 tres
1429 882 1858 938 suntsecuudum

273 972 508 1037 Stoicos,
552 974 822 1039 voluntas,
866 974 1138 1044 gaudium,
1175 972 1371 1033 cautio.
1425 980 1482 1026 et
1542 970 1751 1031 nonnisi
1806 986 1859 1035 tu

271 1064 450 1115 animo
475 1062 736 1131 sapientis
762 1063 1189 1128 constituuntur;
1215 1062 1541 1129 voluntatem
1566 1062 1691 1125 dico
1708 1076 1857 1115 amo-

274 1167 381 1204 rem
442 1152 605 1221 boni,
646 1154 900 1222 gaudium.
944 1168 1074 1208 vero
1117 1152 1185 1207 de
1223 1152 1469 1207 veritatis
1518 1153 1857 1216 inventione,

268 1245 452 1298 cautio
502 1244 733 1314 diligens
790 1260 968 1300 rerum
1017 1244 1379 1301 consideratio
1422 1244 1464 1298 ⁸.
1518 1242 1625 1298 Nos
1678 1253 1857 1298 autem

273 1333 509 1391 dicimus.
557 1335 829 1407 maesta;
860 1336 880 1365 τ
935 1335 1188 1406 gaudium
1239 1335 1284 1400 ⁸,
1337 1350 1597 1401 amorem,
1654 1335 1856 1399 odium,

270 1423 601 1497 tristitiam,
650 1424 867 1493 quando
929 1423 980 1479 in
1053 1425 1234 1478 animo
1300 1424 1559 1494 sapientis
1614 1427 1635 1458 ’
1690 1426 1857 1481 virtu~

268 1523 345 1569 tes
365 1524 514 1579 sunt,
550 1523 649 1568 ut:
677 1534 695 1566 ι
720 1514 963 1571 Gaudete
986 1523 1038 1569 ct
1068 1515 1328 1582 exultate,
1365 1517 1616 1586 quoniam
1653 1532 1860 1573 merces

274 1613 446 1659 vestra
477 1607 694 1676 copiosa
717 1606 869 1662 estin
896 1606 1058 1662 caelis
1091 1624 1135 1673 ι;
1163 1609 1291 1661 item
1321 1627 1332 1662 :
1365 1627 1384 1660 ι
1415 1608 1515 1677 Qui
1554 1609 1727 1679 diligit
1751 1626 1856 1676 me,

271 1698 522 1769 diligetur
541 1714 573 1752 a
602 1699 765 1754 Patre
787 1714 908 1753 meo
929 1719 947 1752 ι
978 1717 992 1766 ;
1023 1709 1078 1755 et
1106 1700 1233 1758 alibi
1262 1719 1275 1756 :
1311 1720 1328 1753 ι
1362 1701 1443 1756 Tu
1470 1701 1594 1763 scis.
1613 1700 1854 1766 Domine,

271 1788 389 1857 quia
420 1802 552 1843 amo
581 1798 633 1842 te
661 1804 704 1853 i;
739 1805 759 1838 ι
786 1786 1000 1856 lniquos
1028 1786 1155 1842 odio
1173 1787 1334 1842 habui
1356 1789 1397 1820 ιο
1422 1805 1466 1852 »;
1504 1806 1522 1839 ι
1562 1788 1756 1843 Tristis
1775 1798 1859 1844 est

272 1877 446 1933 anima
468 1892 591 1930 mea
613 1876 862 1947 usque'ad
886 1885 1111 1931 mortem
1128 1896 1169 1929 ι.
1192 1877 1247 1931 In
1265 1876 1444 1931 animo
1460 1893 1586 1933 vero
1609 1879 1860 1948 iusipien«

274 1965 338 2025 tis
366 1966 494 2031 dum
528 1965 962 2030 considerantur,
983 1969 1301 2023 κακοπάθειαι
1334 1968 1400 2032 ¹¹,
1432 1968 1532 2023 hoc
1556 1977 1660 2032 est,
1686 1969 1860 2024 malae

273 2055 552 2123 passiones
602 2063 751 2109 recte
799 2056 1051 2111 dicuntur
1085 2058 1148 2120 η,
1190 2058 1233 2112 si
1285 2060 1460 2111 tamen
1491 2041 1747 2128 gaudium
1805 2060 1857 2113 in

274 2140 451 2198 anima
492 2140 768 2210 insipienti
801 2151 977 2210 potest
1005 2142 1226 2215 intelligi
1255 2161 1268 2198 :
1299 2133 1389 2199 est
1404 2145 1547 2199 enim
1583 2146 1856 2217 gaudium,

274 2233 494 2298 laetitia,
531 2249 696 2303 quam
727 2250 1004 2304 nunquam
1052 2237 1296 2304 sequitur
1325 2237 1565 2298 tristitia,
1595 2240 1736 2307 quod
1782 2240 1861 2292 in-

276 2322 593 2390 sipientibus
619 2324 841 2379 evenire
878 2339 982 2378 nou
1011 2333 1205 2394 potest.
1248 2324 1483 2379 Alterum
1528 2343 1646 2380 vero
1681 2328 1860 2397 subje-

275 2423 467 2466 ctorum
506 2413 836 2484 angelorum,
879 2417 937 2469 in
966 2432 1237 2469 occursum
1263 2416 1419 2485 primi
1460 2418 1857 2486 provenientent,

275 2513 523 2574 tanquam
566 2505 637 2558 ad
683 2506 1081 2559 illuminationis
1127 2508 1502 2578 susceptionem
1548 2518 1594 2561 et
1644 2508 1858 2567 metale-

274 2594 385 2658 psin
414 2594 478 2646 ¹³.
517 2594 665 2649 Vidit
691 2610 820 2649 vero
848 2596 961 2665 ipse
1001 2596 1294 2661 Zacharias
1329 2597 1490 2665 alium
1520 2598 1766 2673 angelum
1795 2600 1860 2655 de

278 2681 572 2739 minoribus
598 2684 813 2738 obviam
830 2685 984 2754 primi
1004 2685 1048 2718 “
1075 2687 1358 2757 provenire
1377 2687 1444 2741 ad
1466 2688 1861 2758 susceptionem

278 2767 706 2835 illuminatiouis,
750 2772 1094 2836 revelationis
1146 2774 1395 2830 videlicet
1443 2776 1675 2840 divinae;
1723 2793 1859 2845 quae

277 2860 423 2927 prius
470 2877 687 2917 summo
757 2863 948 2936 angelo
995 2864 1061 2919 ab
1108 2865 1223 2935 ipso
1281 2866 1390 2920 Deo
1441 2867 1581 2921 dicta
1638 2877 1737 2921 est.
1796 2867 1861 2920 Et

278 2950 588 3021 metalepsin
617 2952 686 3018 ³⁸,
712 2952 763 3007 id
820 2961 918 3023 cst,
947 2956 1368 3026 perceptionem,
1391 2956 1857 3026 participationem

1961 518 2139 587 populi
2173 518 2607 591 propagationem
2652 518 2728 584 υς
2761 520 2849 586 qui
2903 534 3028 573 vero
3081 520 3350 573 transtulit
3380 534 3394 573 :
3427 521 3540 573 sine

1963 622 2138 669 muro,
2189 608 2415 661 etuidem
2466 622 2679 660 sensum
2721 608 3026 677 significare
3064 609 3250 673 voluit,
3281 626 3343 664 ac
3386 612 3427 663 si
3458 611 3538 662 di~

1963 706 2146 751 ceret:
2184 707 2327 752 tanta
2375 698 2657 752 multitudo
2703 700 2878 769 populi
2907 701 3029 762 erit,
3078 711 3133 754 ut
3168 717 3321 757 muro
3347 701 3537 755 ambiri

1968 802 2075 841 nou
2099 787 2288 857 possit.
2341 786 2488 841 Alter
2527 799 2698 841 autem
2746 790 3097 860 theologorum
3144 790 3456 846 Ezechiel"
3493 804 3538 845 et

1962 877 2026 928 ab
2064 877 2197 944 ipsa,
2240 877 2432 945 inquit,
2478 877 2576 930 hoc
2623 879 2970 932 sacratissime
3013 880 3394 951 promulgatum
3435 899 3538 936 esse

1963 966 2239 1033 Cherubim
2285 968 2650 1037 super/innata
2699 968 3071 1039 gloriosissima
3101 970 3399 1033 Dirinitate.
3450 972 3540 1026 Al-

1964 1058 2128 1114 terius
2170 1057 2216 1091 ⁸⁶
2268 1058 2496 1128 theologi
2559 1058 2701 1128 quod
2756 1061 3023 1128 praedixit
3077 1063 3338 1137 approbat
3389 1067 3541 1119 testi-

1962 1152 2161 1216 monio,
2203 1151 2304 1207 hoc
2346 1160 2452 1218 est,
2500 1153 2640 1222 quod
2678 1153 2853 1214 divina
2885 1155 3107 1209 consilia
3142 1157 3194 1210 in
3225 1158 3414 1227 primis
3449 1175 3540 1211 an-

1960 1239 2093 1309 gelis
2137 1240 2446 1296 immediate
2482 1249 2725 1310 suscepta
2759 1257 2853 1317 per
2896 1242 3181 1298 inferiores
3221 1246 3439 1315 angelos
3488 1246 3538 1298 in

1963 1328 2327 1400 theologorum
2386 1329 2663 1399 spiritibus
2706 1328 3006 1385 formantur
3034 1333 3101 1396 ν’,
3132 1333 3354 1387 dicens:
3394 1334 3539 1386 Alter

1961 1427 2139 1475 autem
2182 1420 2549 1491 theologorum
2594 1421 2843 1476 Ezechiel
2885 1422 3033 1485 dicit,
3084 1423 3150 1475 ah
3195 1424 3307 1492 ipsa
3359 1440 3519 1491 s"|tt‘r

1962 1508 2193 1574 ﬁrmata,
2222 1512 2653 1581 superessentiali
2690 1513 2958 1577 videlicet,
2989 1514 3372 1580 gloriosissima
3398 1514 3513 1568 Divi

1960 1599 2129 1654 nitate
2153 1601 2253 1655 hoc
2271 1598 2341 1664 ⁸⁸,
2364 1601 2504 1669 quod
2527 1602 2791 1671 sequitur,
2813 1604 3180 1666 sacratissime
3206 1604 3272 1669 ν’,
3290 1605 3542 1657 divinitus

1960 1689 2136 1759 plane,
2176 1690 2566 1760 promulgatmn
2608 1706 2746 1753 esse,
2794 1693 2892 1747 huc
2938 1701 3041 1756 est,
3086 1694 3336 1746 traditum
3384 1694 3542 1746 luisse

1890 1766 1932 1824 Β
1962 1778 2090 1850 ipsis
2117 1779 2162 1811 ³⁸
2189 1778 2477 1835 Cherubim
2527 1780 2834 1835 immediate
2849 1780 2920 1835 ’³ί.
2952 1779 3107 1835 Enim
3148 1779 3338 1845 Israel,
3375 1792 3428 1834 ut
3458 1783 3539 1833 άξ-

1961 1878 2100 1921 ctum
2146 1878 2240 1932 est,
2292 1870 2623 1934 exercitativa
2666 1871 2965 1925 humanitas
3007 1888 3097 1941 per
3139 1871 3442 1941 disciplinas
3489 1873 3541 1923 in

1959 1959 2141 2013 melius
2165 1959 2443 2014 traducens
2459 1961 2668 2031 justitia
2682 1961 2857 2015 divina
2881 1961 3129 2017 obnoxios
3150 1962 3455 2016 condemnat
3473 1962 3539 2023 ",

1959 2048 2198 2103 innoxios
2222 2049 2547 2119 justiﬁcavit.
2580 2049 2893 2105 Tradueeus
2937 2050 3123 2114 Israel,
3149 2052 3251 2105 hoc
3280 2058 3383 2114 est,
3415 2035 3539 2103 dum

1960 2141 2275 2196 traducebat
2305 2141 2490 2205 lsrael,
2519 2152 2578 2196 ut
2608 2142 2807 2196 dictum
2832 2150 2914 2197 est
2944 2143 2996 2196 in
3027 2142 3206 2196 divina
3238 2141 3539 2212 Scriptura,

1960 2231 2308 2285 exercitativa
2335 2231 2660 2293 humanitas,
2690 2232 2740 2286 id
2756 2240 2857 2294 est,
2885 2231 3062 2285 divina
3086 2232 3390 2294 clementia,
3407 2246 3544 2299 quae

1963 2323 2286 2377 traducendo
2324 2331 2540 2381 exercet
2586 2337 2682 2391 per
2722 2322 3033 2394 disciplinas
3072 2323 3123 2376 in
3167 2322 3375 2384 melius,
3410 2337 3544 2391 quos

1963 2413 2191 2467 liberare
2241 2413 2373 2466 vult.
2428 2410 2542 2479 Hoc
2590 2396 2808 2473 docetur
2857 2413 3054 2479 primus
3088 2420 3200 2479 post
3241 2409 3539 2469 Cherubim,

1959 2505 2161 2559 lumbos
2186 2506 2430 2575 sapphiro
2455 2507 2801 2575 praecinctus,
2830 2506 2919 2577 qui
2946 2504 3190 2574 poderam
3213 2504 3370 2572 juxta
3401 2521 3541 2574 sym-

1961 2597 2132 2650 bolum
2170 2597 2511 2651 ierarchicum
2559 2597 2889 2650 induebatur.
2919 2596 3163 2666 Reliquos
3193 2605 3364 2649 autem
3391 2613 3519 2664 auge

1961 2688 2056 2754 los,
2094 2690 2182 2758 qui
2211 2706 2409 2742 secure.
2435 2689 2710 2755 habebant,
2741 2688 2915 2742 divina
2945 2690 3236 2753 taxiarchia
3266 2690 3482 2758 imperat
3514 2707 3542 2737 a

1960 2780 2121 2847 priori
2148 2779 2192 2809 ³³
2216 2779 2390 2835 doceri
2413 2779 2475 2832 de
2498 2780 2594 2832 hoc
2616 2779 2847 2833 divinum
2861 2780 3140 2848 judicium.
3167 2779 3279 2832 Hoc
3300 2779 3540 2839 (lueetur,

1963 2871 2154 2940 inquit,
2203 2870 2253 2924 id
2300 2878 2402 2935 est,
2445 2870 2510 2924 de
2555 2870 2657 2924 hoc
2686 2868 2912 2938 judicio,
2935 2870 3194 2925 obnoxios
3235 2871 3541 2926 damnandi.

1963 2962 2208 3021 innoxios
2249 2976 2376 3016 vero
2403 2960 2749 3031 iustificandi,
2794 2960 3015 3014 docetur
3053 2962 3256 3037 primus
3296 2960 3538 3029 angelus,

278 3039 508 3106 scilicet;
549 3042 856 3112 metalepsis
887 3043 930 3075 ¹⁶
960 3045 1102 3099 enim
1137 3045 1175 3076 ¹⁶¹
1222 3045 1420 3100 dicitur
1455 3046 1670 3119 proprie
1696 3047 1859 3116 parti—
1890 3110 1929 3130 η
1965 3050 2015 3102 id
2049 3060 2130 3105 est
2160 3065 2298 3104 unus
2337 3065 2400 3102 ex
2431 3049 2646 3103 caelesti
2682 3048 2893 3111 ordine,
2938 3050 3026 3117 qui
3061 3048 3302 3118 sequitur
3331 3048 3537 3100 Cheru-

278 3130 493 3203 cipatio.
529 3132 729 3195 Deinde
751 3138 815 3186 ab
842 3135 952 3204 ipso
976 3135 1207 3189 divinum
1235 3115 1508 3191 consilium
1541 3115 1788 3207 tanquam
1828 3156 1859 3192 a
1888 3115 1931 3169 ί)
1962 3139 2071 3193 him
2091 3177 2106 3201 ,
2141 3138 2287 3193 verbi
2316 3138 2489 3208 gratia
2534 3152 2671 3191 unus
2697 3136 3128 3191 Dominationum
3153 3150 3244 3189 seu
3270 3136 3535 3188 Virtutum
3628 3166 3639 3177 ι

278 3239 475 3279 summa
515 3227 786 3281 sacerdote
820 3228 1101 3294 eruditum,
1139 3239 1184 3282 et
1222 3230 1318 3283 hoc
1356 3230 1539 3282 docere
1567 3230 1858 3299 theologum

278 3331 598 3370 centenum.
630 3317 854 3379 Deinde,
886 3318 1076 3388 inquit,
1110 3320 1249 3374 videt
1296 3331 1669 3375 occurrentem
1700 3336 1860 3389 ange-

278 3408 408 3472 lum,
434 3409 706 3463 eruditum
737 3409 793 3463 in
816 3409 995 3464 divino
1021 3411 1244 3465 consilio
1288 3411 1356 3465 ab
1402 3412 1517 3482 ipso
1552 3411 1725 3481 primo
1761 3428 1858 3463 au-

277 3498 415 3568 gelo,
446 3509 705 3569 tanquam
747 3516 778 3556 a
822 3516 1031 3557 summo
1058 3503 1357 3567 sacerdote,
1391 3512 1445 3558 et
1478 3504 1621 3559 videt
1652 3503 1861 3557 theolo-

278 3606 399 3659 gum
428 3593 664 3663 seipsum
693 3593 849 3662 plane
877 3610 1193 3649 conversum
1238 3597 1339 3650 hoc
1377 3597 1569 3651 docere
1598 3597 1641 3628 ¹⁸
1674 3594 1859 3657 Israel,

278 3685 418 3753 quod
440 3700 469 3737 a
496 3685 675 3755 primo
698 3686 885 3757 angelo
914 3701 1009 3755 per
1037 3687 1331 3741 secundum
1363 3686 1569 3741 didicit.
1603 3687 1785 3741 Potest
1807 3695 1861 3740 et

280 3774 359 3828 sic
378 3774 655 3829 transferri
685 3793 699 3829 :
727 3783 781 3855 et
805 3776 907 3830 hoc
933 3776 1125 3831 docere
1156 3777 1198 3810 ¹⁹
1232 3777 1536 3849 theologum
1563 3778 1607 3810 '°
1637 3792 1863 3832 conver-

282 3873 501 3929 tentem,
531 3876 589 3927 ut
610 3866 679 3920 sit
705 3881 893 3922 sensus
917 3886 929 3919 :
953 3877 1007 3922 et
1026 3870 1169 3923 videt
1190 3879 1591 3925 convertentem
1615 3870 1858 3941 angelqu

279 3953 447 4023 ipsum
464 3956 803 4026 prophetam,
823 3966 878 4011 ut
893 3959 991 4013 hoc
1003 3959 1521 4025 disceret.Quoniam
1539 3961 1802 4028 fructuose
1815 3960 1857 3999 ’⁸

279 4044 599 4097 habitabitur
674 4044 967 4099 Jerusalem
1055 4067 1085 4101 a
1159 4050 1491 4103 multitudine
1568 4049 1857 4102 hominum.

282 4131 426 4188 Hanc
468 4134 966 4203 interpretationem
1003 4153 1032 4191 a
1076 4138 1423 4209 Septuaginta
1453 4139 1692 4209 accepit;
1737 4138 1862 4193 Hie-

282 4237 533 4294 ronymus
557 4225 603 4256 "
634 4224 830 4294 quippe
852 4227 1123 4281 transtulit
1152 4247 1164 4281 :
1191 4228 1453 4295 Quoniam
1478 4229 1525 4260 ’³
1549 4229 1664 4283 sine
1709 4243 1861 4282 muro

282 4312 609 4367 habitabitur
636 4313 934 4370 Jerusalem
964 4333 991 4370 a
1026 4319 1362 4374 multitudine
1388 4320 1683 4373 hominum.
1710 4318 1861 4375 Unus

1962 3242 2053 3281 seu
2083 3227 2436 3291 Polestatum,
2465 3227 2716 3296 quoniam
2749 3226 2923 3295 primo
2941 3225 3230 3281 Clterubim
3254 3225 3300 3259 ³’δ
3326 3229 3393 3278 ab
3424 3226 3536 3295 ipsa

1962 3319 2251 3373 Diviuitate
2277 3319 2584 3373 immediate
2625 3308 2690 3373 de
2735 3318 2925 3379 eodem
2968 3317 3171 3386 judicio
3199 3317 3398 3382 edocti,
3438 3320 3538 3387 ipsi

1962 3422 2090 3463 vero
2116 3408 2406 3463 Cheruhim
2433 3408 2662 3475 printqu
2675 3414 2797 3476 post
2824 3422 2882 3463 se
2908 3408 3096 3459 docent
3119 3406 3184 3469 “,
3209 3407 3296 3475 qui
3325 3406 3369 3437 ³⁸
3393 3423 3542 3476 prur-

1962 3505 2171 3557 cinclus
2199 3509 2315 3557 erat
2345 3501 2553 3563 lumbos
2581 3502 2854 3572 sapphiro,
2885 3502 2973 3570 qui
3002 3502 3163 3554 etiam
3201 3503 3455 3572 poderam
3497 3504 3538 3533 ⁵³

1964 3593 2285 3648 induebatur
2300 3594 2593 3648 secundum
2609 3592 2979 3665 symbolum“,
2995 3593 3286 3646 secundum
3305 3593 3540 3649 habitqu

1964 3682 2157 3737 summi
2189 3682 2486 3737 sacerdotis
2515 3682 2567 3735 in
2599 3681 2780 3739 lsrael.
2824 3680 3031 3735 Summi
3070 3680 3336 3750 siquidem
3365 3696 3544 3737 sacer-

1963 3776 2115 3830 dotes
2147 3775 2495 3844 perizomata,
2535 3775 2583 3828 id
2626 3784 2708 3828 est
2748 3773 3021 3828 femoralia
3064 3790 3156 3828 seu
3188 3776 3540 3831 succinctoria

1964 3864 2217 3934 sapphiro
2242 3864 2544 3933 ceterisque
2574 3864 2823 3935 pretiosis
2855 3863 3123 3933 lapidibus
3162 3875 3348 3919 ornata
3390 3881 3542 3934 prae-

1962 3958 2333 4028 cingebantur.
2361 3956 2567 4011 Podera
2595 3971 2807 4027 quoque
2852 3957 3051 4021 tunica,
3086 3957 3331 4010 videlicet
3363 3958 3540 4021 talari,

1965 4051 2344 4105 induebantur.
2384 4050 2586 4104 Podera
2636 4059 2814 4105 autem
2856 4049 3073 4112 dicitur,
3111 4050 3233 4118 quia
3278 4064 3448 4116 usque
3479 4054 3542 4102 ad
3605 4069 3622 4083 ο

1962 4142 2121 4211 πρδας
2175 4141 2244 4206 ³⁹,
2296 4141 2346 4195 id
2386 4154 2490 4206 est,
2520 4155 2689 4210 usque
2717 4141 2762 4173 ⁸⁰
2808 4141 2872 4194 ad
2928 4139 3091 4210 pedes
3149 4139 3430 4207 pendebat.
3491 4138 3544 4192 lu

3576 683 3615 696 ο

1963 4234 2054 4289 tali
2077 4234 2260 4287 habitu
2284 4233 2462 4301 itaque
2492 4235 2532 4262 “
2563 4232 2756 4287 summi
2780 4231 3078 4287 sacerdotis
3098 4231 3302 4298 primus
3327 4229 3547 4299 angelus
3603 4302 3605 4304 η

1966 4334 2087 4394 post
2114 4323 2402 4377 Cherubim
2433 4322 2581 4376 visus
2621 4331 2738 4376 erat
2781 4321 3095 4390 prophetae.
3140 4319 3327 4373 Divina
3369 4328 3545 4372 autem

282 4411 461 4457 tamen
492 4418 679 4459 sensus
709 4405 761 4459 in
790 4406 1035 4477 utrisque
1075 4417 1173 4462 est.
1208 4407 1308 4485 Qui
1348 4410 1490 4465 enim
1530 4410 1704 4465 dixit:
1739 4412 1850 4485 lru-
1883 4444 1933 4504 ι)
1965 4414 2260 4483 taxiarchja
2295 4454 2307 4476 ,
2364 4412 2417 4464 id
2468 4421 2552 4465 est
2602 4425 2808 4465 summa
2862 4408 3093 4475 bonitas,
3153 4424 3291 4479 quae
3335 4410 3545 4471 ordinat

1568 4516 1820 4596 VARIAE
1859 4542 2258 4597 LECTIONES.

354 4608 368 4636 '
404 4617 451 4658 et
504 4605 832 4673 corriguntur
891 4623 999 4660 om.
1060 4607 1125 4663 A.

1201 4610 1222 4640 ⁸
1270 4610 1328 4663 Β⁹
1385 4627 1557 4691 marg.
1599 4613 1784 4691 adscr.
1835 4613 1873 4664 i.
1917 4631 1963 4665 e.
2010 4614 2329 4691 eupathiaut.
2409 4609 2542 4691 ’.θ’
2600 4623 2784 4691 marg;
2824 4612 2999 4662 adscr.
3048 4610 3173 4691 i._e.
3228 4613 3542 4691 eupathiqiu.

286 4675 303 4755 ξ
338 4674 529 4755 Conj_._._
554 4676 595 4727 A
625 4676 661 4726 li
718 4679 980 4755 ἓνεργςιαν.
1034 4678 1091 4730 B‘
1147 4696 1315 4747 marg.
1371 4674 1550 4733 adscr.
1578 4682 1629 4755 Δί..
1684 4698 1745 4755 ea
1786 4674 2124 4755 euergesiam,
2158 4682 2198 4737 C
2235 4681 2578 4755 eitergesiam.
2655 4678 2693 4755 ‘_
2724 4678 2784 4731 B‘
2836 4695 3005 4755 marg.
3059 4681 3234 4755 adscr.
3275 4674 3545 4755 ‘eupathie.

283 4743 412 4798 Item
469 4744 529 4797 B'
573 4759 745 4815 marg.
793 4743 989 4821 'adscr.
1058 4757 1161 4821 tres
1218 4743 1337 4802 sunt
1411 4750 1684 4821 eupathiae
1729 4752 1767 4804 i.
1828 4768 1876 4805 e.
1909 4743 2120 4805 vbonae'
2167 4743 2432 4821 passiones
2500 4749 2784 4821 secundum
2849 4743 3071 4821 Stoicos.

3194 4751 3214 4780 ⁶
3258 4750 3302 4803 Λ
3362 4765 3548 4802 recens

287 4830 427 4889 man.
492 4830 599 4867 see.
673 4831 768 4889 xv
803 4817 854 4870 in
913 4817 1188 4885 superiore
1240 4828 1391 4887 parte
1464 4817 1809 4875 membranae
1873 4837 1980 4876 scr.
2032 4817 2192 4875 Amor
2243 4831 2317 4874 est
2370 4820 2441 4873 vis
2509 4819 3219 4889 untutivaqtransformaus
3282 4830 3540 4889 a‘mautcnt

282 4886 334 4936 in
364 4894 624 4937 amatum.
703 4886 722 4915 ⁷
752 4887 813 4940 Β⁶
845 4901 1018 4955 marg.
1049 4889 1221 4940 adscr.
1242 4886 1546 4956 ’eupathius.

280 4957 460 5007 animo
509 4957 761 5013 sapientis
797 4967 935 5019 sunt,
982 4956 1189 5011 virtutes
1239 4967 1378 5011 sunt.

280 5026 478 5088 pathie.
553 5026 597 5057 ³³
628 5024 780 5079 SicC
818 5036 874 5083 et
899 5041 1044 5080 corr.
1081 5027 1166 5090 B',
1210 5028 1298 5081 ΑΒ
1322 5028 1539 5081 ducunt.

280 5092 320 5161 (ξ
345 5094 536 5161 primo.

281 5160 321 5215 C
344 5160 734 5230 Metellempsis.
812 5166 853 5201 ⁸⁷
884 5167 926 5220 Β
954 5181 1088 5219 vero.

280 5246 388 5317 alii:
557 5234 602 5265 ²¹
626 5233 898 5317 lli‘pnarg.
935 5237 1113 5317 adscr.
1146 5237 1183 5289 i.
1226 5254 1292 5317 εΣΒ
1321 5239 1542 5317 cgpiose.

280 5301 326 5374 ξ’
350 5301 442 5354 ΑΒ
483 5302 722 5356 iezechiel
752 5344 767 5364 ,
815 5301 895 5360 sic
938 5306 1157 5374 ubique.

280 5370 594 5435 formantur.
672 5374 719 5405 ’⁸
749 5375 905 5429 Bltoc
933 5385 1025 5462 est
1051 5370 1256 5445 (punct.
1305 5377 1410 5445 adj.
1457 5376 1541 5447 B‘)

284 5555 328 5585 "
373 5555 467 5608 Sic
512 5555 573 5621 (Ζ.
622 5555 710 5609 ΑΒ
745 5559 943 5611 docere.

283 5698 495 5747 tionem.
590 5697 747 5751 "Ali.
776 5698 956 5765 podns.
1053 5699 1095 5728 "0
1122 5716 1277 5767 usque
1308 5715 1413 5750 unt.
1446 5699 1506 5750 Λ.

1454 4958 1559 5011 ⁹Β⁶
1612 4974 1753 5012 corr.
1805 4958 2052 5026 sapientis
2103 4958 2242 5015 sunt.

1618 5029 1659 5060 ¹³
1693 5030 1941 5098 Emend.,
1964 5031 2052 5085 AB
2089 5030 2476 5098 metalempsin;
2504 5027 2563 5098 Βέ
2592 5042 2733 5080 corr.
2765 5027 3158 5098 metalempsim.

616 5095 660 5126 ¹⁸
691 5094 939 5157 Emend.,
968 5095 1011 5148 A
1047 5096 1420 5164 metalempsin,
1453 5096 1491 5149 Β
1522 5094 1983 5164 ιηειαιεγηρείηιίϐ
2034 5094 2446 5166 metallempsim.

1170 5167 1211 5196 ¹⁸
1237 5167 1327 5221 Sic
1356 5166 1396 5221 C
1437 5178 1493 5221 et
1522 5184 1663 5222 corr.
1716 5167 1801 5231 ll“,
1849 5169 1936 5222 AB
1972 5170 2161 5221 dicere.
2240 5167 2281 5199 "
2329 5168 2507 5237 Conj.,

1171 5276 1183 5289 .
1226 5254 1271 5290 e.
1321 5239 1542 5305 copiose.
1629 5239 1674 5269 "
1716 5239 1759 5289 A
1803 5239 2121 5307 ieronymus,
2163 5238 2204 5291 Β
2243 5238 2545 5291 ieronimus.

1251 5307 1296 5338 ³⁵
1331 5307 1391 5379 Βξ
1432 5324 1601 5379 marg.
1647 5309 1823 5379 adscr.
1850 5306 1981 5361 Item
2032 5308 2095 5362 de
2139 5308 2331 5379 visione
2370 5309 2687 5379 praphetica.

1645 5378 1688 5411 ¹⁹
1717 5379 1774 5431 Β·
1822 5392 1990 5447 marg.
2028 5379 2205 5432 adscr.
2248 5378 2529 5431 cherubim.

285 5480 454 5533 marg.
488 5465 666 5518 adscr.
696 5450 1035 5521 transdutie'ris
1066 5468 1268 5537 Ipsum.
1345 5468 1388 5499 ⁸⁸
1430 5468 1469 5519 Β
1494 5469 1856 5537 condempnat,
1895 5468 1971 5523 sic
2013 5468 2229 5537 ubique.
2309 5468 2354 5499 ³³
2389 5469 2445 5522 Β⁶
2477 5485 2619 5523 corr.
2648 5470 2839 5538 priore.

1022 5557 1067 5588 ⁸⁸
1134 5559 1222 5612 Sic
1271 5558 1310 5611 C
1357 5567 1409 5611 et
1464 5574 1605 5611 corr.
1653 5558 1734 5619 ιν,
1786 5559 1871 5610 ΑΒ
1926 5576 2101 5627 quant.

282 5627 487 5677 chirum
520 5626 736 5689 scilicet,
766 5629 802 5678 i.
847 5644 919 5688 e.,
962 5627 1184 5697 ﬁgmam
1235 5628 1592 5691 ierarrhicam,
1624 5630 1744 5695 quia
1777 5625 2030 5680 ierarchiu
2066 5625 2557 5697 risibilibus'ﬁguris
2584 5630 2745 5681 utitur
2775 5627 2843 5691 ad
2875 5625 3208 5691 inrisibilium
3251 5626 3553 5682 (lenomiuc.

283 5698 495 5747 tionem.
590 5697 747 5748 "Ali.
777 5698 956 5748 nodus.
1053 5699 1095 5728 λθ
1122 5716 1277 5748 usuuc
1308 5715 1413 5748 mu.
1446 5699 1506 5748 Α.
1605 5699 1643 5728 ⁵³
1670 5698 1709 5748 (ἶ
1739 5701 1789 5748 in
1820 5698 1909 5748 mli
1940 5716 2137 5748 anu/mc
2172 5700 2367 5748 habitu.

1699 5709 1709 5747 λ
1739 5715 1789 5749 tu
1820 5709 1908 5749 tati
1940 5716 2137 5767 quoque
2172 5709 2367 5751 Immin.

1622 4890 1642 4921 ⁸
1672 4890 1733 4943 B'
1765 4906 1935 4960 marg.
1988 4893 2164 4946 adscr.
2211 4890 2481 4960 gaudium,
2523 4904 2688 4949 amor,
2738 4887 2940 4947 odium,
2981 4887 3214 4952 tristitia,
3255 4889 3463 4959 quando
3495 4888 3546 4940 in

1622 4974 1753 5012 rorr.
1805 4963 2052 5015 sapientis
2103 4972 2242 5015 sunt.
2320 4960 2361 4993 ¹⁰
2404 4958 2444 5012 Β
2485 4958 2662 5010 hodio.
2742 4957 2782 4990 “
2812 4956 2853 5011 A
2887 4957 2927 5009 Β
2953 4964 3275 5015 κακοπαθιαι.
3328 4958 3368 5013 C
3394 4958 3546 5010 Icaro-

2953 4973 3275 5017 κακοπαθιαι.
3328 4973 3368 5013 ιλ
3394 4973 3549 5010 καί-ο-

2320 4960 2361 4993 ¹⁰
2404 4958 2444 5012 Β
2485 4958 2662 5010 hodio.
2742 4958 2782 4990 ¹⁸
2812 4958 2853 5011 Α
2887 4958 2927 5009 Β
2953 4958 3275 5021 κᾳκοπαθιαιζ
3328 4958 3368 5013 C
3394 4958 3518 5010 kaco

2320 5030 2476 5082 insin:
2504 5027 2563 5081 B‘
2592 5042 2733 5080 corr.
2765 5027 3158 5082 metalemvsim.
3237 5029 3278 5062 “
3306 5028 3393 5082 Sic
3436 5026 3522 5079 ΑΒ

2457 5070 2471 5092 ,
2504 5064 2545 5081 υ
2593 5064 2733 5080 ω...
2765 5064 3158 5096 ...ωιμωημοιηη
3306 5064 3393 5082 μω
3436 5064 3545 5089 μυ,

2446 5168 2458 5180 .
2525 5097 2646 5180 "si
2691 5096 3074 5180 metalempiis,_
3114 5100 3153 5153 Β
3198 5098 3542 5180 υιεςιιιρῃρδὶδ,

2240 5167 2281 5199 ¹’
2329 5168 2507 5237 C0nj.,
2560 5167 2647 5218 ΑΒ
2688 5167 2878 5219 dicere.
2959 5169 3002 5211 ³ο
3041 5171 3224 5224 (locere
3259 5169 3542 5234 theologum

2243 5238 2545 5291 ieronimus.
2624 5233 2671 5269 ³³
2713 5236 2753 5289 Β
2779 5237 2961 5308 (πιθα.Δ
3016 5240 3061 5270 ²’⁶
3103 5239 3539 5308 Βριιτῃηιίοηεηι.

2785 5295 2828 5337 ίτ
2855 5308 2893 5359 Β
2926 5295 3237 5371 formanter,
3267 5295 3348 5359 "B‘
3403 5322 3543 5358 cutr.

2624 5376 2854 5432 “Carr.
2888 5376 2975 5439 B',
3004 5376 3091 5430 ΑΒ
3143 5378 3325 5446 ipsius.
3411 5374 3452 5405 ³¹
3486 5376 3547 5427 C'

2939 5467 2985 5499 ³³
3012 5467 3050 5519 Β
3071 5467 3324 5521 cherubin
3361 5468 3547 5536 primr,

2180 5560 2220 5589 ³⁷
2244 5587 2259 5601 ο
2283 5558 2318 5609 Β
2366 5559 2578 5627 podcra.

2691 5559 2736 5589 ³⁸
2786 5557 2846 5609 η’
2893 5572 3064 5624 marg.
3139 5555 3317 5609 adscr.
3389 5556 3555 5609 εει-ιι·-
