3952 6156
347 228 449 283 205

1186 224 1408 282 SUPER
1448 221 1873 280 [ERABCHIAM
1910 221 2320 281 CAELESTEM
2356 223 2413 280 S.
2457 175 2772 281 DlONYSll.

3495 222 3597 277 206

346 341 572 411 quisque
620 355 717 395 sua
771 337 1106 394 conscientia
1152 338 1267 393 sive
1318 335 1752 401 beatiﬁcabitur,
1807 336 1921 391 sive
1948 339 1996 398 Α
2023 334 2265 392 chiarum
2288 337 2484 391 summi
2509 337 2819 393 sacerdotes
2859 346 3083 408 possunt
3125 336 3421 407 appellari;
3466 348 3595 392 sunt

344 431 689 485 damnabitur
732 430 786 484 in
834 438 1136 492 aeternum,
1165 428 1260 484 sed
1305 428 1642 483 solummodo
1689 428 1918 497 agimus,

341 521 480 591 quod
510 520 655 575 nulla
684 528 875 573 natura
908 519 962 574 in
999 519 1106 574 ullo
1148 519 1402 588 punietur
1430 531 1477 574 ι.
1510 518 1814 573 Redeamus
1852 518 1922 573 ad

341 610 696 682 propositum.
728 609 960 664 Pulchre
998 609 1179 679 itaque
1223 608 1454 665 duorum
1506 609 1916 680 prophetarum,

338 701 619 757 Zachariae
660 701 783 756 dico
809 708 865 755 et
884 698 1154 764 Ezechiel,
1178 699 1416 755 visiones
1438 713 1705 754 consonae
1733 712 1920 768 appro-

336 795 486 856 bant,
517 793 688 848 Deum
714 790 1026 846 immediate
1048 790 1446 845 excelsissimus
1472 788 1752 852 essentias,
1780 801 1918 856 quae

335 887 478 941 circa
518 899 643 938 eum
674 891 823 947 sunt,
858 882 1073 946 docere,
1124 880 1317 936 deinde
1351 879 1642 936 ordinatim
1678 894 1776 949 per
1803 878 1915 949 pri-

337 991 451 1031 mos
473 973 719 1037 secundi,
750 988 850 1045 per
878 971 1143 1028 secundos
1173 972 1341 1036 tertii,
1373 987 1469 1043 per
1497 971 1684 1025 tertios
1709 970 1914 1041 quarti,

337 1069 435 1122 hoc
460 1067 578 1121 est‘
605 1063 858 1135 theologi,
904 1063 1169 1119 docentur
1188 1064 1423 1118 ordines.
1453 1063 1744 1117 Zacharias
1770 1063 1915 1117 enim

335 1158 493 1221 ait,se
507 1156 711 1211 vidisse
724 1171 889 1210 unum
906 1156 1205 1225 primorum
1220 1156 1288 1210 ab
1305 1155 1420 1225 ipso
1435 1154 1544 1208 Deo
1559 1154 1851 1212 discentem
1869 1155 1911 1207 ¹.

332 1247 427 1304 Cui
452 1247 595 1303 alter
620 1246 862 1302 occurrit
895 1244 1211 1300 inferiorum
1247 1245 1580 1317 angelorum,
1617 1243 1708 1313 qui
1750 1241 1916 1298 veluti

332 1336 570 1392 secundo
598 1337 766 1408 gradu
801 1350 900 1406 per
927 1334 1164 1406 primum
1212 1334 1391 1391 divina
1437 1333 1627 1389 didicit
1655 1332 1911 1398 consilia;

331 1428 419 1497 qui
442 1428 642 1483 iterum
667 1422 939 1483 secundus
964 1425 1184 1497 angelus
1213 1425 1375 1481 veluti
1398 1439 1641 1481 summus
1663 1424 1916 1480 sacerdos

331 1519 664 1590 theologum;
688 1516 1007 1574 Zachariam
1034 1516 1173 1582 dico,
1198 1517 1456 1582 erudivit,
1472 1516 1518 1596 si
1542 1515 1665 1586 quis
1686 1514 1767 1571 sic
1786 1514 1916 1570 velit

330 1610 647 1681 intelligere,
681 1608 827 1679 quod
856 1611 1117 1680 magister
1140 1607 1459 1664 ait:deinde
1485 1607 1554 1663 ab
1582 1606 1700 1678 ipso
1723 1620 1914 1662 occur-

2020 441 2162 482 entm
2192 428 2495 498 pontiﬁces,
2524 430 2771 499 quamvis
2809 445 2993 484 eorum
3023 430 3362 499 pontiﬁcatus
3396 442 3593 496 acqua-

2019 514 2085 571 lis
2113 533 2220 572 non
2261 519 2360 581 sit;
2391 518 2480 572 alii
2522 520 2719 591 quippe
2748 520 2883 575 alios
2912 522 3257 589 praecedunt.
3294 518 3403 574 Nisi
3454 521 3594 575 forte

2017 608 2139 677 quis
2159 608 2372 675 dixerit,
2390 627 2553 664 unum
2576 610 2738 667 fuisse
2757 628 2822 667 ex
2846 612 3124 667 ordinibus
3144 614 3409 667 secundae
3426 612 3593 666 ierar-

2018 700 2189 765 chiae,
2237 716 2335 770 per
2380 718 2541 772 quam
2582 704 2747 757 veluti
2798 704 3136 758 medietatem
3170 704 3436 773 quandam
3484 714 3591 759 ter-

2019 791 2092 845 tia
2121 791 2145 823 ⁸
2168 793 2410 846 docetur.
2438 793 2502 848 Et
2527 794 2569 847 si
2594 794 2665 847 ita
2705 804 2810 858 est,
2854 795 3139 863 cogemur'
3166 793 3617 864 subintcliigerc,‘

2018 889 2110 936 aut
2137 880 2301 936 alium
2323 882 2570 949 angelmu
2601 882 2904 937 inferiorem
2928 883 3016 936 illo
3052 884 3399 937 mediatorem
3424 883 3590 939 fuisse

2019 973 2159 1028 inter
2210 973 2382 1043 ipsum
2432 982 2488 1025 et
2540 972 2884 1040 theologum,
2918 973 2961 1027 si
3008 988 3107 1041 per
3151 974 3364 1028 tertiam
3421 973 3591 1027 ierar-

2018 1064 2193 1119 chiam
2226 1065 2484 1118 docentur
2507 1064 2783 1128 homines;
2809 1063 2894 1117 vel
2941 1073 3088 1121 certe
3116 1080 3218 1119 non
3253 1064 3424 1119 solum
3461 1081 3587 1120 san-

2018 1163 2133 1209 ctos
2164 1154 2436 1224 theologos
2464 1154 2489 1188 ⁸
2512 1169 2607 1224 per
2656 1154 2875 1224 angelos
2908 1154 3101 1209 tertiae
3132 1155 3452 1220 ierarchiae,
3493 1170 3587 1209 ve-

2017 1263 2135 1302 runt
2164 1246 2327 1302 etiam
2361 1261 2457 1317 per
2483 1246 2704 1318 angelos
2729 1245 2957 1311 mediae,
3003 1262 3101 1301 nec
3132 1262 3239 1301 non
3281 1254 3336 1301 et
3356 1247 3585 1316 primae,

2016 1337 2085 1391 ab
2108 1337 2221 1408 ipsa
2247 1338 2409 1392 etiam
2438 1336 2649 1392 Deitate
2675 1336 2697 1369 '
2728 1351 2885 1408 posse
2914 1337 3119 1401 doceri,
3145 1352 3248 1391 non
3280 1346 3363 1392 est
3390 1352 3590 1408 negan-

2016 1427 2164 1482 dum.
2190 1426 2343 1495 Quod
2373 1427 2513 1482 idem
2554 1426 2840 1499 Dionysius
2891 1428 2943 1483 in
2994 1427 3178 1505 librolz
3211 1427 3588 1482 Ecclesiastica

2015 1519 2282 1573 ierarcbia
2309 1519 2523 1575 videtur
2550 1535 2811 1583 asserere,
2851 1520 2940 1575 ubi
2971 1520 3065 1582 ait,
3091 1521 3355 1575 humanos
3382 1521 3591 1575 animos

2017 1610 2314 1667 secundum
2346 1613 2619 1683 propriam
2675 1611 3099 1682 uniuscujusque
3151 1613 3453 1679 analogiam
3498 1612 3592 1665 tri-

330 1709 477 1756 reme
518 1696 712 1769 angelo
739 1707 997 1767 tanquam
1038 1713 1068 1752 a
1098 1711 1311 1753 summo
1339 1694 1619 1751 sacerdote
1639 1695 1910 1750 eruditum

2013 1704 2112 1759 bus
2137 1703 2461 1759 caelestibus
2483 1702 2591 1755 iera
2602 1701 2764 1756 rchiis
2788 1701 2979 1757 insitos
3006 1717 3142 1757 esse.
3175 1700 3306 1768 Quis
3327 1701 3469 1756 enim
3497 1700 3590 1756 ab.

328 1790 471 1846 videt
505 1804 829 1845 conversum
863 1788 1208 1861 theologum;
1260 1796 1315 1842 et
1360 1789 1463 1842 hoc
1502 1788 1697 1843 docere
1738 1787 1905 1851 videt,

327 1883 583 1953 quoniam
636 1881 914 1937 frnctuose
952 1881 1286 1937 habitabitur
1322 1877 1644 1957 Jerusalem.
1695 1876 1752 1933 Si
1779 1891 1908 1933 vero

327 1973 445 2043 quis
483 1972 792 2043 intelligere
819 1971 935 2026 vult
966 1986 982 2025 :
1023 1972 1216 2027 deinde
1246 1971 1393 2025 videt
1420 1969 1691 2027 eruditum
1716 1982 1907 2026 occur—

328 2074 535 2123 tentem
579 2064 833 2136 angelum
864 2066 933 2122 ab
959 2065 1074 2137 ipso
1101 2066 1301 2136 primo,
1328 2065 1419 2135 qui
1448 2079 1515 2120 ex
1543 2062 1654 2121 Deo
1681 2063 1903 2127 didicit,

328 2167 587 2227 tanquam
625 2170 657 2210 a
705 2171 919 2212 summo
945 2157 1247 2222 sacerdote,
1297 2169 1637 2227 consequens
1671 2155 1797 2221 erit,
1845 2164 1905 2213 ut

327 2261 427 2303 non
458 2248 579 2317 ipse
605 2261 925 2312 occurrens,
955 2247 1051 2303 sed
1080 2248 1286 2318 primus
1316 2263 1346 2302 a
1372 2246 1482 2303 Deo
1510 2248 1726 2307 discens
1753 2262 1904 2303 sum—

326 2353 441 2393 mus
469 2338 730 2394 sacerdos
758 2337 1119 2409 intelligatur;
1161 2346 1220 2393 ut
1245 2336 1614 2395 subiut‘eratur
1644 2356 1659 2392 :
1691 2346 1748 2393 et
1773 2338 1907 2393 vidit

320 2441 648 2487 conversum
677 2426 983 2497 theologum
1000 2427 1103 2483 hoc
1124 2427 1327 2494 dicere,
1357 2427 1411 2483 id
1426 2435 1533 2494 est,
1556 2427 1688 2482 vidit
1714 2442 1905 2483 secun-

320 2522 444 2577 dum
476 2519 498 2551 ³
528 2518 785 2591 angelum
827 2534 854 2573 a
879 2520 1056 2590 primo
1075 2520 1343 2579 eruditum
1367 2520 1563 2575 docere
1596 2519 1903 2591 theologum

318 2625 640 2666 conversum
695 2612 752 2666 iu
801 2612 903 2667 hoc
946 2612 991 2678 ⁸,
1021 2613 1276 2683 quoniam
1325 2615 1603 2670 fructuose
1641 2614 1906 2671 habitabi-

318 2709 406 2756 tur
452 2700 776 2758 Jerusalem.
810 2702 1060 2760 Ezechiel
1093 2719 1223 2759 vero
1262 2705 1340 2760 ait
1381 2705 1558 2774 primo
1596 2704 1619 2737 '
1665 2704 1735 2760 ab
1791 2705 1904 2776 ipsa

317 2791 708 2861 gloriosissima
760 2791 1052 2850 Diviuitate
1099 2794 1390 2853 Cherubim
1444 2795 1666 2860 doceri,
1712 2796 1905 2853 deinde

317 2897 415 2950 per
439 2882 588 2951 ipsos
612 2881 823 2951 primus
843 2892 965 2953 post
992 2884 1239 2952 docetur,
1259 2886 1352 2956 qui
1381 2886 1434 2941 in
1457 2886 1779 2942 sacerdotali
1803 2890 1902 2942 ha-

320 2973 430 3027 bitu
465 2973 610 3027 visus
645 2981 762 3038 est;
789 2987 886 3042 per
912 2989 1074 3044 quem
1115 2975 1310 3030 iterum
1350 2975 1516 3033 veluti
1546 2976 1706 3031 tertio
1734 2977 1902 3047 gradu

315 3066 581 3120 docentur
602 3035 809 3137 angeli;
842 3074 903 3122 ut
930 3035 1067 3123 2......
1096 3068 1204 3124 sit:
1234 3068 1303 3127 ab
1332 3069 1448 3142 ipso
1478 3069 1587 3126 Deo
1612 3035 1903 3126 Cherubim
1933 3035 1977 3097 (ἶ

312 3154 686 3221 instruuntur,
728 3156 798 3213 ab
838 3156 972 3227 ipsis
1008 3156 1299 3215 Cherubim
1341 3161 1570 3230 primus,
1595 3161 1906 3236 quicunque

313 3245 400 3308 sit,
433 3260 501 3299 ex
542 3246 827 3302 ordinibus
855 3249 1125 3311 secundae
1178 3251 1478 3307 ierarchiae
1526 3253 1769 3317 docetur,
1812 3254 1902 3323 qui

314 3338 516 3391 iterum
572 3338 812 3408 reliquos
851 3339 1072 3411 angelos
1116 3343 1307 3397 tertiae
1352 3341 1651 3399 ierarchiae
1702 3344 1901 3409 docet,

315 3443 413 3496 per
435 3443 572 3499 quos
593 3438 872 3500 postremo
893 3430 1263 3505 theologorum
1306 3433 1519 3493 animus
1547 3433 1900 3495 illuminatur.

315 3515 373 3570 In
427 3517 636 3573 visione
684 3528 862 3575 tamen
911 3520 1206 3580 Zachariae
1254 3522 1477 3580 dubium
1522 3524 1739 3581 videtur
1761 3542 1903 3591 esse,

318 3618 502 3663 utrum
546 3610 613 3665 de
647 3612 919 3673 secundae
948 3628 1016 3668 an
1060 3613 1126 3669 de
1152 3614 1343 3671 tertiae
1372 3616 1673 3671 ierarchiae
1697 3617 1905 3672 ordini-

319 3699 421 3754 bus
450 3708 567 3757 erat
596 3700 688 3759 ille
716 3700 855 3757 alter
875 3703 1120 3775 angelus,
1147 3704 1240 3775 qui
1263 3704 1353 3759 uni
1385 3706 1685 3776 primorum
1715 3721 1905 3761 occur-

322 3790 413 3855 rit,
461 3806 557 3860 per
598 3807 763 3862 quem
817 3793 1097 3865 theologus
1135 3795 1381 3850 eruditus
1429 3804 1532 3851 est.
1575 3794 1710 3851 Nam
1760 3795 1907 3865 quod

321 3894 568 3935 summus
607 3881 866 3937 sacerdos
897 3883 1215 3954 appellatur,
1241 3883 1370 3938 nulli
1397 3884 1596 3939 mirum
1637 3883 1799 3939 debet
1818 3883 1902 3937 vi-

322 3970 464 4035 deri,
490 3972 747 4043 quoniam
776 3987 967 4029 omnes
987 3972 1151 4031 animi
1192 3974 1356 4035 trium
1381 3973 1696 4033 caelestium
1734 3973 1905 4033 ierar-

2015 1794 2191 1850 nuerit
2222 1793 2288 1857 ¹⁶,
2316 1804 2530 1862 raptum
2552 1792 2866 1863 Apostolum
2908 1793 2960 1846 in
3012 1792 3229 1847 tertium
3259 1791 3488 1854 caelum,
3534 1790 3589 1848 in

2016 1885 2229 1940 tertiam
2264 1884 2420 1954 plane
2477 1866 2799 1941 ierarchiam
2841 1883 3027 1949 fuisse,
3075 1881 3166 1938 ubi
3210 1883 3262 1937 in
3305 1882 3592 1939 medietate

2011 1974 2082 2031 ab
2111 1975 2225 2044 ipso
2248 1973 2358 2029 Deo
2384 1973 2671 2029 ineffabilia
2702 1974 2909 2028 audivit
2936 1974 3138 2029 verba?
3161 1972 3301 2039 Quid
3349 1973 3588 2043 fortassis

2009 2071 2124 2143 quis
2150 2069 2340 2125 dixerit
2361 2068 2424 2122 de
2449 2068 2648 2122 dicente
2670 2069 2853 2138 angelo
2869 2066 2938 2120 ad
2962 2066 3147 2122 Daniel
3164 2082 3183 2122 :
3199 2064 3593 2122 Exiritsermo!

2011 2171 2104 2215 aut
2132 2160 2197 2218 de
2226 2160 2336 2229 ipso
2378 2160 2545 2229 primo
2587 2160 2760 2228 ignem
2789 2175 2854 2212 ea:
2895 2159 3065 2213 medio
3115 2156 3394 2214 Cherubim
3455 2158 3589 2214 reci-

2010 2250 2219 2319 piente.’
2267 2258 2360 2303 aut
2395 2248 2528 2303 illud
2551 2249 2784 2320 ejusdem
2825 2248 3178 2304 abundantius
3202 2250 3242 2284 "
3295 2250 3349 2302 in
3391 2249 3590 2303 ordinis

2011 2342 2230 2413 angelici
2269 2343 2631 2408 ostensionem,
2678 2342 2926 2413 quoniam
2956 2352 3003 2394 et
3033 2338 3313 2396 Cherubim
3359 2341 3591 2396 immittit

2010 2434 2179 2503 ignem
2210 2436 2263 2489 in
2306 2451 2493 2490 manus
2528 2444 2763 2489 sanctam
2794 2432 2981 2491 stolam
3021 2433 3232 2488 induti?
3278 2443 3368 2487 aut
3393 2434 3459 2487 de
3506 2449 3594 2488 vo-

2010 2534 2160 2579 cante
2191 2524 2567 2580 divinissimum
2588 2519 2876 2588 "Gabriel,
2901 2534 2948 2577 et
2976 2524 3174 2581 dicente
3188 2524 3236 2577 ei
3263 2521 3349 2579 :F
3352 2541 3416 2579 ac
3444 2522 3594 2580 illum

2010 2614 2296 2685 intelligere
2322 2613 2612 2669 visionem?
2633 2623 2724 2667 aut
2765 2630 3102 2685 quaecunque
3142 2614 3186 2648 "
3214 2613 3321 2667 alia
3356 2630 3389 2668 a
3427 2616 3593 2669 sacris

2011 2705 2262 2777 theologis
2285 2706 2425 2759 dicta
2452 2714 2571 2760 sunt
2595 2705 2658 2759 de
2679 2704 2980 2761 caelestium
3012 2706 3390 2763 ierarchiarum
3427 2704 3470 2737 ²¹⁵
3496 2706 3590 2760 de—

2011 2799 2165 2868 formi
2206 2809 2416 2865 ornatu,
2459 2799 2530 2853 ad
2549 2815 2701 2870 quem
2735 2809 2944 2854 nostrae
2982 2800 3587 2864 ierarchiae‘ordinatio,

2010 2889 2294 2943 secundum
2338 2890 2478 2959 quod
2507 2889 2750 2960 possibile
2787 2900 2884 2955 est,
2929 2890 3273 2954 assimilatat
3299 2888 3589 2961 angelicam

2009 2976 2447 3045 pulchritudinem
2497 2980 2560 3045 ⁸⁸,
2611 2991 2863 3049 quantum
2888 2980 2942 3032 in
2963 2979 3278 3050 imaginibus
3299 2978 3342 3012 “
3362 2979 3586 3042 habebit,

2011 3068 2291 3135 formatam
2339 3086 2432 3140 per
2453 3084 2592 3134 eum,
2624 3079 2671 3123 et
2703 3069 2969 3123 reductam
2996 3070 3066 3123 ad
3110 3068 3592 3139 superessentialem

2007 3158 2163 3212 simul
2186 3158 2352 3213 omnis
2376 3158 2684 3212 ierarchiae.
2711 3156 2843 3225 Quis
2866 3167 2950 3213 est
2978 3157 3222 3229 angelus,
3254 3158 3345 3226 qui
3377 3156 3591 3214 locutus

2006 3261 2089 3308 est
2104 3253 2171 3307 ad
2189 3250 2392 3320 Daniel,
2409 3260 2596 3307 sancta
2623 3250 2860 3307 declarat
2880 3250 3103 3309 historia
3128 3250 3192 3305 ⁸⁷.
3205 3268 3224 3304 ι
3243 3249 3491 3321 Adhuc“
3509 3250 3591 3306 in-

2007 3345 2124 3414 quit
2153 3346 2265 3414 ipse
2298 3343 2502 3407 Daniel,
2531 3361 2553 3397 ι
2573 3359 2659 3398 me
2688 3342 2939 3420 loquente
2967 3343 3018 3404 in
3035 3344 3315 3410 oratione,
3338 3358 3466 3401 ecce
3506 3344 3590 3400 vir

2007 3437 2245 3503 Gabriel,
2289 3450 2445 3505 quem
2482 3435 2720 3490 videram
2753 3434 2807 3493 in
2849 3434 3052 3489 visione
3095 3450 3126 3488 a
3166 3434 3455 3504 principio,
3482 3436 3591 3490 cito

2009 3530 2195 3586 volans
2227 3530 2401 3599 tetigit
2427 3544 2513 3582 me
2536 3526 2588 3580 in
2615 3535 2855 3596 tempore
2881 3525 3129 3581 sacriﬁcii
3176 3526 3491 3597 vespertini.
3529 3527 3593 3579 Et.

2016 3622 2199 3678 docuit
2233 3636 2340 3685 me,
2379 3628 2434 3674 et
2467 3619 2677 3677 locutus
2712 3626 2798 3673 est
2834 3618 2986 3683 mihi,
3021 3618 3265 3689 dixitque
3298 3636 3312 3672 :
3351 3618 3539 3673 Daniel
3574 3620 3589 3678 ζ

2013 3729 2156 3770 nunc
2179 3728 2278 3781 ego
2307 3712 2351 3744 “
2378 3725 2629 3781 egressus
2661 3724 2802 3773 sum,
2839 3715 2899 3763 ut
2924 3709 3175 3765 docerem
3213 3718 3285 3776 te,
3315 3721 3368 3765 et
3399 3710 3594 3766 intelli-

2011 3820 2185 3878 gercs.
2212 3803 2295 3859 Ab
2307 3802 2528 3857 exordio
2540 3817 2762 3872 precum
2777 3810 2987 3857 tuarum
3014 3817 3265 3873 egressus
3279 3810 3361 3857 est
3375 3818 3555 3858 sermo
3573 3818 3588 3869 ;

2011 3911 2112 3967 ego
2136 3902 2315 3950 autem
2343 3893 2487 3959 veni,
2517 3901 2576 3947 ut
2617 3892 2908 3951 indicarem
2955 3894 3072 3958 tibi,
3101 3895 3227 3965 quia
3272 3895 3354 3951 vir
3382 3895 3592 3951 deside.

2012 3990 2220 4049 riorum
2251 4002 2330 4042 es.
2358 3985 2436 4042 Tu
2467 3993 2646 4043 autem
2674 3984 3046 4045 animadverte
3073 4001 3401 4053 sermonem,
3432 3997 3486 4042 et
3511 3988 3595 4047 in-

1607 4105 1863 4162 VARIAE
1897 4097 2299 4161 LECTIONES.

395 4192 415 4225 ‘
440 4191 530 4248 Sic
556 4192 667 4256 AC.
698 4206 772 4251 est
794 4212 905 4252 om.
934 4200 996 4255 Β.
1070 4203 1092 4234 ²
1117 4200 1270 4258 Corr.
1299 4200 1380 4265 B',
1413 4200 1501 4255 AB
1528 4200 1939 4263 descendentem,
1964 4195 2155 4254 Cabeo
2186 4191 2295 4315 ira
2321 4188 2729 4244 descendentem.
2806 4188 2905 4271 '_B
2926 4198 3184 4247 sanctum.

396 4278 505 4317 scr.
528 4264 746 4320 scilicet.
852 4270 874 4301 ⁸
922 4272 1155 4327 pr-imo
1192 4273 1284 4327 ait.
1397 4271 1418 4302 ⁸
1449 4271 1540 4327 Sic
1573 4270 1653 4327 C;
1688 4269 1779 4325 AB
1824 4270 2028 4324 tertiae.
2128 4264 2148 4296 '
2288 4276 2547 4327 cogemus.
2652 4259 2674 4290 ⁸
2728 4258 2902 4327 Con},
2948 4258 3080 4313 ABG
3126 4276 3184 4312 sa

324 4262 505 4341 adscr.
528 4264 746 4341 scilicet.
852 4270 874 4301 ⁸
920 4272 965 4341 Β
986 4273 1155 4341 primo
1192 4273 1284 4327 ait.

3283 4190 3304 4220 ⁸
3323 4188 3390 4241 Β·
3425 4205 3587 4259 supra

2288 4276 2547 4359 cogemuIs.
2623 4259 2674 4359 .‘
2728 4258 2902 4341 βοηῇ..
2948 4258 3080 4359 Αιξρ
3126 4259 3295 4313 sancti
3347 4260 3587 4359 theologi.

2288 4347 2305 4359 .
2358 4346 2485 4359 ......-
2511 4346 2564 4359 η.
2645 4340 2803 4359 -......-
2876 4346 3013 4359 -..η
3057 4346 3184 4359 M..-
3240 4345 3331 4359 κη..
3383 4346 3587 4359 “an--.

324 4330 637 4413 'B'__marg.
673 4336 849 4413 adscr.
899 4328 1052 4407 Qubd
1107 4342 1347 4413 revelatio
1390 4328 1690 4413 prophetica
1736 4339 2048 4413 quandoque
2107 4334 2163 4404 fit
2190 4347 2305 4413 ‘per
2351 4328 2564 4413 angelos
2620 4328 2847 4413 tertiae:
2873 4328 3184 4413 quandoque
3216 4345 3331 4413 per
3379 4328 3591 4413 angelos

324 4403 560 4463 mediae,
589 4398 940 4484 :qttandoqu;
968 4429 1069 4484 per
1132 4411 1342 4482 angelos
1372 4398 1584 4484 primae
1641 4398 1982 4484 ierarchiae;
2025 4398 2335 4484 quandoque
2369 4400 2567 4484 _ct“ab
2623 4401 2733 4468 ipso
2790 4398 2901 4484 pec
2958 4398 3283 4484 immediate
3322 4398 3592 4484 Letteiatioc

326 4488 442 4551 item
492 4476 774 4551 accipiunt.

324 4558 537 4603 simum.

327 4610 389 4663 Β·
424 4627 565 4666 corr.
601 4610 1019 4675 therarc'hiarum

880 4482 922 4514 ⁸⁸
949 4482 993 4535 A
1018 4483 1263 4536 abnuere.

1367 4475 1408 4514 ⁸⁷⁸
1431 4481 1475 4536 Β
1496 4481 1907 4546 habundantius,
1938 4480 2017 4536 sic
2040 4475 2264 4542 ubique.

648 4544 694 4578 ss
721 4550 762 4602 Α
791 4568 1150 4623 quantum”,
1180 4550 1222 4604 Β
1248 4567 1601 4623 quem”,on
1641 4553 1848 4623 (punget.
1886 4544 1993 4619 ἀτη,
2043 4547 2149 4615 θ’),
2261 4544 2499 4623 ιδβοιιῇ..
2616 4544 3063 4623 therarchiarum,
3183 4544 3518 4623 (heare/tiara

1164 4611 1336 4677 rtasse
1363 4626 1378 4641 °
1408 4611 1695 4693 legebatur
1732 4611 2155 4693 cheirarchiaruin
2179 4626 2276 4693 ριοο
2307 4611 2711 4693 ίςιζανείιὶαζαζπν
2759 4611 2900 4692 llqu
2930 4611 3352 4693 ergogirrgwre
3374 4612 3592 4693 Ροιηξξὶο

2366 4471 2413 4502 ³⁸
2445 4469 2705 4541 _Ex_vers.
2755 4478 2809 4525 et
2862 4478 2993 4524 text.
3042 4483 3223 4541 graec.
3256 4472 3295 4523 A
3322 4469 3361 4522 Β
3389 4471 3592 4541 dignis-

2261 4540 2303 4573 “
2326 4538 2478 4608 Con].
2527 4539 2571 4593 A
2616 4540 3063 4603 therarchiarum,
3097 4539 3136 4593 Β
3183 4538 3588 4606 (heare/tiaram,

331 4622 389 4663 η’
424 4627 565 4694 corr.
601 4622 1019 4675 tlterarchiarum
1062 4622 1336 4749 gfurtasse
1363 4626 1378 4641 °
1419 4622 1695 4693 legebatur
1732 4622 2155 4675 cherarchiarum
2179 4626 2276 4693 PFO
2307 4622 2711 4692 εειζανεηιαναηιν
2759 4622 2900 4692 un,“
2930 4624 3352 4692 ePVOUrmi’ere
3374 4622 3592 4680 PDN")-

331 4680 469 4765 ζἠΑ
494 4684 912 4749 ετιηιίέιαάὶηειη.
989 4692 1034 4723 ³⁸
1106 4696 1124 4714 ⁸
1165 4707 1326 4765 supra
1352 4692 1531 4749 adscr.
1565 4702 1660 4748 est.
1738 4690 1781 4732 η
1808 4690 1898 4749 AB
1943 4693 2148 4754 istaria,
2182 4696 2262 4739 stc
2301 4682 2533 4755 ubique;
2565 4680 2609 4737 Ci
2635 4680 2892 4755 hgstorta.
2970 4681 3013 4714 "'
3047 4678 3138 4739 Sic
3180 4679 3221 4735 C
3246 4689 3301 4735 ct
3333 4696 3477 4737 corr.
3501 4680 3594 4750 B',

329 4750 419 4806 AB
447 4768 589 4824 ergo.

1855 4862 2088 4921 NOTAE

399 4990 427 5019 ι
475 4976 677 5032 Eadem
718 4974 832 5031 fere
879 4974 947 5030 de
993 4984 1185 5046 natura
1228 4989 1338 5046 non
1389 4975 1681 5046 punienda,
1736 4975 1909 5045 deque
1939 4980 1986 5040 D
2014 4983 2095 5030 tes
2127 4983 2350 5046 naturas
2377 4972 2667 5046 rationales
2695 4983 2831 5030 nutu
2854 4975 3378 5046 omnipotentissimo
3422 4976 3599 5044 pttnit.

328 5057 548 5104 aeterna
577 5062 773 5117 poena,
808 5061 948 5170 quae
977 5045 1111 5099 nihil
1137 5044 1237 5126 nisi
1264 5044 1593 5101 conscientia
1620 5046 1690 5100 sit
1713 5044 1907 5115 pecca-

336 5129 510 5170 torum
553 5126 797 5170 aeterna.
849 5115 1073 5170 .Scotus
1094 5130 1328 5170 saeuius.
1355 5130 1573 5170 necnon
1608 5117 1659 5170 in
1690 5116 1827 5170 libro
1847 5117 1907 5170 de

336 5129 510 5173 torum
553 5115 1073 5179 a‘ewrna,J.Scotus
1094 5115 1328 5185 saepius,
1355 5130 1573 5170 necnon
1608 5117 1659 5170 in
1690 5116 1827 5171 libro
1847 5117 1913 5172 de

334 5189 601 5257 praedest.
630 5185 878 5256 cap.XVl
897 5186 1099 5241 docuit.
1115 5186 1195 5240 Ad
1217 5202 1357 5257 quae
1374 5194 1521 5241 recte
1542 5185 1867 5243 Prudentius
1895 5204 1910 5241 ς

340 5276 357 5308 ι
387 5256 542 5325 Quod
581 5259 743 5319 Deus,
785 5257 979 5326 inquit,
1004 5257 1191 5325 puniat
1235 5256 1568 5326 peccatores,
1599 5272 1789 5312 omnes
1828 5258 1910 5312 di-

334 5328 580 5382 vinorum
628 5326 969 5396 eloquiorum
1021 5327 1249 5397 paginae
1278 5335 1561 5382 testantur.
1608 5367 1620 5380 .
1660 5368 1671 5379 .
1707 5366 1721 5380 .
1745 5327 1913 5383 Audis

338 5397 500 5468 Deum
527 5396 863 5467 punientem,
900 5396 1279 5467 hominemque
1308 5397 1575 5468 punitum,
1605 5407 1661 5451 et
1691 5413 1794 5451 nou
1822 5413 1911 5452 so—

335 5466 444 5519 lum
468 5466 763 5530 huminem,
795 5480 978 5520 verum
1005 5468 1168 5520 etiam
1198 5466 1399 5521 terram
1428 5467 1480 5519 in
1508 5481 1733 5536 poenam
1771 5468 1913 5523 illius

337 5538 595 5614 punitum,
625 5546 684 5589 et
713 5551 876 5606 negas
906 5545 1095 5591 natura
1122 5538 1300 5614 puniri
1329 5538 1631 5614 u_a_turam?_.
1666 5576 1678 5588 .
1704 5577 1726 5614 _.
1755 5578 1767 5592 .
1791 5542 1911 5614 Aut

338 5605 451 5687 ipse
469 5605 697 5661 Creator
714 5616 1028 5661 naturarum
1059 5608 1282 5663 rebelles
1306 5608 1406 5662 sibi
1434 5609 1912 5688 atqueinoltealien-

2013 5045 2409 5117 autaliquando
2425 5044 2729 5117 manifesto,
2748 5044 3037 5117 aliquando
3058 5047 3291 5113 occulto,
3324 5061 3592 5117 nunquam

2015 5126 2196 5172 tamen
2220 5116 2422 5186 iniusto
2440 5115 2646 5186 judicio
2674 5115 2898 5172 naturas
2924 5125 3139 5172 creatas
3159 5132 3187 5170 a
3218 5117 3428 5171 naturis
3447 5115 3599 5186 crea-

2016 5187 2085 5241 tis
2108 5184 2289 5258 puniri
2307 5184 2465 5258 jube_t
2489 5186 2573 5242 vel
2604 5187 2734 5242 sinit
2755 5205 2799 5258 ι,
2825 5187 2890 5258 Et
2918 5187 3184 5258 depoeuis
3205 5187 3440 5258 aeternis
3458 5184 3598 5258 idem

2014 5258 2151 5313 haec
2179 5257 2257 5312 ait
2300 5255 2324 5311 τ’
2367 5276 2394 5330 ¢_
2425 5255 2640 5330 Poenas
2666 5257 2799 5313 nihil
2841 5255 3195 5330 alittd’quam
3213 5256 3593 5330 conscientiam

2013 5336 2359 5398 peccatorum
2376 5325 2531 5396 juxta
2552 5325 2867 5397 Origenem,
2893 5328 2976 5382 vel
3003 5325 3292 5398 secundum
3326 5336 3397 5384 te.
3425 5326 3598 5398 solum

2017 5397 2319 5452 absentiam
2341 5398 2691 5454 beatitudinis
2715 5399 2794 5453 vis
2816 5398 3060 5467 intelligi.
3082 5436 3094 5449 .
3114 5437 3126 5449 .
3147 5435 3160 5448 .
3190 5397 3286 5452 Ast
3311 5397 3599 5449 orthodoxi

2020 5468 2373 5523 translatores
2400 5483 2506 5523 non
2534 5468 2705 5522 solum
2734 5469 2893 5522 aliam
2941 5481 3189 5535 poenam,
3219 5482 3405 5521 verum
3438 5469 3602 5518 etiam
3698 5488 3702 5494 ε

2018 5538 2282 5607 duplicem
2315 5554 2433 5592 esse
2457 5552 2681 5605 poenam
2709 5539 2985 5608 gehennae
3012 5536 3252 5591 sentiunt
3275 5538 3607 5592 auctoritate

2020 5619 2238 5665 sanctae
2269 5608 2583 5677 Scripturae
2626 5628 2643 5657 ι
2675 5619 2778 5661 cet.
