3952 6156
315 247 416 302 Eo?

1431 247 1929 305 EXPOSITIONES
1964 246 2244 305 JOANNIS
2285 246 2479 303 SCOTl

3462 244 3566 317 208

320 362 492 431 teitige
520 362 776 417 visionem
802 380 813 414 :
836 362 1184 433 Septuaginta
1216 361 1576 425 hcbdomades
1613 380 1630 413 ι
1666 370 1722 417 et
1748 369 1887 427 totus
1918 367 1961 423 Α
1994 359 2133 433 dicta
2167 366 2293 423 sunt
2331 359 2397 412 de
2445 355 2752 418 caelestium
2794 355 3179 411 ierarchiarum
3225 354 3265 386 “
3316 353 3563 411 deiformi

317 466 521 517 sermo,
557 452 647 522 qui
678 453 918 521 sequitur
946 452 1011 506 de
1047 451 1217 505 reditu
1264 450 1438 520 populi
1468 465 1533 503 ex
1581 449 1891 523 captivitate

272 567 284 580 -
320 554 370 598 et
401 543 466 596 de
503 544 732 597 adventu
778 543 997 607 Christi.
1044 542 1109 595 Et
1158 526 1409 606 hocest,
1466 541 1608 610 quod
1654 541 1892 594 breviter

322 635 510 688 beatus
555 634 842 704 Dionysius
888 632 1183 688 introducit
1212 631 1439 697 dicens:
1484 630 1622 697 Quid
1662 629 1894 683 fortasse

320 722 440 790 quis
489 721 685 775 dixerit
729 721 795 781 de
840 719 1051 774 dicente
1100 719 1289 790 angelo
1336 720 1400 773 ad
1453 719 1680 774 Daniel:
1714 718 1894 773 Exivit

320 822 516 865 sermo.
550 809 700 877 Quod
744 824 939 879 graece
968 810 1202 865 dicitur:
1245 809 1493 875 ἐξῆλθενὸ
1536 810 1696 885 λόγος,
1728 810 1742 840 ¹
1796 825 1892 877 pro

319 915 424 968 quo
459 899 813 971 Hieronymus
842 901 1019 970 posuit
1064 919 1076 954 :
1125 916 1376 970 egressus
1427 911 1509 954 est
1549 914 1748 964 sermo,
1800 908 1893 953 aut

318 1008 383 1044 vx
411 1007 505 1045 ore
534 990 676 1050 Darii
705 992 864 1061 regis,
894 1000 953 1045 ut
1001 993 1194 1047 iterum
1226 975 1601 1061 aedificaretur
1627 994 1648 1023 ²
1677 990 1894 1045 Jerusa-

320 1082 442 1146 lem,
465 1083 551 1138 vel
566 1092 714 1157 certe
728 1086 794 1139 ab
811 1086 926 1155 ipso
944 1084 1051 1139 Deo
1067 1101 1164 1159 per
1176 1084 1425 1156 angelum
1448 1086 1501 1139 in
1516 1085 1749 1153 animum
1766 1097 1888 1159 pro-

316 1172 509 1242 phetae
530 1173 570 1227 ³.
621 1174 771 1249 Quod
800 1184 979 1229 autem
1023 1175 1265 1249 sequitur
1305 1194 1317 1227 :
1359 1184 1449 1234 aut
1480 1176 1541 1230 de
1574 1175 1689 1245 ipso
1718 1175 1895 1243 primo

264 1254 271 1262 ’
318 1263 491 1332 ignem
523 1278 590 1317 ex
627 1264 800 1337 nteJio
846 1252 1134 1337 Cherubin]
1172 1265 1481 1334 recipiente,
1531 1280 1596 1317 ex
1645 1264 1890 1317 Ezechiel

316 1362 648 1420 assumptum
681 1362 780 1417 est,
813 1353 903 1423 qui
936 1354 1014 1407 ait
1043 1372 1053 1408 :
1092 1373 1109 1404 ι
1141 1353 1207 1408 Ει
1235 1356 1363 1420 vidi,
1390 1363 1443 1409 et
1473 1371 1599 1410 ecce
1629 1355 1683 1409 in
1707 1354 1889 1408 ﬁrma-

320 1451 522 1507 mento,
548 1442 690 1511 quod
718 1452 833 1496 erat
863 1459 1025 1513 super
1050 1455 1208 1513 caput
1233 1445 1548 1510 Cherubim,
1580 1446 1731 1514 quasi
1759 1445 1894 1514 lapis

318 1533 623 1604 sapphirus,
652 1534 805 1603 quasi
834 1535 1043 1603 species
1088 1536 1479 1601 similitudinis,
1517 1536 1613 1590 soli
1646 1536 1894 1607 apparuit

315 1635 480 1698 super
506 1636 590 1675 ea.
623 1621 689 1676 Et
716 1622 849 1677 dixit
875 1623 943 1677 ad
968 1624 1164 1688 virum,
1194 1624 1285 1694 qui
1319 1624 1533 1679 indutus
1556 1635 1675 1679 erat
1704 1625 1890 1693 lineis,

318 1721 374 1768 et
404 1711 481 1766 ait
512 1712 833 1781 :Ingredere
863 1714 915 1769 in
942 1714 1117 1770 medio
1145 1724 1407 1785 rotarum,
1434 1730 1572 1785 quae
1603 1724 1726 1770 sunt
1756 1716 1895 1770 inter
1926 1710 1968 1767 Β

321 1788 628 1861 Cherubim,
649 1808 701 1851 et
714 1798 924 1852 ell‘unde
944 1814 1107 1868 super
1121 1801 1390 1863 civitatem
1403 1820 1420 1852 ι
1433 1840 1446 1854 .
1465 1802 1530 1856 Ει
1546 1803 1645 1858 hoc
1658 1812 1741 1858 est
1756 1805 1900 1874 quod

323 1888 603 1958 sequitur:
633 1898 726 1944 aut
749 1889 877 1965 illud
903 1889 1141 1958 ejusdem
1165 1891 1542 1967 abundantius,
1570 1892 1676 1948 hoc
1695 1902 1799 1958 est,
1839 1893 1900 1947 il—

323 1976 410 2030 lud
432 1977 733 2047 symbolum
746 1978 1006 2047 ejusdem,
1022 1967 1290 2043 Ezechiel,
1306 1983 1447 2051 quod
1470 1990 1552 2036 est
1566 1982 1900 2038 manifestius

321 2067 388 2120 ad
415 2069 780 2123 ostensionem
828 2069 1035 2126 ordinis
1072 2071 1321 2142 angelici,
1366 2054 1622 2142 quoniam
1663 2082 1715 2128 et
1756 2072 1893 2129 Che-

323 2161 496 2215 rubim
524 2163 764 2217 immittit
793 2165 970 2234 ignem
1003 2166 1052 2219 in
1086 2153 1276 2219 manus
1306 2147 1546 2220 sanctam
1578 2165 1769 2231 stolam
1821 2167 1899 2222 in-

321 2252 452 2307 duti.
481 2253 655 2321 Quod,
680 2256 925 2324 quamvis
965 2255 1036 2309 ita
1068 2255 1119 2309 in
1144 2255 1380 2326 praefata
1408 2256 1612 2311 visione
1640 2257 1898 2326 scriptum

321 2358 443 2401 esse
482 2361 586 2398 non
635 2346 907 2410 videatur;
965 2346 1033 2401 ibi
1073 2348 1216 2402 enim
1268 2347 1603 2402 solummodo
1640 2348 1898 2417 scriptum

320 2444 432 2489 est:
454 2452 475 2487 ι
502 2435 566 2490 Et
590 2436 725 2490 dixit
745 2437 813 2491 ad
836 2437 1028 2500 virum,
1045 2438 1134 2510 qui
1152 2439 1368 2493 indutus
1388 2447 1506 2493 erat
1525 2438 1697 2504 lineis,
1715 2447 1770 2493 et
1789 2440 1863 2493 ait
1884 2458 1896 2492 ε

323 2525 606 2595 ingredere
658 2527 712 2580 in
762 2528 936 2582 medio
1000 2522 1260 2596 rotarum,
1303 2545 1442 2600 quae
1486 2540 1611 2584 sunt
1645 2529 1666 2561 ⁸
1712 2532 1902 2586 subtus

322 2616 635 2694 Cherubim,
667 2628 720 2675 et
770 2620 932 2691 imple
975 2638 1191 2677 manum
1225 2632 1368 2678 tuam
1412 2624 1599 2694 prunis
1634 2646 1679 2695 ι,
1729 2636 1905 2696 potest

328 2721 504 2765 tamen
545 2712 764 2784 intelligi
794 2724 887 2768 aut
928 2715 978 2768 in
1012 2717 1345 2787 septuaginta
1397 2716 1752 2787 lnterpretum
1783 2719 1901 2773 edi-

327 2801 490 2869 tione,
518 2817 583 2856 ex
613 2792 714 2872 qua
761 2803 947 2859 beatus
982 2805 1266 2883 Dimysins
1298 2808 1397 2860 ista
1443 2809 1623 2861 omnia
1663 2809 1899 2882 introdu-

328 2893 427 2959 xit,
455 2894 534 2949 sic
564 2895 840 2966 scriptum,
871 2904 964 2960 aut
1009 2897 1179 2967 ipsum
1202 2897 1279 2953 sic
1309 2898 1654 2953 intellixisse:
1686 2919 1703 2950 ‹
1740 2898 1905 2968 Imple

329 2999 546 3039 manum
563 2995 707 3040 tuam
721 2988 909 3057 prunis
932 3009 948 3040 ι
964 3029 978 3052 ,
996 2996 1052 3042 ut
1065 2970 1435 3054 subaudiatnr,
1456 2991 1715 3068 quasipsa
1730 2991 1751 3021 ⁵
1768 2991 1903 3045 Che-

326 3076 502 3132 rubim
529 3077 624 3132 tibi
651 3079 911 3133 traditura
953 3089 1096 3134 sunt.
1132 3079 1196 3133 Et
1231 3080 1422 3135 iterum
1449 3080 1589 3151 quod
1630 3062 1901 3150 sequitur:
1935 3061 1980 3122 (ἶ

326 3175 419 3222 aut
450 3169 516 3222 de
537 3178 765 3223 vocante
811 3169 1202 3222 tliviuissimum
1233 3168 1447 3224 Gabriel
1475 3179 1529 3222 et
1558 3159 1770 3233 dicente
1814 3169 1860 3222 ei
1892 3187 1902 3221 :

325 3255 436 3313 Fac
467 3257 620 3311 illum
644 3256 940 3326 intelligere
962 3258 1329 3324 visionem,ex
1351 3259 1488 3314 libro
1517 3260 1698 3313 Daniel
1727 3276 1908 3314 susce-

329 3354 478 3417 ptum
496 3333 546 3410 ’⁸,
578 3346 667 3401 ubi
695 3347 921 3413 dicitur:
947 3366 963 3397 ι
998 3348 1064 3402 Ει
1092 3349 1111 3380 "
1137 3348 1336 3403 factum
1359 3358 1443 3405 est
1476 3359 1676 3414 autem,
1709 3350 1903 3419 inquit,

327 3454 448 3517 eum
496 3439 737 3515 viderem
783 3454 881 3515 ego
931 3439 1117 3505 Daniel
1156 3441 1444 3507 visionem,
1489 3451 1543 3496 et
1590 3456 1907 3510 quaererem

327 3528 755 3609 intelligentiam,
770 3518 897 3611 ecce
919 3533 1134 3599 stetitin
1156 3542 1447 3613 conspectu
1472 3548 1592 3587 meo
1618 3534 1770 3603 quasi
1789 3547 1908 3602 spe-

328 3621 440 3677 cies
473 3621 599 3686 viri,
635 3631 691 3676 et
716 3624 891 3679 audivi
935 3641 1118 3701 vocem
1153 3628 1274 3696 viri,
1302 3637 1357 3682 et
1385 3627 1655 3693 clamavit,
1688 3638 1742 3684 et
1771 3630 1847 3682 ait
1892 3647 1904 3683 :

331 3710 571 3795 Gabriel,
587 3710 672 3767 fac
688 3713 985 3785 intelligere
1000 3701 1153 3793 istam
1173 3719 1429 3794 visionem
1454 3740 1496 3779 η.
1525 3720 1702 3775 Haec“
1724 3730 1906 3775 autem

332 3803 514 3888 omnia
540 3813 826 3889 propterea
859 3814 913 3860 et
945 3808 997 3889 in
1028 3810 1304 3889 prophetis
1332 3818 1388 3885 et
1430 3811 1630 3880 scripta
1687 3820 1741 3865 et
1793 3812 1907 3865 visa

334 3884 496 3956 sunt,
548 3902 603 3947 et
647 3882 681 3949 a
734 3885 895 3952 beato
961 3882 1067 3951 isto
1121 3882 1382 3969 magistro
1446 3892 1794 3974 introducta,
1850 3908 1911 3954 ut

336 3982 695 4054 intelligamus
754 3985 1069 4042 caelestium
1130 3989 1433 4042 animorum
1476 3988 1766 4057 dispositas
1815 4003 1908 4055 or—

333 4073 676 4140 dinationes,
696 4085 752 4132 et
780 4079 1039 4148 quosdam
1091 4080 1307 4149 quidem
1337 4080 1406 4134 ab
1433 4080 1549 4149 ipso
1574 4067 1686 4135 Deo
1722 4080 1910 4134 imme-

332 4165 478 4223 diate
521 4167 709 4250 doceri,
742 4177 799 4224 et
828 4170 1140 4235 illuminari,
1190 4186 1389 4241 eosque
1414 4172 1607 4226 iterum
1642 4170 1908 4242 gradatim

333 4270 393 4312 se
453 4259 733 4316 inferiores
781 4263 975 4317 docere
1027 4271 1082 4331 et
1131 4263 1472 4329 illuminare,
1524 4264 1613 4334 qui
1665 4277 1695 4317 a
1756 4275 1913 4330 super

335 4347 572 4416 rioribus
620 4352 884 4431 docentur
958 4363 1011 4408 et
1077 4354 1468 4432 illuminantur.
1524 4353 1589 4407 Et
1643 4353 1744 4409 hoc
1784 4360 1907 4413 est,

1992 457 2206 512 ornatu,
2257 448 2324 501 ad
2358 464 2516 517 quem
2572 443 3358 516 ornatunrnostraierarcbia,
3396 459 3566 515 quan-

1992 545 2107 605 tum
2151 537 2458 592 hominibus
2487 535 2741 605 possibile
2765 535 2828 598 ¹¹,
2857 533 3049 593 similis
3083 532 3225 587 facta
3252 540 3334 588 est
3354 532 3425 611 .in
3455 532 3568 587 suis

1991 630 2291 696 ordinibus.
2331 628 2638 702 Angelicam
2671 627 2933 698 siquidem
2970 624 3420 695 pulchritudinem
3442 623 3570 677 imi»

1995 731 2157 785 tatur,
2194 731 2452 792 quantum
2485 729 2679 792 potest,
2732 720 2785 773 in
2819 718 3003 788 ﬁguris
3039 726 3095 770 et
3117 716 3373 787 symbolis
3398 717 3570 772 sensi-

1993 814 2210 869 bilibus.
2240 813 2388 883 Ipsos
2426 826 2655 881 namque
2677 810 2938 867 Dominus
2963 809 3121 864 Jesus
3143 809 3389 863 Christus
3413 810 3569 864 docet

1993 921 2123 960 suae
2157 906 2625 976 contemplationis
2673 904 2998 974 praesentia,
3056 918 3153 958 nos
3185 902 3361 956 adhuc
3392 904 3572 958 erudit

1993 1013 2088 1068 per
2115 997 2380 1067 symbola,
2422 996 2590 1050 donec
2618 996 2895 1048 veniamus
2924 994 2975 1047 in
3022 1008 3207 1046 unum.
3253 992 3321 1047 Et
3362 993 3463 1045 hoc
3486 1000 3572 1046 est

1993 1089 2135 1158 quod
2167 1089 2281 1145 ait:
2312 1087 2606 1158 angelicam
2643 1087 2684 1117 ¹²
2711 1084 3181 1155 pulchritudinem,
3225 1094 3487 1153 quantum
3518 1082 3572 1137 in

1996 1180 2316 1250 imaginibus
2336 1180 2576 1255 habebit.
2612 1177 2784 1232 Habet
2812 1178 2953 1232 enim
2978 1191 3118 1231 nunc
3162 1175 3474 1230 caelestium
3502 1174 3573 1229 si-

1994 1272 2350 1326 militudinem
2423 1271 2478 1324 in
2555 1269 2751 1325 divinis
2810 1267 3109 1339 symbolis,
3177 1266 3392 1321 habebit
3447 1276 3576 1320 tunc

1993 1379 2181 1420 eorum
2233 1362 2684 1441 pulchritudinem
2743 1360 2797 1415 in
2850 1358 3234 1430 principalibus
3291 1356 3574 1426 exemplis,

1994 1463 2253 1523 quantum
2285 1451 2537 1523 possibile
2581 1459 2667 1507 est
2695 1449 2850 1514 ﬁeri,
2898 1451 2950 1504 in
2983 1449 3325 1518 imaginibus.
3375 1447 3575 1518 Imagi-

1996 1558 2091 1598 nes
2127 1550 2321 1605 vocat,
2372 1550 2431 1595 ut
2479 1541 2734 1605 arbitror,
2789 1539 3168 1615 theophanias,
3215 1538 3268 1591 in
3299 1537 3496 1606 quibus
3521 1547 3579 1591 et

1995 1635 2095 1707 ipsi
2132 1634 2329 1705 angeli,
2375 1642 2427 1688 et
2457 1632 2703 1686 homines
2756 1632 2809 1685 in
2849 1629 3128 1700 aequalem
3176 1629 3256 1684 eis
3283 1628 3575 1683 beatitudi-

1998 1740 2120 1781 nem
2143 1722 2445 1795 gloriticati,
2465 1722 2638 1789 ipsum
2657 1721 2823 1774 Deum
2840 1718 3112 1782 videbunt,
3138 1716 3395 1787 quoniam
3411 1713 3458 1746 ¹³
3482 1729 3581 1786 per

1999 1826 2058 1868 se
2100 1811 2273 1880 ipsum
2319 1807 2603 1862 invisibilis
2641 1815 2696 1862 et
2740 1814 2901 1862 estet
2930 1803 3035 1859 erit
3081 1804 3229 1866 omni
3266 1801 3580 1857 intellectui.

1999 1898 2537 1971 Superessentialitas
2580 1897 2777 1968 quippe
2814 1894 2957 1950 illius
2993 1907 3207 1955 omnem
3237 1899 3457 1960 superat
3496 1890 3585 1943 iu—

1999 1992 2295 2047 tellectum.
2350 1988 2547 2044 Nostra
2582 1988 2763 2056 itaque
2816 1983 3083 2039 ierarehia
3128 1980 3421 2052 angelicam
3466 1978 3583 2048 pul-

1999 2083 2360 2143 chritudinem
2391 2078 2628 2142 habebit,
2676 2086 2935 2146 quantum
2964 2074 3016 2126 in
3053 2069 3427 2140 theophauicis
3455 2069 3587 2122 ima-

1998 2178 2212 2248 ginibus
2258 2188 2352 2228 seu
2401 2168 2841 2226 similitudinibus
2882 2164 3065 2221 haberi
3095 2163 3309 2233 poterit,
3355 2161 3585 2213 formata

2001 2283 2095 2336 per
2141 2280 2285 2328 eum,
2340 2268 2590 2316 ornatum
2647 2255 2896 2311 videlicet
2935 2253 3252 2310 caelestium
3302 2250 3583 2303 virtutum.

2003 2356 2136 2427 Nam
2164 2350 2533 2409 ecclesiastica
2561 2346 2825 2411 ierarchia
2856 2359 2952 2415 per
2995 2341 3255 2396 caelestes
3277 2338 3504 2392 virtutes
3534 2348 3588 2390 et

2003 2426 2285 2508 ordinatur
2313 2454 2368 2498 et
2398 2442 2662 2496 formatur
2686 2446 2738 2492 et
2769 2434 3039 2489 reducitur
3060 2432 3127 2485 ad
3164 2426 3583 2500 superessentia-A

2004 2516 2108 2607 lem
2159 2537 2336 2608 omnis
2387 2531 2704 2596 ierarchiae,
2762 2527 2829 2592 ad
2861 2529 3029 2601 ipsam
3085 2520 3291 2589 scilicet
3345 2519 3587 2576 omnium

2004 2645 2243 2687 causam.

2460 2751 2994 2813 CAPITULUM
3033 2750 3121 2805 IX.

2461 2864 2467 2869 ’
2536 2867 2699 2937 Cujus
2731 2865 2916 2919 titulus
2938 2872 3058 2918 est:

2010 2990 2085 3043 De
2120 2987 2446 3058 Principibus
2485 2995 2530 3053 et
2559 2982 2896 3061 Archangelis
2918 2991 2968 3061 et
2997 2980 3205 3049 Angelis
3232 2988 3281 3033 et
3303 2977 3367 3031 a'e
3403 2974 3589 3030 ultima

2529 3070 2707 3108 eorum
2740 3052 2995 3107 iérarrltia
3025 3063 3073 3102 ι.

2085 3176 2111 3249 ς
2145 3178 2195 3231 l.
2239 3173 2483 3244 Reliquus
2510 3170 2653 3235 nobis
2676 3170 2729 3223 in
2758 3165 3238 3237 contemplationem
3281 3162 3323 3193 “
3350 3168 3589 3222 ornatus,

2008 3270 2269 3342 angelicas
2308 3265 2617 3321 concludens
2662 3262 2965 3323 ierarchias,
2998 3275 3029 3311 a
3060 3255 3400 3325 deiformibus
3433 3248 3595 3304 Prin-

2009 3360 2225 3430 cipibus,
2242 3353 2680 3424 Archangelisqne
2692 3361 2739 3405 et
2758 3348 2963 3419 Angelis
2991 3345 3271 3416 dispositus
3295 3343 3357 3394 “’.
3382 3342 3589 3403 Restat,

2010 3448 2205 3518 inquit,
2261 3446 2417 3507 nobis
2464 3441 2760 3521 speeulatio
2798 3438 2964 3507 ipsius
2995 3444 3241 3495 ornatus,
3286 3432 3376 3505 qui
3406 3430 3448 3461 “
3474 3445 3593 3483 om-

2010 3517 2107 3592 nes
2137 3534 2178 3568 "
2208 3517 2800 3604 angelicasconcludit
2846 3540 2911 3579 ac
2960 3523 3217 3594 terminat
3271 3517 3592 3581 ierarchias,

2010 3628 2210 3700 quique
2233 3641 2295 3682 ex
2324 3619 2722 3691 Principatihus
2783 3624 2836 3669 et
2888 3610 3237 3681 Archangelis
3268 3618 3323 3667 et
3370 3606 3594 3675 Angelis

2011 3698 2360 3776 construitur.
2430 3711 2495 3765 Et
2543 3711 2739 3780 primas
2772 3706 2978 3778 quidem
3026 3704 3197 3758 dicere
3243 3698 3591 3762 necessarium

2014 3810 2251 3869 aestimo,
2284 3802 2564 3859 secundum
2604 3797 2740 3869 quod
2786 3796 2912 3849 mihi
2954 3792 3195 3864 possibile
3220 3834 3232 3852 ,
3290 3800 3591 3861 sanctarum

2011 3896 2515 3970 cognominationum
2552 3889 3014 3958 manifestationes.
3048 3883 3503 3961 Quemadmodum
3537 3880 3589 3937 in

2012 3984 2441 4058 expositionibus
2469 3981 2673 4051 primae
2702 3985 2755 4031 et
2781 3976 2991 4031 mediae
3022 3974 3323 4029 ierarchiae
3359 3971 3400 4003 ⁸⁸
3426 3971 3594 4023 inter-

2013 4066 2344 4151 pretationes
2363 4074 2406 4105 ¹⁹
2429 4072 2704 4127 nominum
2734 4067 2883 4137 prius
2910 4065 3238 4136 explanavit,
3264 4061 3455 4135 deinde
3482 4061 3594 4113 sin-

2012 4170 2255 4241 gulorum
2292 4163 2541 4219 ordinum
2581 4158 2827 4230 proprias
2857 4166 2911 4211 et
2941 4172 3258 4211 communes
3286 4155 3512 4207 virtutes
3539 4160 3596 4209 et

2015 4253 2548 4316 administrationes;
2579 4250 2653 4303 ita
2693 4257 2748 4302 et
2780 4262 2921 4301 nunc
2951 4247 3003 4300 in
3035 4246 3369 4314 expositione
3399 4242 3593 4294 tertiae

2015 4345 2316 4404 ierarehiae
2340 4338 2831 4410 interpretationes,
2859 4351 2994 4406 quas
3022 4344 3175 4389 vocat
3201 4332 3587 4393 utanil'estatio:

336 4436 477 4505 quod
519 4439 631 4495 ait:
684 4450 738 4517 et
764 4425 1186 4513 quaecunque“:
1232 4443 1336 4513 alia
1366 4458 1396 4497 a
1447 4444 1618 4508 sacris
1653 4440 1914 4512 theologis
1945 4429 1991 4485 Ι)
2021 4453 2115 4492 nes
2151 4429 2702 4504 cognominationum,
2752 4426 2926 4495 primo
2970 4425 3267 4495 ingreditur
3303 4434 3590 4504 exponere.

1620 4573 1875 4629 VABIAE
1915 4566 2308 4624 LECTIONES.

408 4688 426 4737 ι
574 4690 885 4761 gnatm”:
908 4690 1002 4753 (sic
1020 4686 1163 4761 l),C_
1176 4689 1314 4758 quod
1341 4706 1524 4761 graece
1565 4688 1724 4740 datur
1745 4702 1847 4761 per_
1861 4700 1965 4753 quo
1992 4681 2286 4761 ierouituus
2333 4673 2557 4761 (ign)ch
2573 4671 2625 4761 ti”
2644 4672 2961 4761 itis-’39)»:
3456 4665 3590 4761 CLI}

337 4755 378 4811 3
400 4755 728 4825 aediﬁcatur,
754 4755 813 4813 Β·
838 4774 979 4813 corr.
1006 4755 1330 4826 aediﬁcetur.

336 4829 451 4891 quis
487 4824 550 4881 sit
598 4828 818 4894 inferior
867 4846 898 4880 a
934 4824 1200 4896 superiore
1251 4829 1486 4882 cruditas
1526 4838 1571 4881 ct
1616 4824 1800 4893 accipit
1851 4824 2164 4876 doctrinmt.

341 4886 524 4952 itlorr.
546 4896 633 4967 B’,
656 4886 743 4952 ΑΒ
771 4900 931 4968 ipsae,
968 4886 1008 4949 (Ξ
1057 4899 1216 4966 ipsas.
1293 4898 1313 4928 ⁸
1338 4898 1397 4951 Β·
1421 4912 1580 4965 supra
1609 4886 1783 4950 adscr.
1815 4907 1887 4946 est
1921 4910 1938 4957 ,'
1970 4902 2042 4945 est
2072 4906 2181 4943 out.
2214 4886 2277 4941 C.

343 4969 362 4998 ο
420 4970 445 4998 Α
483 4982 820 4998 ,ηιοηηηηηηι
946 4967 1103 4998 ιοίρςι.
1135 4966 1173 4998 ρ
1232 4968 1257 4998 Α
1300 4968 1752 4998 ηνριιηηιφιάηηην.
1816 4963 1854 4998 lt
1887 4959 2277 4998 “nimam-him:-

1014 4961 1195 5039 SjcC,
1218 4968 1268 5019 Α
1298 4961 1776 5039 arciteai'cltiarum,
1815 4963 1854 5015 Β
1886 4961 2390 5039 (ινςὴεαινειιὶραζαηι.
2472 4961 2512 4985 ³³
2639 4961 2817 5039 adscr.
2850 4961 2965 5039 est;
3031 5017 3041 5028 ι

1764 5016 1879 5086 cum
1926 5034 2133 5085 dicatur
2178 5031 2231 5080 in
2263 5024 2347 5079 Jo.
2392 5040 2472 5078 ιιι.
2519 5021 2800 5075 ridebimus
2851 5032 2967 5071 eam
2997 5017 3128 5069 sicut
3172 5026 3270 5076 est,
3311 5016 3401 5067 sed
3432 5025 3596 5082 potest

1017 5124 1026 5137 .
1054 5108 1209 5137 mm...
1334 5107 1353 5135 ω
1396 5107 1421 5137 Α
1463 5103 1888 5137 ιιι...ιη...η1ηιεηηη
1987 5101 2030 5132 η
2058 5101 2113 5137 η·
2147 5098 2259 5137 rati-
2309 5110 2448 5137 pnrr-
2483 5090 2763 5137 dixnosilis.
2840 5087 2884 5119 ¹⁶
2931 5086 3021 5137 Sic
3055 5087 3094 5135 (ἶ
3125 5094 3178 5137 et
3205 5100 3347 5137 COI‘I‘.
3400 5085 3481 5137 B'.
3510 5082 3596 5135 ΑΒ

1334 5094 1353 5135 λ
1388 5107 1428 5154 Λ
1461 5103 1907 5154 contemnlatione.
1987 5101 2030 5132 ¹⁸
2058 5101 2113 5153 Β·
2147 5098 2260 5152 rati.
2309 5110 2449 5148 corr.
2483 5094 2763 5154 dispositis.

343 4969 390 5041 ’__
415 4970 451 5020 Λ
480 4964 840 5041 quencunqae.

352 5034 638 5107 Derisione
662 5037 715 5090 in
734 5034 936 5107 patria.

336 5104 438 5155 aici
465 5106 639 5175 quoad
689 5104 1028 5175 capacitatem
1051 5108 1228 5175 totius.

337 5177 423 5245 qui
443 5193 479 5226 τ.

347 5260 530 5299 «vestr.
564 5244 647 5299 θ’.

1388 5107 1429 5157 Λ
1461 5103 1907 5172 contemplatione.

1435 4736 1545 4810 '"l'i'
1783 4736 1959 4808 adscr.
1992 4749 2172 4821 supple
2198 4748 2292 4825 hicl
2310 4736 2456 4825 cinia
2482 4736 2848 4825 ‘srequeniibus
2888 4736 3378 4825 interrogationibus
3422 4749 3440 4786 :

667 5162 843 5231 omlnes
890 5194 998 5232 om.
1031 5162 1113 5231 (3.;
1192 5175 1233 5205 ³⁸
1272 5162 1719 5252 Quemadmodum
1763 5203 1831 5213 —-
1874 5173 2162 5225 ieram-Iliae
2190 5181 2296 5241 om.
2340 5162 2396 5216 Β.

2278 4756 2356 4798 et
2403 4761 2456 4795 m
2507 4754 2836 4811 sequentibus
2888 4754 3378 4809 interrogationibus
3422 4754 3440 4786 :
3493 4754 3593 4788 nm

2278 4814 2299 4845 ‘
2349 4814 2440 4868 Sic
2470 4810 2589 4877 AC,
2630 4822 2748 4865 sunt
2781 4827 2889 4863 om.
2940 4809 3014 4864 Β.
3074 4824 3244 4877 marg.
3279 4806 3469 4877 adscr;
3506 4805 3589 4856 li“.

2375 4884 2394 4915 ⁷
2424 4883 2464 4935 Β
2490 4874 2585 4950 ξεί
2663 4882 2684 4911 ⁸
2707 4880 2797 4934 Sic
2822 4881 2862 4935 C
2894 4889 2947 4933 et
2979 4874 3246 4950 corruit".
3282 4876 3369 4928 ΑΒ
3418 4874 3591 4950 Hauc.

2472 4945 2601 5004 “‘B'
2642 4951 2817 5004 adscr.
2850 4959 2946 5002 est.
3056 4948 3097 4977 ¹¹
3126 4946 3183 4999 Β.
3212 4961 3383 5014 marg.
3414 4945 3590 4997 adscr.
3634 4960 3639 4965 '

2840 5087 2884 5119 ¹⁶
2931 5086 3021 5140 Sic
3055 5087 3094 5135 t2
3125 5094 3178 5138 et
3205 5100 3347 5138 corr.
3400 5085 3481 5145 B‘,
3510 5082 3599 5135 ΑΒ

2481 5163 2522 5193 ³⁸
2552 5158 2997 5227 interpretationes
3037 5170 3146 5207 om.
3194 5155 3255 5216 Β,
3313 5154 3377 5206 ad
3423 5168 3593 5221 marg.

1866 5304 2094 5359 NOTAE

412 5445 434 5470 υ
462 5431 759 5500 Capitalum
804 5446 994 5482 nonum
1040 5429 1101 5481 tle
1146 5425 1479 5500 principibus
1505 5433 1550 5500 et
1592 5421 1916 5500 archangelis

342 5513 387 5552 et
426 5492 641 5569 angelis.
689 5502 827 5553 etde
863 5500 1046 5551 ultima
1084 5492 1262 5551 eorum
1292 5495 1547 5569 ierarc/iia
1572 5510 1595 5569 ;⁸
1635 5492 1675 5543 Β
1722 5492 1916 5544 litteris

345 5564 581 5623 minuitis
608 5569 934 5637 :Capjtalan:
980 5569 1255 5637 decimum.
1298 5566 1448 5637 cuius
1480 5564 1659 5616 titulus
1690 5571 1762 5637 est
1792 5574 1801 5584 ‘
1841 5579 1916 5612 re-

343 5642 520 5710 petitio
548 5634 1062 5709 synageangclicur;
1112 5656 1136 5693 δ
1171 5636 1201 5688 d
1248 5639 1296 5690 in
1351 5634 1528 5687 inﬁma
1574 5634 1915 5686 membranae

2026 5432 2177 5488 parte
2212 5417 2270 5470 B‘
2302 5415 2513 5483 scripsit
2550 5433 2584 5488 ε..
2613 5411 2672 5468 C.
2720 5428 2769 5467 Ix
2799 5412 2860 5467 de
2898 5409 3214 5488 principibus
3238 5419 3302 5488 et
3335 5404 3589 5473 principa-

2023 5479 2158 5543 ἱιίιιιδ
2197 5499 2241 5539 et
2292 5479 2613 5553 art-hangelis
2664 5494 2709 5535 rt
2758 5482 2953 5549 angelis
2993 5490 3037 5531 et
3085 5482 3146 5532 tle
3194 5479 3375 5529 ultima
3418 5490 3599 5526 ettrunt

2024 5562 2220 5611 iuranti
2231 5558 2277 5607 ia
2289 5596 2299 5606 .
