  <div class='ocr_page' id='page_1' title='image "/cluster/home/n/w/nwhite01/storage/ocr_20150623/122/hvd.32044054759840/142.png"; bbox 0 0 3952 6156; ppageno 0'>
   <div class='ocr_carea' id='block_1_1' title="bbox 256 242 1802 322">
    <p class='ocr_par' dir='ltr' id='par_1_1' title="bbox 256 243 1802 307">
     <span class='ocr_line' id='line_1_1' title="bbox 256 243 1802 307; baseline -0.012 0"><span class='ocrx_word' id='word_1_1' title='bbox 256 246 335 307; x_wconf 63' lang='grc' dir='ltr'><strong>ῗίξῦ</strong></span> <span class='ocrx_word' id='word_1_2' title='bbox 1064 244 1287 301; x_wconf 80' lang='lat' dir='ltr'><strong>SUPER</strong></span> <span class='ocrx_word' id='word_1_3' title='bbox 1331 243 1753 298; x_wconf 66' lang='lat' dir='ltr'><strong>lEllARCIllAM</strong></span> <span class='ocrx_word' id='word_1_4' title='bbox 1796 253 1802 288; x_wconf 74' lang='grc' dir='ltr'><strong>ι</strong></span> 
     </span>
    </p>
   </div>
   <div class='ocr_carea' id='block_1_2' title="bbox 1903 242 3482 322">
    <p class='ocr_par' dir='ltr' id='par_1_2' title="bbox 1903 242 3482 322">
     <span class='ocr_line' id='line_1_2' title="bbox 1903 242 3482 322; baseline 0.003 -28"><span class='ocrx_word' id='word_1_5' title='bbox 1903 242 2205 297; x_wconf 59' lang='grc' dir='ltr'><strong>ἓέῐιῖιζδτῐῐλὶ</strong></span> <span class='ocrx_word' id='word_1_6' title='bbox 2252 242 2671 322; x_wconf 37' lang='grc' dir='ltr'><strong>δηυιοκγδιι.</strong></span> <span class='ocrx_word' id='word_1_7' title='bbox 3381 247 3482 300; x_wconf 71' lang='lat' dir='ltr'><strong>&#39;ZlO</strong></span> 
     </span>
    </p>
   </div>
   <div class='ocr_carea' id='block_1_3' title="bbox 256 356 3481 432">
    <p class='ocr_par' dir='ltr' id='par_1_3' title="bbox 256 356 3481 432">
     <span class='ocr_line' id='line_1_3' title="bbox 256 356 3481 432; baseline -0.002 -17"><span class='ocrx_word' id='word_1_8' title='bbox 256 364 376 431; x_wconf 75' lang='lat' dir='ltr'><strong>Qnml</strong></span> <span class='ocrx_word' id='word_1_9' title='bbox 398 370 790 430; x_wconf 85' lang='lat' dir='ltr'><strong>consequenter</strong></span> <span class='ocrx_word' id='word_1_10' title='bbox 842 360 1121 432; x_wconf 72' lang='lat' dir='ltr'><strong>adiungit:</strong></span> <span class='ocrx_word' id='word_1_11' title='bbox 1176 361 1479 423; x_wconf 70' lang='lat' dir='ltr'><strong>Manifestat</strong></span> <span class='ocrx_word' id='word_1_12' title='bbox 1511 360 1644 413; x_wconf 89' lang='lat' dir='ltr'><strong>enim</strong></span> <span class='ocrx_word' id='word_1_13' title='bbox 1685 359 1796 426; x_wconf 81' lang='lat' dir='ltr'><strong>ipsa</strong></span> <span class='ocrx_word' id='word_1_14' title='bbox 1829 365 1871 417; x_wconf 77' lang='grc' dir='ltr'>Α</span> <span class='ocrx_word' id='word_1_15' title='bbox 1907 357 2396 411; x_wconf 65' lang='grc' dir='ltr'>ιιιιιιιίΐθδιιιιίδδίιιιρ</span> <span class='ocrx_word' id='word_1_16' title='bbox 2443 357 2681 410; x_wconf 82' lang='lat' dir='ltr'><strong>declarat</strong></span> <span class='ocrx_word' id='word_1_17' title='bbox 2733 356 3236 422; x_wconf 82' lang='lat' dir='ltr'><strong>snperessentialem</strong></span> <span class='ocrx_word' id='word_1_18' title='bbox 3285 361 3481 411; x_wconf 73' lang='lat' dir='ltr'><strong>sinuati</strong></span> 
     </span>
    </p>
   </div>
   <div class='ocr_carea' id='block_1_4' title="bbox 257 446 3486 524">
    <p class='ocr_par' dir='ltr' id='par_1_4' title="bbox 257 446 3486 524">
     <span class='ocr_line' id='line_1_4' title="bbox 257 446 3486 524; baseline -0.002 -20"><span class='ocrx_word' id='word_1_19' title='bbox 257 454 424 524; x_wconf 76' lang='lat' dir='ltr'><strong>quidem</strong></span> <span class='ocrx_word' id='word_1_20' title='bbox 467 451 768 505; x_wconf 72' lang='lat' dir='ltr'><strong>caelestium</strong></span> <span class='ocrx_word' id='word_1_21' title='bbox 802 450 1107 519; x_wconf 78' lang='lat' dir='ltr'><strong>Principum</strong></span> <span class='ocrx_word' id='word_1_22' title='bbox 1142 451 1272 504; x_wconf 83' lang='lat' dir='ltr'><strong>illud</strong></span> <span class='ocrx_word' id='word_1_23' title='bbox 1298 449 1624 518; x_wconf 67' lang='lat' dir='ltr'><strong>deformiter</strong></span> <span class='ocrx_word' id='word_1_24' title='bbox 1650 447 1793 516; x_wconf 81' lang='lat' dir='ltr'><strong>prin-</strong></span> <span class='ocrx_word' id='word_1_25' title='bbox 1908 448 2051 509; x_wconf 65' lang='lat' dir='ltr'><strong>lani,</strong></span> <span class='ocrx_word' id='word_1_26' title='bbox 2079 446 2223 515; x_wconf 89' lang='lat' dir='ltr'><strong>quod</strong></span> <span class='ocrx_word' id='word_1_27' title='bbox 2274 446 2415 500; x_wconf 86' lang='lat' dir='ltr'><strong>Dens</strong></span> <span class='ocrx_word' id='word_1_28' title='bbox 2457 455 2558 507; x_wconf 76' lang='lat' dir='ltr'><strong>est.</strong></span> <span class='ocrx_word' id='word_1_29' title='bbox 2606 446 2984 499; x_wconf 74' lang='lat' dir='ltr'><strong>taxiarcbiam.</strong></span> <span class='ocrx_word' id='word_1_30' title='bbox 3031 446 3124 501; x_wconf 83' lang='lat' dir='ltr'><strong>Est</strong></span> <span class='ocrx_word' id='word_1_31' title='bbox 3151 447 3292 499; x_wconf 89' lang='lat' dir='ltr'><strong>enim</strong></span> <span class='ocrx_word' id='word_1_32' title='bbox 3322 448 3486 501; x_wconf 88' lang='lat' dir='ltr'><strong>totius</strong></span> 
     </span>
    </p>
   </div>
   <div class='ocr_carea' id='block_1_5' title="bbox 257 536 3489 613">
    <p class='ocr_par' dir='ltr' id='par_1_5' title="bbox 257 536 3489 613">
     <span class='ocr_line' id='line_1_5' title="bbox 257 536 3489 613; baseline -0.001 -21"><span class='ocrx_word' id='word_1_33' title='bbox 257 542 388 613; x_wconf 65' lang='lat' dir='ltr'><strong>apale</strong></span> <span class='ocrx_word' id='word_1_34' title='bbox 424 543 719 596; x_wconf 79' lang='lat' dir='ltr'><strong>eductivum</strong></span> <span class='ocrx_word' id='word_1_35' title='bbox 768 560 887 595; x_wconf 85' lang='lat' dir='ltr'><strong>cum</strong></span> <span class='ocrx_word' id='word_1_36' title='bbox 933 543 1117 597; x_wconf 78' lang='lat' dir='ltr'><strong>ordine</strong></span> <span class='ocrx_word' id='word_1_37' title='bbox 1164 559 1312 596; x_wconf 84' lang='lat' dir='ltr'><strong>sacro</strong></span> <span class='ocrx_word' id='word_1_38' title='bbox 1350 552 1395 596; x_wconf 90' lang='lat' dir='ltr'><strong>et</strong></span> <span class='ocrx_word' id='word_1_39' title='bbox 1449 539 1801 610; x_wconf 76' lang='lat' dir='ltr'><strong>principativis</strong></span> <span class='ocrx_word' id='word_1_40' title='bbox 1904 537 2152 595; x_wconf 58' lang='lat' dir='ltr'><strong>caelestis</strong></span> <span class='ocrx_word' id='word_1_41' title='bbox 2196 537 2416 590; x_wconf 76' lang='lat' dir='ltr'><strong>militiae</strong></span> <span class='ocrx_word' id='word_1_42' title='bbox 2467 537 2713 605; x_wconf 87' lang='lat' dir='ltr'><strong>princeps</strong></span> <span class='ocrx_word' id='word_1_43' title='bbox 2742 545 2795 589; x_wconf 87' lang='lat' dir='ltr'><strong>et</strong></span> <span class='ocrx_word' id='word_1_44' title='bbox 2846 536 3167 605; x_wconf 83' lang='lat' dir='ltr'><strong>principium</strong></span> <span class='ocrx_word' id='word_1_45' title='bbox 3212 536 3372 591; x_wconf 75' lang='lat' dir='ltr'><strong>Deus.</strong></span> <span class='ocrx_word' id='word_1_46' title='bbox 3423 537 3489 590; x_wconf 63' lang='lat' dir='ltr'><strong>Iit</strong></span> 
     </span>
    </p>
   </div>
   <div class='ocr_carea' id='block_1_6' title="bbox 261 627 3488 700">
    <p class='ocr_par' dir='ltr' id='par_1_6' title="bbox 261 627 3488 700">
     <span class='ocr_line' id='line_1_6' title="bbox 261 627 3488 700; baseline -0.002 -11"><span class='ocrx_word' id='word_1_47' title='bbox 261 632 596 685; x_wconf 65' lang='lat'><strong>16681115385015:</strong></span> <span class='ocrx_word' id='word_1_48' title='bbox 638 631 911 684; x_wconf 72' lang='lat' dir='ltr'><strong>virtutibus</strong></span> <span class='ocrx_word' id='word_1_49' title='bbox 938 672 949 693; x_wconf 82' lang='lat'><strong>,</strong></span> <span class='ocrx_word' id='word_1_50' title='bbox 983 641 1030 684; x_wconf 79' lang='grc' dir='ltr'>ει</span> <span class='ocrx_word' id='word_1_51' title='bbox 1061 632 1129 683; x_wconf 81' lang='lat' dir='ltr'><strong>ad</strong></span> <span class='ocrx_word' id='word_1_52' title='bbox 1168 628 1454 700; x_wconf 73' lang='lat' dir='ltr'><strong>principale</strong></span> <span class='ocrx_word' id='word_1_53' title='bbox 1490 627 1802 697; x_wconf 73' lang='lat' dir='ltr'><strong>principium</strong></span> <span class='ocrx_word' id='word_1_54' title='bbox 1908 631 2218 691; x_wconf 82' lang='lat' dir='ltr'><strong>notandum,</strong></span> <span class='ocrx_word' id='word_1_55' title='bbox 2257 630 2400 697; x_wconf 88' lang='lat' dir='ltr'><strong>quod</strong></span> <span class='ocrx_word' id='word_1_56' title='bbox 2446 630 2659 698; x_wconf 88' lang='lat' dir='ltr'><strong>proprie</strong></span> <span class='ocrx_word' id='word_1_57' title='bbox 2689 630 2822 683; x_wconf 89' lang='lat' dir='ltr'><strong>ordo</strong></span> <span class='ocrx_word' id='word_1_58' title='bbox 2849 627 3075 683; x_wconf 89' lang='lat' dir='ltr'><strong>militum</strong></span> <span class='ocrx_word' id='word_1_59' title='bbox 3108 628 3245 680; x_wconf 76' lang='lat' dir='ltr'><strong>laxis</strong></span> <span class='ocrx_word' id='word_1_60' title='bbox 3292 641 3488 695; x_wconf 82' lang='lat' dir='ltr'><strong>graece</strong></span> 
     </span>
    </p>
   </div>
   <div class='ocr_carea' id='block_1_7' title="bbox 257 714 3488 787">
    <p class='ocr_par' dir='ltr' id='par_1_7' title="bbox 257 714 3488 787">
     <span class='ocr_line' id='line_1_7' title="bbox 257 714 3488 787; baseline -0.002 -15"><span class='ocrx_word' id='word_1_61' title='bbox 257 736 325 772; x_wconf 78' lang='lat' dir='ltr'><strong>cus</strong></span> <span class='ocrx_word' id='word_1_62' title='bbox 346 720 698 774; x_wconf 77' lang='lat' dir='ltr'><strong>unieersaliter</strong></span> <span class='ocrx_word' id='word_1_63' title='bbox 748 721 974 775; x_wconf 83' lang='lat' dir='ltr'><strong>converti</strong></span> <span class='ocrx_word' id='word_1_64' title='bbox 1014 720 1052 785; x_wconf 77' lang='grc'><strong>⁸,</strong></span> <span class='ocrx_word' id='word_1_65' title='bbox 1095 730 1142 775; x_wconf 84' lang='lat' dir='ltr'><strong>et</strong></span> <span class='ocrx_word' id='word_1_66' title='bbox 1187 718 1319 773; x_wconf 82' lang='lat' dir='ltr'><strong>alius</strong></span> <span class='ocrx_word' id='word_1_67' title='bbox 1346 718 1625 777; x_wconf 78' lang='lat' dir='ltr'><strong>ierarcliice</strong></span> <span class='ocrx_word' id='word_1_68' title='bbox 1660 718 1799 777; x_wconf 84' lang='lat' dir='ltr'><strong>duri,</strong></span> <span class='ocrx_word' id='word_1_69' title='bbox 1909 721 2232 775; x_wconf 73' lang='lat' dir='ltr'><strong>nominatur.</strong></span> <span class='ocrx_word' id='word_1_70' title='bbox 2262 719 2491 787; x_wconf 83' lang='lat' dir='ltr'><strong>Ideoque</strong></span> <span class='ocrx_word' id='word_1_71' title='bbox 2544 719 2682 771; x_wconf 83' lang='lat' dir='ltr'><strong>Deus</strong></span> <span class='ocrx_word' id='word_1_72' title='bbox 2713 718 2825 786; x_wconf 89' lang='lat' dir='ltr'><strong>ipse</strong></span> <span class='ocrx_word' id='word_1_73' title='bbox 2852 716 3161 770; x_wconf 83' lang='lat' dir='ltr'><strong>taxiarcbes</strong></span> <span class='ocrx_word' id='word_1_74' title='bbox 3186 723 3241 769; x_wconf 90' lang='lat' dir='ltr'><strong>et</strong></span> <span class='ocrx_word' id='word_1_75' title='bbox 3288 714 3488 767; x_wconf 84' lang='lat' dir='ltr'><strong>taxiar-</strong></span> 
     </span>
    </p>
   </div>
   <div class='ocr_carea' id='block_1_8' title="bbox 255 805 3488 883">
    <p class='ocr_par' dir='ltr' id='par_1_8' title="bbox 255 805 3488 883">
     <span class='ocr_line' id='line_1_8' title="bbox 255 805 3488 883; baseline -0.001 -21"><span class='ocrx_word' id='word_1_76' title='bbox 255 822 290 863; x_wconf 81' lang='lat' dir='ltr'><strong>et</strong></span> <span class='ocrx_word' id='word_1_77' title='bbox 332 810 390 861; x_wconf 79' lang='lat' dir='ltr'><strong>ad</strong></span> <span class='ocrx_word' id='word_1_78' title='bbox 437 809 571 861; x_wconf 76' lang='lat' dir='ltr'><strong>i&#39;l&#39;ud</strong></span> <span class='ocrx_word' id='word_1_79' title='bbox 616 810 826 879; x_wconf 83' lang='lat' dir='ltr'><strong>ipsum,</strong></span> <span class='ocrx_word' id='word_1_80' title='bbox 876 818 1126 877; x_wconf 84' lang='lat' dir='ltr'><strong>quantum</strong></span> <span class='ocrx_word' id='word_1_81' title='bbox 1176 808 1434 877; x_wconf 72' lang='lat' dir='ltr'><strong>possibile,</strong></span> <span class='ocrx_word' id='word_1_82' title='bbox 1476 810 1496 841; x_wconf 80' lang='grc'>²</span> <span class='ocrx_word' id='word_1_83' title='bbox 1530 807 1804 872; x_wconf 76' lang='lat' dir='ltr'><strong>reformari</strong></span> <span class='ocrx_word' id='word_1_84' title='bbox 1909 811 2025 863; x_wconf 75' lang='lat' dir='ltr'><strong>rliia</strong></span> <span class='ocrx_word' id='word_1_85' title='bbox 2058 809 2273 873; x_wconf 86' lang='lat' dir='ltr'><strong>dicitur,</strong></span> <span class='ocrx_word' id='word_1_86' title='bbox 2315 809 2440 877; x_wconf 88' lang='lat' dir='ltr'><strong>quia</strong></span> <span class='ocrx_word' id='word_1_87' title='bbox 2482 807 2651 883; x_wconf 75' lang='grc' dir='ltr'><strong>ἀρχὸς</strong></span> <span class='ocrx_word' id='word_1_88' title='bbox 2697 816 2750 867; x_wconf 89' lang='lat' dir='ltr'><strong>et</strong></span> <span class='ocrx_word' id='word_1_89' title='bbox 2775 809 2940 879; x_wconf 78' lang='grc' dir='ltr'><strong>ἀρχή,</strong></span> <span class='ocrx_word' id='word_1_90' title='bbox 2983 805 3085 864; x_wconf 89' lang='lat' dir='ltr'><strong>hoc</strong></span> <span class='ocrx_word' id='word_1_91' title='bbox 3123 813 3206 859; x_wconf 87' lang='lat' dir='ltr'><strong>est</strong></span> <span class='ocrx_word' id='word_1_92' title='bbox 3240 805 3488 874; x_wconf 73' lang='lat' dir='ltr'><strong>princeps</strong></span> 
     </span>
    </p>
   </div>
   <div class='ocr_carea' id='block_1_9' title="bbox 257 895 3483 971">
    <p class='ocr_par' dir='ltr' id='par_1_9' title="bbox 257 895 3483 971">
     <span class='ocr_line' id='line_1_9' title="bbox 257 895 3483 971; baseline -0.002 -21"><span class='ocrx_word' id='word_1_93' title='bbox 257 898 545 966; x_wconf 80' lang='lat' dir='ltr'><strong>prinriﬁcum</strong></span> <span class='ocrx_word' id='word_1_94' title='bbox 574 898 916 968; x_wconf 70' lang='lat' dir='ltr'><strong>principium.</strong></span> <span class='ocrx_word' id='word_1_95' title='bbox 949 896 1382 967; x_wconf 64' lang='lat' dir='ltr'><strong>manifestamque</strong></span> <span class='ocrx_word' id='word_1_96' title='bbox 1405 905 1805 965; x_wconf 77' lang='lat' dir='ltr'><strong>superessentm-</strong></span> <span class='ocrx_word' id='word_1_97' title='bbox 1907 900 2291 971; x_wconf 85' lang='lat' dir='ltr'><strong>elprineipium</strong></span> <span class='ocrx_word' id='word_1_98' title='bbox 2321 900 2699 953; x_wconf 87' lang='lat' dir='ltr'><strong>universaliter</strong></span> <span class='ocrx_word' id='word_1_99' title='bbox 2721 897 2970 951; x_wconf 67' lang='lat' dir='ltr'><strong>caelestis</strong></span> <span class='ocrx_word' id='word_1_100' title='bbox 2988 895 3483 951; x_wconf 82' lang='lat' dir='ltr'><strong>militiaesubsistit.</strong></span> 
     </span>
    </p>
   </div>
   <div class='ocr_carea' id='block_1_10' title="bbox 257 984 3487 1063">
    <p class='ocr_par' dir='ltr' id='par_1_10' title="bbox 257 984 3487 1063">
     <span class='ocr_line' id='line_1_10' title="bbox 257 984 3487 1063; baseline -0.001 -22"><span class='ocrx_word' id='word_1_101' title='bbox 257 991 332 1041; x_wconf 79' lang='lat' dir='ltr'><strong>lem</strong></span> <span class='ocrx_word' id='word_1_102' title='bbox 371 987 479 1059; x_wconf 84' lang='lat' dir='ltr'><strong>ejus</strong></span> <span class='ocrx_word' id='word_1_103' title='bbox 520 987 895 1047; x_wconf 76' lang='lat' dir='ltr'><strong>taxiarchiam.</strong></span> <span class='ocrx_word' id='word_1_104' title='bbox 941 997 1183 1040; x_wconf 86' lang='lat' dir='ltr'><strong>ornatum</strong></span> <span class='ocrx_word' id='word_1_105' title='bbox 1235 986 1601 1055; x_wconf 77' lang='lat' dir='ltr'><strong>principalium</strong></span> <span class='ocrx_word' id='word_1_106' title='bbox 1643 988 1805 1040; x_wconf 82' lang='lat' dir='ltr'><strong>virtu-</strong></span> <span class='ocrx_word' id='word_1_107' title='bbox 1981 990 2090 1063; x_wconf 56' lang='grc' dir='ltr'><strong>ἐξ.</strong></span> <span class='ocrx_word' id='word_1_108' title='bbox 2138 989 2263 1060; x_wconf 83' lang='lat' dir='ltr'><strong>Ipsa</strong></span> <span class='ocrx_word' id='word_1_109' title='bbox 2308 990 2348 1021; x_wconf 81' lang='lat'>“</span> <span class='ocrx_word' id='word_1_110' title='bbox 2389 998 2563 1043; x_wconf 87' lang='lat' dir='ltr'><strong>autem</strong></span> <span class='ocrx_word' id='word_1_111' title='bbox 2618 999 2916 1041; x_wconf 83' lang='lat' dir='ltr'><strong>sanctorum</strong></span> <span class='ocrx_word' id='word_1_112' title='bbox 2964 985 3404 1056; x_wconf 76' lang='lat' dir='ltr'><strong>Archangelorum</strong></span> <span class='ocrx_word' id='word_1_113' title='bbox 3442 984 3487 1025; x_wconf 73' lang='lat'>&quot;</span> 
     </span>
    </p>
   </div>
   <div class='ocr_carea' id='block_1_11' title="bbox 258 1075 3483 1154">
    <p class='ocr_par' dir='ltr' id='par_1_11' title="bbox 258 1075 3483 1154">
     <span class='ocr_line' id='line_1_11' title="bbox 258 1075 3483 1154; baseline -0.004 -14"><span class='ocrx_word' id='word_1_114' title='bbox 258 1088 359 1131; x_wconf 62' lang='grc' dir='ltr'>θειω-</span> <span class='ocrx_word' id='word_1_115' title='bbox 387 1077 656 1139; x_wconf 67' lang='grc' dir='ltr'><strong>οθίτιθηιι.</strong></span> <span class='ocrx_word' id='word_1_116' title='bbox 703 1077 899 1149; x_wconf 73' lang='lat' dir='ltr'><strong>inquit.</strong></span> <span class='ocrx_word' id='word_1_117' title='bbox 933 1078 1042 1149; x_wconf 69' lang='lat' dir='ltr'><strong>ipsa</strong></span> <span class='ocrx_word' id='word_1_118' title='bbox 1067 1078 1466 1147; x_wconf 77' lang='lat' dir='ltr'><strong>cognominalio</strong></span> <span class='ocrx_word' id='word_1_119' title='bbox 1494 1077 1801 1132; x_wconf 46' lang='lat' dir='ltr'><strong>caiflcslillm</strong></span> <span class='ocrx_word' id='word_1_120' title='bbox 1908 1084 2239 1154; x_wconf 65' lang='lat' dir='ltr'><strong>arquipotens</strong></span> <span class='ocrx_word' id='word_1_121' title='bbox 2274 1082 2480 1151; x_wconf 83' lang='lat' dir='ltr'><strong>quidem</strong></span> <span class='ocrx_word' id='word_1_122' title='bbox 2510 1091 2581 1133; x_wconf 87' lang='lat' dir='ltr'><strong>est</strong></span> <span class='ocrx_word' id='word_1_123' title='bbox 2612 1078 2913 1132; x_wconf 82' lang='lat' dir='ltr'><strong>caelestibus</strong></span> <span class='ocrx_word' id='word_1_124' title='bbox 2956 1076 3363 1145; x_wconf 84' lang='lat' dir='ltr'><strong>Principatibns.</strong></span> <span class='ocrx_word' id='word_1_125' title='bbox 3394 1075 3483 1129; x_wconf 74' lang='lat' dir='ltr'><strong>Est</strong></span> 
     </span>
    </p>
   </div>
   <div class='ocr_carea' id='block_1_12' title="bbox 258 1166 3493 1239">
    <p class='ocr_par' dir='ltr' id='par_1_12' title="bbox 258 1166 3493 1239">
     <span class='ocr_line' id='line_1_12' title="bbox 258 1166 3493 1239; baseline -0 -18"><span class='ocrx_word' id='word_1_126' title='bbox 258 1166 528 1236; x_wconf 79' lang='lat' dir='ltr'><strong>Principum</strong></span> <span class='ocrx_word' id='word_1_127' title='bbox 568 1168 698 1222; x_wconf 88' lang='lat' dir='ltr'><strong>illud</strong></span> <span class='ocrx_word' id='word_1_128' title='bbox 728 1167 1022 1237; x_wconf 81' lang='lat' dir='ltr'><strong>principale</strong></span> <span class='ocrx_word' id='word_1_129' title='bbox 1049 1169 1379 1230; x_wconf 89' lang='lat' dir='ltr'><strong>eductivum,</strong></span> <span class='ocrx_word' id='word_1_130' title='bbox 1409 1169 1510 1223; x_wconf 89' lang='lat' dir='ltr'><strong>hoc</strong></span> <span class='ocrx_word' id='word_1_131' title='bbox 1536 1178 1640 1233; x_wconf 90' lang='lat' dir='ltr'><strong>est,</strong></span> <span class='ocrx_word' id='word_1_132' title='bbox 1663 1166 1802 1237; x_wconf 85' lang='lat' dir='ltr'><strong>quod</strong></span> <span class='ocrx_word' id='word_1_133' title='bbox 1907 1174 2044 1227; x_wconf 73' lang='lat' dir='ltr'><strong>enim</strong></span> <span class='ocrx_word' id='word_1_134' title='bbox 2072 1174 2115 1203; x_wconf 68' lang='grc' dir='ltr'>η</span> <span class='ocrx_word' id='word_1_135' title='bbox 2143 1183 2390 1225; x_wconf 79' lang='lat' dir='ltr'><strong>eteorum</strong></span> <span class='ocrx_word' id='word_1_136' title='bbox 2436 1180 2483 1224; x_wconf 87' lang='lat' dir='ltr'><strong>et</strong></span> <span class='ocrx_word' id='word_1_137' title='bbox 2517 1170 2834 1239; x_wconf 76' lang='lat' dir='ltr'><strong>Angetorum</strong></span> <span class='ocrx_word' id='word_1_138' title='bbox 2861 1168 2925 1230; x_wconf 85' lang='lat'><strong>&quot;,</strong></span> <span class='ocrx_word' id='word_1_139' title='bbox 2974 1176 3026 1219; x_wconf 89' lang='lat' dir='ltr'><strong>ut</strong></span> <span class='ocrx_word' id='word_1_140' title='bbox 3055 1166 3166 1219; x_wconf 73' lang='lat' dir='ltr'><strong>dixi</strong></span> <span class='ocrx_word' id='word_1_141' title='bbox 3189 1207 3201 1225; x_wconf 91' lang='lat'><strong>,</strong></span> <span class='ocrx_word' id='word_1_142' title='bbox 3232 1166 3493 1227; x_wconf 81' lang='lat' dir='ltr'><strong>ierarchia</strong></span> 
     </span>
    </p>
   </div>
   <div class='ocr_carea' id='block_1_13' title="bbox 258 1259 3489 1334">
    <p class='ocr_par' dir='ltr' id='par_1_13' title="bbox 258 1259 3489 1334">
     <span class='ocr_line' id='line_1_13' title="bbox 258 1259 3489 1334; baseline -0.001 -21"><span class='ocrx_word' id='word_1_143' title='bbox 258 1261 495 1329; x_wconf 83' lang='lat' dir='ltr'><strong>principes</strong></span> <span class='ocrx_word' id='word_1_144' title='bbox 520 1270 575 1314; x_wconf 88' lang='lat' dir='ltr'><strong>et</strong></span> <span class='ocrx_word' id='word_1_145' title='bbox 604 1260 769 1314; x_wconf 90' lang='lat' dir='ltr'><strong>duces</strong></span> <span class='ocrx_word' id='word_1_146' title='bbox 795 1260 900 1313; x_wconf 90' lang='lat' dir='ltr'><strong>sint</strong></span> <span class='ocrx_word' id='word_1_147' title='bbox 927 1259 949 1290; x_wconf 88' lang='grc'>⁸</span> <span class='ocrx_word' id='word_1_148' title='bbox 973 1259 1213 1314; x_wconf 90' lang='lat' dir='ltr'><strong>omnium</strong></span> <span class='ocrx_word' id='word_1_149' title='bbox 1264 1259 1566 1321; x_wconf 85' lang='lat' dir='ltr'><strong>nationum,</strong></span> <span class='ocrx_word' id='word_1_150' title='bbox 1601 1274 1698 1327; x_wconf 85' lang='lat' dir='ltr'><strong>per</strong></span> <span class='ocrx_word' id='word_1_151' title='bbox 1728 1267 1807 1310; x_wconf 85' lang='grc' dir='ltr'>ιι)-</span> <span class='ocrx_word' id='word_1_152' title='bbox 1912 1282 2015 1320; x_wconf 73' lang='lat' dir='ltr'><strong>una</strong></span> <span class='ocrx_word' id='word_1_153' title='bbox 2040 1275 2087 1319; x_wconf 72' lang='grc' dir='ltr'>ει</span> <span class='ocrx_word' id='word_1_154' title='bbox 2109 1265 2398 1334; x_wconf 64' lang='lat' dir='ltr'><strong>dispositio,</strong></span> <span class='ocrx_word' id='word_1_155' title='bbox 2426 1263 2568 1332; x_wconf 72' lang='lat' dir='ltr'><strong>ipsa,</strong></span> <span class='ocrx_word' id='word_1_156' title='bbox 2608 1261 2801 1330; x_wconf 84' lang='lat' dir='ltr'><strong>inquit,</strong></span> <span class='ocrx_word' id='word_1_157' title='bbox 2836 1270 3143 1316; x_wconf 85' lang='lat' dir='ltr'><strong>sanctorum</strong></span> <span class='ocrx_word' id='word_1_158' title='bbox 3180 1260 3489 1325; x_wconf 77' lang='lat' dir='ltr'><strong>Arcliange-</strong></span> 
     </span>
    </p>
   </div>
   <div class='ocr_carea' id='block_1_14' title="bbox 256 1338 3493 1424">
    <p class='ocr_par' dir='ltr' id='par_1_14' title="bbox 256 1338 3493 1424">
     <span class='ocr_line' id='line_1_14' title="bbox 256 1338 3493 1424; baseline -0.004 -21"><span class='ocrx_word' id='word_1_159' title='bbox 256 1338 344 1404; x_wconf 81' lang='lat' dir='ltr'><strong>lum</strong></span> <span class='ocrx_word' id='word_1_160' title='bbox 384 1349 568 1404; x_wconf 87' lang='lat' dir='ltr'><strong>orbem</strong></span> <span class='ocrx_word' id='word_1_161' title='bbox 608 1350 915 1404; x_wconf 83' lang='lat' dir='ltr'><strong>hominibus</strong></span> <span class='ocrx_word' id='word_1_162' title='bbox 962 1348 1330 1411; x_wconf 86' lang='lat' dir='ltr'><strong>habitabilem.</strong></span> <span class='ocrx_word' id='word_1_163' title='bbox 1386 1348 1451 1407; x_wconf 87' lang='lat' dir='ltr'><strong>Et</strong></span> <span class='ocrx_word' id='word_1_164' title='bbox 1479 1350 1580 1404; x_wconf 85' lang='lat' dir='ltr'><strong>hoc</strong></span> <span class='ocrx_word' id='word_1_165' title='bbox 1609 1347 1804 1403; x_wconf 33' lang='lat' dir='ltr'><strong>deifor.</strong></span> <span class='ocrx_word' id='word_1_166' title='bbox 1910 1356 2084 1411; x_wconf 64' lang='lat' dir='ltr'><strong>larum</strong></span> <span class='ocrx_word' id='word_1_167' title='bbox 2119 1354 2515 1424; x_wconf 70' lang='lat' dir='ltr'><strong>cognominatio</strong></span> <span class='ocrx_word' id='word_1_168' title='bbox 2546 1351 2784 1420; x_wconf 83' lang='lat' dir='ltr'><strong>ejusdem</strong></span> <span class='ocrx_word' id='word_1_169' title='bbox 2834 1351 3105 1419; x_wconf 81' lang='lat' dir='ltr'><strong>potentiae</strong></span> <span class='ocrx_word' id='word_1_170' title='bbox 3140 1358 3221 1403; x_wconf 77' lang='lat' dir='ltr'><strong>est</strong></span> <span class='ocrx_word' id='word_1_171' title='bbox 3251 1347 3493 1402; x_wconf 62' lang='lat' dir='ltr'><strong>caelesti.</strong></span> 
     </span>
    </p>
   </div>
   <div class='ocr_carea' id='block_1_15' title="bbox 256 1437 3496 1515">
    <p class='ocr_par' dir='ltr' id='par_1_15' title="bbox 256 1437 3496 1515">
     <span class='ocr_line' id='line_1_15' title="bbox 256 1437 3496 1515; baseline -0.003 -14"><span class='ocrx_word' id='word_1_172' title='bbox 256 1440 401 1509; x_wconf 67' lang='lat' dir='ltr'><strong>mlier.</strong></span> <span class='ocrx_word' id='word_1_173' title='bbox 427 1442 496 1495; x_wconf 80' lang='lat' dir='ltr'><strong>ad</strong></span> <span class='ocrx_word' id='word_1_174' title='bbox 524 1442 932 1505; x_wconf 71' lang='lat' dir='ltr'><strong>similitudinle</strong></span> <span class='ocrx_word' id='word_1_175' title='bbox 962 1440 1210 1495; x_wconf 65' lang='lat' dir='ltr'><strong>Videlicet</strong></span> <span class='ocrx_word' id='word_1_176' title='bbox 1243 1442 1401 1496; x_wconf 78' lang='lat' dir='ltr'><strong>unius</strong></span> <span class='ocrx_word' id='word_1_177' title='bbox 1424 1440 1534 1494; x_wconf 65' lang='lat' dir='ltr'><strong>veri</strong></span> <span class='ocrx_word' id='word_1_178' title='bbox 1568 1439 1683 1503; x_wconf 84' lang='lat' dir='ltr'><strong>Dei.</strong></span> <span class='ocrx_word' id='word_1_179' title='bbox 1714 1439 1803 1508; x_wconf 85' lang='lat' dir='ltr'><strong>qui</strong></span> <span class='ocrx_word' id='word_1_180' title='bbox 1911 1447 2010 1500; x_wconf 90' lang='lat' dir='ltr'><strong>bus</strong></span> <span class='ocrx_word' id='word_1_181' title='bbox 2039 1445 2448 1515; x_wconf 82' lang='lat' dir='ltr'><strong>principatibus.</strong></span> <span class='ocrx_word' id='word_1_182' title='bbox 2502 1441 2759 1512; x_wconf 75' lang='lat' dir='ltr'><strong>Aequalis</strong></span> <span class='ocrx_word' id='word_1_183' title='bbox 2790 1440 3055 1509; x_wconf 87' lang='lat' dir='ltr'><strong>siquidem</strong></span> <span class='ocrx_word' id='word_1_184' title='bbox 3085 1437 3496 1509; x_wconf 80' lang='lat' dir='ltr'><strong>signiﬁcationis</strong></span> 
     </span>
    </p>
   </div>
   <div class='ocr_carea' id='block_1_16' title="bbox 254 1530 3492 1605">
    <p class='ocr_par' dir='ltr' id='par_1_16' title="bbox 254 1530 3492 1605">
     <span class='ocr_line' id='line_1_16' title="bbox 254 1530 3492 1605; baseline -0.002 -18"><span class='ocrx_word' id='word_1_185' title='bbox 254 1547 364 1598; x_wconf 75' lang='lat' dir='ltr'><strong>unus</strong></span> <span class='ocrx_word' id='word_1_186' title='bbox 387 1545 433 1586; x_wconf 88' lang='lat' dir='ltr'><strong>et</strong></span> <span class='ocrx_word' id='word_1_187' title='bbox 464 1548 714 1588; x_wconf 86' lang='lat' dir='ltr'><strong>summus</strong></span> <span class='ocrx_word' id='word_1_188' title='bbox 761 1531 998 1585; x_wconf 90' lang='lat' dir='ltr'><strong>omnium</strong></span> <span class='ocrx_word' id='word_1_189' title='bbox 1031 1530 1280 1601; x_wconf 89' lang='lat' dir='ltr'><strong>princeps</strong></span> <span class='ocrx_word' id='word_1_190' title='bbox 1303 1539 1384 1585; x_wconf 92' lang='lat' dir='ltr'><strong>cst</strong></span> <span class='ocrx_word' id='word_1_191' title='bbox 1424 1540 1475 1584; x_wconf 85' lang='lat' dir='ltr'><strong>et</strong></span> <span class='ocrx_word' id='word_1_192' title='bbox 1512 1531 1637 1585; x_wconf 82' lang='lat' dir='ltr'><strong>dux.</strong></span> <span class='ocrx_word' id='word_1_193' title='bbox 1672 1530 1804 1585; x_wconf 89' lang='lat' dir='ltr'><strong>Cum</strong></span> <span class='ocrx_word' id='word_1_194' title='bbox 1910 1547 2036 1598; x_wconf 78' lang='lat' dir='ltr'><strong>stitit</strong></span> <span class='ocrx_word' id='word_1_195' title='bbox 2060 1545 2114 1592; x_wconf 89' lang='lat' dir='ltr'><strong>et</strong></span> <span class='ocrx_word' id='word_1_196' title='bbox 2135 1536 2444 1605; x_wconf 88' lang='lat' dir='ltr'><strong>Principum</strong></span> <span class='ocrx_word' id='word_1_197' title='bbox 2483 1545 2537 1589; x_wconf 90' lang='lat' dir='ltr'><strong>et</strong></span> <span class='ocrx_word' id='word_1_198' title='bbox 2571 1533 3029 1604; x_wconf 82' lang='lat' dir='ltr'><strong>Arcbangelornm</strong></span> <span class='ocrx_word' id='word_1_199' title='bbox 3082 1530 3492 1585; x_wconf 86' lang='lat' dir='ltr'><strong>nominationes.</strong></span> 
     </span>
    </p>
   </div>
   <div class='ocr_carea' id='block_1_17' title="bbox 254 1620 3493 1694">
    <p class='ocr_par' dir='ltr' id='par_1_17' title="bbox 254 1620 3493 1694">
     <span class='ocr_line' id='line_1_17' title="bbox 254 1620 3493 1694; baseline -0.002 -15"><span class='ocrx_word' id='word_1_200' title='bbox 254 1621 411 1679; x_wconf 74' lang='lat' dir='ltr'><strong>ordine</strong></span> <span class='ocrx_word' id='word_1_201' title='bbox 456 1637 617 1676; x_wconf 83' lang='lat' dir='ltr'><strong>sacro</strong></span> <span class='ocrx_word' id='word_1_202' title='bbox 652 1631 707 1676; x_wconf 88' lang='lat' dir='ltr'><strong>et</strong></span> <span class='ocrx_word' id='word_1_203' title='bbox 753 1621 1121 1692; x_wconf 88' lang='lat' dir='ltr'><strong>principativis</strong></span> <span class='ocrx_word' id='word_1_204' title='bbox 1151 1621 1546 1676; x_wconf 89' lang='lat' dir='ltr'><strong>decentissimis</strong></span> <span class='ocrx_word' id='word_1_205' title='bbox 1584 1621 1808 1675; x_wconf 86' lang='lat' dir='ltr'><strong>.virtuti-</strong></span> <span class='ocrx_word' id='word_1_206' title='bbox 1912 1626 2008 1682; x_wconf 79' lang='lat' dir='ltr'><strong>Est</strong></span> <span class='ocrx_word' id='word_1_207' title='bbox 2026 1626 2168 1681; x_wconf 87' lang='lat' dir='ltr'><strong>enim</strong></span> <span class='ocrx_word' id='word_1_208' title='bbox 2184 1640 2392 1689; x_wconf 89' lang='lat' dir='ltr'><strong>eorum,</strong></span> <span class='ocrx_word' id='word_1_209' title='bbox 2412 1624 2871 1694; x_wconf 81' lang='lat' dir='ltr'><strong>Arcbangelorum</strong></span> <span class='ocrx_word' id='word_1_210' title='bbox 2901 1621 3170 1679; x_wconf 82' lang='lat' dir='ltr'><strong>videlicet.</strong></span> <span class='ocrx_word' id='word_1_211' title='bbox 3199 1630 3253 1675; x_wconf 90' lang='lat' dir='ltr'><strong>et</strong></span> <span class='ocrx_word' id='word_1_212' title='bbox 3284 1620 3493 1674; x_wconf 85' lang='lat' dir='ltr'><strong>Princi-</strong></span> 
     </span>
    </p>
   </div>
   <div class='ocr_carea' id='block_1_18' title="bbox 257 1703 1802 1786">
    <p class='ocr_par' dir='ltr' id='par_1_18' title="bbox 257 1710 1802 1779">
     <span class='ocr_line' id='line_1_18' title="bbox 257 1710 1802 1779; baseline 0.001 -17"><span class='ocrx_word' id='word_1_213' title='bbox 257 1711 353 1775; x_wconf 61' lang='lat' dir='ltr'><strong>lius,</strong></span> <span class='ocrx_word' id='word_1_214' title='bbox 393 1711 492 1765; x_wconf 79' lang='lat' dir='ltr'><strong>hoc</strong></span> <span class='ocrx_word' id='word_1_215' title='bbox 543 1720 646 1775; x_wconf 85' lang='lat' dir='ltr'><strong>est,</strong></span> <span class='ocrx_word' id='word_1_216' title='bbox 686 1727 807 1766; x_wconf 89' lang='lat' dir='ltr'><strong>cmn</strong></span> <span class='ocrx_word' id='word_1_217' title='bbox 857 1718 1046 1765; x_wconf 89' lang='lat' dir='ltr'><strong>sancta</strong></span> <span class='ocrx_word' id='word_1_218' title='bbox 1100 1710 1389 1779; x_wconf 76' lang='lat' dir='ltr'><strong>divinaque</strong></span> <span class='ocrx_word' id='word_1_219' title='bbox 1442 1710 1802 1773; x_wconf 78' lang='lat' dir='ltr'><strong>ordinatione,</strong></span> 
     </span>
    </p>
   </div>
   <div class='ocr_carea' id='block_1_19' title="bbox 1903 1703 3494 1786">
    <p class='ocr_par' dir='ltr' id='par_1_19' title="bbox 1909 1712 3494 1786">
     <span class='ocr_line' id='line_1_19' title="bbox 1909 1712 3494 1786; baseline -0.003 -17"><span class='ocrx_word' id='word_1_220' title='bbox 1909 1734 2054 1786; x_wconf 88' lang='lat' dir='ltr'><strong>pum,</strong></span> <span class='ocrx_word' id='word_1_221' title='bbox 2077 1725 2131 1771; x_wconf 90' lang='lat' dir='ltr'><strong>et</strong></span> <span class='ocrx_word' id='word_1_222' title='bbox 2157 1716 2509 1784; x_wconf 73' lang='lat' dir='ltr'><strong>Angelorum,</strong></span> <span class='ocrx_word' id='word_1_223' title='bbox 2540 1724 2601 1769; x_wconf 87' lang='lat' dir='ltr'><strong>ut</strong></span> <span class='ocrx_word' id='word_1_224' title='bbox 2628 1716 2963 1785; x_wconf 88' lang='lat' dir='ltr'><strong>praedictum</strong></span> <span class='ocrx_word' id='word_1_225' title='bbox 2998 1715 3063 1777; x_wconf 81' lang='grc'><strong>¹⁶,</strong></span> <span class='ocrx_word' id='word_1_226' title='bbox 3090 1728 3195 1765; x_wconf 89' lang='lat' dir='ltr'><strong>una</strong></span> <span class='ocrx_word' id='word_1_227' title='bbox 3228 1712 3494 1766; x_wconf 83' lang='lat' dir='ltr'><strong>ierarcbia</strong></span> 
     </span>
    </p>
   </div>
   <div class='ocr_carea' id='block_1_20' title="bbox 255 1800 3496 1875">
    <p class='ocr_par' dir='ltr' id='par_1_20' title="bbox 255 1800 3496 1875">
     <span class='ocr_line' id='line_1_20' title="bbox 255 1800 3496 1875; baseline 0.001 -24"><span class='ocrx_word' id='word_1_228' title='bbox 255 1816 449 1869; x_wconf 82' lang='lat' dir='ltr'><strong>cumque</strong></span> <span class='ocrx_word' id='word_1_229' title='bbox 471 1802 765 1857; x_wconf 76' lang='lat' dir='ltr'><strong>virtutibus</strong></span> <span class='ocrx_word' id='word_1_230' title='bbox 794 1800 1319 1856; x_wconf 87' lang='lat' dir='ltr'><strong>convenientissimis</strong></span> <span class='ocrx_word' id='word_1_231' title='bbox 1362 1802 1572 1855; x_wconf 89' lang='lat' dir='ltr'><strong>ornatui</strong></span> <span class='ocrx_word' id='word_1_232' title='bbox 1605 1800 1805 1871; x_wconf 82' lang='lat' dir='ltr'><strong>princi-</strong></span> <span class='ocrx_word' id='word_1_233' title='bbox 1910 1820 2125 1875; x_wconf 87' lang='lat' dir='ltr'><strong>unaque</strong></span> <span class='ocrx_word' id='word_1_234' title='bbox 2180 1805 2485 1873; x_wconf 85' lang='lat' dir='ltr'><strong>dispositio.</strong></span> <span class='ocrx_word' id='word_1_235' title='bbox 2531 1803 2629 1869; x_wconf 81' lang='lat' dir='ltr'><strong>Ubi</strong></span> <span class='ocrx_word' id='word_1_236' title='bbox 2682 1804 2961 1875; x_wconf 68' lang='lat' dir='ltr'><strong>postulans</strong></span> <span class='ocrx_word' id='word_1_237' title='bbox 2999 1802 3373 1873; x_wconf 86' lang='lat' dir='ltr'><strong>aequipotens,</strong></span> <span class='ocrx_word' id='word_1_238' title='bbox 3426 1801 3496 1857; x_wconf 92' lang='lat' dir='ltr'><strong>ibi</strong></span> 
     </span>
    </p>
   </div>
   <div class='ocr_carea' id='block_1_21' title="bbox 250 1888 3499 1968">
    <p class='ocr_par' dir='ltr' id='par_1_21' title="bbox 250 1888 3499 1968">
     <span class='ocr_line' id='line_1_21' title="bbox 250 1888 3499 1968; baseline 0.002 -29"><span class='ocrx_word' id='word_1_239' title='bbox 250 1888 417 1953; x_wconf 83' lang='lat' dir='ltr'><strong>pativo.</strong></span> <span class='ocrx_word' id='word_1_240' title='bbox 449 1888 517 1942; x_wconf 77' lang='lat' dir='ltr'><strong>Et</strong></span> <span class='ocrx_word' id='word_1_241' title='bbox 541 1905 647 1943; x_wconf 88' lang='lat' dir='ltr'><strong>non</strong></span> <span class='ocrx_word' id='word_1_242' title='bbox 662 1892 832 1942; x_wconf 89' lang='lat' dir='ltr'><strong>solum</strong></span> <span class='ocrx_word' id='word_1_243' title='bbox 852 1889 1226 1960; x_wconf 89' lang='lat' dir='ltr'><strong>principantur</strong></span> <span class='ocrx_word' id='word_1_244' title='bbox 1251 1890 1508 1959; x_wconf 80' lang='lat' dir='ltr'><strong>gentium,</strong></span> <span class='ocrx_word' id='word_1_245' title='bbox 1533 1891 1805 1962; x_wconf 89' lang='lat' dir='ltr'><strong>ducesque</strong></span> <span class='ocrx_word' id='word_1_246' title='bbox 1902 1895 2156 1968; x_wconf 78' lang='grc' dir='ltr'><strong>ὁμοταγής</strong></span> <span class='ocrx_word' id='word_1_247' title='bbox 2191 1897 2233 1927; x_wconf 85' lang='grc'>¹⁷</span> <span class='ocrx_word' id='word_1_248' title='bbox 2274 1895 2328 1948; x_wconf 92' lang='lat' dir='ltr'><strong>in</strong></span> <span class='ocrx_word' id='word_1_249' title='bbox 2367 1892 2596 1954; x_wconf 82' lang='lat' dir='ltr'><strong>Graeco,</strong></span> <span class='ocrx_word' id='word_1_250' title='bbox 2618 1905 2731 1962; x_wconf 85' lang='lat' dir='ltr'><strong>pro</strong></span> <span class='ocrx_word' id='word_1_251' title='bbox 2760 1908 2866 1962; x_wconf 91' lang='lat' dir='ltr'><strong>quo</strong></span> <span class='ocrx_word' id='word_1_252' title='bbox 2893 1908 3177 1961; x_wconf 89' lang='lat' dir='ltr'><strong>possumus</strong></span> <span class='ocrx_word' id='word_1_253' title='bbox 3219 1894 3397 1948; x_wconf 80' lang='lat' dir='ltr'><strong>dicere</strong></span> <span class='ocrx_word' id='word_1_254' title='bbox 3442 1902 3499 1947; x_wconf 80' lang='lat' dir='ltr'><strong>et</strong></span> 
     </span>
    </p>
   </div>
   <div class='ocr_carea' id='block_1_22' title="bbox 249 1979 3487 2055">
    <p class='ocr_par' dir='ltr' id='par_1_22' title="bbox 249 1979 3487 2055">
     <span class='ocr_line' id='line_1_22' title="bbox 249 1979 3487 2055; baseline 0.003 -27"><span class='ocrx_word' id='word_1_255' title='bbox 249 1993 403 2031; x_wconf 77' lang='lat' dir='ltr'><strong>earum</strong></span> <span class='ocrx_word' id='word_1_256' title='bbox 452 1990 587 2034; x_wconf 80' lang='lat' dir='ltr'><strong>suat</strong></span> <span class='ocrx_word' id='word_1_257' title='bbox 636 1981 750 2034; x_wconf 89' lang='lat' dir='ltr'><strong>suis</strong></span> <span class='ocrx_word' id='word_1_258' title='bbox 808 1979 1128 2043; x_wconf 86' lang='lat' dir='ltr'><strong>virtutibus,</strong></span> <span class='ocrx_word' id='word_1_259' title='bbox 1183 1995 1369 2033; x_wconf 90' lang='lat' dir='ltr'><strong>verum</strong></span> <span class='ocrx_word' id='word_1_260' title='bbox 1429 1981 1590 2035; x_wconf 87' lang='lat' dir='ltr'><strong>etiam</strong></span> <span class='ocrx_word' id='word_1_261' title='bbox 1636 1982 1800 2052; x_wconf 88' lang='lat' dir='ltr'><strong>ipsas,</strong></span> <span class='ocrx_word' id='word_1_262' title='bbox 1903 1985 2270 2055; x_wconf 85' lang='lat' dir='ltr'><strong>aequipotcns,</strong></span> <span class='ocrx_word' id='word_1_263' title='bbox 2308 1993 2363 2038; x_wconf 89' lang='lat' dir='ltr'><strong>et</strong></span> <span class='ocrx_word' id='word_1_264' title='bbox 2404 1983 2607 2053; x_wconf 79' lang='lat' dir='ltr'><strong>collega</strong></span> <span class='ocrx_word' id='word_1_265' title='bbox 2640 1984 2706 2047; x_wconf 76' lang='grc'><strong>⁸⁸,</strong></span> <span class='ocrx_word' id='word_1_266' title='bbox 2736 1998 2828 2038; x_wconf 88' lang='lat' dir='ltr'><strong>seu</strong></span> <span class='ocrx_word' id='word_1_267' title='bbox 2859 1981 3111 2045; x_wconf 82' lang='lat' dir='ltr'><strong>similiter</strong></span> <span class='ocrx_word' id='word_1_268' title='bbox 3136 1981 3487 2039; x_wconf 82' lang='lat' dir='ltr'><strong>honorabilis.</strong></span> 
     </span>
    </p>
   </div>
   <div class='ocr_carea' id='block_1_23' title="bbox 249 2069 3494 2146">
    <p class='ocr_par' dir='ltr' id='par_1_23' title="bbox 249 2069 3494 2146">
     <span class='ocr_line' id='line_1_23' title="bbox 249 2069 3494 2146; baseline 0 -21"><span class='ocrx_word' id='word_1_269' title='bbox 249 2084 350 2125; x_wconf 70' lang='lat' dir='ltr'><strong>suas</strong></span> <span class='ocrx_word' id='word_1_270' title='bbox 374 2070 395 2101; x_wconf 77' lang='grc'>⁸</span> <span class='ocrx_word' id='word_1_271' title='bbox 422 2071 635 2125; x_wconf 87' lang='lat' dir='ltr'><strong>scilicet</strong></span> <span class='ocrx_word' id='word_1_272' title='bbox 688 2070 933 2136; x_wconf 86' lang='lat' dir='ltr'><strong>virtutes,</strong></span> <span class='ocrx_word' id='word_1_273' title='bbox 982 2069 1048 2124; x_wconf 88' lang='lat' dir='ltr'><strong>ad</strong></span> <span class='ocrx_word' id='word_1_274' title='bbox 1088 2070 1546 2140; x_wconf 86' lang='lat' dir='ltr'><strong>superpriucipale</strong></span> <span class='ocrx_word' id='word_1_275' title='bbox 1598 2074 1799 2142; x_wconf 90' lang='lat' dir='ltr'><strong>princi-</strong></span> <span class='ocrx_word' id='word_1_276' title='bbox 1910 2075 2279 2129; x_wconf 79' lang='lat' dir='ltr'><strong>Verumtamen</strong></span> <span class='ocrx_word' id='word_1_277' title='bbox 2303 2076 2548 2146; x_wconf 88' lang='lat' dir='ltr'><strong>quoniam</strong></span> <span class='ocrx_word' id='word_1_278' title='bbox 2575 2073 2783 2144; x_wconf 83' lang='lat' dir='ltr'><strong>quidem</strong></span> <span class='ocrx_word' id='word_1_279' title='bbox 2813 2089 2914 2127; x_wconf 88' lang='lat' dir='ltr'><strong>non</strong></span> <span class='ocrx_word' id='word_1_280' title='bbox 2940 2084 3011 2126; x_wconf 90' lang='lat' dir='ltr'><strong>est</strong></span> <span class='ocrx_word' id='word_1_281' title='bbox 3041 2072 3296 2127; x_wconf 78' lang='lat' dir='ltr'><strong>ierarcliiu</strong></span> <span class='ocrx_word' id='word_1_282' title='bbox 3320 2089 3422 2125; x_wconf 86' lang='lat' dir='ltr'><strong>non</strong></span> <span class='ocrx_word' id='word_1_283' title='bbox 3452 2074 3494 2100; x_wconf 70' lang='grc' dir='ltr'><strong>’ν</strong></span> 
     </span>
    </p>
   </div>
   <div class='ocr_carea' id='block_1_24' title="bbox 246 2158 3495 2235">
    <p class='ocr_par' dir='ltr' id='par_1_24' title="bbox 246 2158 3495 2235">
     <span class='ocr_line' id='line_1_24' title="bbox 246 2158 3495 2235; baseline 0.002 -25"><span class='ocrx_word' id='word_1_284' title='bbox 246 2158 404 2224; x_wconf 88' lang='lat' dir='ltr'><strong>pium,</strong></span> <span class='ocrx_word' id='word_1_285' title='bbox 442 2159 617 2214; x_wconf 83' lang='lat' dir='ltr'><strong>Deum</strong></span> <span class='ocrx_word' id='word_1_286' title='bbox 670 2160 858 2230; x_wconf 82' lang='lat' dir='ltr'><strong>plane,</strong></span> <span class='ocrx_word' id='word_1_287' title='bbox 895 2158 986 2228; x_wconf 86' lang='lat' dir='ltr'><strong>qui</strong></span> <span class='ocrx_word' id='word_1_288' title='bbox 1043 2168 1125 2213; x_wconf 90' lang='lat' dir='ltr'><strong>est</strong></span> <span class='ocrx_word' id='word_1_289' title='bbox 1174 2160 1499 2229; x_wconf 87' lang='lat' dir='ltr'><strong>principium</strong></span> <span class='ocrx_word' id='word_1_290' title='bbox 1562 2161 1801 2216; x_wconf 91' lang='lat' dir='ltr'><strong>omnium</strong></span> <span class='ocrx_word' id='word_1_291' title='bbox 1902 2176 1949 2219; x_wconf 88' lang='lat' dir='ltr'><strong>et</strong></span> <span class='ocrx_word' id='word_1_292' title='bbox 1981 2165 2176 2235; x_wconf 84' lang='lat' dir='ltr'><strong>primas</strong></span> <span class='ocrx_word' id='word_1_293' title='bbox 2222 2173 2269 2218; x_wconf 83' lang='lat' dir='ltr'><strong>et</strong></span> <span class='ocrx_word' id='word_1_294' title='bbox 2309 2165 2506 2217; x_wconf 77' lang='lat' dir='ltr'><strong>medius</strong></span> <span class='ocrx_word' id='word_1_295' title='bbox 2556 2174 2601 2217; x_wconf 90' lang='lat' dir='ltr'><strong>et</strong></span> <span class='ocrx_word' id='word_1_296' title='bbox 2651 2162 2862 2217; x_wconf 87' lang='lat' dir='ltr'><strong>ultimas</strong></span> <span class='ocrx_word' id='word_1_297' title='bbox 2890 2163 3101 2216; x_wconf 76' lang='lat' dir='ltr'><strong>virtutes</strong></span> <span class='ocrx_word' id='word_1_298' title='bbox 3146 2162 3365 2227; x_wconf 81' lang='lat' dir='ltr'><strong>habens,</strong></span> <span class='ocrx_word' id='word_1_299' title='bbox 3393 2163 3495 2216; x_wconf 78' lang='lat' dir='ltr'><strong>Ar-</strong></span> 
     </span>
    </p>
   </div>
   <div class='ocr_carea' id='block_1_25' title="bbox 249 2249 3494 2326">
    <p class='ocr_par' dir='ltr' id='par_1_25' title="bbox 249 2249 3494 2326">
     <span class='ocr_line' id='line_1_25' title="bbox 249 2249 3494 2326; baseline 0.001 -25"><span class='ocrx_word' id='word_1_300' title='bbox 249 2251 626 2320; x_wconf 82' lang='lat' dir='ltr'><strong>prineipiorum,</strong></span> <span class='ocrx_word' id='word_1_301' title='bbox 681 2260 734 2304; x_wconf 88' lang='lat' dir='ltr'><strong>et</strong></span> <span class='ocrx_word' id='word_1_302' title='bbox 770 2249 1063 2320; x_wconf 86' lang='lat' dir='ltr'><strong>principale</strong></span> <span class='ocrx_word' id='word_1_303' title='bbox 1112 2249 1431 2326; x_wconf 82' lang='lat' dir='ltr'><strong>principium</strong></span> <span class='ocrx_word' id='word_1_304' title='bbox 1464 2249 1522 2314; x_wconf 82' lang='grc'><strong>⁵,</strong></span> <span class='ocrx_word' id='word_1_305' title='bbox 1578 2260 1633 2304; x_wconf 84' lang='lat' dir='ltr'><strong>et</strong></span> <span class='ocrx_word' id='word_1_306' title='bbox 1687 2251 1804 2321; x_wconf 89' lang='lat' dir='ltr'><strong>plus</strong></span> <span class='ocrx_word' id='word_1_307' title='bbox 1902 2254 2269 2325; x_wconf 83' lang='lat' dir='ltr'><strong>changelorum</strong></span> <span class='ocrx_word' id='word_1_308' title='bbox 2326 2265 2537 2309; x_wconf 82' lang='lat' dir='ltr'><strong>sanctus</strong></span> <span class='ocrx_word' id='word_1_309' title='bbox 2581 2254 2711 2307; x_wconf 91' lang='lat' dir='ltr'><strong>ordo</strong></span> <span class='ocrx_word' id='word_1_310' title='bbox 2749 2253 2794 2283; x_wconf 84' lang='grc'><strong>²⁰</strong></span> <span class='ocrx_word' id='word_1_311' title='bbox 2842 2253 3270 2306; x_wconf 79' lang='lat' dir='ltr'><strong>communicative</strong></span> <span class='ocrx_word' id='word_1_312' title='bbox 3322 2254 3494 2307; x_wconf 59' lang='lat' dir='ltr'><strong>ierar-y</strong></span> 
     </span>
    </p>
   </div>
   <div class='ocr_carea' id='block_1_26' title="bbox 245 2334 3495 2412">
    <p class='ocr_par' dir='ltr' id='par_1_26' title="bbox 245 2334 3495 2412">
     <span class='ocr_line' id='line_1_26' title="bbox 245 2334 3495 2412; baseline 0.002 -25"><span class='ocrx_word' id='word_1_313' title='bbox 245 2354 377 2407; x_wconf 79' lang='lat' dir='ltr'><strong>quam</strong></span> <span class='ocrx_word' id='word_1_314' title='bbox 426 2339 727 2410; x_wconf 84' lang='lat' dir='ltr'><strong>principale</strong></span> <span class='ocrx_word' id='word_1_315' title='bbox 758 2340 1102 2408; x_wconf 89' lang='lat' dir='ltr'><strong>principium,</strong></span> <span class='ocrx_word' id='word_1_316' title='bbox 1152 2334 1527 2394; x_wconf 89' lang='lat' dir='ltr'><strong>universaliter</strong></span> <span class='ocrx_word' id='word_1_317' title='bbox 1572 2356 1798 2396; x_wconf 84' lang='lat' dir='ltr'><strong>conver-</strong></span> <span class='ocrx_word' id='word_1_318' title='bbox 1903 2348 2077 2400; x_wconf 77' lang='lat' dir='ltr'><strong>cli&#39;cae</strong></span> <span class='ocrx_word' id='word_1_319' title='bbox 2100 2345 2422 2398; x_wconf 77' lang='lat' dir='ltr'><strong>&quot;medietati</strong></span> <span class='ocrx_word' id='word_1_320' title='bbox 2444 2355 2790 2399; x_wconf 77' lang='lat' dir='ltr'><strong>extremorum</strong></span> <span class='ocrx_word' id='word_1_321' title='bbox 2809 2343 3072 2412; x_wconf 86' lang='lat' dir='ltr'><strong>recipitur.</strong></span> <span class='ocrx_word' id='word_1_322' title='bbox 3101 2341 3212 2395; x_wconf 83' lang='lat' dir='ltr'><strong>Hoc</strong></span> <span class='ocrx_word' id='word_1_323' title='bbox 3230 2353 3334 2400; x_wconf 75' lang='lat' dir='ltr'><strong>est.</strong></span> <span class='ocrx_word' id='word_1_324' title='bbox 3352 2344 3495 2411; x_wconf 84' lang='lat' dir='ltr'><strong>quod</strong></span> 
     </span>
    </p>
   </div>
   <div class='ocr_carea' id='block_1_27' title="bbox 247 2428 3496 2513">
    <p class='ocr_par' dir='ltr' id='par_1_27' title="bbox 247 2428 3496 2513">
     <span class='ocr_line' id='line_1_27' title="bbox 247 2428 3496 2513; baseline 0 -30"><span class='ocrx_word' id='word_1_325' title='bbox 247 2438 360 2483; x_wconf 82' lang='lat' dir='ltr'><strong>Iunt.</strong></span> <span class='ocrx_word' id='word_1_326' title='bbox 389 2430 496 2485; x_wconf 84' lang='lat' dir='ltr'><strong>Hoc</strong></span> <span class='ocrx_word' id='word_1_327' title='bbox 537 2431 683 2483; x_wconf 89' lang='lat' dir='ltr'><strong>enim</strong></span> <span class='ocrx_word' id='word_1_328' title='bbox 715 2445 999 2484; x_wconf 83' lang='lat' dir='ltr'><strong>commune</strong></span> <span class='ocrx_word' id='word_1_329' title='bbox 1026 2438 1110 2483; x_wconf 89' lang='lat' dir='ltr'><strong>est</strong></span> <span class='ocrx_word' id='word_1_330' title='bbox 1132 2429 1154 2460; x_wconf 78' lang='grc'><strong><em>⁸</em></strong></span> <span class='ocrx_word' id='word_1_331' title='bbox 1195 2428 1436 2483; x_wconf 89' lang='lat' dir='ltr'><strong>omnium</strong></span> <span class='ocrx_word' id='word_1_332' title='bbox 1488 2430 1800 2487; x_wconf 79' lang='lat' dir='ltr'><strong>caelestium</strong></span> <span class='ocrx_word' id='word_1_333' title='bbox 1904 2440 2008 2495; x_wconf 84' lang='lat' dir='ltr'><strong>ait:</strong></span> <span class='ocrx_word' id='word_1_334' title='bbox 2043 2438 2360 2513; x_wconf 81' lang='lat' dir='ltr'><strong>Quanquam</strong></span> <span class='ocrx_word' id='word_1_335' title='bbox 2384 2438 2428 2477; x_wconf 68' lang='grc' dir='ltr'><strong>η</strong></span> <span class='ocrx_word' id='word_1_336' title='bbox 2453 2435 2854 2503; x_wconf 85' lang='lat' dir='ltr'><strong>Principatuum</strong></span> <span class='ocrx_word' id='word_1_337' title='bbox 2870 2443 2924 2486; x_wconf 92' lang='lat' dir='ltr'><strong>et</strong></span> <span class='ocrx_word' id='word_1_338' title='bbox 2946 2432 3406 2500; x_wconf 77' lang='lat' dir='ltr'><strong>Arcbangelorum</strong></span> <span class='ocrx_word' id='word_1_339' title='bbox 3441 2442 3496 2487; x_wconf 85' lang='lat' dir='ltr'><strong>et</strong></span> 
     </span>
    </p>
   </div>
   <div class='ocr_carea' id='block_1_28' title="bbox 243 2520 3495 2600">
    <p class='ocr_par' dir='ltr' id='par_1_28' title="bbox 243 2520 3495 2600">
     <span class='ocr_line' id='line_1_28' title="bbox 243 2520 3495 2600; baseline 0 -27"><span class='ocrx_word' id='word_1_340' title='bbox 243 2521 519 2575; x_wconf 81' lang='lat' dir='ltr'><strong>animorum</strong></span> <span class='ocrx_word' id='word_1_341' title='bbox 542 2561 556 2583; x_wconf 88' lang='lat'><strong>,</strong></span> <span class='ocrx_word' id='word_1_342' title='bbox 606 2521 841 2590; x_wconf 88' lang='lat' dir='ltr'><strong>primum</strong></span> <span class='ocrx_word' id='word_1_343' title='bbox 871 2520 1085 2589; x_wconf 81' lang='lat' dir='ltr'><strong>quidem</strong></span> <span class='ocrx_word' id='word_1_344' title='bbox 1116 2520 1183 2575; x_wconf 85' lang='lat' dir='ltr'><strong>ad</strong></span> <span class='ocrx_word' id='word_1_345' title='bbox 1229 2536 1448 2575; x_wconf 78' lang='lat' dir='ltr'><strong>causam</strong></span> <span class='ocrx_word' id='word_1_346' title='bbox 1476 2537 1628 2576; x_wconf 79' lang='lat' dir='ltr'><strong>suam</strong></span> <span class='ocrx_word' id='word_1_347' title='bbox 1673 2538 1801 2576; x_wconf 76' lang='lat' dir='ltr'><strong>cmt-</strong></span> <span class='ocrx_word' id='word_1_348' title='bbox 1903 2529 2226 2600; x_wconf 81' lang='lat' dir='ltr'><strong>Angelorum</strong></span> <span class='ocrx_word' id='word_1_349' title='bbox 2263 2542 2368 2580; x_wconf 90' lang='lat' dir='ltr'><strong>una</strong></span> <span class='ocrx_word' id='word_1_350' title='bbox 2414 2526 2683 2583; x_wconf 84' lang='lat' dir='ltr'><strong>ierarcbia</strong></span> <span class='ocrx_word' id='word_1_351' title='bbox 2714 2525 2783 2578; x_wconf 90' lang='lat' dir='ltr'><strong>sit</strong></span> <span class='ocrx_word' id='word_1_352' title='bbox 2811 2532 2863 2577; x_wconf 89' lang='lat' dir='ltr'><strong>et</strong></span> <span class='ocrx_word' id='word_1_353' title='bbox 2908 2522 3209 2591; x_wconf 88' lang='lat' dir='ltr'><strong>dispositio,</strong></span> <span class='ocrx_word' id='word_1_354' title='bbox 3244 2531 3495 2575; x_wconf 79' lang='lat' dir='ltr'><strong>vernula-</strong></span> 
     </span>
    </p>
   </div>
   <div class='ocr_carea' id='block_1_29' title="bbox 242 2602 3491 2689">
    <p class='ocr_par' dir='ltr' id='par_1_29' title="bbox 242 2602 3491 2689">
     <span class='ocr_line' id='line_1_29' title="bbox 242 2602 3491 2689; baseline -0.006 -7"><span class='ocrx_word' id='word_1_355' title='bbox 242 2614 376 2677; x_wconf 65' lang='grc' dir='ltr'><strong>νεηίν</strong></span> <span class='ocrx_word' id='word_1_356' title='bbox 402 2623 456 2667; x_wconf 73' lang='grc' dir='ltr'>ιη</span> <span class='ocrx_word' id='word_1_357' title='bbox 483 2615 556 2668; x_wconf 67' lang='lat' dir='ltr'><strong>ab</strong></span> <span class='ocrx_word' id='word_1_358' title='bbox 588 2629 651 2668; x_wconf 69' lang='lat' dir='ltr'><strong>ea</strong></span> <span class='ocrx_word' id='word_1_359' title='bbox 678 2612 1001 2673; x_wconf 63' lang='lat' dir='ltr'><strong>formeml&#39;rv</strong></span> <span class='ocrx_word' id='word_1_360' title='bbox 1040 2613 1293 2682; x_wconf 67' lang='lat' dir='ltr'><strong>deinceps</strong></span> <span class='ocrx_word' id='word_1_361' title='bbox 1338 2614 1404 2667; x_wconf 68' lang='lat' dir='ltr'><strong>ad</strong></span> <span class='ocrx_word' id='word_1_362' title='bbox 1435 2613 1690 2670; x_wconf 61' lang='lat' dir='ltr'><strong>inferiora</strong></span> <span class='ocrx_word' id='word_1_363' title='bbox 1722 2631 1800 2679; x_wconf 75' lang='lat' dir='ltr'><strong>se.</strong></span> <span class='ocrx_word' id='word_1_364' title='bbox 1905 2602 2045 2676; x_wconf 71' lang='lat' dir='ltr'><strong>mea</strong></span> <span class='ocrx_word' id='word_1_365' title='bbox 2071 2636 2177 2674; x_wconf 90' lang='lat' dir='ltr'><strong>non</strong></span> <span class='ocrx_word' id='word_1_366' title='bbox 2209 2635 2371 2689; x_wconf 87' lang='lat' dir='ltr'><strong>parva</strong></span> <span class='ocrx_word' id='word_1_367' title='bbox 2400 2618 2782 2672; x_wconf 86' lang='lat' dir='ltr'><strong>discernuntur</strong></span> <span class='ocrx_word' id='word_1_368' title='bbox 2811 2613 3134 2670; x_wconf 77' lang='lat' dir='ltr'><strong>dilfereutia.</strong></span> <span class='ocrx_word' id='word_1_369' title='bbox 3178 2612 3491 2682; x_wconf 77' lang='lat' dir='ltr'><strong>Arcltange-</strong></span> 
     </span>
    </p>
   </div>
   <div class='ocr_carea' id='block_1_30' title="bbox 241 2703 3497 2780">
    <p class='ocr_par' dir='ltr' id='par_1_30' title="bbox 241 2703 3497 2780">
     <span class='ocr_line' id='line_1_30' title="bbox 241 2703 3497 2780; baseline -0 -25"><span class='ocrx_word' id='word_1_370' title='bbox 241 2712 289 2756; x_wconf 87' lang='lat' dir='ltr'><strong>nt</strong></span> <span class='ocrx_word' id='word_1_371' title='bbox 320 2704 366 2757; x_wconf 82' lang='lat' dir='ltr'><strong>in</strong></span> <span class='ocrx_word' id='word_1_372' title='bbox 404 2705 502 2769; x_wconf 89' lang='lat' dir='ltr'><strong>eis,</strong></span> <span class='ocrx_word' id='word_1_373' title='bbox 560 2703 704 2775; x_wconf 88' lang='lat' dir='ltr'><strong>quod</strong></span> <span class='ocrx_word' id='word_1_374' title='bbox 742 2704 810 2758; x_wconf 89' lang='lat' dir='ltr'><strong>ab</strong></span> <span class='ocrx_word' id='word_1_375' title='bbox 859 2719 962 2755; x_wconf 89' lang='lat' dir='ltr'><strong>una</strong></span> <span class='ocrx_word' id='word_1_376' title='bbox 992 2703 1013 2733; x_wconf 88' lang='lat'><strong>&quot;</strong></span> <span class='ocrx_word' id='word_1_377' title='bbox 1040 2704 1280 2759; x_wconf 90' lang='lat' dir='ltr'><strong>omnium</strong></span> <span class='ocrx_word' id='word_1_378' title='bbox 1310 2720 1469 2759; x_wconf 89' lang='lat' dir='ltr'><strong>causa</strong></span> <span class='ocrx_word' id='word_1_379' title='bbox 1502 2706 1804 2775; x_wconf 90' lang='lat' dir='ltr'><strong>percipiunt</strong></span> <span class='ocrx_word' id='word_1_380' title='bbox 1905 2712 2079 2765; x_wconf 89' lang='lat' dir='ltr'><strong>lorum</strong></span> <span class='ocrx_word' id='word_1_381' title='bbox 2112 2710 2376 2780; x_wconf 86' lang='lat' dir='ltr'><strong>siquidem</strong></span> <span class='ocrx_word' id='word_1_382' title='bbox 2408 2708 2542 2761; x_wconf 90' lang='lat' dir='ltr'><strong>ordo</strong></span> <span class='ocrx_word' id='word_1_383' title='bbox 2573 2705 2876 2761; x_wconf 87' lang='lat' dir='ltr'><strong>medietatis</strong></span> <span class='ocrx_word' id='word_1_384' title='bbox 2903 2704 3303 2773; x_wconf 87' lang='lat' dir='ltr'><strong>proportionem</strong></span> <span class='ocrx_word' id='word_1_385' title='bbox 3356 2704 3497 2756; x_wconf 87' lang='lat' dir='ltr'><strong>inter</strong></span> 
     </span>
    </p>
   </div>
   <div class='ocr_carea' id='block_1_31' title="bbox 241 2786 3491 2864">
    <p class='ocr_par' dir='ltr' id='par_1_31' title="bbox 241 2786 3491 2864">
     <span class='ocr_line' id='line_1_31' title="bbox 241 2786 3491 2864; baseline 0.001 -22"><span class='ocrx_word' id='word_1_386' title='bbox 241 2792 543 2858; x_wconf 61' lang='lat' dir='ltr'><strong>faciendum,</strong></span> <span class='ocrx_word' id='word_1_387' title='bbox 574 2786 878 2864; x_wconf 81' lang='lat' dir='ltr'><strong>perﬁciant.</strong></span> <span class='ocrx_word' id='word_1_388' title='bbox 931 2794 997 2847; x_wconf 89' lang='lat' dir='ltr'><strong>Et</strong></span> <span class='ocrx_word' id='word_1_389' title='bbox 1025 2795 1127 2848; x_wconf 90' lang='lat' dir='ltr'><strong>hoc</strong></span> <span class='ocrx_word' id='word_1_390' title='bbox 1172 2804 1282 2861; x_wconf 84' lang='lat' dir='ltr'><strong>est,</strong></span> <span class='ocrx_word' id='word_1_391' title='bbox 1317 2796 1457 2864; x_wconf 90' lang='lat' dir='ltr'><strong>quod</strong></span> <span class='ocrx_word' id='word_1_392' title='bbox 1489 2796 1604 2853; x_wconf 88' lang='lat' dir='ltr'><strong>ait:</strong></span> <span class='ocrx_word' id='word_1_393' title='bbox 1650 2808 1704 2851; x_wconf 90' lang='lat' dir='ltr'><strong>et</strong></span> <span class='ocrx_word' id='word_1_394' title='bbox 1734 2800 1800 2852; x_wconf 89' lang='lat' dir='ltr'><strong>ad</strong></span> <span class='ocrx_word' id='word_1_395' title='bbox 1903 2803 2037 2858; x_wconf 88' lang='lat' dir='ltr'><strong>duos</strong></span> <span class='ocrx_word' id='word_1_396' title='bbox 2059 2810 2349 2863; x_wconf 75' lang='lat' dir='ltr'><strong>extremos,</strong></span> <span class='ocrx_word' id='word_1_397' title='bbox 2377 2801 2477 2854; x_wconf 83' lang='lat' dir='ltr'><strong>hoc</strong></span> <span class='ocrx_word' id='word_1_398' title='bbox 2504 2807 2608 2862; x_wconf 84' lang='lat' dir='ltr'><strong>est,</strong></span> <span class='ocrx_word' id='word_1_399' title='bbox 2641 2798 2781 2851; x_wconf 90' lang='lat' dir='ltr'><strong>inter</strong></span> <span class='ocrx_word' id='word_1_400' title='bbox 2806 2796 3052 2850; x_wconf 63' lang='lat' dir='ltr'><strong>ordinem</strong></span> <span class='ocrx_word' id='word_1_401' title='bbox 3073 2795 3491 2862; x_wconf 85' lang='lat' dir='ltr'><strong>Principatuum</strong></span> 
     </span>
    </p>
   </div>
   <div class='ocr_carea' id='block_1_32' title="bbox 236 2883 3487 2959">
    <p class='ocr_par' dir='ltr' id='par_1_32' title="bbox 236 2883 3487 2959">
     <span class='ocr_line' id='line_1_32' title="bbox 236 2883 3487 2959; baseline -0.001 -23"><span class='ocrx_word' id='word_1_402' title='bbox 236 2884 673 2954; x_wconf 78' lang='lat' dir='ltr'><strong>superprincipale</strong></span> <span class='ocrx_word' id='word_1_403' title='bbox 695 2883 1019 2953; x_wconf 88' lang='lat' dir='ltr'><strong>principium</strong></span> <span class='ocrx_word' id='word_1_404' title='bbox 1050 2900 1143 2938; x_wconf 81' lang='lat' dir='ltr'><strong>eas</strong></span> <span class='ocrx_word' id='word_1_405' title='bbox 1167 2886 1543 2941; x_wconf 88' lang='lat' dir='ltr'><strong>universaliter</strong></span> <span class='ocrx_word' id='word_1_406' title='bbox 1579 2903 1803 2942; x_wconf 88' lang='lat' dir='ltr'><strong>conver-</strong></span> <span class='ocrx_word' id='word_1_407' title='bbox 1902 2903 1957 2948; x_wconf 84' lang='lat' dir='ltr'><strong>et</strong></span> <span class='ocrx_word' id='word_1_408' title='bbox 1980 2893 2222 2948; x_wconf 83' lang='lat' dir='ltr'><strong>ordinem</strong></span> <span class='ocrx_word' id='word_1_409' title='bbox 2258 2890 2568 2959; x_wconf 76' lang='lat' dir='ltr'><strong>Augeliemn</strong></span> <span class='ocrx_word' id='word_1_410' title='bbox 2617 2888 2826 2944; x_wconf 85' lang='lat' dir='ltr'><strong>obtinet</strong></span> <span class='ocrx_word' id='word_1_411' title='bbox 2864 2887 2934 2950; x_wconf 79' lang='grc'><strong>⁸³,</strong></span> <span class='ocrx_word' id='word_1_412' title='bbox 3014 2886 3270 2954; x_wconf 78' lang='lat' dir='ltr'><strong>quoniau</strong></span> <span class='ocrx_word' id='word_1_413' title='bbox 3342 2884 3487 2938; x_wconf 84' lang='lat' dir='ltr'><strong>nulla</strong></span> 
     </span>
    </p>
   </div>
   <div class='ocr_carea' id='block_1_33' title="bbox 238 2973 3494 3044">
    <p class='ocr_par' dir='ltr' id='par_1_33' title="bbox 238 2973 3494 3044">
     <span class='ocr_line' id='line_1_33' title="bbox 238 2973 3494 3044; baseline 0 -21"><span class='ocrx_word' id='word_1_414' title='bbox 238 2973 303 3033; x_wconf 86' lang='lat' dir='ltr'><strong>ti;</strong></span> <span class='ocrx_word' id='word_1_415' title='bbox 332 2985 383 3027; x_wconf 86' lang='lat' dir='ltr'><strong>ut</strong></span> <span class='ocrx_word' id='word_1_416' title='bbox 407 2975 699 3029; x_wconf 84' lang='lat' dir='ltr'><strong>subaudias</strong></span> <span class='ocrx_word' id='word_1_417' title='bbox 731 2991 746 3030; x_wconf 89' lang='lat'><strong>:</strong></span> <span class='ocrx_word' id='word_1_418' title='bbox 777 2984 833 3029; x_wconf 89' lang='lat' dir='ltr'><strong>et</strong></span> <span class='ocrx_word' id='word_1_419' title='bbox 860 2976 1261 3044; x_wconf 78' lang='lat' dir='ltr'><strong>cognominatio</strong></span> <span class='ocrx_word' id='word_1_420' title='bbox 1294 2976 1610 3031; x_wconf 81' lang='lat' dir='ltr'><strong>caelestium</strong></span> <span class='ocrx_word' id='word_1_421' title='bbox 1644 2978 1801 3035; x_wconf 87' lang='lat' dir='ltr'><strong>Prin—</strong></span> <span class='ocrx_word' id='word_1_422' title='bbox 1849 3042 1859 3044; x_wconf 25' lang='grc' dir='ltr'><strong><em>Α</em></strong></span> <span class='ocrx_word' id='word_1_423' title='bbox 1905 2981 2165 3037; x_wconf 89' lang='lat' dir='ltr'><strong>ierarchia</strong></span> <span class='ocrx_word' id='word_1_424' title='bbox 2199 2989 2300 3043; x_wconf 88' lang='lat' dir='ltr'><strong>est,</strong></span> <span class='ocrx_word' id='word_1_425' title='bbox 2329 2979 2441 3033; x_wconf 88' lang='lat' dir='ltr'><strong>sive</strong></span> <span class='ocrx_word' id='word_1_426' title='bbox 2471 2979 2703 3031; x_wconf 88' lang='lat' dir='ltr'><strong>humana</strong></span> <span class='ocrx_word' id='word_1_427' title='bbox 2732 2976 2845 3030; x_wconf 86' lang='lat' dir='ltr'><strong>sive</strong></span> <span class='ocrx_word' id='word_1_428' title='bbox 2874 2974 3138 3041; x_wconf 81' lang='lat' dir='ltr'><strong>angelica,</strong></span> <span class='ocrx_word' id='word_1_429' title='bbox 3189 2986 3329 3040; x_wconf 88' lang='lat' dir='ltr'><strong>quae</strong></span> <span class='ocrx_word' id='word_1_430' title='bbox 3384 2987 3494 3025; x_wconf 91' lang='lat' dir='ltr'><strong>non</strong></span> 
     </span>
    </p>
   </div>
   <div class='ocr_carea' id='block_1_34' title="bbox 237 3042 3497 3143">
    <p class='ocr_par' dir='ltr' id='par_1_34' title="bbox 237 3042 3497 3143">
     <span class='ocr_line' id='line_1_34' title="bbox 237 3042 3497 3143; baseline -0.006 -11"><span class='ocrx_word' id='word_1_431' title='bbox 237 3064 392 3133; x_wconf 64' lang='grc' dir='ltr'><strong>θῖρυῐη</strong></span> <span class='ocrx_word' id='word_1_432' title='bbox 422 3067 686 3128; x_wconf 56' lang='lat' dir='ltr'><strong>dedant.</strong></span> <span class='ocrx_word' id='word_1_433' title='bbox 743 3081 931 3121; x_wconf 70' lang='lat' dir='ltr'><strong>eorum</strong></span> <span class='ocrx_word' id='word_1_434' title='bbox 980 3066 1210 3121; x_wconf 72' lang='grc' dir='ltr'><strong>νίΐιυιθε</strong></span> <span class='ocrx_word' id='word_1_435' title='bbox 1257 3069 1479 3125; x_wconf 72' lang='lat' dir='ltr'><strong>omnino</strong></span> <span class='ocrx_word' id='word_1_436' title='bbox 1510 3070 1577 3123; x_wconf 75' lang='lat' dir='ltr'><strong>ad</strong></span> <span class='ocrx_word' id='word_1_437' title='bbox 1609 3071 1798 3135; x_wconf 74' lang='lat' dir='ltr'><strong>Deum.</strong></span> <span class='ocrx_word' id='word_1_438' title='bbox 1830 3042 1874 3101; x_wconf 67' lang='grc' dir='ltr'>Ο</span> <span class='ocrx_word' id='word_1_439' title='bbox 1907 3076 2100 3132; x_wconf 83' lang='lat' dir='ltr'><strong>habeat</strong></span> <span class='ocrx_word' id='word_1_440' title='bbox 2124 3083 2179 3128; x_wconf 89' lang='lat' dir='ltr'><strong>et</strong></span> <span class='ocrx_word' id='word_1_441' title='bbox 2209 3055 2413 3143; x_wconf 84' lang='lat' dir='ltr'><strong>primas</strong></span> <span class='ocrx_word' id='word_1_442' title='bbox 2441 3081 2493 3126; x_wconf 89' lang='lat' dir='ltr'><strong>et.</strong></span> <span class='ocrx_word' id='word_1_443' title='bbox 2527 3069 2731 3142; x_wconf 80' lang='lat' dir='ltr'><strong>medias</strong></span> <span class='ocrx_word' id='word_1_444' title='bbox 2759 3077 2812 3122; x_wconf 83' lang='lat' dir='ltr'><strong>et</strong></span> <span class='ocrx_word' id='word_1_445' title='bbox 2835 3067 3051 3127; x_wconf 86' lang='lat' dir='ltr'><strong>ultimas</strong></span> <span class='ocrx_word' id='word_1_446' title='bbox 3076 3067 3321 3118; x_wconf 84' lang='lat' dir='ltr'><strong>virtutes.</strong></span> <span class='ocrx_word' id='word_1_447' title='bbox 3350 3062 3497 3118; x_wconf 81' lang='lat' dir='ltr'><strong>Ordo</strong></span> 
     </span>
    </p>
   </div>
   <div class='ocr_carea' id='block_1_35' title="bbox 236 3153 3496 3237">
    <p class='ocr_par' dir='ltr' id='par_1_35' title="bbox 236 3153 3496 3237">
     <span class='ocr_line' id='line_1_35' title="bbox 236 3153 3496 3237; baseline 0.001 -34"><span class='ocrx_word' id='word_1_448' title='bbox 236 3153 410 3217; x_wconf 83' lang='lat' dir='ltr'><strong>quiest</strong></span> <span class='ocrx_word' id='word_1_449' title='bbox 434 3154 900 3226; x_wconf 81' lang='lat' dir='ltr'><strong>superprinripale</strong></span> <span class='ocrx_word' id='word_1_450' title='bbox 924 3155 1268 3224; x_wconf 89' lang='lat' dir='ltr'><strong>principium,</strong></span> <span class='ocrx_word' id='word_1_451' title='bbox 1292 3158 1553 3212; x_wconf 85' lang='lat' dir='ltr'><strong>converti.</strong></span> <span class='ocrx_word' id='word_1_452' title='bbox 1582 3158 1647 3212; x_wconf 84' lang='lat' dir='ltr'><strong>Et</strong></span> <span class='ocrx_word' id='word_1_453' title='bbox 1672 3159 1805 3213; x_wconf 84' lang='lat' dir='ltr'><strong>alias</strong></span> <span class='ocrx_word' id='word_1_454' title='bbox 1905 3169 2088 3237; x_wconf 81' lang='lat' dir='ltr'><strong>itaque</strong></span> <span class='ocrx_word' id='word_1_455' title='bbox 2116 3163 2581 3234; x_wconf 76' lang='lat' dir='ltr'><strong>Archaugelorum</strong></span> <span class='ocrx_word' id='word_1_456' title='bbox 2616 3160 2819 3215; x_wconf 87' lang='lat' dir='ltr'><strong>medius</strong></span> <span class='ocrx_word' id='word_1_457' title='bbox 2851 3168 2934 3213; x_wconf 82' lang='lat' dir='ltr'><strong>est</strong></span> <span class='ocrx_word' id='word_1_458' title='bbox 2982 3158 3118 3211; x_wconf 68' lang='lat' dir='ltr'><strong>inter</strong></span> <span class='ocrx_word' id='word_1_459' title='bbox 3143 3156 3188 3187; x_wconf 53' lang='grc' dir='ltr'><strong>’ί</strong></span> <span class='ocrx_word' id='word_1_460' title='bbox 3220 3155 3496 3222; x_wconf 75' lang='lat' dir='ltr'><strong>Princ‘pa-</strong></span> 
     </span>
    </p>
   </div>
   <div class='ocr_carea' id='block_1_36' title="bbox 238 3242 1802 3325">
    <p class='ocr_par' dir='ltr' id='par_1_36' title="bbox 238 3242 1802 3320">
     <span class='ocr_line' id='line_1_36' title="bbox 238 3242 1802 3320; baseline 0.006 -26"><span class='ocrx_word' id='word_1_461' title='bbox 238 3242 512 3300; x_wconf 72' lang='lat' dir='ltr'><strong>ierarcbice</strong></span> <span class='ocrx_word' id='word_1_462' title='bbox 542 3247 693 3309; x_wconf 84' lang='lat' dir='ltr'><strong>duci,</strong></span> <span class='ocrx_word' id='word_1_463' title='bbox 743 3254 797 3299; x_wconf 87' lang='lat' dir='ltr'><strong>et</strong></span> <span class='ocrx_word' id='word_1_464' title='bbox 844 3247 909 3300; x_wconf 92' lang='lat' dir='ltr'><strong>ad</strong></span> <span class='ocrx_word' id='word_1_465' title='bbox 941 3245 1067 3299; x_wconf 89' lang='lat' dir='ltr'><strong>illud</strong></span> <span class='ocrx_word' id='word_1_466' title='bbox 1094 3246 1292 3315; x_wconf 89' lang='lat' dir='ltr'><strong>ipsum,</strong></span> <span class='ocrx_word' id='word_1_467' title='bbox 1343 3258 1603 3318; x_wconf 83' lang='lat' dir='ltr'><strong>quantum</strong></span> <span class='ocrx_word' id='word_1_468' title='bbox 1633 3251 1802 3320; x_wconf 88' lang='lat' dir='ltr'><strong>possi-</strong></span> 
     </span>
    </p>
   </div>
   <div class='ocr_carea' id='block_1_37' title="bbox 1903 3242 3486 3325">
    <p class='ocr_par' dir='ltr' id='par_1_37' title="bbox 1905 3244 3486 3325">
     <span class='ocr_line' id='line_1_37' title="bbox 1905 3244 3486 3325; baseline -0.011 -15"><span class='ocrx_word' id='word_1_469' title='bbox 1905 3268 2053 3312; x_wconf 89' lang='lat' dir='ltr'><strong>tuum</strong></span> <span class='ocrx_word' id='word_1_470' title='bbox 2084 3255 2232 3325; x_wconf 88' lang='lat' dir='ltr'><strong>quasi</strong></span> <span class='ocrx_word' id='word_1_471' title='bbox 2266 3254 2618 3322; x_wconf 87' lang='lat' dir='ltr'><strong>superiorem,</strong></span> <span class='ocrx_word' id='word_1_472' title='bbox 2642 3260 2695 3303; x_wconf 88' lang='lat' dir='ltr'><strong>et</strong></span> <span class='ocrx_word' id='word_1_473' title='bbox 2719 3249 3045 3317; x_wconf 81' lang='lat' dir='ltr'><strong>Angelurum</strong></span> <span class='ocrx_word' id='word_1_474' title='bbox 3071 3246 3234 3300; x_wconf 85' lang='lat' dir='ltr'><strong>veluti</strong></span> <span class='ocrx_word' id='word_1_475' title='bbox 3264 3244 3486 3299; x_wconf 67' lang='lat' dir='ltr'><strong>inferii-</strong></span> 
     </span>
    </p>
   </div>
   <div class='ocr_carea' id='block_1_38' title="bbox 237 3333 3495 3412">
    <p class='ocr_par' dir='ltr' id='par_1_38' title="bbox 237 3333 3495 3412">
     <span class='ocr_line' id='line_1_38' title="bbox 237 3333 3495 3412; baseline 0.001 -25"><span class='ocrx_word' id='word_1_476' title='bbox 237 3333 346 3397; x_wconf 84' lang='lat' dir='ltr'><strong>bile,</strong></span> <span class='ocrx_word' id='word_1_477' title='bbox 401 3335 687 3390; x_wconf 75' lang='lat' dir='ltr'><strong>reformari</strong></span> <span class='ocrx_word' id='word_1_478' title='bbox 738 3335 1073 3403; x_wconf 85' lang='lat' dir='ltr'><strong>prineiﬁeum</strong></span> <span class='ocrx_word' id='word_1_479' title='bbox 1126 3337 1470 3406; x_wconf 69' lang='lat' dir='ltr'><strong>principium.</strong></span> <span class='ocrx_word' id='word_1_480' title='bbox 1529 3337 1640 3401; x_wconf 81' lang='lat' dir='ltr'><strong>Hoc</strong></span> <span class='ocrx_word' id='word_1_481' title='bbox 1681 3349 1800 3393; x_wconf 71' lang='lat' dir='ltr'><strong>est:</strong></span> <span class='ocrx_word' id='word_1_482' title='bbox 1908 3363 2039 3403; x_wconf 89' lang='lat' dir='ltr'><strong>rem.</strong></span> <span class='ocrx_word' id='word_1_483' title='bbox 2072 3346 2138 3401; x_wconf 87' lang='lat' dir='ltr'><strong>Et</strong></span> <span class='ocrx_word' id='word_1_484' title='bbox 2163 3345 2295 3400; x_wconf 85' lang='lat' dir='ltr'><strong>nihil</strong></span> <span class='ocrx_word' id='word_1_485' title='bbox 2317 3343 2459 3412; x_wconf 81' lang='lat' dir='ltr'><strong>aliud</strong></span> <span class='ocrx_word' id='word_1_486' title='bbox 2482 3351 2565 3397; x_wconf 85' lang='lat' dir='ltr'><strong>est</strong></span> <span class='ocrx_word' id='word_1_487' title='bbox 2589 3342 2701 3410; x_wconf 82' lang='lat' dir='ltr'><strong>ipsa</strong></span> <span class='ocrx_word' id='word_1_488' title='bbox 2726 3340 3029 3395; x_wconf 84' lang='lat' dir='ltr'><strong>medietatis</strong></span> <span class='ocrx_word' id='word_1_489' title='bbox 3057 3339 3351 3408; x_wconf 87' lang='lat' dir='ltr'><strong>proportio,</strong></span> <span class='ocrx_word' id='word_1_490' title='bbox 3387 3338 3495 3390; x_wconf 79' lang='lat' dir='ltr'><strong>nisi</strong></span> 
     </span>
    </p>
   </div>
   <div class='ocr_carea' id='block_1_39' title="bbox 240 3425 3495 3504">
    <p class='ocr_par' dir='ltr' id='par_1_39' title="bbox 240 3425 3495 3504">
     <span class='ocr_line' id='line_1_39' title="bbox 240 3425 3495 3504; baseline -0 -23"><span class='ocrx_word' id='word_1_491' title='bbox 240 3437 329 3476; x_wconf 85' lang='lat' dir='ltr'><strong>non</strong></span> <span class='ocrx_word' id='word_1_492' title='bbox 355 3425 521 3480; x_wconf 88' lang='lat' dir='ltr'><strong>solum</strong></span> <span class='ocrx_word' id='word_1_493' title='bbox 553 3428 671 3496; x_wconf 86' lang='lat' dir='ltr'><strong>ipsa</strong></span> <span class='ocrx_word' id='word_1_494' title='bbox 716 3427 1115 3494; x_wconf 81' lang='lat' dir='ltr'><strong>cognominatio</strong></span> <span class='ocrx_word' id='word_1_495' title='bbox 1150 3429 1404 3496; x_wconf 90' lang='lat' dir='ltr'><strong>proprias</strong></span> <span class='ocrx_word' id='word_1_496' title='bbox 1433 3430 1453 3460; x_wconf 80' lang='grc'>⁸</span> <span class='ocrx_word' id='word_1_497' title='bbox 1492 3429 1802 3500; x_wconf 86' lang='lat' dir='ltr'><strong>Principum</strong></span> <span class='ocrx_word' id='word_1_498' title='bbox 1908 3438 2194 3504; x_wconf 72' lang='lat' dir='ltr'><strong>ierat-cina,</strong></span> <span class='ocrx_word' id='word_1_499' title='bbox 2247 3437 2297 3490; x_wconf 79' lang='lat' dir='ltr'><strong>id</strong></span> <span class='ocrx_word' id='word_1_500' title='bbox 2330 3445 2434 3496; x_wconf 88' lang='lat' dir='ltr'><strong>est.</strong></span> <span class='ocrx_word' id='word_1_501' title='bbox 2482 3432 2805 3503; x_wconf 73' lang='lat' dir='ltr'><strong>pontificalis</strong></span> <span class='ocrx_word' id='word_1_502' title='bbox 2830 3430 3267 3487; x_wconf 83' lang='lat' dir='ltr'><strong>communicatio.</strong></span> <span class='ocrx_word' id='word_1_503' title='bbox 3318 3429 3495 3484; x_wconf 86' lang='lat' dir='ltr'><strong>Unum</strong></span> 
     </span>
    </p>
   </div>
   <div class='ocr_carea' id='block_1_40' title="bbox 238 3518 3498 3590">
    <p class='ocr_par' dir='ltr' id='par_1_40' title="bbox 238 3518 3498 3590">
     <span class='ocr_line' id='line_1_40' title="bbox 238 3518 3498 3590; baseline -0 -19"><span class='ocrx_word' id='word_1_504' title='bbox 238 3518 441 3574; x_wconf 78' lang='lat' dir='ltr'><strong>virtutes</strong></span> <span class='ocrx_word' id='word_1_505' title='bbox 486 3522 556 3575; x_wconf 83' lang='lat' dir='ltr'><strong>ad</strong></span> <span class='ocrx_word' id='word_1_506' title='bbox 604 3521 850 3576; x_wconf 89' lang='lat' dir='ltr'><strong>omnium</strong></span> <span class='ocrx_word' id='word_1_507' title='bbox 896 3520 1217 3590; x_wconf 86' lang='lat' dir='ltr'><strong>principium</strong></span> <span class='ocrx_word' id='word_1_508' title='bbox 1284 3523 1563 3584; x_wconf 89' lang='lat' dir='ltr'><strong>converti,</strong></span> <span class='ocrx_word' id='word_1_509' title='bbox 1618 3539 1803 3577; x_wconf 84' lang='lat' dir='ltr'><strong>verum</strong></span> <span class='ocrx_word' id='word_1_510' title='bbox 1906 3530 2051 3583; x_wconf 86' lang='lat' dir='ltr'><strong>enim</strong></span> <span class='ocrx_word' id='word_1_511' title='bbox 2082 3526 2298 3583; x_wconf 87' lang='lat' dir='ltr'><strong>discreti</strong></span> <span class='ocrx_word' id='word_1_512' title='bbox 2323 3525 2540 3580; x_wconf 83' lang='lat' dir='ltr'><strong>ordines</strong></span> <span class='ocrx_word' id='word_1_513' title='bbox 2566 3523 3274 3586; x_wconf 88' lang='lat' dir='ltr'><strong>connuuuicaut,summum</strong></span> <span class='ocrx_word' id='word_1_514' title='bbox 3301 3521 3498 3587; x_wconf 78' lang='lat' dir='ltr'><strong>quippe</strong></span> 
     </span>
    </p>
   </div>
   <div class='ocr_carea' id='block_1_41' title="bbox 237 3607 1805 3678">
    <p class='ocr_par' dir='ltr' id='par_1_41' title="bbox 237 3607 1805 3678">
     <span class='ocr_line' id='line_1_41' title="bbox 237 3607 1805 3678; baseline 0.006 -20"><span class='ocrx_word' id='word_1_515' title='bbox 237 3607 378 3662; x_wconf 82' lang='lat' dir='ltr'><strong>etiam</strong></span> <span class='ocrx_word' id='word_1_516' title='bbox 404 3610 694 3666; x_wconf 76' lang='lat' dir='ltr'><strong>inferiores</strong></span> <span class='ocrx_word' id='word_1_517' title='bbox 720 3609 799 3664; x_wconf 81' lang='lat' dir='ltr'><strong>eis</strong></span> <span class='ocrx_word' id='word_1_518' title='bbox 833 3610 1076 3672; x_wconf 84' lang='lat' dir='ltr'><strong>virtutes,</strong></span> <span class='ocrx_word' id='word_1_519' title='bbox 1108 3611 1219 3664; x_wconf 84' lang='lat' dir='ltr'><strong>sive</strong></span> <span class='ocrx_word' id='word_1_520' title='bbox 1250 3611 1537 3678; x_wconf 82' lang='lat' dir='ltr'><strong>humanas,</strong></span> <span class='ocrx_word' id='word_1_521' title='bbox 1569 3614 1682 3668; x_wconf 86' lang='lat' dir='ltr'><strong>sive</strong></span> <span class='ocrx_word' id='word_1_522' title='bbox 1711 3630 1805 3668; x_wconf 84' lang='lat' dir='ltr'><strong>au-</strong></span> 
     </span>
    </p>
   </div>
   <div class='ocr_carea' id='block_1_42' title="bbox 236 3700 1805 3776">
    <p class='ocr_par' dir='ltr' id='par_1_42' title="bbox 236 3700 1805 3776">
     <span class='ocr_line' id='line_1_42' title="bbox 236 3700 1805 3776; baseline 0.007 -27"><span class='ocrx_word' id='word_1_523' title='bbox 236 3700 432 3765; x_wconf 74' lang='lat' dir='ltr'><strong>gelicas,</strong></span> <span class='ocrx_word' id='word_1_524' title='bbox 466 3703 673 3770; x_wconf 86' lang='lat' dir='ltr'><strong>quibus</strong></span> <span class='ocrx_word' id='word_1_525' title='bbox 713 3701 1089 3776; x_wconf 78' lang='lat' dir='ltr'><strong>principantnr</strong></span> <span class='ocrx_word' id='word_1_526' title='bbox 1136 3702 1156 3732; x_wconf 84' lang='lat'>&#39;</span> <span class='ocrx_word' id='word_1_527' title='bbox 1199 3710 1252 3756; x_wconf 91' lang='lat' dir='ltr'><strong>et</strong></span> <span class='ocrx_word' id='word_1_528' title='bbox 1283 3714 1561 3771; x_wconf 86' lang='lat' dir='ltr'><strong>praesunt,</strong></span> <span class='ocrx_word' id='word_1_529' title='bbox 1594 3720 1691 3774; x_wconf 91' lang='lat' dir='ltr'><strong>per</strong></span> <span class='ocrx_word' id='word_1_530' title='bbox 1711 3722 1805 3767; x_wconf 82' lang='lat' dir='ltr'><strong>eos</strong></span> 
     </span>
    </p>
   </div>
   <div class='ocr_carea' id='block_1_43' title="bbox 235 3791 1802 3864">
    <p class='ocr_par' dir='ltr' id='par_1_43' title="bbox 235 3791 1802 3864">
     <span class='ocr_line' id='line_1_43' title="bbox 235 3791 1802 3864; baseline 0.006 -25"><span class='ocrx_word' id='word_1_531' title='bbox 235 3792 506 3859; x_wconf 78' lang='lat' dir='ltr'><strong>pontiﬁcali</strong></span> <span class='ocrx_word' id='word_1_532' title='bbox 544 3792 743 3848; x_wconf 86' lang='lat' dir='ltr'><strong>ordine</strong></span> <span class='ocrx_word' id='word_1_533' title='bbox 790 3792 913 3853; x_wconf 86' lang='lat' dir='ltr'><strong>duci</strong></span> <span class='ocrx_word' id='word_1_534' title='bbox 963 3791 1220 3846; x_wconf 87' lang='lat' dir='ltr'><strong>declarat.</strong></span> <span class='ocrx_word' id='word_1_535' title='bbox 1274 3793 1340 3847; x_wconf 88' lang='lat' dir='ltr'><strong>Et</strong></span> <span class='ocrx_word' id='word_1_536' title='bbox 1371 3794 1437 3847; x_wconf 88' lang='lat' dir='ltr'><strong>ad</strong></span> <span class='ocrx_word' id='word_1_537' title='bbox 1468 3793 1596 3848; x_wconf 90' lang='lat' dir='ltr'><strong>illud</strong></span> <span class='ocrx_word' id='word_1_538' title='bbox 1628 3795 1802 3864; x_wconf 90' lang='lat' dir='ltr'><strong>ipsum</strong></span> 
     </span>
    </p>
   </div>
   <div class='ocr_carea' id='block_1_44' title="bbox 233 3881 1803 3953">
    <p class='ocr_par' dir='ltr' id='par_1_44' title="bbox 233 3881 1803 3953">
     <span class='ocr_line' id='line_1_44' title="bbox 233 3881 1803 3953; baseline 0.002 -21"><span class='ocrx_word' id='word_1_539' title='bbox 233 3882 503 3936; x_wconf 81' lang='lat' dir='ltr'><strong>secundum</strong></span> <span class='ocrx_word' id='word_1_540' title='bbox 576 3881 990 3952; x_wconf 87' lang='lat' dir='ltr'><strong>possibilitatem</strong></span> <span class='ocrx_word' id='word_1_541' title='bbox 1054 3881 1392 3953; x_wconf 79' lang='lat' dir='ltr'><strong>princiﬁcum</strong></span> <span class='ocrx_word' id='word_1_542' title='bbox 1456 3884 1803 3953; x_wconf 88' lang='lat' dir='ltr'><strong>principium,</strong></span> 
     </span>
    </p>
   </div>
   <div class='ocr_carea' id='block_1_45' title="bbox 234 3962 1803 4045">
    <p class='ocr_par' dir='ltr' id='par_1_45' title="bbox 234 3962 1803 4045">
     <span class='ocr_line' id='line_1_45' title="bbox 234 3962 1803 4045; baseline 0.004 -26"><span class='ocrx_word' id='word_1_543' title='bbox 234 3983 480 4024; x_wconf 65' lang='lat' dir='ltr'><strong>stratarum</strong></span> <span class='ocrx_word' id='word_1_544' title='bbox 537 3973 746 4027; x_wconf 89' lang='lat' dir='ltr'><strong>bonum</strong></span> <span class='ocrx_word' id='word_1_545' title='bbox 779 3970 932 4041; x_wconf 86' lang='lat' dir='ltr'><strong>plane</strong></span> <span class='ocrx_word' id='word_1_546' title='bbox 955 4011 969 4032; x_wconf 94' lang='lat'><strong>,</strong></span> <span class='ocrx_word' id='word_1_547' title='bbox 1004 3962 1147 4045; x_wconf 87' lang='lat' dir='ltr'><strong>quod</strong></span> <span class='ocrx_word' id='word_1_548' title='bbox 1190 3986 1403 4026; x_wconf 89' lang='lat' dir='ltr'><strong>omnem</strong></span> <span class='ocrx_word' id='word_1_549' title='bbox 1448 3972 1803 4040; x_wconf 86' lang='lat' dir='ltr'><strong>principatum</strong></span> 
     </span>
    </p>
   </div>
   <div class='ocr_carea' id='block_1_46' title="bbox 232 4062 1803 4131">
    <p class='ocr_par' dir='ltr' id='par_1_46' title="bbox 232 4062 1803 4131">
     <span class='ocr_line' id='line_1_46' title="bbox 232 4062 1803 4131; baseline 0.004 -19"><span class='ocrx_word' id='word_1_550' title='bbox 232 4074 314 4114; x_wconf 80' lang='lat' dir='ltr'><strong>sua</strong></span> <span class='ocrx_word' id='word_1_551' title='bbox 343 4065 554 4131; x_wconf 86' lang='lat' dir='ltr'><strong>perﬁcit</strong></span> <span class='ocrx_word' id='word_1_552' title='bbox 586 4065 812 4126; x_wconf 87' lang='lat' dir='ltr'><strong>virtute,</strong></span> <span class='ocrx_word' id='word_1_553' title='bbox 841 4062 1142 4117; x_wconf 79' lang='lat' dir='ltr'><strong>reformari.</strong></span> <span class='ocrx_word' id='word_1_554' title='bbox 1199 4063 1276 4117; x_wconf 85' lang='lat' dir='ltr'><strong>Ac</strong></span> <span class='ocrx_word' id='word_1_555' title='bbox 1316 4064 1361 4118; x_wconf 90' lang='lat' dir='ltr'><strong>si</strong></span> <span class='ocrx_word' id='word_1_556' title='bbox 1407 4063 1647 4118; x_wconf 87' lang='lat' dir='ltr'><strong>diceret:</strong></span> <span class='ocrx_word' id='word_1_557' title='bbox 1699 4082 1803 4118; x_wconf 88' lang='lat' dir='ltr'><strong>non</strong></span> 
     </span>
    </p>
   </div>
   <div class='ocr_carea' id='block_1_47' title="bbox 234 4152 1802 4224">
    <p class='ocr_par' dir='ltr' id='par_1_47' title="bbox 234 4152 1802 4224">
     <span class='ocr_line' id='line_1_47' title="bbox 234 4152 1802 4224; baseline 0.003 -20"><span class='ocrx_word' id='word_1_558' title='bbox 234 4152 387 4205; x_wconf 84' lang='lat' dir='ltr'><strong>solum</strong></span> <span class='ocrx_word' id='word_1_559' title='bbox 417 4155 691 4209; x_wconf 84' lang='lat' dir='ltr'><strong>caelestes</strong></span> <span class='ocrx_word' id='word_1_560' title='bbox 721 4153 998 4224; x_wconf 83' lang='lat' dir='ltr'><strong>Principes</strong></span> <span class='ocrx_word' id='word_1_561' title='bbox 1024 4170 1153 4209; x_wconf 90' lang='lat' dir='ltr'><strong>suas</strong></span> <span class='ocrx_word' id='word_1_562' title='bbox 1194 4155 1439 4224; x_wconf 90' lang='lat' dir='ltr'><strong>proprias</strong></span> <span class='ocrx_word' id='word_1_563' title='bbox 1464 4156 1689 4210; x_wconf 87' lang='lat' dir='ltr'><strong>virtutes</strong></span> <span class='ocrx_word' id='word_1_564' title='bbox 1738 4158 1802 4211; x_wconf 90' lang='lat' dir='ltr'><strong>ad</strong></span> 
     </span>
    </p>
   </div>
   <div class='ocr_carea' id='block_1_48' title="bbox 229 4239 1801 4315">
    <p class='ocr_par' dir='ltr' id='par_1_48' title="bbox 229 4239 1801 4315">
     <span class='ocr_line' id='line_1_48' title="bbox 229 4239 1801 4315; baseline 0.003 -21"><span class='ocrx_word' id='word_1_565' title='bbox 229 4239 385 4310; x_wconf 84' lang='lat' dir='ltr'><strong>ipsum</strong></span> <span class='ocrx_word' id='word_1_566' title='bbox 420 4245 754 4314; x_wconf 89' lang='lat' dir='ltr'><strong>principium</strong></span> <span class='ocrx_word' id='word_1_567' title='bbox 783 4285 797 4308; x_wconf 90' lang='lat'><strong>,</strong></span> <span class='ocrx_word' id='word_1_568' title='bbox 851 4245 992 4313; x_wconf 88' lang='lat' dir='ltr'><strong>quod</strong></span> <span class='ocrx_word' id='word_1_569' title='bbox 1037 4243 1199 4298; x_wconf 79' lang='lat' dir='ltr'><strong>efﬁcit</strong></span> <span class='ocrx_word' id='word_1_570' title='bbox 1250 4260 1411 4298; x_wconf 88' lang='lat' dir='ltr'><strong>omne</strong></span> <span class='ocrx_word' id='word_1_571' title='bbox 1458 4245 1801 4315; x_wconf 87' lang='lat' dir='ltr'><strong>principium,</strong></span> 
     </span>
    </p>
   </div>
   <div class='ocr_carea' id='block_1_49' title="bbox 231 4333 1797 4405">
    <p class='ocr_par' dir='ltr' id='par_1_49' title="bbox 231 4333 1797 4405">
     <span class='ocr_line' id='line_1_49' title="bbox 231 4333 1797 4405; baseline 0.004 -20"><span class='ocrx_word' id='word_1_572' title='bbox 231 4333 312 4385; x_wconf 77' lang='lat' dir='ltr'><strong>sed</strong></span> <span class='ocrx_word' id='word_1_573' title='bbox 334 4345 387 4388; x_wconf 90' lang='lat' dir='ltr'><strong>et</strong></span> <span class='ocrx_word' id='word_1_574' title='bbox 410 4336 577 4397; x_wconf 83' lang='lat' dir='ltr'><strong>alias.</strong></span> <span class='ocrx_word' id='word_1_575' title='bbox 626 4336 825 4404; x_wconf 88' lang='lat' dir='ltr'><strong>quibus</strong></span> <span class='ocrx_word' id='word_1_576' title='bbox 869 4335 1262 4405; x_wconf 87' lang='lat' dir='ltr'><strong>principantur,</strong></span> <span class='ocrx_word' id='word_1_577' title='bbox 1296 4336 1498 4397; x_wconf 85' lang='lat' dir='ltr'><strong>ducunt</strong></span> <span class='ocrx_word' id='word_1_578' title='bbox 1526 4344 1687 4404; x_wconf 88' lang='lat' dir='ltr'><strong>atque</strong></span> <span class='ocrx_word' id='word_1_579' title='bbox 1715 4354 1797 4391; x_wconf 85' lang='lat' dir='ltr'><strong>re—</strong></span> 
     </span>
    </p>
   </div>
   <div class='ocr_carea' id='block_1_50' title="bbox 228 4420 1800 4495">
    <p class='ocr_par' dir='ltr' id='par_1_50' title="bbox 228 4420 1800 4495">
     <span class='ocr_line' id='line_1_50' title="bbox 228 4420 1800 4495; baseline 0.004 -22"><span class='ocrx_word' id='word_1_580' title='bbox 228 4420 462 4478; x_wconf 79' lang='lat' dir='ltr'><strong>fonuant.</strong></span> <span class='ocrx_word' id='word_1_581' title='bbox 534 4425 995 4494; x_wconf 75' lang='lat' dir='ltr'><strong>Manifestareque</strong></span> <span class='ocrx_word' id='word_1_582' title='bbox 1052 4425 1095 4456; x_wconf 82' lang='grc'><strong>¹⁰</strong></span> <span class='ocrx_word' id='word_1_583' title='bbox 1139 4426 1646 4495; x_wconf 89' lang='lat' dir='ltr'><strong>snperessentialem</strong></span> <span class='ocrx_word' id='word_1_584' title='bbox 1683 4425 1800 4495; x_wconf 86' lang='lat' dir='ltr'><strong>ejus</strong></span> 
     </span>
    </p>
   </div>
   <div class='ocr_carea' id='block_1_51' title="bbox 231 4513 1803 4584">
    <p class='ocr_par' dir='ltr' id='par_1_51' title="bbox 231 4513 1803 4584">
     <span class='ocr_line' id='line_1_51' title="bbox 231 4513 1803 4584; baseline 0.006 -23"><span class='ocrx_word' id='word_1_585' title='bbox 231 4513 598 4579; x_wconf 71' lang='lat' dir='ltr'><strong>taxiarcbiam,</strong></span> <span class='ocrx_word' id='word_1_586' title='bbox 651 4525 904 4568; x_wconf 89' lang='lat' dir='ltr'><strong>ornatum</strong></span> <span class='ocrx_word' id='word_1_587' title='bbox 954 4514 1328 4584; x_wconf 88' lang='lat' dir='ltr'><strong>principalium</strong></span> <span class='ocrx_word' id='word_1_588' title='bbox 1362 4516 1659 4581; x_wconf 89' lang='lat' dir='ltr'><strong>virtutum;</strong></span> <span class='ocrx_word' id='word_1_589' title='bbox 1702 4517 1803 4571; x_wconf 88' lang='lat' dir='ltr'><strong>hoc</strong></span> 
     </span>
    </p>
   </div>
   <div class='ocr_carea' id='block_1_52' title="bbox 231 4602 1799 4674">
    <p class='ocr_par' dir='ltr' id='par_1_52' title="bbox 231 4602 1799 4674">
     <span class='ocr_line' id='line_1_52' title="bbox 231 4602 1799 4674; baseline 0.006 -24"><span class='ocrx_word' id='word_1_590' title='bbox 231 4608 336 4653; x_wconf 80' lang='lat' dir='ltr'><strong>est:</strong></span> <span class='ocrx_word' id='word_1_591' title='bbox 386 4602 806 4674; x_wconf 72' lang='lat' dir='ltr'><strong>PrinCipatunm</strong></span> <span class='ocrx_word' id='word_1_592' title='bbox 864 4604 1159 4659; x_wconf 90' lang='lat' dir='ltr'><strong>nominatio</strong></span> <span class='ocrx_word' id='word_1_593' title='bbox 1210 4604 1511 4660; x_wconf 73' lang='lat' dir='ltr'><strong>manifestat</strong></span> <span class='ocrx_word' id='word_1_594' title='bbox 1551 4617 1799 4661; x_wconf 88' lang='lat' dir='ltr'><strong>ornatutn</strong></span> 
     </span>
    </p>
   </div>
   <div class='ocr_carea' id='block_1_53' title="bbox 229 4691 1802 4765">
    <p class='ocr_par' dir='ltr' id='par_1_53' title="bbox 229 4691 1802 4765">
     <span class='ocr_line' id='line_1_53' title="bbox 229 4691 1802 4765; baseline 0.006 -23"><span class='ocrx_word' id='word_1_595' title='bbox 229 4691 592 4761; x_wconf 82' lang='lat' dir='ltr'><strong>principalium</strong></span> <span class='ocrx_word' id='word_1_596' title='bbox 635 4696 896 4749; x_wconf 69' lang='lat' dir='ltr'><strong>virtutum</strong></span> <span class='ocrx_word' id='word_1_597' title='bbox 930 4694 1275 4754; x_wconf 77' lang='lat' dir='ltr'><strong>manifestare</strong></span> <span class='ocrx_word' id='word_1_598' title='bbox 1302 4697 1802 4765; x_wconf 83' lang='lat' dir='ltr'><strong>superesseutialem</strong></span> 
     </span>
    </p>
   </div>
   <div class='ocr_carea' id='block_1_54' title="bbox 231 4781 1803 4856">
    <p class='ocr_par' dir='ltr' id='par_1_54' title="bbox 231 4781 1803 4856">
     <span class='ocr_line' id='line_1_54' title="bbox 231 4781 1803 4856; baseline 0.002 -17"><span class='ocrx_word' id='word_1_599' title='bbox 231 4781 576 4841; x_wconf 61' lang='lat' dir='ltr'><strong>liitliarrhiam</strong></span> <span class='ocrx_word' id='word_1_600' title='bbox 602 4785 723 4852; x_wconf 87' lang='lat' dir='ltr'><strong>ejus</strong></span> <span class='ocrx_word' id='word_1_601' title='bbox 744 4826 758 4851; x_wconf 91' lang='lat'><strong>,</strong></span> <span class='ocrx_word' id='word_1_602' title='bbox 788 4785 1264 4856; x_wconf 89' lang='lat' dir='ltr'><strong>snperprincipalis</strong></span> <span class='ocrx_word' id='word_1_603' title='bbox 1290 4787 1539 4842; x_wconf 80' lang='lat' dir='ltr'><strong>videlicet</strong></span> <span class='ocrx_word' id='word_1_604' title='bbox 1567 4788 1607 4818; x_wconf 85' lang='grc'>¹¹</span> <span class='ocrx_word' id='word_1_605' title='bbox 1652 4789 1803 4856; x_wconf 91' lang='lat' dir='ltr'><strong>prin-</strong></span> 
     </span>
    </p>
   </div>
   <div class='ocr_carea' id='block_1_55' title="bbox 228 4871 1803 4949">
    <p class='ocr_par' dir='ltr' id='par_1_55' title="bbox 228 4871 1803 4949">
     <span class='ocr_line' id='line_1_55' title="bbox 228 4871 1803 4949; baseline 0.008 -26"><span class='ocrx_word' id='word_1_606' title='bbox 228 4871 356 4938; x_wconf 85' lang='lat' dir='ltr'><strong>cipii.</strong></span> <span class='ocrx_word' id='word_1_607' title='bbox 380 4873 635 4932; x_wconf 82' lang='lat' dir='ltr'><strong>Ornatus</strong></span> <span class='ocrx_word' id='word_1_608' title='bbox 657 4878 923 4947; x_wconf 75' lang='lat' dir='ltr'><strong>siquidem</strong></span> <span class='ocrx_word' id='word_1_609' title='bbox 952 4879 1261 4932; x_wconf 83' lang='lat' dir='ltr'><strong>caelestium</strong></span> <span class='ocrx_word' id='word_1_610' title='bbox 1312 4880 1613 4949; x_wconf 74' lang='lat' dir='ltr'><strong>principum</strong></span> <span class='ocrx_word' id='word_1_611' title='bbox 1648 4881 1803 4935; x_wconf 83' lang='lat' dir='ltr'><strong>nobis</strong></span> 
     </span>
    </p>
   </div>
   <div class='ocr_carea' id='block_1_56' title="bbox 1857 3599 3495 3685">
    <p class='ocr_par' dir='ltr' id='par_1_56' title="bbox 1857 3599 3495 3685">
     <span class='ocr_line' id='line_1_56' title="bbox 1857 3599 3495 3685; baseline -0.009 -10"><span class='ocrx_word' id='word_1_612' title='bbox 1857 3599 1865 3606; x_wconf 33' lang='grc' dir='ltr'><strong>Ι</strong></span> <span class='ocrx_word' id='word_1_613' title='bbox 1908 3621 2108 3676; x_wconf 87' lang='lat' dir='ltr'><strong>bonum</strong></span> <span class='ocrx_word' id='word_1_614' title='bbox 2132 3618 2500 3672; x_wconf 84' lang='lat' dir='ltr'><strong>simulomues</strong></span> <span class='ocrx_word' id='word_1_615' title='bbox 2530 3623 2804 3685; x_wconf 86' lang='lat' dir='ltr'><strong>appetunt,</strong></span> <span class='ocrx_word' id='word_1_616' title='bbox 2857 3613 3038 3672; x_wconf 75' lang='lat' dir='ltr'><strong>simul.</strong></span> <span class='ocrx_word' id='word_1_617' title='bbox 3088 3610 3334 3682; x_wconf 83' lang='lat' dir='ltr'><strong>quamvis</strong></span> <span class='ocrx_word' id='word_1_618' title='bbox 3389 3626 3495 3662; x_wconf 86' lang='lat' dir='ltr'><strong>non</strong></span> 
     </span>
    </p>
   </div>
   <div class='ocr_carea' id='block_1_57' title="bbox 1908 3705 3493 3781">
    <p class='ocr_par' dir='ltr' id='par_1_57' title="bbox 1908 3705 3493 3781">
     <span class='ocr_line' id='line_1_57' title="bbox 1908 3705 3493 3781; baseline -0.008 -14"><span class='ocrx_word' id='word_1_619' title='bbox 1908 3713 2222 3781; x_wconf 85' lang='lat' dir='ltr'><strong>aequaliter,</strong></span> <span class='ocrx_word' id='word_1_620' title='bbox 2252 3709 2595 3779; x_wconf 88' lang='lat' dir='ltr'><strong>participant.</strong></span> <span class='ocrx_word' id='word_1_621' title='bbox 2651 3708 2715 3761; x_wconf 81' lang='lat' dir='ltr'><strong>Et</strong></span> <span class='ocrx_word' id='word_1_622' title='bbox 2746 3708 2847 3762; x_wconf 88' lang='lat' dir='ltr'><strong>hoc</strong></span> <span class='ocrx_word' id='word_1_623' title='bbox 2877 3716 2996 3770; x_wconf 81' lang='lat' dir='ltr'><strong>est,</strong></span> <span class='ocrx_word' id='word_1_624' title='bbox 3030 3706 3171 3774; x_wconf 89' lang='lat' dir='ltr'><strong>quod</strong></span> <span class='ocrx_word' id='word_1_625' title='bbox 3207 3705 3451 3772; x_wconf 72' lang='lat' dir='ltr'><strong>Sequitur</strong></span> <span class='ocrx_word' id='word_1_626' title='bbox 3480 3719 3493 3754; x_wconf 91' lang='lat'>:</span> 
     </span>
    </p>
   </div>
   <div class='ocr_carea' id='block_1_58' title="bbox 1908 3794 3492 3867">
    <p class='ocr_par' dir='ltr' id='par_1_58' title="bbox 1908 3794 3492 3867">
     <span class='ocr_line' id='line_1_58' title="bbox 1908 3794 3492 3867; baseline -0.009 -10"><span class='ocrx_word' id='word_1_627' title='bbox 1908 3803 2114 3857; x_wconf 81' lang='lat' dir='ltr'><strong>Etenim</strong></span> <span class='ocrx_word' id='word_1_628' title='bbox 2153 3799 2522 3855; x_wconf 80' lang='lat' dir='ltr'><strong>sacratissimis</strong></span> <span class='ocrx_word' id='word_1_629' title='bbox 2550 3796 2940 3867; x_wconf 86' lang='lat' dir='ltr'><strong>Principatibus</strong></span> <span class='ocrx_word' id='word_1_630' title='bbox 2974 3796 3319 3849; x_wconf 83' lang='lat' dir='ltr'><strong>communicat</strong></span> <span class='ocrx_word' id='word_1_631' title='bbox 3347 3794 3394 3825; x_wconf 76' lang='grc'><strong><em>⁸⁵</em></strong></span> <span class='ocrx_word' id='word_1_632' title='bbox 3447 3804 3492 3844; x_wconf 84' lang='lat' dir='ltr'><strong>et</strong></span> 
     </span>
    </p>
   </div>
   <div class='ocr_carea' id='block_1_59' title="bbox 1905 3885 3497 3962">
    <p class='ocr_par' dir='ltr' id='par_1_59' title="bbox 1905 3885 3497 3962">
     <span class='ocr_line' id='line_1_59' title="bbox 1905 3885 3497 3962; baseline -0.011 -12"><span class='ocrx_word' id='word_1_633' title='bbox 1905 3895 2097 3951; x_wconf 81' lang='lat' dir='ltr'><strong>sanctis</strong></span> <span class='ocrx_word' id='word_1_634' title='bbox 2129 3890 2358 3962; x_wconf 81' lang='lat' dir='ltr'><strong>Angelis.</strong></span> <span class='ocrx_word' id='word_1_635' title='bbox 2400 3889 2585 3957; x_wconf 82' lang='lat' dir='ltr'><strong>Qualis</strong></span> <span class='ocrx_word' id='word_1_636' title='bbox 2614 3897 2795 3945; x_wconf 84' lang='lat' dir='ltr'><strong>autem</strong></span> <span class='ocrx_word' id='word_1_637' title='bbox 2836 3887 2908 3941; x_wconf 90' lang='lat' dir='ltr'><strong>sit</strong></span> <span class='ocrx_word' id='word_1_638' title='bbox 2962 3887 3076 3956; x_wconf 87' lang='lat' dir='ltr'><strong>ipsa</strong></span> <span class='ocrx_word' id='word_1_639' title='bbox 3128 3885 3497 3939; x_wconf 65' lang='lat' dir='ltr'><strong>communit-a-</strong></span> 
     </span>
    </p>
   </div>
   <div class='ocr_carea' id='block_1_60' title="bbox 1908 3970 3494 4051">
    <p class='ocr_par' dir='ltr' id='par_1_60' title="bbox 1908 3970 3494 4051">
     <span class='ocr_line' id='line_1_60' title="bbox 1908 3970 3494 4051; baseline -0.01 -14"><span class='ocrx_word' id='word_1_640' title='bbox 1908 3985 2014 4037; x_wconf 87' lang='lat' dir='ltr'><strong>tiva</strong></span> <span class='ocrx_word' id='word_1_641' title='bbox 2052 3982 2312 4036; x_wconf 81' lang='lat' dir='ltr'><strong>medietas</strong></span> <span class='ocrx_word' id='word_1_642' title='bbox 2337 4020 2352 4051; x_wconf 89' lang='lat'><strong>,_</strong></span> <span class='ocrx_word' id='word_1_643' title='bbox 2394 3980 2786 4048; x_wconf 85' lang='lat' dir='ltr'><strong>subsequenter</strong></span> <span class='ocrx_word' id='word_1_644' title='bbox 2814 3973 3054 4044; x_wconf 77' lang='lat' dir='ltr'><strong>adjungit</strong></span> <span class='ocrx_word' id='word_1_645' title='bbox 3106 3974 3324 4027; x_wconf 89' lang='lat' dir='ltr'><strong>dicens:</strong></span> <span class='ocrx_word' id='word_1_646' title='bbox 3355 3970 3494 4039; x_wconf 74' lang='lat' dir='ltr'><strong>Ipsis</strong></span> 
     </span>
    </p>
   </div>
   <div class='ocr_carea' id='block_1_61' title="bbox 1905 4060 3491 4140">
    <p class='ocr_par' dir='ltr' id='par_1_61' title="bbox 1905 4060 3491 4140">
     <span class='ocr_line' id='line_1_61' title="bbox 1905 4060 3491 4140; baseline -0.01 -15"><span class='ocrx_word' id='word_1_647' title='bbox 1905 4072 2134 4138; x_wconf 82' lang='lat' dir='ltr'><strong>quidem,</strong></span> <span class='ocrx_word' id='word_1_648' title='bbox 2166 4072 2289 4140; x_wconf 85' lang='lat' dir='ltr'><strong>quia</strong></span> <span class='ocrx_word' id='word_1_649' title='bbox 2317 4070 2385 4122; x_wconf 86' lang='lat' dir='ltr'><strong>ad</strong></span> <span class='ocrx_word' id='word_1_650' title='bbox 2415 4065 2844 4138; x_wconf 82' lang='lat' dir='ltr'><strong>superessentiale</strong></span> <span class='ocrx_word' id='word_1_651' title='bbox 2891 4064 3199 4134; x_wconf 81' lang='lat' dir='ltr'><strong>principium</strong></span> <span class='ocrx_word' id='word_1_652' title='bbox 3230 4060 3491 4129; x_wconf 83' lang='lat' dir='ltr'><strong>principa-</strong></span> 
     </span>
    </p>
   </div>
   <div class='ocr_carea' id='block_1_62' title="bbox 1907 4148 3495 4226">
    <p class='ocr_par' dir='ltr' id='par_1_62' title="bbox 1907 4148 3495 4226">
     <span class='ocr_line' id='line_1_62' title="bbox 1907 4148 3495 4226; baseline -0.009 -12"><span class='ocrx_word' id='word_1_653' title='bbox 1907 4163 2025 4215; x_wconf 74' lang='lat' dir='ltr'><strong>liter</strong></span> <span class='ocrx_word' id='word_1_654' title='bbox 2052 4162 2380 4221; x_wconf 80' lang='lat' dir='ltr'><strong>convertitur,</strong></span> <span class='ocrx_word' id='word_1_655' title='bbox 2418 4168 2466 4211; x_wconf 89' lang='lat' dir='ltr'><strong>et</strong></span> <span class='ocrx_word' id='word_1_656' title='bbox 2517 4157 2585 4209; x_wconf 89' lang='lat' dir='ltr'><strong>ad</strong></span> <span class='ocrx_word' id='word_1_657' title='bbox 2634 4157 2827 4226; x_wconf 85' lang='lat' dir='ltr'><strong>ipsum,</strong></span> <span class='ocrx_word' id='word_1_658' title='bbox 2864 4164 2919 4205; x_wconf 83' lang='lat' dir='ltr'><strong>ut</strong></span> <span class='ocrx_word' id='word_1_659' title='bbox 2958 4150 3197 4222; x_wconf 75' lang='lat' dir='ltr'><strong>possibile</strong></span> <span class='ocrx_word' id='word_1_660' title='bbox 3227 4149 3295 4212; x_wconf 81' lang='lat'><strong>&quot;,</strong></span> <span class='ocrx_word' id='word_1_661' title='bbox 3330 4148 3495 4216; x_wconf 80' lang='lat' dir='ltr'><strong>refer-</strong></span> 
     </span>
    </p>
   </div>
   <div class='ocr_carea' id='block_1_63' title="bbox 1912 4238 3495 4315">
    <p class='ocr_par' dir='ltr' id='par_1_63' title="bbox 1912 4238 3495 4315">
     <span class='ocr_line' id='line_1_63' title="bbox 1912 4238 3495 4315; baseline -0.009 -11"><span class='ocrx_word' id='word_1_662' title='bbox 1912 4262 2106 4310; x_wconf 76' lang='lat' dir='ltr'><strong>matur,</strong></span> <span class='ocrx_word' id='word_1_663' title='bbox 2140 4259 2186 4301; x_wconf 87' lang='lat' dir='ltr'><strong>et</strong></span> <span class='ocrx_word' id='word_1_664' title='bbox 2211 4246 2431 4315; x_wconf 74' lang='lat' dir='ltr'><strong>Angelos</strong></span> <span class='ocrx_word' id='word_1_665' title='bbox 2461 4246 2675 4313; x_wconf 80' lang='lat' dir='ltr'><strong>uniﬁcat</strong></span> <span class='ocrx_word' id='word_1_666' title='bbox 2690 4242 2972 4296; x_wconf 80' lang='lat' dir='ltr'><strong>secundum</strong></span> <span class='ocrx_word' id='word_1_667' title='bbox 3000 4241 3122 4293; x_wconf 88' lang='lat' dir='ltr'><strong>bene</strong></span> <span class='ocrx_word' id='word_1_668' title='bbox 3146 4249 3357 4291; x_wconf 84' lang='lat' dir='ltr'><strong>ornatos</strong></span> <span class='ocrx_word' id='word_1_669' title='bbox 3379 4238 3495 4304; x_wconf 62' lang='lat' dir='ltr'><strong>ejus</strong></span> 
     </span>
    </p>
   </div>
   <div class='ocr_carea' id='block_1_64' title="bbox 1905 4326 3487 4396">
    <p class='ocr_par' dir='ltr' id='par_1_64' title="bbox 1905 4326 3487 4396">
     <span class='ocr_line' id='line_1_64' title="bbox 1905 4326 3487 4396; baseline -0.008 -5"><span class='ocrx_word' id='word_1_670' title='bbox 1905 4351 1951 4391; x_wconf 72' lang='lat' dir='ltr'><strong>et</strong></span> <span class='ocrx_word' id='word_1_671' title='bbox 1978 4335 2242 4391; x_wconf 81' lang='lat' dir='ltr'><strong>ordinatos</strong></span> <span class='ocrx_word' id='word_1_672' title='bbox 2272 4337 2314 4367; x_wconf 78' lang='grc'><strong>³⁷</strong></span> <span class='ocrx_word' id='word_1_673' title='bbox 2347 4345 2393 4388; x_wconf 89' lang='lat' dir='ltr'><strong>et</strong></span> <span class='ocrx_word' id='word_1_674' title='bbox 2434 4331 2714 4387; x_wconf 85' lang='lat' dir='ltr'><strong>invisibiles</strong></span> <span class='ocrx_word' id='word_1_675' title='bbox 2741 4331 2961 4383; x_wconf 83' lang='lat' dir='ltr'><strong>ducatus</strong></span> <span class='ocrx_word' id='word_1_676' title='bbox 3001 4328 3067 4380; x_wconf 66' lang='grc'><strong>³⁸.</strong></span> <span class='ocrx_word' id='word_1_677' title='bbox 3101 4327 3255 4396; x_wconf 81' lang='lat' dir='ltr'><strong>Ipsis,</strong></span> <span class='ocrx_word' id='word_1_678' title='bbox 3294 4326 3487 4396; x_wconf 81' lang='lat' dir='ltr'><strong>inquit,</strong></span> 
     </span>
    </p>
   </div>
   <div class='ocr_carea' id='block_1_65' title="bbox 1909 4421 3491 4498">
    <p class='ocr_par' dir='ltr' id='par_1_65' title="bbox 1909 4421 3491 4498">
     <span class='ocr_line' id='line_1_65' title="bbox 1909 4421 3491 4498; baseline -0.008 -12"><span class='ocrx_word' id='word_1_679' title='bbox 1909 4428 2313 4498; x_wconf 80' lang='lat' dir='ltr'><strong>l’rincipatibus</strong></span> <span class='ocrx_word' id='word_1_680' title='bbox 2329 4421 3164 4490; x_wconf 71' lang='lat' dir='ltr'><strong>communicatArcbaugeIorum</strong></span> <span class='ocrx_word' id='word_1_681' title='bbox 3188 4421 3340 4478; x_wconf 84' lang='lat' dir='ltr'><strong>ordo.</strong></span> <span class='ocrx_word' id='word_1_682' title='bbox 3366 4422 3491 4488; x_wconf 84' lang='lat' dir='ltr'><strong>quia</strong></span> 
     </span>
    </p>
   </div>
   <div class='ocr_carea' id='block_1_66' title="bbox 1905 4507 3493 4587">
    <p class='ocr_par' dir='ltr' id='par_1_66' title="bbox 1905 4507 3493 4587">
     <span class='ocr_line' id='line_1_66' title="bbox 1905 4507 3493 4587; baseline -0.009 -16"><span class='ocrx_word' id='word_1_683' title='bbox 1905 4520 1970 4571; x_wconf 87' lang='lat' dir='ltr'><strong>ad</strong></span> <span class='ocrx_word' id='word_1_684' title='bbox 2037 4513 2484 4585; x_wconf 85' lang='lat' dir='ltr'><strong>superessentialc</strong></span> <span class='ocrx_word' id='word_1_685' title='bbox 2550 4510 2908 4587; x_wconf 79' lang='lat' dir='ltr'><strong>principium,</strong></span> <span class='ocrx_word' id='word_1_686' title='bbox 2980 4508 3146 4561; x_wconf 86' lang='lat' dir='ltr'><strong>Deum</strong></span> <span class='ocrx_word' id='word_1_687' title='bbox 3219 4507 3493 4575; x_wconf 78' lang='lat' dir='ltr'><strong>profecto,</strong></span> 
     </span>
    </p>
   </div>
   <div class='ocr_carea' id='block_1_67' title="bbox 1906 4599 3492 4677">
    <p class='ocr_par' dir='ltr' id='par_1_67' title="bbox 1906 4599 3492 4677">
     <span class='ocr_line' id='line_1_67' title="bbox 1906 4599 3492 4677; baseline -0.008 -15"><span class='ocrx_word' id='word_1_688' title='bbox 1906 4607 2299 4677; x_wconf 68' lang='lat' dir='ltr'><strong>l’rineipaliter,</strong></span> <span class='ocrx_word' id='word_1_689' title='bbox 2331 4606 2430 4659; x_wconf 88' lang='lat' dir='ltr'><strong>boc</strong></span> <span class='ocrx_word' id='word_1_690' title='bbox 2454 4612 2556 4668; x_wconf 88' lang='lat' dir='ltr'><strong>est,</strong></span> <span class='ocrx_word' id='word_1_691' title='bbox 2590 4602 2730 4656; x_wconf 88' lang='lat' dir='ltr'><strong>sicut</strong></span> <span class='ocrx_word' id='word_1_692' title='bbox 2761 4600 2858 4670; x_wconf 87' lang='lat' dir='ltr'><strong>ipsi</strong></span> <span class='ocrx_word' id='word_1_693' title='bbox 2889 4599 3243 4668; x_wconf 81' lang='lat' dir='ltr'><strong>principatus,</strong></span> <span class='ocrx_word' id='word_1_694' title='bbox 3270 4614 3492 4652; x_wconf 79' lang='lat' dir='ltr'><strong>conver—</strong></span> 
     </span>
    </p>
   </div>
   <div class='ocr_carea' id='block_1_68' title="bbox 1907 4689 3493 4766">
    <p class='ocr_par' dir='ltr' id='par_1_68' title="bbox 1907 4689 3493 4766">
     <span class='ocr_line' id='line_1_68' title="bbox 1907 4689 3493 4766; baseline -0.01 -12"><span class='ocrx_word' id='word_1_695' title='bbox 1907 4703 2058 4762; x_wconf 69' lang='lat' dir='ltr'><strong>tizur,</strong></span> <span class='ocrx_word' id='word_1_696' title='bbox 2086 4710 2139 4754; x_wconf 89' lang='lat' dir='ltr'><strong>et</strong></span> <span class='ocrx_word' id='word_1_697' title='bbox 2170 4698 2235 4751; x_wconf 87' lang='lat' dir='ltr'><strong>ad</strong></span> <span class='ocrx_word' id='word_1_698' title='bbox 2269 4697 2461 4766; x_wconf 90' lang='lat' dir='ltr'><strong>ipsmn,</strong></span> <span class='ocrx_word' id='word_1_699' title='bbox 2498 4703 2555 4747; x_wconf 92' lang='lat' dir='ltr'><strong>ut</strong></span> <span class='ocrx_word' id='word_1_700' title='bbox 2588 4691 2859 4765; x_wconf 85' lang='lat' dir='ltr'><strong>possibile,</strong></span> <span class='ocrx_word' id='word_1_701' title='bbox 2906 4690 3253 4753; x_wconf 73' lang='lat' dir='ltr'><strong>reformatur,</strong></span> <span class='ocrx_word' id='word_1_702' title='bbox 3280 4698 3333 4742; x_wconf 89' lang='lat' dir='ltr'><strong>et</strong></span> <span class='ocrx_word' id='word_1_703' title='bbox 3366 4689 3493 4755; x_wconf 86' lang='lat' dir='ltr'><strong>quia</strong></span> 
     </span>
    </p>
   </div>
   <div class='ocr_carea' id='block_1_69' title="bbox 1905 4778 3496 4861">
    <p class='ocr_par' dir='ltr' id='par_1_69' title="bbox 1905 4778 3496 4861">
     <span class='ocr_line' id='line_1_69' title="bbox 1905 4778 3496 4861; baseline -0.009 -18"><span class='ocrx_word' id='word_1_704' title='bbox 1905 4789 2136 4860; x_wconf 81' lang='lat' dir='ltr'><strong>Angelos</strong></span> <span class='ocrx_word' id='word_1_705' title='bbox 2160 4787 2389 4861; x_wconf 79' lang='lat' dir='ltr'><strong>unilicat</strong></span> <span class='ocrx_word' id='word_1_706' title='bbox 2418 4786 2711 4839; x_wconf 85' lang='lat' dir='ltr'><strong>secundum</strong></span> <span class='ocrx_word' id='word_1_707' title='bbox 2737 4784 2876 4836; x_wconf 82' lang='lat' dir='ltr'><strong>bene</strong></span> <span class='ocrx_word' id='word_1_708' title='bbox 2898 4790 3118 4834; x_wconf 84' lang='lat' dir='ltr'><strong>ornatos</strong></span> <span class='ocrx_word' id='word_1_709' title='bbox 3140 4788 3194 4832; x_wconf 90' lang='lat' dir='ltr'><strong>et</strong></span> <span class='ocrx_word' id='word_1_710' title='bbox 3217 4778 3496 4832; x_wconf 73' lang='lat' dir='ltr'><strong>ordinatos</strong></span> 
     </span>
    </p>
   </div>
   <div class='ocr_carea' id='block_1_70' title="bbox 1904 4867 3461 4948">
    <p class='ocr_par' dir='ltr' id='par_1_70' title="bbox 1904 4867 3461 4948">
     <span class='ocr_line' id='line_1_70' title="bbox 1904 4867 3461 4948; baseline -0.008 -14"><span class='ocrx_word' id='word_1_711' title='bbox 1904 4891 1957 4934; x_wconf 89' lang='lat' dir='ltr'><strong>et</strong></span> <span class='ocrx_word' id='word_1_712' title='bbox 1990 4880 2283 4935; x_wconf 88' lang='lat' dir='ltr'><strong>invisibiles</strong></span> <span class='ocrx_word' id='word_1_713' title='bbox 2317 4878 2674 4948; x_wconf 88' lang='lat' dir='ltr'><strong>praesulatus.</strong></span> <span class='ocrx_word' id='word_1_714' title='bbox 2712 4876 2825 4931; x_wconf 86' lang='lat' dir='ltr'><strong>lloc</strong></span> <span class='ocrx_word' id='word_1_715' title='bbox 2874 4875 3016 4928; x_wconf 85' lang='lat' dir='ltr'><strong>enim</strong></span> <span class='ocrx_word' id='word_1_716' title='bbox 3056 4884 3110 4927; x_wconf 84' lang='lat' dir='ltr'><strong>et</strong></span> <span class='ocrx_word' id='word_1_717' title='bbox 3142 4872 3240 4940; x_wconf 90' lang='lat' dir='ltr'><strong>ipsi</strong></span> <span class='ocrx_word' id='word_1_718' title='bbox 3278 4867 3461 4925; x_wconf 77' lang='lat' dir='ltr'><strong>Prirci</strong></span> 
     </span>
    </p>
   </div>
   <div class='ocr_carea' id='block_1_71' title="bbox 1494 5014 2191 5070">
    <p class='ocr_par' dir='ltr' id='par_1_71' title="bbox 1494 5014 2191 5070">
     <span class='ocr_line' id='line_1_71' title="bbox 1494 5014 2191 5070; baseline -0.003 -1"><span class='ocrx_word' id='word_1_719' title='bbox 1494 5017 1576 5069; x_wconf 72' lang='lat' dir='ltr'><strong>VA</strong></span> <span class='ocrx_word' id='word_1_720' title='bbox 1592 5017 1699 5070; x_wconf 68' lang='grc' dir='ltr'><strong>[ΗΑ</strong></span> <span class='ocrx_word' id='word_1_721' title='bbox 1712 5018 1750 5070; x_wconf 82' lang='grc' dir='ltr'>Ε</span> <span class='ocrx_word' id='word_1_722' title='bbox 1794 5014 2191 5070; x_wconf 65' lang='lat' dir='ltr'><strong>LECTIONES.</strong></span> 
     </span>
    </p>
   </div>
   <div class='ocr_carea' id='block_1_72' title="bbox 289 5124 1415 5191">
    <p class='ocr_par' dir='ltr' id='par_1_72' title="bbox 289 5124 1415 5191">
     <span class='ocr_line' id='line_1_72' title="bbox 289 5124 1415 5191; baseline 0.004 -18"><span class='ocrx_word' id='word_1_723' title='bbox 289 5124 307 5155; x_wconf 85' lang='grc'>⁸</span> <span class='ocrx_word' id='word_1_724' title='bbox 330 5126 566 5179; x_wconf 72' lang='lat' dir='ltr'><strong>converti</strong></span> <span class='ocrx_word' id='word_1_725' title='bbox 593 5141 710 5179; x_wconf 91' lang='lat' dir='ltr'><strong>om.</strong></span> <span class='ocrx_word' id='word_1_726' title='bbox 751 5124 889 5189; x_wconf 75' lang='grc' dir='ltr'><strong>ΑΒ..</strong></span> <span class='ocrx_word' id='word_1_727' title='bbox 926 5143 1093 5191; x_wconf 73' lang='lat' dir='ltr'><strong>marg.</strong></span> <span class='ocrx_word' id='word_1_728' title='bbox 1128 5129 1299 5179; x_wconf 83' lang='lat' dir='ltr'><strong>adsrr.</strong></span> <span class='ocrx_word' id='word_1_729' title='bbox 1334 5125 1415 5179; x_wconf 82' lang='lat' dir='ltr'><strong>B&#39;.</strong></span> 
     </span>
    </p>
   </div>
   <div class='ocr_carea' id='block_1_73' title="bbox 226 5188 1097 5267">
    <p class='ocr_par' dir='ltr' id='par_1_73' title="bbox 226 5188 1097 5267">
     <span class='ocr_line' id='line_1_73' title="bbox 226 5188 1097 5267; baseline 0.002 -22"><span class='ocrx_word' id='word_1_730' title='bbox 226 5188 243 5267; x_wconf 64' lang='grc' dir='ltr'><strong>ξ</strong></span> <span class='ocrx_word' id='word_1_731' title='bbox 270 5190 421 5267; x_wconf 68' lang='lat' dir='ltr'><strong>Deum</strong></span> <span class='ocrx_word' id='word_1_732' title='bbox 444 5227 520 5236; x_wconf 90' lang='lat'><strong><em>—</em></strong></span> <span class='ocrx_word' id='word_1_733' title='bbox 545 5198 1010 5267; x_wconf 15' lang='lat' dir='ltr'><strong>principiumiom.</strong></span> <span class='ocrx_word' id='word_1_734' title='bbox 1042 5188 1097 5249; x_wconf 70' lang='grc' dir='ltr'><strong>Β.</strong></span> 
     </span>
    </p>
   </div>
   <div class='ocr_carea' id='block_1_74' title="bbox 224 5260 707 5334">
    <p class='ocr_par' dir='ltr' id='par_1_74' title="bbox 224 5260 707 5334">
     <span class='ocr_line' id='line_1_74' title="bbox 224 5260 707 5334; baseline 0.012 -21"><span class='ocrx_word' id='word_1_735' title='bbox 224 5260 243 5288; x_wconf 84' lang='grc'><strong><em>⁹</em></strong></span> <span class='ocrx_word' id='word_1_736' title='bbox 260 5262 301 5314; x_wconf 76' lang='grc' dir='ltr'><strong>Α</strong></span> <span class='ocrx_word' id='word_1_737' title='bbox 324 5260 707 5334; x_wconf 79' lang='lat' dir='ltr'><strong>principanter.</strong></span> 
     </span>
    </p>
   </div>
   <div class='ocr_carea' id='block_1_75' title="bbox 228 5334 1078 5403">
    <p class='ocr_par' dir='ltr' id='par_1_75' title="bbox 228 5334 1078 5403">
     <span class='ocr_line' id='line_1_75' title="bbox 228 5334 1078 5403; baseline 0.011 -23"><span class='ocrx_word' id='word_1_738' title='bbox 228 5346 379 5403; x_wconf 66' lang='lat' dir='ltr'><strong>marg.</strong></span> <span class='ocrx_word' id='word_1_739' title='bbox 404 5338 591 5389; x_wconf 79' lang='lat' dir='ltr'><strong>adscr.</strong></span> <span class='ocrx_word' id='word_1_740' title='bbox 634 5334 707 5386; x_wconf 77' lang='lat' dir='ltr'><strong>De</strong></span> <span class='ocrx_word' id='word_1_741' title='bbox 734 5337 1078 5403; x_wconf 81' lang='lat' dir='ltr'><strong>arcltangelis.</strong></span> 
     </span>
    </p>
   </div>
   <div class='ocr_carea' id='block_1_76' title="bbox 228 5400 1353 5471">
    <p class='ocr_par' dir='ltr' id='par_1_76' title="bbox 228 5400 1353 5471">
     <span class='ocr_line' id='line_1_76' title="bbox 228 5400 1353 5471; baseline 0.003 -16"><span class='ocrx_word' id='word_1_742' title='bbox 228 5400 267 5471; x_wconf 57' lang='grc' dir='ltr'><strong>’ξ</strong></span> <span class='ocrx_word' id='word_1_743' title='bbox 298 5402 333 5455; x_wconf 78' lang='grc' dir='ltr'><strong>Β</strong></span> <span class='ocrx_word' id='word_1_744' title='bbox 359 5404 831 5471; x_wconf 79' lang='lat' dir='ltr'><strong>archangelormn,</strong></span> <span class='ocrx_word' id='word_1_745' title='bbox 909 5400 951 5436; x_wconf 62' lang='grc' dir='ltr'>ιδ</span> <span class='ocrx_word' id='word_1_746' title='bbox 975 5406 1030 5457; x_wconf 81' lang='lat' dir='ltr'><strong>B‘</strong></span> <span class='ocrx_word' id='word_1_747' title='bbox 1063 5407 1234 5459; x_wconf 78' lang='lat' dir='ltr'><strong>adscr.</strong></span> <span class='ocrx_word' id='word_1_748' title='bbox 1260 5417 1353 5458; x_wconf 81' lang='lat' dir='ltr'><strong>est.</strong></span> 
     </span>
    </p>
   </div>
   <div class='ocr_carea' id='block_1_77' title="bbox 227 5469 832 5528">
    <p class='ocr_par' dir='ltr' id='par_1_77' title="bbox 227 5469 832 5528">
     <span class='ocr_line' id='line_1_77' title="bbox 227 5469 832 5528; baseline 0.005 -5"><span class='ocrx_word' id='word_1_749' title='bbox 227 5469 261 5499; x_wconf 61' lang='grc' dir='ltr'><strong>θ</strong></span> <span class='ocrx_word' id='word_1_750' title='bbox 289 5470 347 5523; x_wconf 86' lang='lat' dir='ltr'><strong>B&#39;</strong></span> <span class='ocrx_word' id='word_1_751' title='bbox 378 5476 495 5526; x_wconf 83' lang='lat' dir='ltr'><strong>rad.</strong></span> <span class='ocrx_word' id='word_1_752' title='bbox 530 5469 684 5528; x_wconf 69' lang='lat' dir='ltr'><strong>corr.</strong></span> <span class='ocrx_word' id='word_1_753' title='bbox 713 5470 832 5526; x_wconf 78' lang='lat' dir='ltr'><strong>nisi.</strong></span> 
     </span>
    </p>
   </div>
   <div class='ocr_carea' id='block_1_78' title="bbox 226 5541 659 5611">
    <p class='ocr_par' dir='ltr' id='par_1_78' title="bbox 226 5541 659 5611">
     <span class='ocr_line' id='line_1_78' title="bbox 226 5541 659 5611; baseline 0.002 -17"><span class='ocrx_word' id='word_1_754' title='bbox 226 5541 291 5594; x_wconf 77' lang='lat' dir='ltr'><strong>Sic</strong></span> <span class='ocrx_word' id='word_1_755' title='bbox 312 5542 659 5611; x_wconf 72' lang='lat' dir='ltr'><strong>plerumque.</strong></span> 
     </span>
    </p>
   </div>
   <div class='ocr_carea' id='block_1_79' title="bbox 227 5613 1389 5681">
    <p class='ocr_par' dir='ltr' id='par_1_79' title="bbox 227 5613 1389 5681">
     <span class='ocr_line' id='line_1_79' title="bbox 227 5613 1389 5681; baseline 0 -16"><span class='ocrx_word' id='word_1_756' title='bbox 227 5613 386 5666; x_wconf 52' lang='lat' dir='ltr'><strong>Mser.</strong></span> <span class='ocrx_word' id='word_1_757' title='bbox 427 5626 525 5671; x_wconf 57' lang='lat' dir='ltr'><strong>ext.</strong></span> <span class='ocrx_word' id='word_1_758' title='bbox 613 5617 661 5645; x_wconf 65' lang='grc' dir='ltr'><strong>’τ</strong></span> <span class='ocrx_word' id='word_1_759' title='bbox 694 5617 805 5681; x_wconf 59' lang='lat' dir='ltr'><strong>ejus</strong></span> <span class='ocrx_word' id='word_1_760' title='bbox 833 5628 875 5667; x_wconf 74' lang='lat' dir='ltr'><strong>et</strong></span> <span class='ocrx_word' id='word_1_761' title='bbox 907 5617 1168 5668; x_wconf 72' lang='lat' dir='ltr'><strong>ordinatos</strong></span> <span class='ocrx_word' id='word_1_762' title='bbox 1200 5632 1306 5669; x_wconf 75' lang='lat' dir='ltr'><strong>om.</strong></span> <span class='ocrx_word' id='word_1_763' title='bbox 1337 5618 1389 5668; x_wconf 75' lang='lat' dir='ltr'><strong>ll.</strong></span> 
     </span>
    </p>
   </div>
   <div class='ocr_carea' id='block_1_80' title="bbox 736 5545 1660 5614">
    <p class='ocr_par' dir='ltr' id='par_1_80' title="bbox 736 5545 1660 5614">
     <span class='ocr_line' id='line_1_80' title="bbox 736 5545 1660 5614; baseline 0 -19"><span class='ocrx_word' id='word_1_764' title='bbox 736 5546 783 5576; x_wconf 62' lang='grc'><strong>³³</strong></span> <span class='ocrx_word' id='word_1_765' title='bbox 816 5545 872 5595; x_wconf 79' lang='lat' dir='ltr'><strong>B‘</strong></span> <span class='ocrx_word' id='word_1_766' title='bbox 905 5547 968 5598; x_wconf 86' lang='lat' dir='ltr'><strong>atl</strong></span> <span class='ocrx_word' id='word_1_767' title='bbox 997 5562 1163 5614; x_wconf 69' lang='lat' dir='ltr'><strong>marg.</strong></span> <span class='ocrx_word' id='word_1_768' title='bbox 1198 5549 1375 5597; x_wconf 66' lang='lat' dir='ltr'><strong>adscr.</strong></span> <span class='ocrx_word' id='word_1_769' title='bbox 1409 5550 1660 5598; x_wconf 64' lang='lat' dir='ltr'><strong>ordinem.</strong></span> 
     </span>
    </p>
   </div>
   <div class='ocr_carea' id='block_1_81' title="bbox 1493 5126 2138 5194">
    <p class='ocr_par' dir='ltr' id='par_1_81' title="bbox 1493 5126 2138 5194">
     <span class='ocr_line' id='line_1_81' title="bbox 1493 5126 2138 5194; baseline -0.003 -15"><span class='ocrx_word' id='word_1_770' title='bbox 1493 5128 1511 5157; x_wconf 81' lang='grc'>¹</span> <span class='ocrx_word' id='word_1_771' title='bbox 1556 5126 1593 5179; x_wconf 82' lang='grc' dir='ltr'><strong>Β</strong></span> <span class='ocrx_word' id='word_1_772' title='bbox 1636 5143 1793 5194; x_wconf 77' lang='lat' dir='ltr'><strong>supra</strong></span> <span class='ocrx_word' id='word_1_773' title='bbox 1838 5127 2011 5178; x_wconf 72' lang='lat' dir='ltr'><strong>:ttlst&#39;t&#39;.</strong></span> <span class='ocrx_word' id='word_1_774' title='bbox 2044 5135 2138 5177; x_wconf 73' lang='lat' dir='ltr'><strong>est.</strong></span> 
     </span>
    </p>
   </div>
   <div class='ocr_carea' id='block_1_82' title="bbox 1201 5193 2193 5259">
    <p class='ocr_par' dir='ltr' id='par_1_82' title="bbox 1201 5193 2193 5259">
     <span class='ocr_line' id='line_1_82' title="bbox 1201 5193 2193 5259; baseline -0.003 -10"><span class='ocrx_word' id='word_1_775' title='bbox 1201 5197 1221 5227; x_wconf 81' lang='grc'><strong>⁸</strong></span> <span class='ocrx_word' id='word_1_776' title='bbox 1254 5199 1339 5249; x_wconf 74' lang='lat' dir='ltr'><strong>Sic</strong></span> <span class='ocrx_word' id='word_1_777' title='bbox 1366 5197 1450 5249; x_wconf 71' lang='lat' dir='ltr'><strong>AC</strong></span> <span class='ocrx_word' id='word_1_778' title='bbox 1477 5213 1490 5259; x_wconf 87' lang='lat'><strong>;</strong></span> <span class='ocrx_word' id='word_1_779' title='bbox 1521 5207 1591 5247; x_wconf 69' lang='lat' dir='ltr'><strong>est</strong></span> <span class='ocrx_word' id='word_1_780' title='bbox 1632 5193 1740 5247; x_wconf 84' lang='lat' dir='ltr'><strong>om.</strong></span> <span class='ocrx_word' id='word_1_781' title='bbox 1796 5197 1854 5257; x_wconf 72' lang='lat' dir='ltr'><strong>ll,</strong></span> <span class='ocrx_word' id='word_1_782' title='bbox 1899 5198 2070 5247; x_wconf 73' lang='lat' dir='ltr'><strong>adscr.</strong></span> <span class='ocrx_word' id='word_1_783' title='bbox 2110 5193 2193 5246; x_wconf 72' lang='grc' dir='ltr'><strong>θ’.</strong></span> 
     </span>
    </p>
   </div>
   <div class='ocr_carea' id='block_1_83' title="bbox 784 5262 2568 5334">
    <p class='ocr_par' dir='ltr' id='par_1_83' title="bbox 784 5262 2568 5334">
     <span class='ocr_line' id='line_1_83' title="bbox 784 5262 2568 5334; baseline -0.003 -15"><span class='ocrx_word' id='word_1_784' title='bbox 784 5267 827 5299; x_wconf 78' lang='grc' dir='ltr'><strong>⁸ο</strong></span> <span class='ocrx_word' id='word_1_785' title='bbox 869 5266 959 5323; x_wconf 89' lang='lat' dir='ltr'><strong>Sic</strong></span> <span class='ocrx_word' id='word_1_786' title='bbox 1000 5269 1105 5330; x_wconf 63' lang='lat' dir='ltr'><strong>At),</strong></span> <span class='ocrx_word' id='word_1_787' title='bbox 1137 5267 1175 5318; x_wconf 86' lang='grc' dir='ltr'><strong>Β</strong></span> <span class='ocrx_word' id='word_1_788' title='bbox 1221 5270 1577 5334; x_wconf 61' lang='lat' dir='ltr'><strong>manifestare,</strong></span> <span class='ocrx_word' id='word_1_789' title='bbox 1639 5265 1698 5317; x_wconf 84' lang='grc' dir='ltr'><strong>Β·</strong></span> <span class='ocrx_word' id='word_1_790' title='bbox 1744 5282 1902 5334; x_wconf 85' lang='lat' dir='ltr'><strong>supra</strong></span> <span class='ocrx_word' id='word_1_791' title='bbox 1960 5266 2137 5316; x_wconf 86' lang='lat' dir='ltr'><strong>adscr.</strong></span> <span class='ocrx_word' id='word_1_792' title='bbox 2190 5262 2456 5334; x_wconf 72' lang='lat' dir='ltr'><strong>manifest.</strong></span> <span class='ocrx_word' id='word_1_793' title='bbox 2503 5271 2568 5334; x_wconf 75' lang='lat' dir='ltr'><strong>et.</strong></span> 
     </span>
    </p>
   </div>
   <div class='ocr_carea' id='block_1_84' title="bbox 1195 5334 2162 5404">
    <p class='ocr_par' dir='ltr' id='par_1_84' title="bbox 1195 5334 2162 5404">
     <span class='ocr_line' id='line_1_84' title="bbox 1195 5334 2162 5404; baseline -0.002 -15"><span class='ocrx_word' id='word_1_794' title='bbox 1195 5337 1237 5369; x_wconf 79' lang='grc'><strong>⁸³</strong></span> <span class='ocrx_word' id='word_1_795' title='bbox 1268 5338 1324 5389; x_wconf 81' lang='grc' dir='ltr'><strong>Β’</strong></span> <span class='ocrx_word' id='word_1_796' title='bbox 1359 5353 1528 5404; x_wconf 72' lang='lat' dir='ltr'><strong>marg.</strong></span> <span class='ocrx_word' id='word_1_797' title='bbox 1559 5337 1734 5389; x_wconf 83' lang='lat' dir='ltr'><strong>adscr.</strong></span> <span class='ocrx_word' id='word_1_798' title='bbox 1765 5334 2162 5402; x_wconf 83' lang='lat' dir='ltr'><strong>cognominatio.</strong></span> 
     </span>
    </p>
   </div>
   <div class='ocr_carea' id='block_1_85' title="bbox 1433 5405 2460 5474">
    <p class='ocr_par' dir='ltr' id='par_1_85' title="bbox 1433 5405 2460 5474">
     <span class='ocr_line' id='line_1_85' title="bbox 1433 5405 2460 5474; baseline -0.005 -16"><span class='ocrx_word' id='word_1_799' title='bbox 1433 5408 1471 5437; x_wconf 86' lang='grc'>¹⁷</span> <span class='ocrx_word' id='word_1_800' title='bbox 1493 5406 1533 5458; x_wconf 80' lang='grc' dir='ltr'><strong>Β</strong></span> <span class='ocrx_word' id='word_1_801' title='bbox 1561 5422 1668 5460; x_wconf 84' lang='lat' dir='ltr'><strong>rec.</strong></span> <span class='ocrx_word' id='word_1_802' title='bbox 1690 5422 1759 5457; x_wconf 93' lang='lat' dir='ltr'><strong>m.</strong></span> <span class='ocrx_word' id='word_1_803' title='bbox 1782 5421 1951 5474; x_wconf 83' lang='lat' dir='ltr'><strong>marg.</strong></span> <span class='ocrx_word' id='word_1_804' title='bbox 1988 5405 2163 5474; x_wconf 79' lang='lat' dir='ltr'><strong>adscr.</strong></span> <span class='ocrx_word' id='word_1_805' title='bbox 2181 5412 2460 5470; x_wconf 85' lang='lat' dir='ltr'><strong>omotages.</strong></span> 
     </span>
    </p>
   </div>
   <div class='ocr_carea' id='block_1_86' title="bbox 909 5475 1930 5544">
    <p class='ocr_par' dir='ltr' id='par_1_86' title="bbox 909 5475 1930 5544">
     <span class='ocr_line' id='line_1_86' title="bbox 909 5475 1930 5544; baseline -0.001 -17"><span class='ocrx_word' id='word_1_806' title='bbox 909 5477 953 5506; x_wconf 77' lang='lat'><strong>’°</strong></span> <span class='ocrx_word' id='word_1_807' title='bbox 981 5477 1107 5529; x_wconf 86' lang='lat' dir='ltr'><strong>ordo</strong></span> <span class='ocrx_word' id='word_1_808' title='bbox 1133 5492 1239 5530; x_wconf 87' lang='lat' dir='ltr'><strong>om.</strong></span> <span class='ocrx_word' id='word_1_809' title='bbox 1275 5476 1331 5537; x_wconf 80' lang='grc' dir='ltr'><strong>Β,</strong></span> <span class='ocrx_word' id='word_1_810' title='bbox 1367 5478 1429 5528; x_wconf 89' lang='lat' dir='ltr'><strong>a.l</strong></span> <span class='ocrx_word' id='word_1_811' title='bbox 1458 5476 1818 5544; x_wconf 59' lang='lat' dir='ltr'><strong>margadser.</strong></span> <span class='ocrx_word' id='word_1_812' title='bbox 1850 5475 1930 5526; x_wconf 60' lang='grc' dir='ltr'>ιι.</span> 
     </span>
    </p>
   </div>
   <div class='ocr_carea' id='block_1_87' title="bbox 1741 5538 3080 5610">
    <p class='ocr_par' dir='ltr' id='par_1_87' title="bbox 1741 5538 3080 5610">
     <span class='ocr_line' id='line_1_87' title="bbox 1741 5538 3080 5610; baseline -0.009 -14"><span class='ocrx_word' id='word_1_813' title='bbox 1741 5546 1786 5574; x_wconf 77' lang='grc'><strong>’⁸</strong></span> <span class='ocrx_word' id='word_1_814' title='bbox 1815 5545 1850 5595; x_wconf 80' lang='grc' dir='ltr'>Β</span> <span class='ocrx_word' id='word_1_815' title='bbox 1874 5544 2217 5595; x_wconf 77' lang='lat' dir='ltr'><strong>ronnnnnieat</strong></span> <span class='ocrx_word' id='word_1_816' title='bbox 2245 5541 2670 5610; x_wconf 69' lang='lat' dir='ltr'><strong>urclmngrlormn</strong></span> <span class='ocrx_word' id='word_1_817' title='bbox 2702 5538 2825 5587; x_wconf 66' lang='lat' dir='ltr'><strong>ordo</strong></span> <span class='ocrx_word' id='word_1_818' title='bbox 2856 5546 2925 5593; x_wconf 74' lang='lat' dir='ltr'><strong>rt,</strong></span> <span class='ocrx_word' id='word_1_819' title='bbox 2979 5543 3080 5585; x_wconf 59' lang='lat' dir='ltr'><strong>cut.</strong></span> 
     </span>
    </p>
   </div>
   <div class='ocr_carea' id='block_1_88' title="bbox 1474 5614 2182 5669">
    <p class='ocr_par' dir='ltr' id='par_1_88' title="bbox 1474 5614 2182 5669">
     <span class='ocr_line' id='line_1_88' title="bbox 1474 5614 2182 5669; baseline 0.006 -8"><span class='ocrx_word' id='word_1_820' title='bbox 1474 5616 1514 5645; x_wconf 62' lang='grc' dir='ltr'><strong>’ί</strong></span> <span class='ocrx_word' id='word_1_821' title='bbox 1544 5617 1693 5667; x_wconf 65' lang='lat' dir='ltr'><strong>Carr.</strong></span> <span class='ocrx_word' id='word_1_822' title='bbox 1726 5614 1813 5669; x_wconf 79' lang='lat' dir='ltr'><strong>B&#39;.</strong></span> <span class='ocrx_word' id='word_1_823' title='bbox 1838 5615 1924 5667; x_wconf 77' lang='lat' dir='ltr'><strong>AB</strong></span> <span class='ocrx_word' id='word_1_824' title='bbox 1957 5616 2182 5665; x_wconf 76' lang='lat' dir='ltr'><strong>dicatus.</strong></span> 
     </span>
    </p>
   </div>
   <div class='ocr_carea' id='block_1_89' title="bbox 2216 5115 3468 5188">
    <p class='ocr_par' dir='ltr' id='par_1_89' title="bbox 2216 5115 3468 5188">
     <span class='ocr_line' id='line_1_89' title="bbox 2216 5115 3468 5188; baseline -0.009 -13"><span class='ocrx_word' id='word_1_825' title='bbox 2216 5124 2236 5153; x_wconf 89' lang='grc'>³</span> <span class='ocrx_word' id='word_1_826' title='bbox 2265 5123 2304 5174; x_wconf 85' lang='grc' dir='ltr'><strong>Β</strong></span> <span class='ocrx_word' id='word_1_827' title='bbox 2333 5131 2473 5175; x_wconf 83' lang='lat' dir='ltr'><strong>sunt.</strong></span> <span class='ocrx_word' id='word_1_828' title='bbox 2552 5120 2572 5150; x_wconf 68' lang='grc'>⁸</span> <span class='ocrx_word' id='word_1_829' title='bbox 2602 5120 2704 5173; x_wconf 81' lang='lat' dir='ltr'><strong>Pro</strong></span> <span class='ocrx_word' id='word_1_830' title='bbox 2739 5119 2877 5188; x_wconf 79' lang='lat' dir='ltr'><strong>ipsas</strong></span> <span class='ocrx_word' id='word_1_831' title='bbox 2910 5135 3053 5188; x_wconf 13' lang='lat' dir='ltr'><strong>suos“</strong></span> <span class='ocrx_word' id='word_1_832' title='bbox 3084 5115 3123 5169; x_wconf 82' lang='grc' dir='ltr'>Β</span> <span class='ocrx_word' id='word_1_833' title='bbox 3165 5131 3289 5168; x_wconf 81' lang='lat' dir='ltr'><strong>snas</strong></span> <span class='ocrx_word' id='word_1_834' title='bbox 3329 5115 3468 5188; x_wconf 52' lang='lat' dir='ltr'><strong>ipse:</strong></span> 
     </span>
    </p>
   </div>
   <div class='ocr_carea' id='block_1_90' title="bbox 2304 5184 3488 5254">
    <p class='ocr_par' dir='ltr' id='par_1_90' title="bbox 2304 5184 3488 5254">
     <span class='ocr_line' id='line_1_90' title="bbox 2304 5184 3488 5254; baseline -0.012 -9"><span class='ocrx_word' id='word_1_835' title='bbox 2304 5191 2506 5245; x_wconf 73' lang='lat' dir='ltr'><strong>&#39;Coni.</strong></span> <span class='ocrx_word' id='word_1_836' title='bbox 2562 5189 2691 5243; x_wconf 70' lang='grc' dir='ltr'><strong>ΑΒΕ</strong></span> <span class='ocrx_word' id='word_1_837' title='bbox 2737 5184 2860 5242; x_wconf 80' lang='lat' dir='ltr'><strong>uno.</strong></span> <span class='ocrx_word' id='word_1_838' title='bbox 2972 5189 2992 5217; x_wconf 76' lang='grc'><strong>⁸</strong></span> <span class='ocrx_word' id='word_1_839' title='bbox 3030 5186 3069 5239; x_wconf 82' lang='grc' dir='ltr'>Β</span> <span class='ocrx_word' id='word_1_840' title='bbox 3097 5203 3188 5253; x_wconf 81' lang='lat' dir='ltr'><strong>per</strong></span> <span class='ocrx_word' id='word_1_841' title='bbox 3246 5184 3488 5254; x_wconf 69' lang='lat' dir='ltr'><strong>proprii-~</strong></span> 
     </span>
    </p>
   </div>
   <div class='ocr_carea' id='block_1_91' title="bbox 2685 5253 3484 5313">
    <p class='ocr_par' dir='ltr' id='par_1_91' title="bbox 2685 5253 3484 5313">
     <span class='ocr_line' id='line_1_91' title="bbox 2685 5253 3484 5313; baseline -0.018 1"><span class='ocrx_word' id='word_1_842' title='bbox 2685 5260 2721 5289; x_wconf 85' lang='lat'>“</span> <span class='ocrx_word' id='word_1_843' title='bbox 2752 5258 3003 5313; x_wconf 77' lang='lat' dir='ltr'><strong>videlicet.</strong></span> <span class='ocrx_word' id='word_1_844' title='bbox 3036 5272 3142 5310; x_wconf 89' lang='lat' dir='ltr'><strong>om.</strong></span> <span class='ocrx_word' id='word_1_845' title='bbox 3174 5253 3257 5308; x_wconf 48' lang='grc' dir='ltr'><strong>Β(</strong></span> <span class='ocrx_word' id='word_1_846' title='bbox 3347 5253 3388 5283; x_wconf 81' lang='grc'>¹¹</span> <span class='ocrx_word' id='word_1_847' title='bbox 3427 5254 3484 5301; x_wconf 73' lang='lat' dir='ltr'><strong>a5“</strong></span> 
     </span>
    </p>
   </div>
   <div class='ocr_carea' id='block_1_92' title="bbox 2271 5322 3488 5397">
    <p class='ocr_par' dir='ltr' id='par_1_92' title="bbox 2271 5322 3488 5397">
     <span class='ocr_line' id='line_1_92' title="bbox 2271 5322 3488 5397; baseline -0.013 -11"><span class='ocrx_word' id='word_1_848' title='bbox 2271 5333 2315 5364; x_wconf 76' lang='lat'><strong><em>&quot;</em></strong></span> <span class='ocrx_word' id='word_1_849' title='bbox 2349 5331 2503 5385; x_wconf 87' lang='lat' dir='ltr'><strong>Corr.</strong></span> <span class='ocrx_word' id='word_1_850' title='bbox 2564 5330 2648 5391; x_wconf 83' lang='lat' dir='ltr'><strong>B‘;</strong></span> <span class='ocrx_word' id='word_1_851' title='bbox 2677 5347 2772 5397; x_wconf 85' lang='lat' dir='ltr'><strong>pro</strong></span> <span class='ocrx_word' id='word_1_852' title='bbox 2805 5328 2896 5381; x_wconf 83' lang='lat' dir='ltr'><strong>Est</strong></span> <span class='ocrx_word' id='word_1_853' title='bbox 2934 5329 3089 5397; x_wconf 81' lang='lat' dir='ltr'><strong>enim.</strong></span> <span class='ocrx_word' id='word_1_854' title='bbox 3121 5324 3235 5397; x_wconf 53' lang='lat' dir='ltr'><strong>Ad}</strong></span> <span class='ocrx_word' id='word_1_855' title='bbox 3265 5322 3488 5397; x_wconf 74' lang='lat' dir='ltr'><strong>Etenim.</strong></span> 
     </span>
    </p>
   </div>
   <div class='ocr_carea' id='block_1_93' title="bbox 2539 5388 3459 5456">
    <p class='ocr_par' dir='ltr' id='par_1_93' title="bbox 2539 5388 3459 5456">
     <span class='ocr_line' id='line_1_93' title="bbox 2539 5388 3459 5456; baseline -0.016 -1"><span class='ocrx_word' id='word_1_856' title='bbox 2539 5402 2581 5432; x_wconf 70' lang='lat'><strong>&quot;‘</strong></span> <span class='ocrx_word' id='word_1_857' title='bbox 2619 5388 2694 5453; x_wconf 73' lang='lat' dir='ltr'><strong>sic</strong></span> <span class='ocrx_word' id='word_1_858' title='bbox 2725 5401 2763 5453; x_wconf 76' lang='lat' dir='ltr'><strong>C</strong></span> <span class='ocrx_word' id='word_1_859' title='bbox 2789 5406 3002 5451; x_wconf 82' lang='lat' dir='ltr'><strong>eteorr.</strong></span> <span class='ocrx_word' id='word_1_860' title='bbox 3039 5396 3118 5455; x_wconf 75' lang='lat' dir='ltr'><strong>ll‘,</strong></span> <span class='ocrx_word' id='word_1_861' title='bbox 3154 5388 3241 5447; x_wconf 83' lang='lat' dir='ltr'><strong>AB</strong></span> <span class='ocrx_word' id='word_1_862' title='bbox 3273 5392 3459 5456; x_wconf 74' lang='lat' dir='ltr'><strong>celtigi</strong></span> 
     </span>
    </p>
   </div>
   <div class='ocr_carea' id='block_1_94' title="bbox 3129 5462 3487 5527">
    <p class='ocr_par' dir='ltr' id='par_1_94' title="bbox 3129 5462 3487 5527">
     <span class='ocr_line' id='line_1_94' title="bbox 3129 5462 3487 5527; baseline 0 -18"><span class='ocrx_word' id='word_1_863' title='bbox 3129 5462 3175 5493; x_wconf 68' lang='grc'><strong>⁸³</strong></span> <span class='ocrx_word' id='word_1_864' title='bbox 3208 5462 3243 5513; x_wconf 74' lang='grc' dir='ltr'>Β</span> <span class='ocrx_word' id='word_1_865' title='bbox 3272 5463 3487 5527; x_wconf 56' lang='lat' dir='ltr'><strong>optim&quot;,</strong></span> 
     </span>
    </p>
   </div>
   <div class='ocr_carea' id='block_1_95' title="bbox 2010 5473 3052 5534">
    <p class='ocr_par' dir='ltr' id='par_1_95' title="bbox 2010 5473 3052 5534">
     <span class='ocr_line' id='line_1_95' title="bbox 2010 5473 3052 5534; baseline -0.012 -8"><span class='ocrx_word' id='word_1_866' title='bbox 2010 5473 2051 5502; x_wconf 82' lang='grc'><strong>²¹¹</strong></span> <span class='ocrx_word' id='word_1_867' title='bbox 2079 5474 2117 5525; x_wconf 77' lang='grc' dir='ltr'><strong>Β</strong></span> <span class='ocrx_word' id='word_1_868' title='bbox 2140 5474 2449 5533; x_wconf 77' lang='lat' dir='ltr'><strong>ierarcltitte,</strong></span> <span class='ocrx_word' id='word_1_869' title='bbox 2526 5474 2569 5503; x_wconf 83' lang='lat'><strong>&quot;</strong></span> <span class='ocrx_word' id='word_1_870' title='bbox 2597 5477 2633 5522; x_wconf 69' lang='grc' dir='ltr'>Β</span> <span class='ocrx_word' id='word_1_871' title='bbox 2655 5480 2698 5521; x_wconf 83' lang='lat' dir='ltr'><strong>et</strong></span> <span class='ocrx_word' id='word_1_872' title='bbox 2728 5480 3052 5534; x_wconf 60' lang='lat' dir='ltr'><strong>quanquam.</strong></span> 
     </span>
    </p>
   </div>
   <div class='ocr_carea' id='block_1_96' title="bbox 3167 5531 3565 5605">
    <p class='ocr_par' dir='ltr' id='par_1_96' title="bbox 3167 5531 3565 5605">
     <span class='ocr_line' id='line_1_96' title="bbox 3167 5531 3565 5605; baseline 0.003 -22"><span class='ocrx_word' id='word_1_873' title='bbox 3167 5532 3205 5560; x_wconf 75' lang='grc'>²⁶</span> <span class='ocrx_word' id='word_1_874' title='bbox 3232 5531 3286 5583; x_wconf 70' lang='grc' dir='ltr'>ιι·</span> <span class='ocrx_word' id='word_1_875' title='bbox 3322 5548 3483 5605; x_wconf 60' lang='grc' dir='ltr'><strong>ξτείλιιι</strong></span> <span class='ocrx_word' id='word_1_876' title='bbox 3560 5540 3565 5546; x_wconf 86' lang='grc'><em>’</em></span> 
     </span>
    </p>
   </div>
   <div class='ocr_carea' id='block_1_97' title="bbox 3645 1318 3668 1333">
    <p class='ocr_par' dir='ltr' id='par_1_97' title="bbox 3645 1318 3668 1333">
     <span class='ocr_line' id='line_1_97' title="bbox 3645 1318 3668 1333; baseline 0 0"><span class='ocrx_word' id='word_1_877' title='bbox 3645 1318 3668 1333; x_wconf 50' lang='grc' dir='ltr'>ἱ</span> 
     </span>
    </p>
   </div>
  </div>
