3952 6156
419 260 519 319 2H

1513 257 2013 316 EXPOSITIONES
2053 255 2337 314 JOANNIS
2376 256 2573 316 SCOTI

3575 260 3686 317 ’ΞΗ

420 362 579 423 patus
618 348 843 405 faciunt.
879 350 1010 405 Nam
1043 351 1275 421 Angelos
1300 349 1559 405 unilieant
1595 349 1661 404 ad
1696 351 1995 405 communi-
2024 367 2072 423 Α
2099 365 2326 421 corpora
2365 367 2470 407 non
2513 351 2813 422 aequaliter
2847 351 3102 407 solarium
3128 350 3399 406 radiorum
3460 354 3686 424 capacia

419 443 684 498 cationem
713 441 1180 510 superesseutialis
1207 439 1480 509 principii,
1526 449 1581 495 et
1608 441 1626 473 ί
1657 440 1999 510 quemadmo-

420 536 546 590 dum
606 544 831 588 ornatus
891 549 1077 588 eormn
1128 543 1184 588 et
1226 530 1498 587 ordinatio
1551 541 1605 586 et
1652 532 1999 600 intelligibilis

417 626 750 696 principatus
778 625 945 679 Deum
997 623 1379 689 cammunicat,
1428 623 1501 676 ita
1545 631 1600 677 et
1633 624 1849 692 angelos
1896 624 1996 679 sibi

420 719 680 772 unilicaut
701 719 742 780 ',
775 725 825 769 et
875 728 970 782 per
999 715 1338 769 medietatem
1359 714 1805 785 archangclorum
1833 714 1998 769 Deum

419 805 817 860 communicare
859 804 1082 867 faciunt,
1138 804 1297 872 inque
1345 817 1498 864 suam
1548 805 1856 867 societatem
1907 819 2001 859 eos

421 896 717 951 subvehere
747 894 1096 949 contendunt.
1153 893 1278 951 Istis
1306 910 1446 956 vero,
1485 895 1608 964 quia
1642 903 1688 953 et
1729 897 1804 948 eis
1834 895 1999 969 hypo—

416 989 616 1057 phelico
648 986 667 1017 ³
692 995 767 1040 est
815 987 1019 1048 ordine,
1048 986 1252 1039 divinas
1278 984 1689 1041 illuminationes
1720 987 2003 1043 icrarcltice

411 1097 507 1150 per
544 1081 741 1150 primas
784 1081 995 1133 virtutes
1023 1081 1329 1149 suscipiens,
1358 1080 1638 1150 et'Angelis
1674 1098 1761 1135 ens
1802 1081 2002 1151 deifor-

417 1172 571 1223 milcr
604 1173 956 1234 annnncians,
987 1184 1033 1222 ιιι
1067 1187 1160 1240 per
1186 1171 1408 1241 Angelos
1450 1171 1596 1226 nobis
1636 1174 2001 1242 manifestans,

415 1258 701 1311 secundum
725 1275 929 1311 sacrant
970 1254 1656 1329 uniuscujusquedivinitus
1684 1260 2005 1316 illuminato-

417 1364 533 1400 rum
582 1347 900 1417 (titulogiam.
941 1349 1064 1403 Istis
1096 1365 1247 1414 vero,
1279 1351 1378 1405 hoc
1404 1361 1487 1406 est
1508 1352 1750 1424 Angelis,
1775 1353 2007 1408 archan-

417 1438 620 1507 gelicus
648 1440 782 1492 ordo
810 1440 1193 1503 communicat,
1218 1440 1344 1508 quia
1374 1441 1453 1495 eis
1477 1452 1564 1495 est
1591 1444 2004 1514 hypopheticus,

418 1528 472 1581 id
506 1536 610 1589 cst,
652 1527 999 1596 prephcticus
1037 1528 1203 1593 ordo;
1236 1528 1561 1600 Archangeli
1597 1531 1864 1601 siquidem
1913 1548 2005 1592 an-

418 1617 659 1688 gelorum
700 1620 993 1688 prophetae
1036 1629 1196 1685 sunt;
1244 1621 1369 1677 dum
1419 1622 1629 1683 divinas
1657 1624 2005 1685 illuminatio-

2104 449 2248 505 sunt,
2278 441 2527 498 omnibus
2552 450 2732 497 tamen
2756 442 3053 512 aequaliter
3079 441 3563 511 superlunduntur,
3595 444 3685 499 de-

2102 546 2207 600 que
2239 532 2490 587 omnibus
2536 532 2828 587 resiliendo
2870 532 3131 588 relucent.
3187 531 3279 588 Sic
3328 544 3453 588 sunt
3495 550 3686 590 omnes

2102 624 2489 679 intellectuales
2519 634 2681 694 atque
2722 624 3013 679 rationales
3044 626 3228 679 animi.
3272 625 3459 681 Nullus
3487 628 3686 698 quippe

2102 712 2314 766 illorum
2344 721 2447 777 est,
2498 713 2611 767 sive
2658 728 2825 783 purus
2868 713 2961 780 sit,
2992 714 3106 769 sire
3137 716 3555 780 contaminatus,
3591 721 3682 785 qui

2101 820 2295 874 expers
2322 806 2391 860 sit
2421 805 2460 836 ¹¹
2492 804 2654 858 divini
2685 804 2839 859 radii.
2901 803 3015 858 Non
3047 812 3223 860 tamen
3249 806 3546 877 aequaliter
3570 806 3690 875 ejus

2103 911 2329 967 capaces
2368 896 2521 959 iiunt,
2553 910 2728 964 neque
2758 897 2859 949 hoc
2893 897 3001 964 agit
3051 896 3188 950 radii
3235 896 3538 960 inﬁrmitas.
3590 898 3687 953 sed

2105 988 2408 1042 animarum
2432 986 2721 1054 capacitas.
2760 985 2868 1041 Cur
2897 994 3078 1040 autem
3105 1000 3209 1041 non
3237 986 3538 1056 aequaliter
3567 1002 3688 1040 om-

2106 1093 2202 1131 nes
2231 1090 2285 1131 et
2325 1076 2546 1149 angelici
2589 1085 2644 1130 et
2680 1077 2900 1133 humani
2929 1075 3092 1130 animi
3120 1091 3345 1147 capaces
3371 1087 3496 1133 sunt
3523 1079 3688 1132 divini

2106 1167 2263 1232 radii,
2296 1167 2408 1237 ipse
2428 1167 2619 1220 beatus
2652 1165 2935 1237 Dionysius
2963 1164 3089 1219 alibi
3122 1166 3392 1237 exposuit.
3442 1164 3497 1219 Si
3542 1167 3687 1221 enim

2106 1258 2248 1313 Deus
2276 1256 2591 1326 aequaliter,
2616 1257 2820 1325 absque
2847 1255 2953 1310 ulla
2981 1257 3229 1311 ordinum
3269 1257 3603 1313 diversorum
3647 1258 3690 1288 "

2106 1348 2406 1403 ditl‘erentia
2433 1356 2485 1401 et
2509 1348 2837 1418 preprietate
2857 1356 2911 1402 et
2935 1349 3248 1403 ascensione
3263 1356 3316 1403 et
3339 1348 3692 1403 descensione

2107 1440 2376 1494 variorum
2408 1439 2668 1509 graduum
2710 1439 3117 1494 universitatem
3147 1439 3417 1493 conditam
3464 1437 3688 1500 faceret,

2106 1542 2161 1588 et
2214 1532 2390 1587 nullus
2449 1531 2696 1588 fortassis
2754 1532 2888 1586 ordo
2938 1532 2990 1586 in
3049 1531 3322 1603 republica
3376 1539 3691 1586 naturarum

2109 1622 2280 1683 ﬁeret.
2335 1622 2390 1677 Si
2428 1623 2604 1680 nullus
2632 1622 2766 1678 ordo
2792 1621 2942 1678 ﬁeret
2968 1662 2984 1688 ,
3014 1621 3160 1681 nulla
3191 1621 3489 1676 harmonia.
3540 1621 3611 1674 At
3644 1621 3696 1677 si

418 1723 513 1762 nes
539 1708 859 1772 ierarchice,
900 1710 951 1763 id
978 1717 1060 1768 est
1099 1710 1392 1779 pontiﬁcali
1425 1713 1639 1780 ordine,
1684 1731 1780 1786 per
1804 1718 2008 1786 primas
2037 1734 2083 1794 Β
2112 1711 2254 1769 nulla
2303 1712 2619 1775 harmonia,
2670 1711 2812 1771 nulla
2862 1721 3182 1781 sequeretur
3236 1711 3578 1783 pulchritudo
3625 1710 3693 1763 ¹³.

417 1800 666 1859 virtutes.
714 1798 1057 1869 Priueipatus
1088 1801 1358 1867 videlicet,
1411 1805 1501 1874 qui
1547 1820 1618 1878 se.
1652 1809 2003 1876 praecedunt,

418 1891 662 1959 suscipit,
695 1901 748 1943 et
778 1906 869 1944 eas
901 1892 1321 1955 illuminationes
1350 1895 1506 1951 nobis
1526 1898 1872 1969 perAngelos
1896 1917 2008 1954 ma.

418 1983 638 2037 uilestat
680 1983 973 2038 secundum
1021 1994 1266 2043 sanctam
1317 1988 1620 2060 analogiam
1666 1992 2007 2064 uniuscujus-

418 2090 523 2144 que
557 2091 625 2128 ex
659 2075 766 2129 Deo
807 2074 1227 2138 illuminatorum
1257 2076 1556 2145 hominum.
1591 2082 1808 2145 Duobus
1829 2086 2008 2155 itaque

419 2166 597 2220 modis
658 2165 981 2236 Archangeli
1045 2167 1217 2239 angeli
1266 2173 1775 2235 communicativam
1834 2178 2008 2246 possi-

418 2257 551 2311 deat
621 2257 958 2312 societatem.
1037 2258 1221 2321 Primo
1281 2261 1537 2329 quidem,
1599 2265 1725 2333 quia
1795 2266 2010 2325 divinae

417 2346 719 2417 sapientiae
789 2347 1244 2415 illuminationes,
1325 2365 1462 2421 quas
1524 2367 1622 2421 per
1684 2354 1893 2427 priores
1949 2371 2010 2412 se

420 2436 649 2490 virtutes
693 2436 1011 2506 suscipiunt,
1047 2436 1265 2507 Angelis
1320 2441 1662 2503 atmuntiant.
1718 2439 2007 2510 Secundo,

420 2528 548 2598 quia
611 2543 709 2599 per
754 2529 990 2598 Angelos
1041 2530 1266 2585 traditas
1322 2530 1423 2585 sibi
1450 2531 1869 2594 illuminationes
1913 2551 2010 2590 no-

418 2619 505 2673 bis
559 2618 926 2673 manifestam.
983 2618 1081 2682 Ubi
1118 2619 1275 2675 datur
1331 2620 1768 2693 intelligi,quod,
1819 2639 2006 2695 quem-

422 2708 714 2763 admodum
762 2710 784 2739 ⁵
830 2709 1153 2781 Archangcli
1211 2710 1537 2769 mediatores
1603 2712 2008 2784 Principatuum

418 2809 473 2854 et
526 2800 887 2872 Angelorum,
944 2801 1016 2859 ita
1068 2802 1258 2876 Angeli
1323 2804 1648 2866 mediatores
1701 2807 2010 2885 Archange-

421 2890 594 2945 lorum
646 2898 696 2947 et
753 2891 1051 2946 hominttm.
1108 2892 1226 2967 Quo
1277 2895 1330 2949 in
1379 2894 1499 2955 loco
1546 2912 1651 2961 non
1706 2902 2007 2971 spernenda

428 2984 604 3037 oritur
633 2984 880 3053 quaestio
911 3002 924 3039 :
955 2985 975 3017 '
1003 2983 1058 3040 Si
1089 2986 1142 3040 bi
1177 2995 1287 3041 tres
1335 2988 1553 3047 ordines
1604 2992 1797 3047 tertiae
1843 2995 2011 3049 ierar-

2113 1804 2167 1860 In
2199 1803 2419 1859 omnino
2443 1803 2585 1857 enim
2629 1802 2897 1863 similibus
2938 1801 3081 1857 sicut
3106 1800 3246 1859 nulla
3281 1802 3557 1855 harmonia
3587 1811 3694 1864 est,

2110 1895 2182 1947 ita
2208 1893 2351 1959 nulla
2389 1892 2752 1962 pulchritudo.
2782 1891 2879 1947 Est
2905 1891 3049 1947 enim
3078 1889 3122 1922 ί*
3146 1890 3428 1946 harmonia
3461 1891 3506 1923 ι’
3535 1890 3697 1945 dissi-

2110 1983 2315 2038 milium
2345 1982 2812 2052 inaequaliumque
2862 1996 3043 2038 rerum
3084 1981 3361 2036 adunatio.
3411 1979 3696 2036 Universi-

2112 2084 2275 2130 tatem
2304 2083 2481 2130 autem
2512 2084 2737 2130 naturae
2767 2075 3018 2130 conditae
3044 2073 3446 2144 pulchritudine
3470 2086 3697 2139 carere,

2109 2170 2353 2229 Creatori
2388 2169 2626 2223 omnium
2672 2167 3005 2237 iudicaretur
3043 2166 3697 2225 inconvenientissimum.

2110 2261 2280 2317 Porro
2311 2262 2353 2316 si
2396 2274 2552 2315 nemo
2599 2271 2745 2313 recte
2791 2259 3287 2331 philosophantium
3336 2259 3699 2316 universalem

2109 2363 2412 2409 creaturam
2448 2354 2500 2406 in
2529 2351 2892 2423 pulcherrima
2942 2351 3227 2413 harmonia
3274 2365 3396 2407 esse
3443 2351 3700 2407 constitu-

2111 2454 2219 2500 tam
2248 2440 2476 2508 dubitat,
2506 2444 2769 2513 seqaitur,
2795 2442 2960 2503 etiam
3008 2443 3074 2501 de
3117 2444 3308 2504 ordine
3353 2444 3524 2513 ipsius
3565 2441 3699 2498 nulli

2110 2534 2411 2605 sapientum
2457 2534 2728 2597 haesitare
2771 2531 2954 2594 licere.
2997 2530 3112 2586 Non
3144 2533 3286 2587 enim
3316 2548 3457 2586 nunc
3484 2532 3551 2590 de
3575 2546 3701 2602 apo

2109 2626 2267 2681 statis
2294 2624 2496 2694 angelis
2521 2635 2578 2678 et
2600 2623 2984 2684 contaminatis
3009 2623 3316 2679 hominibus
3334 2665 3348 2687 ,
3381 2625 3472 2698 qui
3505 2622 3701 2678 merito

2110 2714 2346 2777 malitiae.
2363 2731 2490 2768 suae
2511 2714 2721 2769 divinae
2747 2712 3153 2767 illmninationis
3174 2713 3383 2773 radium
3410 2729 3438 2769 a
3468 2728 3525 2768 se
3548 2712 3592 2745 "
3614 2728 3701 2769 re-

2109 2805 2333 2883 pellunt,
2363 2820 2539 2857 sermo
2562 2812 2663 2862 est.
2689 2806 2781 2857 sed
2811 2804 2876 2858 de
2905 2803 3132 2860 naturali
3158 2805 3347 2858 ordine
3376 2803 3703 2861 universalis

2111 2906 2353 2957 naturae.
2411 2898 2450 2927 ¹⁷
2514 2897 2769 2965 Sequitur
2825 2896 2868 2929 “
2920 2915 2932 2949 :
2984 2895 3093 2966 Ipsi
3143 2896 3279 2953 enim
3312 2895 3512 2965 Angeli,
3564 2896 3700 2949 sicut

2110 2990 2466 3057 praediximus
2494 3029 2508 3050 ,
2549 2986 2876 3055 complectire
2918 2997 3277 3047 consummant
3325 3004 3499 3041 omnes
3534 2986 3701 3041 caele-

421 3074 595 3140 cbiae,
649 3074 989 3146 Principatus
1032 3077 1190 3143 dico,
1236 3078 1605 3149 Archangelos
1654 3090 1704 3136 et
1757 3082 2008 3153 Angelos,
2040 3087 2085 3147 (ζ,
2116 3079 2270 3134 stium
2314 3079 2610 3130 animorum
2642 3076 3023 3145 dispositiones,
3069 3075 3352 3131 secundum
3395 3075 3532 3145 quod
3574 3091 3704 3130 cou-

419 3177 718 3237 omotages,
753 3167 804 3221 id
833 3176 916 3222 est
934 3210 947 3231 ,
977 3169 1382 3238 aequipotentes
1407 3171 1428 3200 ⁸
1452 3187 1546 3225 seu
1586 3173 1822 3244 collegae
1846 3176 1866 3211 ⁷
1916 3191 2010 3230 seu

418 3257 671 3314 similiter
692 3258 715 3289 ⁸
739 3259 1079 3316 honorabiles
1129 3269 1276 3324 sunt,
1312 3276 1416 3330 qua
1448 3263 1654 3319 ratione
1688 3266 2010 3337 Archangeli

421 3350 748 3404 mediatores
799 3361 923 3404 sunt
956 3350 1363 3425 Principatuum
1415 3356 1752 3423 superiorum
1809 3374 1901 3420 se,
1956 3368 2013 3414 et

417 3442 772 3510 Angelornm,
789 3455 925 3509 quos
943 3450 1216 3497 extremos
1244 3444 1483 3498 omnium
1506 3445 1818 3501 caelestium
1843 3449 2002 3505 virtu.

422 3539 532 3584 tum
568 3530 862 3602 theologica
901 3533 1120 3588 tradidit
1150 3535 1439 3590 doctrina?
1488 3536 1598 3592 Nec
1634 3539 1734 3594 hoc
1767 3540 1818 3599 in
1854 3542 2011 3600 tertia

419 3624 615 3690 solum,
642 3626 734 3679 sed
749 3626 911 3679 etiam
946 3626 998 3680 in
1015 3628 1274 3687 secunda.
1302 3642 1442 3705 quae
1472 3643 1552 3685 est
1575 3639 1628 3684 et
1654 3633 1850 3697 media,
1881 3644 1935 3688 et
1958 3634 2009 3687 iu

417 3714 589 3783 prima
622 3715 903 3783 quaeritur
926 3715 1213 3771 icrarchia.
1248 3718 1528 3785 Quomodo
1548 3721 1692 3775 enim
1721 3719 2008 3793 Scraphim

415 3813 473 3861 et
515 3804 806 3861 Cherubim
845 3816 900 3861 et
935 3806 1135 3862 Throni
1176 3810 1411 3880 collegae
1440 3821 1495 3875 et
1549 3815 1959 3884 aequipotentes
1987 3814 2009 3846 '

415 3904 562 3960 sunt,
614 3897 657 3951 si
701 3896 991 3951 Cherubim
1043 3900 1349 3956 medietatis
1396 3902 1574 3957 locum
1627 3904 1770 3966 inter
1808 3906 2010 3976 primas

417 3983 704 4057 Seraphim
747 3998 802 4043 et
849 3990 1068 4044 ultimas
1102 3989 1445 4046 'l‘hrouorum
1503 3994 1731 4051 virtutes
1779 3995 2047 4057 tenenti.

418 4080 679 4135 Similiter
710 4081 775 4135 de
804 4079 1124 4146 Virtutibus,
1144 4081 1528 4150 l’olestatibus,
1549 4086 2011 4143 Dominationibus

416 4175 889 4229 considerandum.
938 4175 995 4228 lu
1018 4190 1121 4245 qua
1149 4178 1465 4246 quaestione
1496 4180 1568 4234 nil
1604 4180 1734 4235 mihi
1765 4196 2005 4236 commu-

426 4263 546 4316 dius
575 4264 811 4317 occurrit
841 4264 1146 4330 dicendum,
1185 4282 1346 4334 quam
1388 4284 1579 4323 omnes
1621 4284 1790 4339 aeque
1815 4280 2007 4340 poten-

419 4365 501 4409 tes
528 4354 568 4386 ³⁸
590 4371 710 4410 esse
753 4357 803 4409 in
828 4355 1067 4425 appetitu
1092 4358 1370 4414 societatis
1395 4362 1863 4430 superessentialis
1893 4378 2007 4417 om-

2116 3165 2483 3226 summnndnm
2531 3175 2629 3231 est,
2673 3176 2724 3217 ut
2769 3166 2824 3228 in
2866 3165 3172 3219 caelestibus
3197 3164 3429 3219 essentits
3457 3166 3703 3223 habentes

2114 3261 2402 3331 angelicam
2428 3259 2471 3289 "
2495 3259 2881 3329 prolirietatem.
2901 3257 3213 3329 Propterea,
3240 3258 3434 3329 inquit,
3456 3257 3706 3315 Arrhau-

2114 3352 2214 3420 geli
2247 3367 2343 3420 per
2372 3351 2607 3422 Angelos
2637 3366 2902 3420 supernas
2935 3349 3357 3404 illuminationcs
3408 3348 3562 3404 nobis
3603 3364 3705 3402 an?

2115 3444 2383 3505 nuntiant,
2447 3442 2701 3511 quoniam
2748 3440 2958 3511 Angeli,
3017 3440 3158 3494 sicut
3209 3439 3545 3515 praedictum
3594 3450 3700 3503 εει,

2113 3534 2384 3605 coinplent
2416 3542 2876 3593 etcousununant
2924 3547 3112 3587 omnes
3160 3532 3560 3601 dispositiones,
3611 3544 3705 3585 or-

2114 3633 2271 3677 natus
2320 3622 2607 3684 videlicet,
2652 3621 2964 3676 caelestium
3018 3620 3343 3675 animorum.
3393 3619 3703 3676 Secundum

2112 3712 2255 3782 quo-l
2297 3714 2781 3766 consummandqu
2808 3718 2920 3774 est;
2955 3724 3018 3762 ea
3047 3707 3255 3763 scilicet
3301 3710 3545 3771 ratione,
3590 3722 3701 3777 qua

2113 3803 2391 3874 dispositio
2448 3801 2751 3856 animorum
2798 3799 3115 3855 caelestium
3174 3798 3219 3831 ¹⁰
3273 3800 3701 3855 consummanda

2111 3906 2165 3950 et
2199 3895 2604 3949 delcrtninanda
2635 3894 2807 3948 est".
2850 3892 3022 3960 Quam
3069 3894 3334 3949 rationem
3383 3889 3698 3963 subiungit:

2112 3996 2173 4041 ut
2201 3987 2253 4040 in
2278 3987 2597 4040 caelestibus
2625 3985 2876 4040 cssentiis
2924 3984 3184 4044 habentes
3234 3982 3530 4051 angelicam
3574 3996 3702 4052 pro-

2109 4078 2416 4147 prietatem.
2467 4075 2545 4138 Ac
2592 4075 2636 4129 si
2675 4076 2877 4135 diceret
2907 4093 2920 4129 :
2951 4084 3133 4144 utpote
3168 4075 3293 4129 dum
3322 4073 3524 4131 habent
3556 4073 3704 4133 inter

2111 4169 2371 4226 caelestes
2398 4168 2660 4224 essentias
2685 4169 2951 4239 quandam
2980 4168 3367 4238 proprietatem
3385 4208 3400 4227 ,
3431 4182 3535 4236 qua
3577 4180 3703 4236 Spe-

2109 4262 2318 4317 cialiter
2350 4260 2536 4332 Angeli
2568 4261 2933 4325 nominantur,
2958 4275 3096 4331 quae
3139 4259 3237 4314 soli
3283 4261 3560 4330 gnosticac
3588 4262 3702 4316 vir—

2111 4354 2212 4407 tuti
2237 4354 2283 4391 ¹¹
2307 4354 2518 4422 cognita
2548 4361 2652 4417 est,
2676 4334 2959 4422 per’quam
2992 4350 3213 4421 singulis
3239 4350 3554 4410 caelestium
3581 4352 3703 4404 atti-

419 4446 565 4499 Itium
594 4461 790 4501 causae
812 4487 825 4509 .
864 4447 914 4500 in
946 4447 1062 4516 ejus
1092 4466 1217 4505 vero
1242 4439 1654 4524 participatione
1683 4457 2007 4526 multiplices
2032 4444 2084 4505 1)
2111 4457 2321 4500 morum
2355 4440 2636 4496 ordinibus
2673 4441 3030 4511 proprietates
3057 4442 3439 4495 discernuntur
3462 4439 3533 4519 τί,
3581 4440 3701 4502 dis-

417 4535 752 4590 asceusionis
787 4545 842 4589 ct
876 4538 1244 4597 descensionis
1269 4545 1469 4614 gradus
1494 4546 1792 4616 possidere.
1836 4548 2007 4603 Unus-

418 4625 646 4695 quisque
672 4625 815 4679 cnim
848 4627 1157 4684 caelestium
1180 4632 1485 4689 animorum
1516 4637 1648 4691 ordo
1671 4636 1824 4707 juxta
1853 4652 2005 4692 suam

420 4715 725 4786 analogiam
787 4717 1089 4773 divinarum
1153 4721 1606 4781 illuminationum
1673 4744 1845 4799 capax
1899 4737 2002 4784 est.

417 4801 606 4860 Nullus
634 4813 813 4857 autem
849 4804 929 4858 eis
957 4806 1218 4873 privatur,
1253 4813 1508 4880 quoniam
1541 4814 1593 4869 in
1637 4830 1826 4871 onmes
1854 4831 2003 4871 com-

421 4894 659 4949 muniter
685 4891 1016 4948 diifunditur.
1062 4894 1197 4951 Nam
1221 4910 1277 4955 et
1312 4915 1406 4954 aer
1427 4909 1482 4956 et
1508 4918 1649 4974 aqua
1678 4913 2000 4973 terrenaque

2110 4535 2435 4590 tribuuntur.
2484 4531 2741 4602 Sequitur
2774 4551 2786 4586 :
2820 4531 2865 4564 "‘
2894 4530 2961 4584 Et
2985 4530 3150 4602 magis
3189 4530 3330 4602 apud
3385 4547 3479 4584 nos
3514 4530 3704 4599 Ληρειί

2106 4644 2264 4699 quam
2286 4627 2486 4696 priores
2508 4626 2678 4697 aptius
2707 4625 2980 4688 nominati,
3009 4634 3264 4695 quantum
3297 4631 3344 4676 et
3375 4624 3513 4676 circa
3539 4622 3704 4691 signi-

2078 4716 2351 4793 ﬁcantius
2382 4715 2506 4787 ipsis
2539 4726 2612 4769 est
2635 4715 2915 4777 ierant/tia,
2957 4725 3004 4769 el
3047 4714 3214 4783 magis
3254 4714 3698 4768 circumomalus.

2110 4806 2264 4861 Nunc
2305 4808 2567 4861 rationem
2598 4806 2650 4839 "
2699 4805 2894 4870 reddit,
2943 4820 3042 4859 cur
3094 4804 3140 4835 "
3195 4819 3386 4859 omnes
3431 4801 3703 4859 caelestes

2107 4900 2373 4963 essentiae
2400 4914 2429 4953 a
2460 4898 2719 4970 theologis
2732 4898 2903 4977 angeli
2918 4898 3243 4969 generaliter
3264 4897 3600 4968 appellentur
3625 4900 3700 4961 ",

1733 5047 1815 5103 \‘A
1828 5047 1984 5111 lllAE
2022 5044 2422 5104 LECTIONES.

497 5167 514 5200 ¹
543 5157 791 5236 Ειῐιθηιιτ,
820 5173 918 5236 pro
952 5163 1165 5236 etéBC
1196 5176 1269 5219 ut.
1347 5170 1367 5199 ³
1395 5167 1487 5223 Sic
1501 5166 1666 5226 C.AB
1691 5166 1985 5236 niniﬁcunt.
2061 5165 2185 5218 ἈΒ
2219 5164 2494 5236 ypofetico,
2528 5160 3137 5236 sic_1ddqne;B‘_marg.
3163 5158 3460 5236 adsc‘r.i.e‘.
3476 5157 3703 5236 prophe-

425 5242 548 5297 tico,
562 5234 602 5289 (λ
615 5228 929 5302 prop/grtia).

430 5380 488 5444 Δ,
528 5376 616 5430 ΑΒ
652 5385 819 5448 neque.
840 5381 1135 5448 potestates.
1172 5379 1235 5439 (ὲ,
1262 5390 1635 5448 eqnepotemes.

430 5437 486 5484 η’
520 5437 871 5516 ριιιεΙιγὲιιξιίοη
893 5458 1000 5497 om.
1041 5445 1100 5506 Β.
1127 5437 1311 5516 marg:
1351 5437 1526 5502 adscr.
1575 5449 1613 5501 Β
1644 5452 1679 5501 ⁸.

431 5508 651 5573 (iulium.
760 5508 775 5537 ¹
900 5527 1151 5572 creature.

426 5586 726 5648 carlcstinm
750 5594 1062 5643 “minorem.

1122 5236 1233 5307 rad.
1252 5253 1393 5291 corr.
1408 5232 1846 5307 quemadmodum
1864 5237 1983 5305 fuit.
2000 5236 2200 5307 Cquem
2310 5239 2536 5307 mollitur.

440 5298 672 5365 .otmucs.
748 5300 767 5329 "
788 5298 875 5352 Sic
891 5302 949 5359 (2.
969 5302 1056 5356 All
1070 5306 1308 5374 colligae.
1384 5310 1405 5340 ⁸
1420 5298 1511 5364 Sic
1524 5310 1564 5363 (Σ
1579 5319 1631 5362 et
1646 5324 1787 5363 corr.
1806 5298 1886 5369 B’,
1905 5323 2002 5376 pro
2014 5298 2104 5361 sc'u
2119 5304 2356 5376 similiter
2366 5301 2454 5376 ΑΔΒ
2467 5319 2527 5376 se
2543 5304 2666 5354 hum
2692 5302 2827 5376 (iter.
2905 5300 2979 5376 il}
2995 5308 3403 5376 iieqnepotentes.

1258 5515 1299 5549 ⁸⁸
1327 5518 1365 5571 Β
1396 5523 1410 5537 '
1443 5535 1612 5585 marg.
1645 5521 1822 5573 adscr.
1876 5519 1948 5570 De
1979 5515 2175 5585 angelis

1142 5590 1180 5619 ¹¹
1215 5602 1286 5642 est
1317 5608 1419 5641 om.
1455 5589 1602 5648 Alit),
1633 5607 1791 5659 supra
1818 5590 1991 5641 azisrr.
2026 5586 2067 5640 ll
2090 5590 2127 5637 '.

2618 5233 2638 5263 ⁵
2656 5233 2693 5285 ll
2707 5226 2875 5298 marg.
2895 5230 3068 5284 adscr.
3089 5226 3357 5294 Quaestio.
3434 5227 3455 5257 ⁶
3477 5226 3519 5298 Β
3538 5243 3704 5298 itaque

3482 5297 3524 5328 ιθ
3540 5294 3699 5349 COrr.

1716 5379 1757 5408 “
1794 5366 1969 5432 Sic'C
1998 5385 2052 5431 et
2080 5375 2193 5429 rad.
2227 5390 2369 5427 corr.
2402 5370 2472 5438 il;
2508 5374 2544 5423 Α
2577 5373 2846 5440 expressit.
2925 5372 2965 5440 ε’
3005 5366 3385 5422 Bdivcrsorum
3428 5366 3696 5440 ordinum.

1761 5450 1803 5479 “
1827 5448 1917 5501 Sic
1948 5448 2055 5511 AC,
2084 5460 2181 5514 pro
2207 5456 2278 5497 es!
2321 5436 2527 5514 eninth
2553 5436 2759 5495 etenim.
2814 5441 2876 5514 βξ
2916 5439 2958 5493 Β
2987 5440 3162 5493 adscr.
3216 5447 3320 5514 est.
3493 5436 3535 5489 Β
3572 5450 3724 5514 q‘stv‘!‘

2280 5513 2319 5544 ¹⁹
2349 5513 2633 5580 angelicum
2663 5528 2769 5566 om.
2797 5511 2905 5572 AB,
2932 5524 3113 5580 marg.
3163 5508 3338 5580 adscr.
3387 5506 3488 5580 μ’.
3529 5574 3538 5580 _
3568 5505 3637 5580 _'°

2205 5585 2248 5614 "
2281 5584 2371 5637 Sic
2406 5572 2445 5635 (ζ
2474 5594 2523 5635 et
2556 5598 2699 5636 corr.
2747 5581 2829 5643 B‘,
2879 5579 2965 5633 AB
3000 5572 3207 5632 virium.
3285 5576 3330 5607 “
3387 5575 3478 5629 Sic
3513 5574 3623 5629 AC.
3664 5572 3709 5632 li

426 5644 1263 5733 ξέίςινενηιιηιιιζ(νικωμένη.μ’).
1345 5644 2109 5713 ¹”ἳΗ-Σιδιιίιι.’’διῖξ-ςτιιυηθδ.
2189 5652 3149 5717 "tlorr.B',ABrircnm,(jcurctmt.
3231 5644 3757 5715 "Cappellnmurg.
