3952 6156
283 333 387 391 213

1130 326 1353 385 SUPER
1395 326 1818 382 llilUllClliAM
1858 326 2264 383 CAELESTEM
2307 329 2363 383 S.
2405 326 2560 383 DION
2577 327 2723 383 YSII.

3459 332 3564 387 2H

279 458 561 504 extremus
599 444 736 501 Ordo
778 443 1194 512 hominibusque
1241 441 1518 512 proximus
1567 441 1868 511 specialiter
1899 445 1943 501 Α
1974 442 2271 498 nationibus
2309 452 2359 495 et
2399 441 2688 496 Virtutibus
2710 453 2756 494 et
2784 441 3155 505 Potestatibus,
3184 443 3298 513 ejus
3342 445 3385 508 ἐ
3428 464 3562 517 quae

278 536 556 610 angelicus
573 534 886 597 nominatur
917 534 954 586 ⁸.
1003 532 1194 603 Magis,
1225 531 1429 601 inquit,
1462 530 1601 598 apud
1642 545 1740 597 nos
1770 530 1866 584 ho-

277 630 477 691 mines,
503 640 668 696 quam
693 625 836 694 apud
862 622 1121 679 caelestes
1148 622 1377 677 virtutes
1403 620 1580 689 aptius
1606 618 1865 678 nominati

275 728 402 776 sunt
421 718 622 789 angeli,
646 733 807 788 quam
832 715 1060 786 priores,
1091 714 1193 769 hoc
1229 722 1333 779 est,
1357 727 1520 783 quam
1548 712 1867 781 praeceden-

277 823 359 867 tes
398 825 497 866 eos
545 809 792 871 virtutes,
827 807 1080 878 quoniam
1116 804 1237 876 plus
1262 819 1425 874 quam
1453 803 1758 874 superiores
1780 815 1869 857 or-

273 906 432 959 dines
458 902 620 957 nobis
661 900 1119 971 appropinquant,
1176 898 1457 969 magisque
1501 896 1655 951 nobis
1690 895 1867 950 divina

273 993 602 1049 aiiiiuntiant
629 1000 684 1046 et
711 991 961 1062 aperiunt
989 988 1265 1061 mysteria.
1304 988 1577 1055 Quantum
1622 995 1679 1041 et
1724 986 1867 1040 circa

273 1084 677 1155 signiﬁcantius
718 1082 850 1152 ipsis
878 1090 961 1139 est
991 1080 1258 1142 ierarchia
1281 1088 1336 1132 et
1360 1078 1533 1149 magis
1575 1078 1870 1132 circumor—

274 1185 455 1239 nutus,
490 1174 597 1227 hoc
624 1183 728 1236 est,
761 1171 815 1227 in
843 1178 1049 1233 tantum
1081 1170 1222 1247 apud
1253 1184 1352 1224 nos
1381 1168 1559 1237 aptius
1606 1166 1866 1221 nominati

272 1277 396 1323 sunt
424 1265 627 1338 angeli,
654 1280 814 1343 quam
844 1264 1075 1334 priores,
1105 1262 1157 1316 in
1185 1271 1446 1332 quantum
1487 1271 1572 1317 est
1603 1260 1734 1332 ipsis
1788 1262 1867 1314 ie-

275 1363 491 1426 rarcbia
506 1363 528 1403 ³
554 1362 701 1415 circa
729 1359 882 1424 illud,
898 1359 1039 1434 quod
1054 1357 1471 1427 significantius,
1497 1356 1601 1411 hoc
1621 1363 1722 1417 est,
1757 1368 1870 1408 ma-

271 1451 521 1506 nifestius
565 1457 621 1503 et
663 1448 973 1517 expressius
1009 1446 1163 1501 nobis
1210 1461 1309 1516 per
1355 1459 1450 1499 eos
1495 1443 1864 1498 annuntiatur.

271 1543 508 1603 Intuere,
541 1539 688 1608 quod
724 1536 1117 1607 signiﬁcantius
1157 1551 1276 1602 seu,
1306 1545 1364 1591 ut
1405 1550 1661 1605 expresse
1690 1543 1866 1589 trans-

271 1632 462 1693 fertur,
500 1627 842 1685 manifestius
884 1642 991 1682 non
1029 1636 1156 1683 sunt
1196 1628 1561 1698 comparativa
1592 1626 1865 1690 adverbia,

270 1724 363 1781 sed
410 1722 747 1784 neutralium
801 1720 1079 1774 nominum
1126 1720 1517 1789 comparativa.
1581 1718 1649 1772 Et
1696 1718 1868 1789 magis

1972 543 2046 586 est
2076 531 2403 603 Principibus
2433 533 2454 569 ‘
2484 543 2531 587 et
2555 532 2890 603 Arcltangelis
2922 546 2968 587 et
2988 532 3220 604 Angelis,
3271 534 3563 592 ierarchiae

1972 623 2279 692 principuri.
2331 623 2488 679 Patet
2522 624 2664 692 quod
2708 624 2784 678 ait
2821 641 2834 678 :
2867 624 3271 679 Aestimaudum
3293 641 3443 687 vero,
3477 627 3561 680 iu-

1973 713 2105 784 quit,
2134 715 2422 769 secundam
2451 715 2773 773 ierarcbiam
2818 717 3007 770 tertiae
3042 717 3340 773 ierarebiae
3361 719 3563 786 princi-

1974 805 2111 875 pari.
2175 803 2243 859 Ut
2271 806 2415 859 enim
2466 806 2636 877 prima
2666 806 2955 861 secundam
2987 807 3053 870 ³⁸,
3087 807 3157 860 ita
3189 810 3424 861 secunda
3456 816 3562 862 ter-

1975 894 2102 948 tiam
2142 894 2447 950 sanctificat
2474 905 2528 951 et
2562 895 2705 951 ducit
2735 896 2798 950 “.
2864 896 2977 950 Dux
3011 897 3255 952 videlicet
3286 899 3453 967 ipsius
3481 908 3560 954 est

1972 982 2089 1053 ejus
2119 983 2467 1053 principatus.
2498 981 2682 1038 Prima
2711 986 2918 1055 quidem
2940 986 3198 1049 icrarclu'a
3223 989 3560 1046 aeStimanzla

1973 1084 2057 1130 est
2084 1076 2377 1146 principari
2425 1078 2469 1117 ”
2500 1078 2690 1131 tertiae
2736 1076 3065 1146 manifestius
3115 1079 3353 1147 quidem,
3399 1096 3560 1152 quam

1973 1164 2147 1235 prima
2194 1165 2461 1221 ierarcbia
2497 1165 2834 1236 principatur
2874 1166 3102 1231 mediae,
3136 1169 3389 1229 occultius
3420 1185 3560 1232 vero,

1975 1261 2026 1315 id
2055 1268 2160 1326 est,
2186 1261 2347 1315 altius
2367 1270 2423 1316 et
2442 1261 2720 1326 secretius,
2748 1277 2906 1331 quam
2927 1252 3009 1324 ea,
3037 1262 3193 1316 tertia
3224 1263 3267 1295 "
3292 1264 3557 1326 videlicet,
3619 1311 3622 1314 .

1970 1371 2104 1424 quae
2143 1365 2257 1425 post
2297 1371 2434 1419 eam,
2466 1354 2693 1410 mediam
2719 1353 2899 1429 plane,
2925 1355 3215 1409 constituta
3262 1364 3363 1409 est.
3409 1356 3562 1422 Quod

1972 1455 2151 1515 potest
2199 1446 2279 1499 sic
2331 1446 2434 1500 dici
2486 1464 2498 1498 :
2554 1446 2727 1499 media
2775 1445 3039 1506 ierarcbia
3098 1444 3436 1507 manifestior
3480 1456 3563 1499 est

1972 1552 2133 1604 quam
2172 1536 2365 1606 prima,
2397 1535 2658 1594 occultior
2694 1553 2825 1592 vero
2867 1553 3027 1607 quam
3080 1537 3258 1601 tertia,
3284 1552 3344 1590 ea
3382 1535 3562 1606 profe-

1972 1635 2060 1684 cto
2096 1626 2327 1689 ratione,
2371 1642 2474 1696 qua
2504 1626 2798 1681 occultiora
2831 1638 2886 1680 et
2934 1626 3559 1696 incomprehensibiliora

1972 1725 2119 1784 sunt,
2141 1733 2278 1788 quae
2307 1732 2502 1773 causae
2526 1719 2767 1772 omnium
2794 1718 3255 1788 appropinquant,
3287 1719 3390 1781 his,
3421 1733 3561 1788 quae

269 1816 728 1883 circumornatus,
759 1811 813 1866 id
844 1819 947 1876 est,
980 1812 1153 1883 magis
1194 1809 1350 1875 nobis
1381 1825 1569 1875 eorum
1595 1809 1616 1845 ³
1639 1817 1865 1863 ornatus
1896 1792 1940 1851 Β
1968 1809 2180 1880 longius
2214 1807 2284 1863 ab
2317 1823 2381 1863 ea
2405 1807 2653 1865 ordinata
2680 1814 2823 1861 sunt.
2862 1804 3041 1859 Prima
3080 1805 3263 1874 itaque
3296 1805 3563 1859 ierarchia

271 1906 726 1974 circumscriptus
748 1913 851 1967 est,
874 1904 941 1957 ad
967 1903 1367 1972 intelligendum
1392 1901 1663 1972 videlicet.
1693 1900 1866 1956 Omne

272 1991 441 2053 enim,
466 1988 612 2058 quod
639 1985 798 2041 facile
839 1985 1181 2062 intelligitur,
1208 1985 1599 2055 quodammodo
1619 1985 1845 2049 circum-.-

273 2083 539 2151 scriptum
599 2077 873 2137 intellectu
929 2076 953 2119 ’ὲ
1008 2077 1250 2143 videtur;
1309 2076 1531 2132 altiores
1600 2077 1866 2146 siquidem

277 2171 501 2224 virtutes
532 2168 692 2238 longe
719 2184 749 2222 a
787 2166 943 2223 nobis
973 2177 1210 2221 remome
1245 2175 1393 2230 sunt,
1420 2167 1510 2237 qui
1541 2166 1717 2222 adhuc
1766 2175 1869 2221 ter-

277 2277 437 2314 renae
466 2257 822 2312 habitationis
849 2255 1018 2326 septis
1072 2255 1549 2321 circumcludimur
1595 2255 1636 2326 ',
1689 2268 1755 2310 ne
1811 2255 1870 2321 li—

276 2352 404 2405 bero
445 2349 646 2404 mentis
696 2347 875 2413 volatu
925 2348 991 2402 ad
1029 2347 1283 2410 caelestia
1342 2347 1686 2420 intelligenda
1730 2362 1866 2417 puro

272 2442 516 2499 contuitu
571 2439 845 2495 valeamus
884 2440 1194 2494 ascendere.
1242 2438 1499 2509 Sequitur
1538 2456 1552 2492 :
1592 2438 1867 2494 Excellen-

272 2536 530 2587 tissimnm
580 2531 791 2601 quidem
830 2531 986 2593 enim,
1016 2540 1071 2584 ut
1102 2531 1301 2593 dictum
1326 2539 1423 2596 est,
1452 2532 1863 2601 dispositionem,

270 2602 523 2691 tauquam
554 2620 653 2689 ipsi
697 2618 901 2673 occulto
922 2620 1165 2686 primitus
1192 2620 1433 2681 ordinate
1459 2621 1861 2691 proximantem,

269 2710 409 2764 riam
452 2711 692 2780 formans
739 2710 1121 2774 aestimandum
1168 2711 1501 2788 sanctificare
1556 2712 1862 2772 secundum.

270 2800 418 2856 Ordo
454 2801 749 2856 verborum
782 2817 796 2853 :
828 2800 1235 2855 Aestimandum
1282 2801 1498 2871 quidem
1548 2802 1728 2867 enim,
1774 2808 1867 2867 ex-

270 2891 722 2959 cellentissimam
759 2890 1187 2961 dispositionem,
1238 2899 1493 2974 tanquam
1551 2893 1863 2963 proximan-

274 2996 385 3050 tem
424 2985 525 3053 ipsi
572 2983 787 3049 occulto
825 2982 1076 3054 primitus
1120 2982 1388 3051 ordinate,
1439 2983 1576 3039 clam
1625 2983 1867 3049 formans

270 3076 617 3147 sanctiﬁcare
666 3074 959 3138 secundam
1006 3073 1046 3126 ‘.
1093 3075 1180 3127 list
1223 3084 1403 3130 autem
1450 3090 1681 3139 sensus:
1733 3075 1863 3132 P-ro-

270 3134 462 3240 pterea
490 3165 711 3219 ultimus
735 3134 871 3220 ordo
900 3163 1163 3245 nobisque
1186 3136 1479 3234 proximus,
1496 3165 1671 3233 aptius
1701 3180 1731 3218 a
1774 3180 1866 3235 no-
1893 3134 1936 3203 C

271 3263 361 3329 bis
401 3257 680 3329 angelicas
725 3257 1058 3329 nominatur,
1112 3258 1368 3327 quioniam
1414 3257 1864 3323 excellentissima

271 3352 588 3407 caelestium
635 3349 995 3408 essentiarum
1043 3349 1354 3419 dispositio,
1400 3350 1573 3420 prima
1620 3349 1871 3407 videlicet

272 3443 561 3506 ierarcbia,
602 3440 770 3501 veluti
806 3440 1049 3512 proxima
1102 3439 1203 3512 ipsi
1251 3439 1484 3505 occulto,
1532 3440 1643 3495 Deo
1688 3439 1863 3509 plane,

272 3536 365 3604 qui
387 3543 676 3606 propterea
711 3532 956 3587 occultus
983 3532 1197 3595 dicitur,
1225 3534 1481 3602 quoniam
1510 3541 1728 3602 superat
1753 3547 1870 3586 om-

274 3642 400 3695 nem
447 3626 799 3689 intellectum,
851 3639 916 3679 ac
960 3624 1210 3694 primitus
1248 3633 1375 3678 ante
1407 3623 1541 3679 alias
1572 3623 1868 3678 ierarchias

272 3718 508 3781 Ordinat,
544 3716 880 3771 aestimanda
907 3724 989 3769 est
1015 3723 1068 3770 et
1093 3715 1468 3771 incunctanter
1499 3714 1867 3786 intelligenda,

272 3805 635 3870 sanctiﬁcare,
672 3806 727 3861 id
759 3815 843 3861 est
869 3805 1155 3870 ordinare,
1182 3805 1264 3859 vel
1287 3814 1344 3858 ut
1365 3805 1581 3875 proprie
1612 3803 1869 3859 transfer-

276 3911 388 3965 tur,
437 3898 750 3954 sacrificare
793 3897 1105 3962 secundam,
1164 3895 1394 3950 mediam
1448 3895 1650 3957 scilicet
1702 3896 1869 3948 icrar-

274 3995 478 4057 cbiam,
508 3991 749 4051 formans
769 4006 889 4056 eam
934 3989 1095 4052 clam,
1130 3989 1338 4049 occulte
1375 3990 1578 4054 scilicet
1606 3997 1661 4043 et
1689 3987 1869 4045 invisis

174 4125 183 4135 .
276 4085 481 4147 hiliter,
516 4094 706 4139 etnon
733 4082 904 4136 solum
949 4081 1016 4135 ab
1045 4081 1295 4143 lutumuis
1344 4080 1722 4143 intellectibus,
1769 4095 1864 4139 ve—

277 4193 397 4231 rum
430 4177 591 4231 etiam
623 4185 677 4229 et
714 4173 917 4245 angelis
951 4173 1329 4227 remotissime.
1390 4171 1457 4227 Ut
1500 4171 1642 4237 enim
1683 4168 1869 4224 ineffa-

276 4268 384 4321 bile
433 4274 487 4319 et
530 4263 1075 4334 incompreltensibile
1103 4273 1204 4326 est,
1235 4271 1288 4323 et
1316 4261 1584 4319 occultum
1616 4261 1867 4321 onutilms

274 4357 583 4421 ierarcbiis,
618 4356 887 4425 quomodo
918 4355 1085 4423 prima
1118 4354 1385 4409 ierarchia
1424 4354 1491 4407 ab
1519 4354 1633 4423 ipso
1676 4352 1784 4413 Deo
1812 4361 1866 4413 et

274 4451 558 4503 ordinatur
584 4456 638 4500 et
665 4446 1040 4502 sanctificatur
1069 4447 1150 4500 vel
1176 4444 1531 4509 sacrificatur,
1578 4444 1649 4497 ita
1685 4457 1861 4497 remo-

278 4549 393 4593 tum
418 4548 502 4592 est
528 4545 586 4593 et
612 4537 961 4607 incognitum,
1001 4536 1270 4604 quomodo
1320 4533 1553 4588 secunda
1605 4548 1700 4602 per
1748 4532 1859 4603 pri—

277 4645 446 4696 mam,
473 4638 523 4682 et
552 4629 707 4681 tertia
736 4641 829 4697 per
856 4626 1085 4681 mediam
1113 4627 1393 4680 ordinatur
1418 4635 1471 4680 et
1498 4625 1864 4681 sanctilicatur

278 4721 349 4771 ab
382 4719 495 4788 ipsa
518 4718 540 4748 ⁷
567 4717 807 4773 omnium
859 4731 1045 4770 causa.
1095 4718 1172 4771 Ae
1209 4732 1306 4785 per
1332 4716 1467 4779 hoc,
1500 4716 1544 4769 si
1582 4717 1715 4769 haec
1743 4729 1861 4768 cae-

277 4809 503 4862 lestibus
547 4807 801 4862 essentiis
848 4806 1123 4877 incognita
1185 4816 1240 4860 et
1299 4805 1861 4877 incomprehensibilia

274 4910 423 4962 sunt,
455 4899 583 4968 quid
618 4901 836 4962 mirum,
868 4899 912 4953 si
944 4913 975 4952 a
1005 4899 1162 4953 nobis
1196 4898 1573 4968 comprehendi
1603 4907 1707 4951 n'on
1737 4912 1861 4965 pos-

274 5003 405 5061 sunt
428 4994 453 5043 ?
482 4990 722 5046 Secunda
750 5005 891 5056 vero,
921 5005 1056 5060 quae
1085 4987 1372 5067 completur
1394 5006 1425 5042 a
1462 4989 1655 5051 sanctis
1680 4986 1862 5051 Domi-

1973 1893 2282 1953 immediate
2329 1904 2452 1965 post
2504 1896 2670 1951 Deum
2721 1895 3086 1955 occultissima
3134 1904 3249 1961 est,
3306 1898 3562 1966 quoniam

1971 1986 2192 2041 omnino
2221 1986 2523 2058 incognitae
2569 2001 2764 2041 causae
2799 1988 3099 2056 proximam
3130 1989 3370 2058 possidet
3392 1991 3563 2062 regio-

1972 2088 2115 2131 nem.
2171 2074 2353 2129 Tertia
2380 2089 2540 2139 vero,
2572 2090 2711 2147 quae
2739 2075 3053 2131 caelestiqu
3082 2078 3437 2131 essentiarum
3469 2092 3537 2139 ex

1972 2162 2301 2217 tremitatem
2333 2173 2496 2228 tenet,
2548 2165 2983 2226 manifestissima
3008 2175 3108 2228 est,
3142 2176 3401 2235 quanumt
3432 2183 3556 2223 cac-

1972 2252 2133 2323 lestcs
2182 2253 2413 2312 virtutes
2461 2253 2797 2315 manifestari
2840 2265 3088 2326 possunt.
3158 2257 3331 2311 Media
3382 2272 3510 2312 vero
3542 2300 3556 2321 ,

1970 2345 2095 2412 quia
2136 2359 2308 2418 neque
2345 2346 2650 2415 proximum
2676 2361 2850 2416 neque
2879 2347 2923 2378 “
2955 2355 3257 2401 extremum
3283 2347 3329 2381 ¹³
3355 2348 3564 2408 obtinet

1970 2433 2143 2495 locum
2169 2474 2185 2498 ,
2224 2435 2276 2489 in
2309 2435 2715 2505 comparatione
2744 2435 3017 2489 interioris
3045 2434 3329 2490 manifesta
3362 2446 3475 2501 est;
3504 2437 3560 2493 ln

1969 2526 2370 2595 comparatione
2389 2540 2518 2589 vero
2538 2527 2825 2595 exterioris
2845 2528 3054 2583 occulta
3078 2529 3338 2599 probatur
3358 2546 3387 2585 a
3411 2531 3565 2589 theo-

1969 2615 2104 2685 logis
2131 2630 2272 2672 csse.
2326 2615 2724 2687 Principatuttm
2753 2626 2927 2681 autem
2957 2626 3006 2672 et
3031 2617 3482 2690 Archangeforum
3511 2631 3561 2676 et

1968 2703 2283 2776 Angelornm
2321 2706 2760 2776 manifestativam
2785 2708 3181 2767 disaositionem
3215 2710 3459 2765 humanis
3484 2713 3559 2766 ie-

1969 2795 2190 2855 rnrchiis
2236 2812 2330 2865 per
2370 2798 2735 2868 consequentia
2758 2799 3073 2868 praecipere.
3114 2800 3159 2853 A
3190 2800 3558 2870 superioribus

1968 2890 2287 2944 subauditur
2318 2904 2333 2944 :
2362 2890 2757 2945 aestimandum
2803 2900 2888 2945 est
2922 2900 3115 2959 autem
3135 2932 3149 2955 .
3203 2891 3560 2947 manifestati-

1969 2996 2090 3035 vam
2119 2980 2544 3050 dispositionem,
2578 2981 2629 3033 id
2655 2988 2756 3044 est,
2781 2990 3031 3040 ornatum
3069 2980 3472 3050 Principatuum
3506 2992 3561 3035 et

1966 3069 2425 3141 Archangelorum
2472 3079 2528 3129 et
2553 3062 2898 3141 Angeloi‘um.
2954 3072 3166 3130 tertiam
3207 3070 3460 3127 videlicet
3512 3069 3559 3109 "

1970 3162 2312 3231 ierarchiam,
2357 3162 2607 3229 humanis
2636 3161 2917 3221 ierarchiis
2957 3176 3055 3230 per
3076 3162 3461 3231 consequentia
3513 3162 3554 3196 "

1969 3252 2182 3319 divinae
2204 3253 2562 3315 ordinationis
2585 3253 2916 3322 praecipere.
2960 3252 3352 3307 Manifestativa
3377 3261 3556 3309 autem

1968 3344 2249 3415 dispositio
2279 3345 2436 3400 tertia
2464 3352 2692 3399 vocatur
2736 3343 3023 3408 ierarcbia,
3071 3344 3328 3412 quoniam
3376 3344 3557 3399 divina

1970 3437 2219 3492 lnmtanis
2275 3436 2559 3491 ieram-hiis
2608 3434 2919 3490 manifestat
2972 3434 3217 3490 consilia.
3287 3433 3359 3490 Ut
3412 3437 3557 3489 enim

1970 3530 2142 3600 prima
2171 3530 2398 3593 mediae,
2428 3537 2482 3582 et
2508 3526 2683 3583 media
2712 3527 2923 3591 tertiae,
2957 3526 3029 3580 ita
3054 3526 3209 3581 tertia
3241 3526 3286 3558 ¹⁸
3309 3527 3560 3581 humanis

1969 3629 2183 3689 praeest
2231 3617 2531 3673 ierarchiis.
2601 3615 2658 3671 Si
2703 3624 2883 3671 autem
2923 3616 3140 3685 quaeris
3173 3656 3186 3679 ,
3235 3630 3335 3670 cur
3378 3615 3559 3684 plures

1971 3711 2237 3765 humanas
2268 3710 2501 3781 appellat
2547 3711 2866 3777 ierarcbias,
2918 3711 3159 3766 invenies
3208 3712 3258 3765 in
3303 3710 3444 3765 libro
3491 3710 3560 3764 de

1969 3800 2330 3854 ecclesiastica
2360 3800 2623 3854 ierarchia
2653 3800 2719 3854 ad
2747 3798 3151 3855 similitudinem
3184 3800 3343 3853 trium
3382 3798 3557 3854 caele-

1969 3890 2132 3946 stium
2188 3891 2574 3946 icrarcbiarum
2630 3900 2740 3946 tres
2780 3892 3043 3946 lmmanas
3094 3891 3432 3955 ierarcbias;
3491 3892 3558 3944 de

1968 3984 2163 4053 quibus
2185 3984 2289 4039 hoc
2314 3982 2430 4047 loco
2466 3984 2733 4038 disserere
2772 3997 3045 4038 morosum
3080 3991 3186 4039 cst.
3243 3981 3343 4037 Ubi
3378 3982 3556 4051 posui-

1970 4091 2088 4129 mus
2120 4090 2255 4142 :per
2304 4073 2713 4142 consequentia,
2751 4072 2827 4126 ibi
2868 4072 2920 4126 in
2966 4070 3172 4126 Graeco
3205 4069 3268 4127 δι’
3315 4070 3555 4130 ἀλλήλων,

1968 4168 2108 4241 quod
2141 4175 2314 4236 potest
2341 4163 2619 4219 transferri
2650 4164 2907 4225 vicissim,
2941 4161 3024 4216 vel
3047 4162 3185 4215 inter
3207 4176 3265 4215 se
3291 4160 3552 4222 invicem;

1970 4266 2026 4309 ut
2065 4271 2253 4310 sensus
2287 4255 2355 4308 sit
2388 4272 2398 4306 :
2434 4253 2771 4322 I’rincipatus
2822 4267 2917 4320 per
2942 4249 3308 4318 Arcbaugelos
3342 4248 3406 4311 ¹⁹,
3448 4250 3554 4303 Ar-

1968 4345 2211 4415 changeli
2238 4342 2581 4419 perAngelos
2611 4341 2860 4396 humanis
2879 4339 3156 4395 ordinibus
3183 4348 3439 4408 praesunt
3470 4348 3553 4392 at-

1968 4454 2071 4507 que
2106 4436 2463 4506 praecipiunt.
2508 4432 2695 4497 Potest
2735 4430 2900 4485 etiam
2939 4429 3060 4499 quis
3087 4429 3267 4483 dicere
3314 4444 3416 4481 non
3468 4431 3550 4480 lu-

1969 4542 2221 4596 congrue,
2252 4536 2310 4581 ut
2339 4524 2565 4593 opinor,
2615 4521 2828 4576 tertiam
2872 4520 3180 4575 caelestium
3233 4519 3560 4581 ierarchiattt

1970 4618 2276 4672 hominibus
2318 4615 2585 4684 imperare
2632 4611 2893 4676 vicissim,
2936 4611 3187 4681 quoniam
3232 4619 3289 4664 et
3336 4610 3573 4685 anhelos.

1971 4707 2171 4763 sanctis
2194 4705 2496 4760 hominibus
2517 4704 2893 4773 obtemperare
2913 4700 3091 4755 divina
3117 4700 3274 4754 tradit
3301 4700 3549 4762 historia,

1969 4808 2023 4850 et
2041 4798 2090 4849 in
2113 4798 2280 4866 gestis
2292 4810 2478 4849 eorum
2493 4793 2707 4864 legitur.
2737 4792 3011 4862 Scriptum
3025 4802 3105 4846 est
3118 4792 3259 4847 enin
3277 4795 3327 4844 iu
3344 4794 3522 4861 Λιιτιειι
3538 4822 3552 4831 ο

1972 4887 2127 4958 lypsi,
2146 4887 2286 4957 quod
2304 4884 2526 4955 angelus
2549 4882 2744 4938 Joanni
2778 4881 2977 4936 volenti
3004 4896 3062 4936 se
3079 4882 3306 4936 adorare
3325 4882 3548 4934 dixerit:

1976 4979 2308 5039 tiluaserVus
2322 4988 2443 5030 tuus
2457 4991 2573 5030 sum
2587 4995 2605 5026 ι
2620 4972 2705 5028 .Ut
2719 4975 2783 5028 sit
2796 4974 2840 5005 '°
2856 4990 2946 5044 per
2959 4974 3190 5027 ordinem
3207 4974 3275 5026 ml
3294 4974 3455 5026 Deum
3473 4990 3550 5026 re-

1566 5190 1821 5263 YARIAE
1860 5185 2253 5245 LEll'l‘iONES.

354 5347 375 5387 ἱ
402 5347 443 5399 Β
456 5348 774 5416 nominatur
819 5345 1104 5416 angelicas.

275 5416 343 5472 Β.
422 5412 569 5473 "Sic
596 5419 636 5473 C
658 5429 714 5472 et
737 5412 1000 5479 corrfB',
1050 5414 1138 5469 AB
1184 5412 1684 5468 circumclmluntur.

278 5486 301 5518 ε
335 5490 394 5540 ις’
422 5504 579 5557 supra
616 5489 793 5542 adscr.
824 5504 888 5540 ea:
900 5486 1259 5557 principibus.

279 5503 301 5518 ε
335 5503 392 5540 ts‘
422 5504 579 5557 supra
616 5503 793 5542 adscr.
824 5504 888 5540 ex
948 5503 1259 5553 rtuc1ptnus.
1340 5503 1378 5514 ’ν
1408 5503 1496 5537 mc
1523 5503 1562 5536 υ
1592 5503 1644 5536 ει
1672 5503 1707 5537 ει

278 5574 460 5627 marg.
491 5559 669 5613 adscr.
687 5557 761 5627 rel
780 5503 941 5625 per;
956 5574 1040 5609 ere
1052 5557 1254 5627 divinas
1277 5552 1707 5627 iilumiuatioues.

278 5645 383 5693 pm
410 5626 639 5680 uidelicet
671 5626 758 5679 ΑΒ
782 5645 915 5683 rem,
946 5628 986 5679 ί)
1017 5627 1051 5676 ἰ.
1085 5642 1131 5677 e.

286 5696 332 5735 ιδ
362 5698 454 5751 53c
476 5698 581 5753 Cet
602 5712 740 5751 corr.
768 5697 849 5751 B‘.
878 5696 961 5749 All
986 5697 1185 5749 tertiae.

1181 5344 1202 5400 ε
1232 5341 1294 5396 ll'
1319 5357 1488 5413 marg.
1519 5342 1696 5396 adscr.
1729 5351 1780 5413 et
1799 5352 2075 5413 praecepta,
2104 5337 2178 5394 vel
2209 5337 2450 5413 oﬂigiuut.

1762 5411 1784 5443 ⁵
1812 5414 1856 5464 Α
1885 5411 2189 5464 secundum.

1339 5483 1378 5514 ¹⁰
1406 5482 1496 5537 Stc
1523 5484 1562 5536 Li
1592 5491 1644 5536 et
1672 5498 1813 5537 corr.
1844 5481 1926 5545 B',
1961 5480 2046 5533 ΑΒ
2074 5478 2321 5531 secunda.

1788 5552 1829 5582 ¹³
1843 5551 1992 5604 Cum.
2009 5592 2019 5611 ,
2039 5550 2165 5609 ΑΒΕ
2182 5549 2380 5601 tertiac.

1210 5624 1249 5654 "
1292 5623 1348 5674 B'
1377 5640 1545 5693 marg.
1580 5624 1752 5675 adscr.
1809 5625 1844 5674 ἱ.
1876 5638 1920 5673 c.
1952 5636 2316 5688 consequeuwr
2356 5629 2625 5683 postquam
2653 5616 2695 5666 ei
2722 5616 3148 5693 Insuperioriims
3192 5627 3409 5693 praeco};
3436 5630 3544 5693 aut.

1270 5694 1307 5724 "'
1328 5696 1413 5748 Sic
1445 5688 1559 5746 livet
1590 5693 1837 5760 atilltitl'g.
1866 5693 2197 5745 auiscr.t‘urr.
2224 5689 2301 5752 ιγ,
2331 5688 2414 5739 fill
2436 5691 2661 5755 uugeics.

2530 5335 2550 5366 ³
2578 5335 2617 5387 Β
2650 5351 2825 5388 eorum
2861 5336 3026 5387 nobis.
3106 5333 3125 5363 ⁵
3150 5331 3405 5384 intellectu
3436 5344 3542 5383 om.

2290 5408 2309 5438 '
2357 5405 2447 5460 Sic
2498 5406 2558 5468 (Σ,
2601 5406 2689 5458 ΑΒ
2735 5406 2864 5473 ipso.
2940 5406 2962 5435 ⁸
3011 5404 3072 5456 Β·
3122 5403 3238 5473 rad.
3284 5417 3423 5473 corr.
3474 5402 3543 5473 «fi.

2401 5477 2440 5506 “
2489 5479 2577 5530 Sic
2605 5475 2645 5530 Ο
2672 5488 2725 5529 ει
2754 5469 2909 5528 ἰ·υι·ι“.
2951 5473 3034 5537 Β“,
3066 5472 3156 5525 ΑΒ
3184 5473 3340 5523 dicit:
3407 5472 3449 5501 “
3487 5469 3543 5518 δι’

2460 5548 2499 5577 ¹⁶
2527 5547 2690 5598 Bnec.
2770 5545 2872 5595 “'B
2894 5544 3139 5596 medium.
3220 5543 3262 5571 ‘°
3284 5542 3438 5594 (lori.
3459 5543 3542 5604 ll‘,

2743 5687 2784 5715 ²⁰
2807 5689 2890 5737 sit.
2913 5702 3016 5737 om.
3038 5685 3095 5751 Β,
3114 5684 3433 5755 supt‘udscr.
3462 5684 3543 5753 ὃς.
