3952 6156
397 292 501 346 Ξ).ιῦ

1487 289 1981 348 Ελνοδετιυλιέδ
2017 284 2298 352 ωλΝΝιδ
2341 297 2536 353 SCOTI

3544 304 3648 359 216

395 408 954 471 ductioetconversioet
969 409 1364 462 communicatio
1378 417 1423 460 et
1438 406 1966 473 unitas,attumeneta
1997 424 2040 476 Α
2072 428 2206 468 esse.
2239 415 2470 470 Pulchre
2504 427 2685 470 autem
2719 417 3024 488 angelorutn
3049 418 3269 488 imperia
3295 429 3345 475 et
3373 422 3643 494 principa-

398 503 505 557 Deo
517 503 753 558 omnibus
770 501 1036 561 ierarchiis
1052 501 1067 533 ³
1082 501 1266 568 optinte
1288 498 1529 561 indita,et
1544 500 1969 552 communicative

395 596 773 663 superueniens,
789 603 835 647 et
851 609 964 646 cum
981 602 1168 645 ornatu
1179 591 1533 650 sacratissimo
1544 592 1822 661 processio.
1841 591 1971 653 Pro—

396 694 600 751 pterea,
630 682 820 752 inquit,
837 681 1221 741 ierarcbiarum
1249 681 1382 738 ordo
1408 696 1437 733 a
1464 682 1830 754 superioribus
1850 695 1971 751 gra-

396 772 561 829 datim
589 772 665 824 sic
681 770 990 825 'dcscendit
1011 786 1038 823 a
1065 770 1466 839 superioribus’
1489 771 1556 824 ad
1585 771 1889 837 inferiores,
1912 779 1973 824 ut

396 859 588 917 iterum
613 874 706 928 per
727 859 953 913 eundem
975 859 1217 914 ordinem
1248 858 1531 917 inferiores
1550 876 1644 930 per
1663 860 1971 929 superiores

393 952 461 1005 ad
492 951 655 1011 Deum
686 952 1009 1013 reducantur
1037 961 1091 1007 et
1119 961 1503 1007 convertantur
1547 952 1615 1008 ad
1652 969 1816 1007 unum
1850 968 1968 1009 om-

395 1042 539 1093 nium
586 1041 927 1109 principium,
974 1043 1480 1112 communicentque
1520 1042 1701 1108 simul,
1756 1052 1812 1098 et
1853 1042 1875 1074 ⁸
1914 1043 1968 1109 in

393 1132 507 1199 ipso
533 1130 554 1162 ⁸
594 1147 784 1186 omnes
809 1147 971 1185 unum
996 1135 1122 1186 sint.
1155 1134 1401 1186 Attamen
1434 1150 1537 1187 non
1569 1132 1786 1188 aliunde
1807 1132 1829 1164 ⁸
1867 1134 1967 1189 Ιιο-

391 1239 507 1277 rum
547 1224 784 1279 otunium
813 1225 1086 1293 processio
1114 1232 1195 1280 cst
1238 1225 1286 1290 ',
1322 1226 1424 1278 nisi
1459 1242 1487 1278 a
1520 1222 1696 1290 Deo,a
1722 1240 1829 1295 quo
1855 1240 1970 1285 om-

389 1318 547 1383 nibus
599 1318 911 1374 ierarcbicis
958 1317 1236 1377 ordinibus
1288 1319 1488 1386 optime
1508 1326 1561 1372 et
1587 1318 1964 1380 communiter,

390 1424 494 1460 non
525 1417 701 1475 tamen
727 1409 845 1462 sine
875 1407 1190 1470 diderentia,
1222 1407 1389 1463 indita
1414 1417 1518 1473 est,
1542 1416 1596 1461 et
1622 1424 1744 1461 cum
1776 1417 1968 1463 ornatu

388 1498 727 1560 sanctissimo
783 1500 894 1568 ipsa
949 1501 1257 1568 supervenit
1315 1500 1608 1569 processio.
1653 1501 1720 1557 Ut
1745 1502 1888 1556 enim
1915 1502 1967 1556 in

386 1603 509 1647 eum
539 1590 718 1651 onin’a
748 1598 1135 1653 convertuntur
1160 1604 1255 1661 per
1275 1589 1530 1653 reditum,
1560 1590 1633 1643 ita
1664 1592 1731 1646 ab
1756 1607 1821 1646 eo
1853 1607 1969 1646 om-

388 1680 475 1731 nia
518 1687 868 1746 procreantur
916 1696 1013 1750 per
1069 1682 1489 1751 proccssionem.
1532 1681 1665 1735 Inde
1706 1682 1965 1753 theologia

2075 515 2160 559 tus
2191 517 2366 562 rectas
2385 508 2617 578 appellat
2639 509 2913 563 scientias.
2947 510 3059 565 Non
3080 512 3222 566 enim
3250 513 3354 567 alio
3376 516 3535 569 modo
3568 532 3651 571 te-

2072 604 2202 663 gunt
2241 606 2452 666 gentes,
2501 598 2698 666 quibus
2752 598 3037 662 donantur,
3076 601 3180 655 nisi
3231 602 3455 656 scientia
3485 613 3651 659 etsa-

2072 687 2295 755 pientia.
2346 686 2739 747 lutelleetuales
2766 691 2963 761 quippe
2988 702 3270 748 creaturae
3323 705 3447 750 sunt
3474 698 3649 752 scien-

2073 780 2179 834 tiae
2205 781 2608 851 sapientiaeque
2638 798 2881 853 capaces,
2916 786 3054 841 sicut
3074 787 3333 857 scriptum
3354 797 3439 842 est
3474 806 3530 843 :c
3557 789 3647 860 qui

2072 865 2243 922 fecisti
2278 868 2320 899 ¹⁸
2351 870 2531 925 caelos
2554 871 2606 923 in
2638 871 2912 932 intellectu
2946 893 2987 927 ι.
3008 873 3111 928 Sed
3134 875 3251 928 illos
3274 877 3652 948 ipsospropria's

2069 958 2437 1031 inﬂexionibus
2487 977 2551 1013 ex
2577 978 2637 1014 ea
2677 977 2812 1037 quae
2862 976 2933 1015 est
2960 964 3013 1018 in
3042 965 3273 1025 divinum
3328 977 3466 1020 recta
3492 969 3650 1021 redu-

2070 1050 2238 1102 ctione
2282 1051 2584 1114 recidentes,
2614 1069 2790 1106 amore
2831 1057 3040 1124 proprio
3071 1065 3118 1109 et
3146 1059 3392 1131 superbia
3435 1070 3482 1113 et
3526 1062 3651 1129 ipsis

2071 1141 2373 1210 opinionum
2430 1142 2673 1199 divinitus
2708 1146 3183 1201 corrationabiliter
3230 1150 3372 1203 cultu
3409 1149 3471 1202 ¹⁹.
3506 1150 3653 1207 Ordo

2069 1231 2356 1285 verborum
2382 1250 2396 1287 :
2422 1233 2515 1287 sed
2547 1242 2761 1304 oportet
2809 1251 3065 1299 accusare
3103 1237 3222 1293 illos
3248 1238 3291 1270 ²⁰
3329 1239 3489 1309 ipsos,
3520 1257 3651 1309 gen-

2072 1322 2203 1374 tiutn
2230 1321 2476 1377 videlicet
2526 1325 2772 1396 populos,
2816 1326 3135 1395 recidentes,
3179 1336 3328 1383 retro
3374 1330 3651 1394 cadentes,

2071 1409 2724 1479 pi-Opriisinﬂexionibus,
2761 1415 2863 1469 hoc
2911 1424 3016 1481 est,
3062 1418 3311 1485 propriae
3353 1417 3650 1483 voluntatis

2071 1500 2537 1566 irrationabilihus
2567 1503 2821 1567 motibus,
2852 1519 2919 1559 ex
2950 1520 3015 1559 ea
3049 1515 3195 1560 recta
3240 1507 3570 1572 reductione,
3601 1507 3653 1565 id

2071 1601 2175 1658 est,
2203 1591 2271 1647 ab
2296 1592 2407 1660 ipsa
2440 1602 2586 1647 recta
2615 1608 2776 1649 verae
2803 1596 2844 1626 "
2876 1593 3146 1665 religionis
3170 1596 3275 1661 via,
3306 1612 3443 1666 quae
3469 1608 3554 1651 est
3601 1597 3654 1651 in

2072 1684 2329 1748 divinum,
2375 1698 2515 1754 quae
2556 1685 2805 1743 videlicet
2858 1687 3004 1743 ducit
3033 1687 3085 1747 in
3116 1685 3357 1740 divinum
3403 1688 3515 1744 veri
3559 1687 3652 1742 Dei

387 1778 614 1823 nostram
640 1770 952 1829 ierarchiam
995 1770 1202 1840 Angelis
1235 1770 1524 1838 distribuit,
1551 1772 1834 1851 principem
1870 1772 1971 1825 Ju-
2002 1761 2044 1820 Β
2072 1775 2275 1830 cultum
2307 1775 2374 1839 ”,
2400 1783 2455 1828 et
2480 1775 2580 1839 hoc
2606 1775 2687 1829 eis
2718 1776 2897 1830 evenit
2929 1790 3114 1830 amore
3139 1777 3373 1846 proprio.
3402 1776 3471 1830 Se
3501 1792 3657 1832 nam.

385 1858 638 1912 daeorum
680 1858 859 1929 populi
901 1858 1127 1913 Michael
1153 1862 1450 1926 nominans,
1482 1871 1530 1915 et
1580 1861 1711 1919 alios
1739 1862 1969 1931 gentium

384 1947 600 2003 amicos.
630 1946 824 2003 Statuit
870 1949 1007 2005 enim
1041 1950 1272 2006 excelsus
1318 1952 1565 2005 terminos
1602 1951 1833 2021 gentium
1884 1967 1968 2004 se-

385 2040 614 2093 cundum
637 2054 909 2095 numerum
937 2037 1254 2108 Angelorum
1304 2039 1422 2094 Dei.
1453 2039 1737 2116 Quoniam,
1771 2039 1967 2115 inquit,

384 2132 452 2185 ab
467 2146 568 2186 una
593 2131 612 2161 ⁸
632 2132 872 2185 omnium
901 2146 1062 2185 causa
1088 2132 1518 2202 etangeliearum
1538 2140 1595 2187 et
1614 2133 1967 2186 humanarum

384 2221 775 2277 ierarchiarum
831 2221 1107 2277 descendit
1144 2222 1442 2290 processio,
1492 2231 1548 2276 et
1575 2220 1642 2275 ad
1672 2222 1838 2289 ipsum
1866 2221 1966 2275 ite-

383 2330 502 2367 rum
529 2315 773 2370 ascendit
802 2315 1041 2369 reversio
1066 2331 1080 2381 ;
1110 2322 1392 2385 prepterea
1427 2315 1692 2385 theologia
1724 2323 1965 2368 nostram

382 2406 703 2469 ierarcbiam
740 2405 942 2473 angelis
969 2407 1265 2472 distribuit,
1298 2407 1399 2462 hoc
1428 2414 1534 2471 est,
1564 2405 1770 2474 angelis
1785 2406 1969 2459 distri—

384 2499 567 2549 bulam
597 2496 778 2550 tradit.
809 2495 1114 2566 Principem
1146 2512 1379 2567 namque
1408 2495 1614 2551 Judaici
1651 2496 1831 2567 pepuli
1864 2495 1965 2549 Mi-

379 2585 536 2640 chael
584 2586 848 2652 nominat,
876 2604 983 2657 quo
1015 2604 1121 2644 uno
1175 2599 1496 2660 argumento
1519 2588 1539 2618 ⁹
1567 2589 1845 2654 docemur,
1879 2604 1967 2643 ce-

385 2690 526 2734 teras
554 2680 717 2734 totius
748 2680 929 2734 mundi
960 2681 1206 2737 nationes
1232 2696 1358 2737 suos
1388 2682 1658 2753 principes
1698 2682 1967 2752 angelicos

381 2770 602 2832 habere,
634 2783 771 2841 quos
796 2778 952 2827 vocat
978 2769 1217 2843 gentium
1248 2770 1475 2832 amicos.
1506 2772 1707 2829 Ducem
1735 2785 1968 2843 namque

380 2861 778 2929 generationes,
831 2860 1025 2929 quibus
1063 2869 1338 2930 praesunt,
1391 2861 1457 2916 ad
1508 2862 1666 2916 unius
1709 2862 1821 2917 veri
1871 2862 1965 2917 Dei

379 2950 581 3009 cultum
632 2949 874 3009 converti
927 2949 989 3003 ⁸ο.
1030 2948 1255 3004 Michael
1314 2959 1489 3005 autem
1533 2951 1961 3022 interpretatur;

379 3041 514 3107 Quis
544 3041 684 3106 sicut
718 3040 858 3096 Deus
879 3043 902 3096 ἲ
924 3042 1005 3097 vel
1032 3041 1344 3111 pax-fortis,
1385 3044 1439 3099 id
1473 3054 1574 3107 est,
1607 3061 1708 3114 pax
1745 3046 1858 3112 Dei,
1884 3046 1963 3101 vel

381 3132 463 3185 vir
489 3133 722 3198 virtutis.
751 3132 903 3200 Quod
942 3144 1122 3188 autem
1164 3135 1465 3190 introduxit
1500 3154 1512 3188 :
1552 3136 1742 3190 statuit
1787 3137 1962 3192 excel-
1993 3105 2036 3167 Ο

379 3238 471 3276 sus
527 3224 789 3284 terminos
816 3224 1057 3294 gentium
1106 3224 1399 3297 secundum
1433 3241 1718 3281 numerum
1748 3230 1963 3299 angelo~

387 3331 503 3367 rum
537 3314 654 3381 Dei,
688 3330 795 3371 non
821 3314 893 3368 ita
936 3315 1358 3386 intelligendum,
1390 3317 1679 3387 utopinor,
1706 3322 1859 3390 quasi
1887 3330 1964 3376 tot

378 3412 564 3473 gentes
591 3404 699 3458 sint
722 3410 778 3457 et
807 3404 1041 3474 linguae,
1069 3415 1200 3475 quot
1229 3406 1403 3477 angeli
1432 3407 1525 3461 Dei
1551 3424 1565 3474 ;
1598 3409 1693 3462 sed
1737 3419 1812 3467 tot
1836 3420 1963 3465 sunt

380 3495 594 3548 termini
628 3495 891 3565 gentium,
947 3505 1079 3589 qupt
1118 3496 1159 3527 “
1190 3513 1446 3553 numerus
1493 3509 1577 3554 est
1627 3500 1958 3570 angelorum,

376 3589 466 3658 qui
507 3590 812 3659 specialiter
839 3591 1110 3660 principes
1134 3591 1174 3622 “
1210 3607 1394 3645 earum
1434 3592 1712 3647 constituti
1744 3592 1785 3622 ¹³
1815 3602 1958 3647 sunt.

449 3679 478 3752 §
506 3680 559 3734 5.
587 3680 643 3735 Si
670 3690 842 3735 autem
873 3682 987 3752 quis
1017 3684 1230 3747 dixerit,
1248 3694 1295 3751 et
1321 3684 1579 3755 quomodo
1605 3683 1963 3740 Hebraeorum

376 3770 600 3839 populus
644 3771 889 3825 reductus
917 3782 990 3826 est
1015 3773 1164 3832 solus
1205 3774 1258 3837 in
1281 3775 1485 3830 diuinas
1530 3775 1960 3842 illuminatiunes,

376 3861 573 3915 ceteris
602 3862 909 3920 nationibus
933 3864 985 3917 in
1022 3865 1259 3923 tenebris
1283 3865 1622 3935 ignorantiae
1645 3876 1808 3936 atque
1838 3882 1963 3936 per-

375 3951 532 4007 lidiae
558 3953 791 4021 detentis
844 3965 969 4021 ante
1021 3957 1451 4016 incarnationem
1502 3959 1594 4014 Dei
1630 3961 1806 4022 Verbi,
1836 3961 1962 4014 duzn

373 4057 564 4099 clunes
590 4046 841 4111 similiter
861 4048 1113 4111 ductores
1138 4050 1379 4120 angelos,
1409 4051 1549 4104 sicut
1582 4050 1829 4115 Hebraei,
1864 4052 1962 4105 ha-

378 4134 592 4201 berent,
641 4141 1074 4207 respondendum,
1126 4143 1247 4212 quia
1282 4161 1384 4196 non
1433 4143 1748 4212 Angelorum
1799 4158 1962 4199 rectas

372 4228 617 4281 scientias
649 4232 889 4288 accusari
913 4242 1111 4301 oportet
1149 4233 1375 4287 aliarum
1410 4233 1454 4264 ”
1482 4236 1714 4303 gentium
1755 4235 1810 4288 in
1858 4251 1961 4289 non

371 4319 644 4374 existentes
697 4321 820 4375 deos
869 4323 915 4354 ¹⁵
975 4340 1170 4378 errore.
1230 4324 1703 4396 Respondendum,
1765 4328 1960 4396 inquit,

2070 1882 2176 1935 que
2204 1867 2370 1936 ipsos,
2399 1880 2506 1921 non
2535 1866 2696 1920 Deum
2719 1883 2875 1920 suum
2897 1868 3172 1933 amabant,
3199 1867 3653 1939 inﬂatisuperbia,

2070 1958 2188 2028 plus
2214 1968 2497 2015 creaturae
2541 1959 2859 2021 servientes,
2912 1974 3072 2029 quam
3103 1957 3367 2023 Creatori,
3406 1970 3461 2014 et
3495 1961 3646 2014 cultu

2070 2049 2381 2117 opinionum
2427 2063 2645 2102 suarum
2702 2048 2907 2107 seducti
2956 2055 3100 2105 sunt.
3145 2046 3656 2103 Corrationabiliter

2070 2138 2201 2207 ipsis
2224 2138 2503 2202 divinitus,
2528 2139 2629 2194 hoc
2655 2145 2758 2201 est,
2786 2138 3170 2201 convenienter
3207 2139 3289 2192 eis
3317 2138 3499 2194 divino
3525 2155 3652 2193 con-

2070 2228 2190 2283 silio
2221 2230 2320 2283 hoc
2353 2230 2468 2283 ﬁeri
2494 2244 2811 2283 concessum
2841 2229 2909 2281 ’³.
2938 2228 3183 2283 Tradidit
3212 2230 3355 2286 enim
3380 2246 3485 2284 eos
3514 2230 3655 2287 Deus

2070 2321 2123 2374 in
2170 2320 2454 2389 reprobutn
2496 2335 2736 2384 sensum,
2768 2328 2826 2373 ut
2866 2316 3090 2383 faciant,
3128 2334 3266 2388 quae
3305 2335 3409 2373 non
3454 2335 3656 2376 conve-

2070 2412 2244 2466 niunt.
2277 2411 2392 2465 Hoc
2443 2412 2739 2481 perhibetur
2789 2421 2836 2466 et
2878 2412 2987 2482 ipse
3031 2410 3391 2465 Hebraeorum
3430 2412 3655 2481 populus

2068 2520 2335 2572 perpessus
2375 2521 2503 2557 esse.
2538 2503 2672 2568 Hoc,
2707 2504 2758 2558 id
2803 2515 2907 2569 est,
2944 2519 3010 2558 ex
3045 2515 3192 2559 recta
3236 2506 3341 2569 via,
3374 2520 3478 2574 qua
3511 2522 3657 2562 unus

2070 2594 2212 2649 Deus
2238 2596 2456 2658 colitur,
2492 2595 2632 2649 sicut
2674 2605 2731 2649 et
2777 2603 2994 2650 ceterae
3032 2596 3301 2659 nationes,
3352 2599 3647 2651 recessisse

2070 2687 2317 2757 idolaque
2366 2687 2596 2742 coluisse
2664 2687 2977 2757 perhibetur
3048 2686 3343 2742 ilebraicus
3401 2688 3653 2756 pepulus,

2071 2778 2297 2848 ideoque
2362 2778 2619 2832 ultionem
2659 2777 2896 2830 divinam
2929 2791 3216 2846 perpessus
3255 2785 3357 2830 est.
3385 2776 3652 2846 Cognilto-

2069 2883 2184 2920 nem
2231 2869 2367 2919 enim
2398 2867 2512 2931 Dei,
2541 2868 2639 2930 ait,
2668 2867 2714 2897 “
2742 2864 2998 2935 repulisti,
3028 2875 3073 2920 et
3120 2876 3230 2941 post
3254 2882 3345 2923 cor
3371 2876 3517 2919 tuum
3545 2870 3655 2920 exi-

2067 2959 2153 3012 sti.
2181 2958 2362 3029 Neque
2389 2960 2525 3011 enim
2574 2967 2807 3011 coactam
2853 2958 3100 3017 habemus
3144 2958 3327 3023 vitam,
3379 2975 3541 3027 neque
3564 2977 3656 3027 per

2068 3051 2390 3118 provisorum
2418 3050 2684 3120 propriam
2724 3058 3026 3119 potestatem
3071 3047 3244 3101 divina
3270 3048 3466 3102 lumina
3487 3050 3655 3119 prori-

2066 3142 2166 3195 dae
2205 3141 2604 3194 illuminationis
2650 3140 3029 3205 obcaecantur,
3072 3141 3162 3193 sed
3219 3138 3651 3199 intellectualium

2064 3236 2317 3289 visionum
2338 3233 2708 3289 dissimilitudo
2732 3250 2888 3303 super
2908 3232 3060 3303 plena
3090 3244 3310 3305 paterna
3349 3232 3577 3285 bonitate
3605 3231 3653 3264 "

2062 3323 2193 3377 lucis
2219 3323 2572 3388 donationem,
2604 3332 2697 3376 aut
2724 3324 2933 3378 omnino
2964 3338 3065 3376 non
3091 3322 3457 3391 participatam
3500 3321 3649 3390 facit,

2063 3423 2109 3466 et
2137 3412 2205 3464 ad
2234 3428 2417 3464 earum
2448 3410 2869 3479 reformationem
2894 3429 2997 3473 non
3024 3411 3377 3474 distributum,
3406 3421 3650 3479 autpar-

2064 3502 2387 3570 ticiputiones
2441 3501 2567 3568 facit
2609 3490 2930 3570 Idi/ferentes,
2956 3518 3142 3569 parvas
3165 3511 3253 3553 aut
3299 3518 3534 3570 magnas,
3558 3501 3651 3555 ob-

2064 3610 2246 3655 scuras
2271 3608 2361 3646 aut
2400 3593 2593 3658 claras,
2632 3595 2787 3651 unius
2817 3605 2862 3648 et
2890 3594 3138 3663 simplicis
3166 3604 3212 3648 et
3258 3610 3457 3661 semper
3493 3594 3540 3624 “
3567 3611 3657 3647 eo-

2064 3686 2181 3739 dem
2206 3684 2360 3739 modo
2394 3685 2630 3738 habentis
2658 3694 2705 3737 et
2730 3687 3105 3756 superexpansi
3149 3684 3363 3753 fontalis
3397 3686 3554 3738 radii.
3589 3685 3647 3739 Ιιι

2067 3775 2168 3830 bac
2194 3783 2378 3832 autem
2403 3775 2667 3828 sententia
2691 3774 3022 3830 liberrimum
3056 3775 3335 3830 rationalis
3365 3784 3652 3831 creaturae

2066 3867 2407 3921 connuendat
2433 3867 2740 3930 arbitrium,
2768 3875 2823 3921 et
2851 3867 3224 3936 superplenam
3257 3877 3517 3947 paternae
3554 3868 3655 3920 bu-

2066 3961 2273 4023 nitatis,
2305 3961 2676 4030 inﬁnitamque
2702 3960 3152 4016 illutninatiouum
3177 3963 3535 4019 communiter
3557 3962 3656 4014 hu-

2068 4053 2241 4104 manis
2265 4051 2459 4104 animis
2473 4051 2807 4105 effusionem.
2832 4053 3074 4106 Aitenitn
3103 4070 3115 4106 :
3142 4068 3313 4121 neque
3328 4054 3370 4083 "
3389 4062 3655 4115 coactam,

2023 4183 2027 4186 .
2066 4141 2159 4194 sed
2186 4141 2406 4193 liberam
2442 4157 2540 4194 nos
2572 4141 2820 4195 homines
2849 4142 3107 4195 habemus
3155 4143 3342 4197 vitam.
3376 4143 3451 4196 Ac
3494 4142 3539 4195 si
3568 4145 3657 4194 di-

2064 4240 2212 4285 ceret
2253 4231 2409 4285 :Nou
2448 4233 2567 4287 ideo
2609 4233 2858 4286 conditor
2883 4241 2939 4286 et
2964 4233 3245 4296 ordinator
3270 4233 3513 4287 omnium
3555 4250 3654 4303 na;

2069 4323 2270 4375 tionum
2301 4324 2571 4391 principes
2603 4324 2823 4392 angelos
2849 4323 2929 4378 eis
2964 4325 3314 4393 praeposuit,
3364 4335 3421 4377 ut
3449 4340 3540 4377 eas
3566 4326 3655 4377 in-

373 4413 496 4479 quia
536 4415 804 4470 nemiuem
827 4426 1040 4485 Oportet
1064 4434 1323 4473 accusare
1346 4428 1524 4474 rectas
1547 4420 1826 4481 scientias,
1856 4422 1958 4475 hoc
1985 4450 2034 4508 ο
2068 4413 2228 4475 "ilas.
2252 4412 2453 4481 absque
2482 4413 2635 4466 liberi
2665 4413 2872 4466 arbitrii
2895 4413 3155 4482 appetilu.
3179 4414 3243 4467 ad
3271 4413 3470 4473 cultum
3492 4430 3656 4467 suum

371 4512 478 4565 est,
514 4512 658 4556 recta
679 4504 881 4571 judicia
911 4498 1224 4563 sanctorum
1258 4511 1593 4580 angelorum,
1629 4522 1850 4583 propter
1869 4528 1954 4565 er-

376 4607 551 4644 rorem
580 4592 622 4623 ¹⁶
656 4593 881 4651 aliarum
910 4596 1148 4662 gentium
1190 4598 1241 4651 in
1276 4614 1379 4652 non
1416 4600 1733 4665 existentes,
1778 4600 1831 4653 in
1859 4599 1954 4653 fal-

374 4696 464 4734 sos
486 4682 733 4736 videlicet
767 4682 916 4749 deos,
953 4686 1043 4753 qui
1075 4703 1178 4740 non
1205 4697 1352 4750 sunt,
1383 4689 1635 4756 quoniam
1664 4689 1954 4743 daemones

372 4786 500 4823 corn
510 4786 666 4839 mque
682 4771 907 4825 ludibria
920 4815 933 4835 ,
950 4775 1479 4845 tniserrimarumque
1495 4776 1891 4829 rationabilium
1910 4776 1951 4807 ¹⁷

374 4859 671 4914 animarum
740 4862 1127 4921 irrationabilin
1176 4868 1605 4925 machinamenta
1651 4868 1955 4934 probantur

2063 4514 2482 4569 converterent;
2533 4506 2577 4558 si
2624 4504 2768 4558 enim
2798 4505 2899 4559 hoc
2940 4508 3115 4569 lieret,
3149 4506 3364 4560 divinae
3410 4506 3659 4574 proiectu
3696 4560 3701 4561 ,

2063 4595 2313 4663 imaginis
2343 4594 2507 4664 gloria
2538 4595 2590 4649 in
2623 4595 2935 4649 servitutem
2965 4597 3177 4657 redacta
3210 4596 3523 4659 viiesceret;
3555 4600 3657 4651 sed

2062 4693 2349 4754 propterea
2383 4686 2602 4756 angelos
2627 4702 2752 4741 suos
2807 4687 3176 4747 nescientibus
3208 4703 3263 4741 se
3287 4688 3659 4757 generationi-

2061 4777 2165 4829 bus
2196 4777 2620 4844 praeordinavit,
2647 4786 2704 4828 ut
2732 4775 2943 4829 occulta
2973 4785 3029 4829 et
3056 4776 3373 4846 iutclligibili
3401 4778 3657 4831 admoni-

2063 4866 2206 4931 tione
2247 4866 2624 4921 iutellcctualis
2646 4866 2981 4929 rationalem,
3012 4867 3078 4920 ad
3093 4866 3451 4936 cognitionem
3475 4866 3656 4920 Crea-
3730 4894 3743 4906 ι

1668 5027 1751 5079 VA
1765 5026 1871 5078 [UA
1883 5024 1922 5077 E
1962 5023 2343 5078 LECTIONES
2355 5065 2366 5074 .

452 5141 527 5195 'A
543 5143 862 5196 ierarchicis.
938 5147 958 5176 ²
972 5146 1044 5198 sic
1058 5161 1165 5200 om.
1185 5146 1243 5199 Β.

368 5250 415 5290 ιιι
470 5235 525 5289 ἰιι
559 5251 662 5287 uno
704 5250 894 5289 omnes
922 5245 1027 5291 cet.

369 5313 402 5362 A
416 5310 452 5359 Β
486 5316 783 5374 augmento.

370 5382 633 5447 princeps.

372 5446 478 5497 ιιιιι.
502 5447 591 5516 νΑ(
622 5446 688 5501 ad
717 5464 884 5516 marg.
910 5450 1087 5501 adscr.
1114 5448 1172 5500 Β.

370 5515 667 5581 opinionum
719 5515 862 5571 cultu
893 5521 1140 5572 divinitus
1182 5519 1668 5572 rorrationabilitcr.

371 5620 509 5656 t-nrr.
546 5606 603 5657 Β⁶
641 5624 653 5658 :
698 5608 780 5661 ΛΒ
832 5613 1015 5664 virere.
1098 5613 1140 5641 ²¹
1195 5611 1231 5662 Α
1277 5609 1437 5662 cultu.

372 5675 419 5711 ³⁸
455 5676 679 5730 ("mittite
740 5691 975 5746 paterna.
1057 5682 1098 5711 "‘
1135 5684 1287 5735 (Int't'.
1333 5680 1415 5743 δ’,
1450 5680 1536 5732 ΑΒ
1572 5699 1618 5731 i"
1673 5697 1782 5747 P3"-

1108 5237 1129 5268 ⁶
1167 5236 1208 5291 Β
1246 5254 1410 5307 super
1464 5241 1640 5294 adscr.
1697 5242 1775 5306 fit.

865 5306 907 5337 ¹⁰
950 5308 1141 5361 Doceat
1166 5306 1489 5367 -—.converti
1519 5326 1625 5363 om.
1659 5310 1722 5361 A.

1256 5447 1296 5478 ¹⁶
1333 5447 1441 5501 Sic.
1486 5450 1548 5511 (ἶ,
1578 5450 1663 5501 ΑΒ
1689 5465 1944 5502 errorum.

1322 5146 1342 5177 ⁸
1360 5146 1449 5201 Sic
1474 5146 1583 5211 AC,
1607 5145 1688 5200 Ba
1708 5148 2015 5217 superiorib:
2039 5146 2552 5214 silescendit(punct.
2578 5144 2687 5214 adj.
2707 5146 2813 5213 Β⁶,)
2890 5146 2908 5175 ’⁵
2926 5147 2964 5199 Β
2987 5157 3059 5200 ut.

1855 5240 1873 5268 τ
1915 5250 2009 5291 est.
2041 5254 2129 5291 om
2198 5236 2260 5289 B.

1803 5309 1840 5339 ¹¹
1889 5310 1944 5360 Β⁶
1980 5326 2121 5363 corr.
2150 5318 2358 5375 quotus,
2390 5306 2428 5357 (Σ
2456 5316 2663 5375 quotus.

715 5376 757 5406 ¹³
798 5376 955 5432 Solus
984 5378 1034 5430 in
1065 5378 1268 5431 divinas
1290 5379 1698 5431 illuminationes
1727 5394 1836 5432 om.
1867 5377 1975 5441 ΑΒ,
2012 5382 2075 5431 ad
2106 5373 2274 5445 marg.
2306 5378 2480 5429 adscr.
2515 5373 2596 5425 B‘.

717 5464 884 5499 mare.
910 5450 1087 5499 adscr.
1114 5448 1172 5499 Β.
1256 5447 1296 5478 ¹⁶
1333 5447 1441 5499 Sic.
1486 5450 1548 5499 (ἶ.
1578 5450 1663 5499 AB
1689 5465 1944 5499 errorum.
2025 5451 2062 5479 ⁸⁷
2109 5448 2164 5499 Β.
2202 5446 2596 5499 rationabilinnn

2025 5451 2062 5479 ³⁷
2109 5448 2164 5499 Β.
2202 5446 2705 5514 ratiottttbilinmqm'.

1750 5520 1793 5548 ²⁰
1838 5519 1924 5572 Sic
1952 5520 2016 5581 (ἶ,
2044 5521 2103 5571 Λ.
2135 5518 2201 5570 atl
2238 5516 2376 5579 illos,
2406 5514 2536 5601 Β
2578 5517 2695 5568 illos
2737 5518 2945 5585 (punct.
2976 5517 3082 5568 adi.
3123 5516 3231 5583 B‘.)

1518 5611 1564 5640 ’³
1612 5610 1666 5659 li‘
1721 5609 1852 5661 infra
1914 5613 2089 5663 .‘HsCt‘.
2151 5620 2222 5662 cst
2279 5623 2612 5663 concessum.

1518 5681 1618 5731 ire
1675 5697 1782 5735 iter.
1862 5682 1902 5710 ’⁷
1945 5680 2121 5735 lim-r.

3142 5148 3162 5183 ⁸
3188 5162 3381 5202 comm.
3406 5147 3659 5202 similiter

2338 5238 2358 5265 "
2398 5235 2648 5297 Emeud.,
2692 5234 2823 5288 ΑΒΕ
2863 5253 2984 5289 uno.
3070 5237 3091 5268 ’
3131 5237 3286 5293 διες
3314 5244 3521 5290 etcorr.
3564 5238 3653 5302 B‘,

2773 5306 2816 5338 ⁸²
2858 5306 2896 5359 Β
2946 5308 3203 5375 principes
3255 5306 3571 5372 specialiter,
3612 5315 3658 5361 (ζ

2680 5375 2723 5406 ’³
2765 5376 2821 5428 Β⁴
2842 5392 2987 5429 corr.
3015 5379 3078 5429 de
3109 5378 3355 5429 aliarum.
3437 5377 3480 5406 ³⁵
3511 5376 3659 5429 Dm:

2789 5448 2829 5476 ⁸⁸
2870 5446 2927 5498 Β.
2967 5450 3079 5499 rad.
3128 5462 3269 5499 corr.
3301 5446 3439 5513 fecit.
3522 5448 3565 5477 ιθ
3615 5449 3659 5500 Β

3307 5518 3348 5550 ³¹
3390 5516 3477 5567 Sic
3512 5516 3552 5565 (ἶ
3598 5532 3662 5570 (ιι

2690 5607 2733 5639 ¹⁶
2774 5608 2879 5661 Pro
2907 5609 3042 5661 enim
3092 5606 3186 5660 Dei
3226 5608 3297 5660 ait
3332 5606 3370 5660 Β
3415 5609 3486 5662 ait
3527 5606 3656 5661 Uri.
