3952 6156
300 294 404 350 221

1149 291 1372 348 SUPER
1409 288 1834 345 [ERARCHL-Ul
1876 287 2286 344 CAELESTEM
2331 287 2391 343 S.
2431 288 2742 345 DlONYSil.
3451 297 3556 351 ΞΝ
3590 290 3593 299 “

303 416 596 469 daemones
649 409 847 477 plane,
906 408 1193 478 imperare.
1247 405 1520 461 Adversus
1575 402 1881 474 superbiam
1915 413 1955 468 Α
1987 409 2196 455 ctorum
2248 413 2555 469 angelorum
2610 401 2812 456 viritim
2866 402 2910 434 ⁸⁸
2954 403 3004 456 iu
3055 406 3252 460 ceteris
3308 409 3585 476 gentith

300 503 627 559 Iudaeorum
676 500 779 553 hoc
826 498 1027 552 dictum
1070 496 1325 559 arbitror,
1367 493 1457 564 qui
1503 493 1675 562 ipsum
1711 492 1877 547 Deum

303 609 401 663 per
451 606 510 646 se
553 591 749 659 ipsum,
823 604 928 643 non
981 602 1080 658 per
1129 585 1361 657 aliquem
1399 584 1710 654 angelorum
1747 583 1830 638 sui
1861 582 1878 603 '

306 684 578 750 imperare
598 680 699 735 sibi
725 687 1027 740 autumant,
1054 677 1282 745 ideoque
1326 690 1385 730 se
1406 675 1427 706 '
1457 673 1882 728 honorabiliorcs

303 775 501 827 ceteris
523 770 774 841 gentibus
804 768 1126 839 gloriantur,
1157 766 1311 837 quasi
1339 764 1571 834 speciale
1597 762 1879 833 imperium

306 854 465 917 unius
515 861 611 915 Dei
639 860 844 914 electus
888 857 1116 928 populus
1137 855 1321 911 lsrael.
1356 854 1614 924 Sequitur
1656 870 1669 906 :
1701 851 1806 908 Sed
1832 862 1882 905 et

303 952 566 1020 eloquium
587 948 720 1002 illud
747 948 1031 1002 secundum
1053 948 1219 1015 ipsam
1252 961 1459 999 sacram
1488 943 1884 1014 intelligentiam

304 1041 666 1109 accipiendum
709 1038 752 1090 ³.
798 1036 914 1092 Non
973 1036 1292 1098 secundum,
1331 1034 1526 1104 inquit,
1564 1031 1754 1086 l'alsam
1795 1046 1886 1086 su-

305 1140 641 1199 perbamque
693 1125 718 1158 ⁵
757 1123 1036 1180 Iudaicam
1085 1123 1416 1194 opinionem,
1468 1138 1572 1193 qua
1629 1137 1688 1177 se
1720 1121 1884 1176 veluti

304 1220 577 1292 propriam
610 1218 708 1274 Dei
736 1217 1123 1273 haereditatem
1142 1214 1452 1284 iactitant“,
1499 1214 1677 1269 divina
1706 1214 1887 1283 provi-

305 1311 486 1365 dentia
517 1308 830 1378 accipienda
866 1314 983 1371 est,
1014 1306 1106 1360 sed
1138 1305 1412 1375 eloquium
1454 1304 1584 1359 illud
1622 1304 1890 1374 accipiens

305 1399 459 1463 dum,
488 1397 594 1453 hoc
624 1405 732 1463 est,
758 1395 937 1451 divina
969 1394 1249 1464 Scriptura
1271 1396 1563 1450 scrutanda
1589 1393 1885 1450 secundum

306 1488 481 1556 ipsam
528 1495 771 1542 sanctam
819 1484 1250 1554 intelligentiam,
1292 1498 1432 1553 quae
1455 1483 1636 1550 docet,
1673 1497 1888 1555 rempué

306 1579 507 1634 biicam
550 1575 875 1631 universalis
908 1584 1189 1632 creaturae
1234 1577 1504 1632 communi
1548 1576 1887 1647 providentia

306 1677 361 1723 et
400 1666 621 1723 salute°
649 1666 959 1737 gubernari.
983 1664 1275 1737 Propterea
1318 1666 1566 1722 subditur
1604 1685 1618 1721 ε
1667 1665 1791 1721 Non
1829 1674 1889 1722 ut

1983 490 2289 561 imperium.
2322 499 2381 543 ut
2408 505 2505 560 per
2531 505 2681 553 eum,
2715 492 2962 560 angelum
3000 493 3271 559 videlicet,
3316 509 3551 566 gentem,

1982 580 2069 635 cui
2098 587 2333 648 praeest,
2363 580 2417 632 in
2454 581 2815 650 cognitionem
2840 583 2998 637 unius
3017 585 3255 639 omnium
3287 588 3561 659 principii,

1982 667 2123 737 quod
2146 667 2259 735 ipse
2291 665 2548 722 Dominus
2590 678 2694 733 est,
2736 671 3055 727 reduceret:
3102 685 3383 745 propterea
3422 678 3557 733 dixit

1981 755 2207 810 Michael
2247 752 2529 810 Iudaicum
2572 756 2790 814 duxisse
2833 761 3104 829 populum,
3160 773 3218 818 ut
3265 780 3362 834 per
3390 782 3553 822 unum

1983 838 2173 900 ducem
2221 844 2382 898 unius
2406 844 2446 877 ⁸⁷
2492 846 2667 915 gentis
2717 862 2972 913 expresse
3016 852 3348 907 nominatum
3390 856 3433 887 ⁸⁸
3465 873 3556 911 ce-

1984 942 2130 989 teros
2157 943 2461 989 ceterarum
2501 936 2742 1005 gentium
2770 939 2935 993 duces
2985 941 3138 996 nobis
3164 942 3464 1002 insinuaret
3491 953 3559 1008 ⁸³.

1983 1033 2038 1080 et
2063 1033 2122 1079 ut
2160 1023 2353 1078 falsam
2389 1026 2695 1096 opinionem
2726 1026 3053 1084 Iudaeorum
3100 1034 3421 1101 destrueret,
3467 1040 3554 1109 qui

1982 1114 2291 1183 opinantur,
2311 1113 2513 1169 nullum
2530 1116 2828 1186 principem
2854 1118 2955 1171 nisi
2983 1121 3154 1188 ipsum
3181 1122 3347 1177 Deum
3365 1126 3527 1179 imme
3542 1146 3563 1167 ε

1984 1203 2128 1258 diale
2151 1204 2253 1258 sibi
2277 1204 2559 1274 imperare.
2589 1204 2846 1276 Sequitur
2871 1224 2884 1261 :
2913 1208 3100 1277 Aperte
3141 1228 3232 1265 nos
3257 1215 3475 1269 edocens
3490 1219 3559 1277 ⁸⁸,

1985 1307 2145 1347 unam
2182 1293 2227 1325 ³⁸
2274 1309 2384 1348 esse
2434 1295 2666 1349 omnium
2710 1298 3087 1366 providentiam
3137 1302 3181 1332 ⁸⁸
3231 1304 3387 1356 simul
3450 1324 3558 1359 ωη-

1987 1383 2140 1438 nibus
2190 1384 2540 1439 inuisibilibus
2609 1396 2658 1439 et
2717 1386 3005 1442 visibilibus
3056 1390 3332 1446 virtutibus
3385 1388 3565 1464 super-

1985 1477 2330 1531 essentialiter
2355 1478 2819 1548 supercollocatam
2841 1481 2909 1533 ⁸³.
2943 1479 3219 1552 Tanquam
3252 1485 3297 1538 si
3327 1485 3563 1541 diceret:

1987 1565 2277 1638 Propterea
2330 1570 2594 1641 theologia
2622 1571 2669 1604 ”
2703 1573 2943 1644 singulos
2969 1575 3299 1645 singularum
3342 1592 3565 1647 genera-

1990 1658 2194 1714 tionum
2239 1660 2459 1730 angelos
2513 1662 2714 1728 tradit,
2771 1678 2931 1718 unam
2978 1666 3069 1719 nni
3115 1667 3472 1736 distribuens,
3516 1683 3573 1725 ut

307 1758 565 1827 puniente
610 1754 723 1810 Deo
779 1771 899 1809 cum
957 1754 1078 1808 aliis
1129 1755 1232 1809 diis
1266 1764 1359 1809 aut
1400 1755 1600 1826 angelis
1648 1766 1883 1810 nostrum
1914 1767 1959 1827 Β
1987 1759 2173 1821 aperte
2202 1767 2302 1808 nos
2326 1753 2570 1820 edoceat,
2601 1770 2762 1808 unam
2786 1756 2835 1788 “
2862 1771 2980 1812 esse
3009 1759 3248 1812 omnium
3280 1762 3571 1829 providen-

310 1849 583 1911 ducatum,
619 1855 668 1900 et
717 1844 888 1899 Israel
933 1846 990 1899 in
1037 1847 1204 1916 gentis
1255 1846 1606 1917 principatum
1641 1856 1691 1901 et
1727 1847 1891 1918 gentis

312 1941 562 1991 ducatum
602 1946 844 1991 contento
871 1935 917 2000 ',
967 1937 1057 1990 sed
1105 1947 1160 1990 ut
1190 1938 1304 2007 ipsa
1343 1938 1553 2008 quidem
1595 1954 1699 1992 una
1735 1937 1891 1992 simul

310 2028 544 2081 omnium
566 2027 772 2080 excelsa
792 2026 1115 2096 providentia
1143 2042 1319 2082 omnes
1341 2028 1573 2083 homines
1589 2027 1895 2084 salutariter

311 2117 644 2185 propriorum
687 2114 991 2185 angelon
1028 2117 1364 2171 restitutoriis
1401 2116 1893 2172 manuductionibus

313 2207 674 2271 distribuente,
709 2204 822 2260 solo
868 2205 975 2275 fere
1016 2206 1040 2237 ⁸
1073 2205 1214 2261 ultra
1269 2223 1447 2263 omnes
1488 2207 1658 2263 Israel
1696 2209 1749 2264 in
1788 2210 1894 2264 veri

316 2298 525 2355 Domini
550 2299 993 2354 itluminationem
1022 2307 1074 2352 et
1110 2298 1453 2370 cognitionem
1486 2315 1749 2354 converso.
1778 2298 1922 2354 Non.

316 2392 486 2462 quasi,
536 2391 734 2460 inquit,
784 2390 1080 2460 partiretur
1118 2390 1263 2446 Deus
1297 2406 1421 2446 cum
1449 2390 1632 2446 alteris
1670 2390 1774 2446 diis
1803 2398 1897 2445 aut

316 2489 540 2558 angelis,
585 2487 693 2539 hoc
726 2493 832 2547 est,
862 2482 1166 2539 divideret’
1214 2484 1359 2538 inter
1411 2483 1612 2539 alteros
1640 2483 1769 2538 deos
1805 2492 1897 2538 aut

316 2577 532 2648 angelos
562 2583 809 2630 nostrum
837 2573 1110 2639 ducatum,
1136 2582 1443 2629 ceterarum
1490 2571 1897 2643 videlicet'gen-

320 2670 472 2729 tium.
495 2682 568 2721 ex
606 2666 803 2733 quibus
832 2666 900 2720 ad
922 2664 1125 2719 cultum
1156 2664 1317 2719 unius
1345 2663 1459 2718 veri
1486 2664 1592 2719 Dei
1621 2676 1897 2730 vocamur,

319 2758 605 2825 imperium
642 2753 709 2819 ⁸⁸,
759 2757 913 2824 quasi
963 2763 1251 2808 contentus
1287 2746 1333 2784 ⁸⁸
1359 2753 1429 2807 sit
1475 2752 1591 2807 solo
1623 2750 1790 2808 lsrael
1842 2751 1898 2806 in

315 2847 493 2917 gentis
550 2844 917 2915 principatum
969 2843 1256 2913 gentisque
1306 2842 1581 2906 ducatum,
1635 2852 1696 2895 ut
1757 2851 1900 2897 esset

320 2938 573 3005 princeps
625 2933 806 3004 gentis
851 2940 907 2986 et
951 2931 1059 2986 dux
1099 2932 1298 3001 gentis,
1353 2945 1461 2986 non
1507 2930 1759 3002 alicujus,
1796 2932 1899 2987 nisi

321 3026 491 3081 solius
534 3023 814 3085 Iudaicae,
864 3023 960 3077 sed
1009 3023 1162 3092 quasi
1216 3035 1324 3077 una
1370 3020 1707 3092 providentia
1742 3021 1903 3077 simul

1996 1843 2124 1897 tiam
2149 1883 2166 1908 ,
2212 1858 2353 1914 quae
2396 1844 2555 1900 simul
2593 1847 2843 1903 omnibus
2890 1849 3245 1906 invisibilibus
3272 1862 3327 1907 et
3346 1853 3571 1910 visibili-

1994 1934 2094 1990 bus
2123 1936 2412 1991 virtutibus
2457 1951 2620 2007 super
2661 1952 2877 1994 omnem
2929 1942 3219 1997 essentiam
3251 1944 3577 2013 supercollo~

1994 2034 2169 2083 catur.
2213 2025 2405 2083 Omnes
2443 2038 2619 2083 autem
2659 2044 2751 2100 per
2787 2030 3023 2102 singulas
3051 2043 3225 2103 gentes
3264 2036 3575 2104 imperantes

1995 2114 2208 2186 angelos
2233 2155 2249 2181 ,
2294 2118 2349 2170 in
2380 2119 2551 2187 ipsum
2587 2130 2642 2173 ut
2662 2121 2927 2190 proprium
2952 2122 3263 2194 principium
3289 2139 3572 2195 sequentes,

1995 2206 2260 2261 voluntate
2288 2208 2553 2263 essentiali
2576 2198 2807 2281 quasque
2828 2213 3041 2268 virtutes
3062 2218 3357 2272 extendere.
3408 2220 3448 2273 A
3483 2237 3574 2275 su-

1995 2298 2297 2368 perioribus
2323 2300 2675 2357 subauditur:
2705 2311 2763 2357 ut
2805 2303 3026 2360 doceret
3069 2321 3167 2362 nos
3202 2309 3391 2363 eadem
3433 2310 3580 2365 theo-

1998 2385 2163 2458 logia,
2207 2389 2349 2457 quod
2396 2403 2585 2444 omnes
2625 2390 2951 2461 imperantes
2990 2394 3162 2465 angeli
3204 2411 3302 2465 per
3344 2397 3580 2467 singulas
3618 2446 3631 2451 -

1999 2484 2189 2548 gentes
2229 2477 2547 2544 extendunt,
2608 2480 2709 2534 hoc
2756 2490 2871 2545 est,
2905 2483 3210 2538 subvehunt
3258 2498 3571 2556 sequentes,

1998 2567 2308 2622 obcdientes
2348 2567 2553 2623 scilicet
2592 2570 2693 2624 sibi
2725 2571 2999 2627 voluntate
3021 2575 3295 2629 essentiali
3316 2576 3383 2640 ⁸⁸,
3413 2577 3581 2632 libero

1999 2656 2189 2728 plenae
2217 2656 2263 2690 "
2298 2657 2593 2712 voluntatis
2621 2659 2846 2715 arbitrio
2867 2702 2882 2725 ,
2908 2663 3051 2731 quod
3091 2664 3450 2721 essentialiter
3482 2667 3580 2722 ha-

2002 2748 2181 2804 manis
2230 2750 2500 2805 mentibus
2553 2751 2711 2815 inest,
2765 2767 3008 2823 quasque
3060 2757 3324 2824 virtutes,
3373 2759 3425 2814 id
3476 2771 3581 2824 est,

2002 2853 2354 2909 quascunque
2379 2840 2425 2874 ⁸⁸
2457 2842 2686 2896 virtutes
2723 2844 3026 2899 animorum
3074 2846 3226 2903 libito
3273 2864 3332 2905 se
3357 2865 3578 2919 sequen~

2005 2932 2170 2997 tium,
2202 2933 2255 2987 iu
2287 2933 2462 3003 ipsum
2490 2934 2661 2989 Deum
2701 2945 2752 2991 ut
2784 2938 3058 3006 proprium
3088 2940 3439 3010 principium;
3473 2958 3585 2997 me-

2006 3021 2153 3087 rito,
2203 3022 2332 3091 quia
2362 3024 2627 3085 Dominus
2672 3027 2948 3096 proprium
2990 3035 3046 3083 et
3093 3028 3264 3083 solum
3304 3032 3585 3088 rationalis

321 3113 566 3170 monium
604 3112 823 3167 excelsa
849 3122 1037 3167 omnes
1069 3111 1317 3167 homines
1351 3110 1684 3177 salutariter,
1737 3126 1903 3167 causa
1930 3124 1974 3186 ρ
2005 3122 2291 3169 creaturae
2332 3115 2653 3185 principium
2704 3125 2807 3172 est.
2881 3116 3026 3174 Ordo
3070 3120 3250 3189 itaque
3290 3121 3584 3176 dictionum

322 3202 573 3260 videlicet
624 3203 868 3257 omnium
906 3200 1116 3263 salutis,
1170 3201 1514 3257 distribuerat
1551 3202 1903 3259 r‘estitutoriis

323 3293 384 3352 in
435 3294 644 3351 cultum
699 3293 794 3348 Dei
847 3293 1391 3358 maauduetionibus,
1439 3293 1656 3349 auxiliis
1702 3293 1901 3364 plane,

324 3389 668 3460 propriorum
697 3385 1032 3456 angelorum,
1053 3388 1179 3441 dum
1216 3386 1367 3441 solus
1395 3382 1512 3442 fere
1530 3394 1688 3442 extra
1715 3400 1908 3443 omnes

325 3479 571 3535 nationes
597 3479 653 3532 in
688 3477 803 3532 veri
825 3476 1038 3532 Domini
1063 3475 1242 3532 lucem
1264 3485 1320 3531 et
1348 3477 1707 3547 cognitionem
1739 3476 1906 3531 lsrael

326 3584 625 3625 conversus
676 3567 766 3621 sit.
811 3564 961 3620 Unde
1007 3564 1265 3636 theologia
1310 3566 1518 3637 quidem
1548 3582 1604 3619 se
1643 3566 1690 3600 ⁸⁸
1735 3566 1906 3634 ipsum

326 3660 617 3731 possedisse
642 3656 818 3712 lsrael
855 3657 911 3711 in
948 3672 1061 3711 vere
1093 3655 1187 3710 Dei
1224 3655 1540 3726 famulatum
1578 3656 1903 3727 significans,

328 3750 473 3821 facta
499 3759 575 3805 est
601 3748 776 3820 portio
792 3747 1021 3810 Domini,
1041 3748 1134 3801 ait.
1162 3746 1314 3802 Unde
1332 3746 1905 3817 “,quamobrem,qua

327 3844 395 3898 de
418 3858 608 3906 causa,
636 3841 895 3912 quoniam
930 3839 1077 3894 solus
1102 3838 1216 3894 fere
1265 3838 1432 3895 lsrael
1462 3840 1516 3894 in
1545 3839 1906 3909 cognitionem

326 3947 622 3989 conversus
640 3939 743 3993 est,
763 3930 1027 4000 theologia
1050 3944 1110 3985 se
1133 3930 1329 3998 ipsum,
1348 3929 1630 3983 Dominum
1643 3927 1908 3996 profecto,

326 4024 634 4094 possedisse
686 4020 852 4075 lsrael
894 4020 949 4073 in
996 4019 1313 4083 latinilatum
1360 4034 1519 4074 suum
1573 4018 1905 4089 signiﬁcans,

332 4113 475 4169 facta
498 4122 582 4168 est
595 4112 775 4183 portio
794 4110 1027 4174 Domini,-
1040 4110 1134 4164 ait.
1148 4108 1334 4165 Potest
1350 4111 1514 4164 etiam
1530 4110 1905 4179 interpretari:

330 4204 530 4261 Factus
575 4215 687 4271 est,
741 4213 802 4259 ut
841 4203 1195 4260 subaudiatur
1229 4202 1415 4268 lsrael,
1447 4204 1623 4272 portio
1668 4202 1904 4258 Domi-ni.

332 4296 627 4351 Ostendens
680 4305 857 4350 autem
917 4304 966 4349 et
1019 4310 1137 4348 eum
1187 4294 1382 4348 viritim
1438 4296 1620 4348 ceteris
1674 4294 1945 4364 gentibus.

328 4386 660 4441 distribuisse
684 4384 896 4438 cuidam
924 4394 1226 4439 sanctorum
1273 4384 1577 4453 angelorum
1620 4384 1673 4436 in
1722 4399 1912 4453 cogno-

2003 3211 2125 3260 est:
2152 3218 2343 3259 omnes
2365 3217 2465 3274 per
2505 3206 2742 3277 singulas
2775 3216 2961 3278 gentes
3005 3209 3333 3279 imperantes
3368 3212 3586 3284 angelos

2003 3303 2290 3365 sequentes
2324 3306 2676 3367 quascunque
2714 3298 2943 3354 virtutes
2990 3300 3264 3356 voluntate
3310 3304 3585 3357 essentiali

2004 3385 2061 3441 in
2092 3386 2272 3456 ipsum
2317 3394 2371 3440 et
2412 3388 2689 3458 proprium
2732 3388 3057 3460 principium
3100 3392 3395 3449 extendere
3435 3394 3589 3449 docet

2007 3476 2296 3547 theologia.
2354 3477 2411 3532 in
2457 3477 2562 3534 hac
2608 3494 2712 3533 una
2743 3482 3007 3535 sententia
3053 3482 3336 3538 sanissima
3362 3492 3419 3539 et
3441 3484 3590 3539 altis-

2005 3566 2141 3621 sima
2165 3568 2394 3622 traditur
2419 3569 2573 3623 nobis
2606 3570 2871 3625 doctrina.
2912 3571 3152 3626 Primum
3176 3573 3390 3643 quidem
3412 3616 3426 3639 .
3462 3576 3587 3645 quia

2005 3657 2178 3711 sancti
2210 3656 2383 3726 angeli
2412 3658 2580 3711 nostri
2614 3659 2890 3727 praesules
2927 3668 3081 3725 sum,
3112 3668 3169 3715 et
3206 3677 3309 3717 non
3332 3662 3492 3717 aliam
3518 3672 3588 3720 ou

2005 3762 2223 3802 causam
2267 3748 2537 3815 imperant
2585 3749 2782 3812 nobis,
2822 3750 2922 3803 nisi
2971 3758 3032 3803 ut
3076 3765 3173 3805 nos
3214 3762 3467 3807 revocent
3496 3769 3590 3808 no-

2007 3836 2135 3891 stris
2172 3835 2216 3866 ”
2240 3836 2513 3890 erroribus
2561 3847 2617 3890 et
2661 3837 2983 3905 ignorantiis
3043 3839 3097 3892 in
3149 3841 3308 3895 unius
3347 3842 3589 3897 omnium

2006 3914 2259 3994 principii
2295 3931 2351 3979 et
2394 3934 2599 3980 causae
2639 3926 2998 3996 cognitionem
3021 3967 3037 3992 ,
3090 3942 3228 3996 quae
3264 3929 3374 3984 sola
3406 3940 3587 3985 nostra

2008 4012 2154 4067 saius
2179 4023 2263 4068 est
2281 4024 2337 4069 et
2361 4013 2409 4045 ⁸⁸
2437 4015 2685 4087 purgatio
2706 4025 2759 4070 et
2787 4016 3108 4073 illuminatio
3149 4026 3202 4073 et
3229 4017 3488 4089 perfectio
3535 4031 3591 4075 et

2008 4119 2218 4158 summa
2261 4105 2539 4160 beatitudo
2581 4114 2637 4161 et
2684 4106 2974 4161 deiﬁcatio.
3030 4107 3102 4163 Et
3122 4109 3263 4178 quod
3300 4125 3461 4164 nemo
3488 4125 3588 4164 no-

2008 4203 2180 4250 strum
2223 4194 2423 4250 invitus
2461 4196 2757 4261 reducitur,
2791 4213 2859 4252 ne
2896 4198 3159 4253 naturalis
3183 4199 3351 4268 gloria
3378 4202 3594 4255 divinae

2012 4287 2299 4358 imaginis,
2357 4302 2496 4356 quae
2538 4289 2772 4343 maxime
2815 4290 2867 4343 in
2913 4290 3160 4344 libertate
3200 4293 3407 4347 arbitrii
3436 4295 3593 4350 nobis

2008 4374 2132 4430 data
2156 4385 2261 4441 est,
2315 4376 2654 4431 decoloretur
2679 4378 2746 4443 ³⁸,
2776 4380 2868 4434 sed
2899 4380 3317 4451 uniuscujusque
3345 4394 3596 4440 nostrum

330 4478 579 4533 scendum
602 4493 696 4546 per
730 4493 850 4531 eum
882 4491 1043 4529 unum
1064 4476 1295 4529 omnium
1320 4476 1657 4545 principium,
1683 4474 1908 4528 Michael
1940 4475 1984 4534 D
2012 4467 2257 4522 interiori
2284 4467 2470 4522 virtuti
2503 4469 2695 4524 electio
2722 4472 2881 4541 datur
2904 4482 2960 4526 et
2993 4472 3214 4529 libertas
3242 4484 3298 4528 et
3323 4476 3597 4545 possibili;

330 4570 464 4622 dixit
506 4568 793 4622 Iudaicum
838 4566 1049 4620 duxisse
1088 4565 1357 4646 populum.
1393 4564 1463 4620 Ut
1490 4564 1534 4596 “
1574 4566 1908 4626 ostenderet,

338 4659 507 4729 inquit
543 4658 611 4723 ⁸⁸,
651 4658 827 4727 ipsum
868 4656 1152 4711 Dominum
1182 4654 1520 4709 distribuisse
1540 4654 1755 4709 cuidam
1786 4668 1910 4709 sau-

2015 4567 2098 4613 tas
2127 4558 2383 4631 redeundi
2433 4560 2485 4614 in
2534 4575 2657 4615 eum
2679 4600 2694 4625 ,
2741 4561 2807 4616 ad
2836 4562 2987 4633 cujus
3015 4564 3301 4634 imaginem
3335 4565 3459 4623 facti
3500 4585 3601 4623 su;

2018 4668 2155 4715 mus,
2182 4652 2311 4706 etin
2341 4653 2457 4722 ipso
2482 4652 2766 4708 deilicandi
2797 4654 2843 4686 ³⁸
2869 4663 2923 4709 et
2950 4655 3315 4724 beatiﬁcandi,
3353 4658 3472 4729 ipso
3497 4668 3601 4729 per

1643 4781 1896 4838 YMHAE
1934 4781 2333 4838 LECTIONES.

407 4931 429 4959 '
493 4923 583 4978 Sic
630 4935 731 4994 pro
770 4940 1007 4979 suorum.
1107 4923 1131 4956 ‘
1181 4941 1236 4978 se
1272 4938 1381 4980 om.
1424 4922 1486 4977 Β.

342 4990 367 5027 ⁸
397 4996 487 5046 Sic
509 4998 549 5049 (J
573 4990 797 5050 et'corr.
825 4994 909 5060 B’,
941 4995 1030 5048 AB
1061 4994 1243 5049 saluti.
1318 4995 1337 5027 "
1364 4994 1404 5047 Β
1456 5004 1767 5061 contempto,
1810 4995 1874 5048 B‘

345 5066 587 5119 dividere.
665 5064 709 5134 ⁸⁸
743 5063 805 5117 B‘
853 5067 1032 5119 adscr.
1079 5075 1128 5118 et
1181 5064 1487 5134 imperium.

338 5145 627 5190 conuentus.
656 5133 698 5188 C
748 5138 899 5204 quasi
921 5133 1269 5204 contemptus.

339 5206 507 5275 inquit
554 5206 594 5260 Β
653 5202 769 5256 ἰηζ
837 5204 881 5236 ⁸⁸
917 5202 982 5257 Β*
1039 5202 1212 5273 marg,
1271 5202 1496 5259 adscr.':

338 5308 595 5365 quantque
618 5279 899 5367 unicuique
930 5296 1014 5367 vel
1043 5295 1249 5367 singula
1282 5296 1522 5367 singulis.

342 5372 398 5416 et
431 5364 551 5418 rad.
588 5381 737 5421 corr.
781 5364 864 5429 δ’,
912 5365 1002 5419 ΑΒ
1039 5364 1343 5419 insinuaret.

1590 4924 1610 4955 ³
1662 4922 1723 4977 8"
1785 4925 1962 4980 adscr.
2016 4937 2109 4980 est.

1927 5010 2072 5049 corr.
2123 5006 2380 5049 contento.
2455 4997 2477 5027 ⁸
2512 4999 2557 5048 Α
2586 5013 2718 5049 vere.

1602 5066 1643 5096 “
1683 5065 1838 5119 Corr.
1904 5066 1964 5118 Β·
1988 5082 2003 5130 ;

1383 5132 1429 5169 ⁸⁸
1452 5134 1664 5205 quidem
1717 5150 1826 5188 om.
1852 5134 1926 5205 HC,
1975 5151 2031 5189 se
2061 5132 2177 5190 om.
2221 5132 2331 5188 'AB.

1539 5207 1578 5258 i.
1627 5222 1673 5258 ε.
1724 5204 2028 5274 singillatim
2071 5206 2147 5259 vel
2201 5214 2257 5258 ut
2320 5207 2613 5275 expressius
2668 5207 2881 5259 dicatur
2939 5223 3099 5260 unam
3147 5208 3241 5261 uni
3311 5206 3386 5261 vel
3430 5226 3590 5262 una»:

1630 5296 1669 5327 "
1702 5294 1763 5347 Β·
1799 5310 1960 5365 supra
1993 5296 2170 5350 adscr.
2203 5304 2252 5349 et
2281 5296 2459 5365 unius.

1442 5366 1487 5397 “
1523 5364 1613 5419 Sic
1640 5365 1680 5419 C
1712 5376 1766 5419 et
1803 5364 1921 5420 rail.
1954 5380 2095 5420 corr.
2122 5365 2206 5429 B',
2238 5364 2326 5419 AB
2371 5366 2635 5419 sedocens.

2211 4925 2358 5007 fSic
2408 4926 2479 5007 Cl3
2526 4926 2613 5007 _AB
2656 4926 3073 5007 superbiamque:
3144 5004 3152 5007 Δ
3197 4926 3324 4983 'AC
3371 4930 3587 5007 inomni,

2350 5013 2380 5076 ξ.
2455 4997 2477 5027 ⁸
2512 4999 2557 5048 Α
2586 5013 2718 5049 vere.
2752 5065 2766 5076 Δ
2823 4997 2844 5029 ⁵
2882 4996 2974 5050 Sic
3023 4997 3063 5051 C
3104 5004 3158 5051 et
3190 5015 3332 5053 corr.
3373 4999 3463 5076 [Γ.
3502 4998 3598 5055 Alli

2060 5080 2159 5134 pro
2208 5067 2360 5135 quasi
2421 5075 2691 5118 contentus
2739 5065 2782 5119 A
2817 5082 2949 5135 quae
2995 5078 3335 5137 contemptus,
3371 5068 3413 5122 Β
3460 5088 3597 5139 quas"

2070 5150 2177 5190 om.
2221 5136 2331 5188 AB.
2435 5134 2478 5166 ⁸⁸
2518 5135 2624 5190 Pro
2665 5136 2802 5189 unde
2833 5138 2876 5188 Α
2923 5138 3053 5189 vide.
3133 5136 3177 5168 ”
3215 5138 3254 5191 (3
3285 5148 3332 5190 et
3409 5141 3452 5170 ⁸⁸
3485 5141 3591 5195 Pro

2574 5295 2617 5326 ¹⁸
2652 5294 2743 5349 Sic
2774 5294 2836 5358 C,
2872 5295 2962 5349 AB
3001 5295 3277 5347 minatum.
3354 5296 3399 5330 “
3437 5295 3525 5351 Sic
3549 5299 3592 5351 ti

2733 5365 2779 5396 ⁸⁸
2818 5365 2859 5417 A
2886 5380 3063 5417 unum.
3163 5366 3206 5394 ⁸⁸
3244 5364 3334 5416 AB
3354 5383 3445 5421 un.
3482 5384 3592 5421 esse

342 5433 570 5488 omnium
631 5452 744 5490 esse
779 5436 1173 5507 providentiam.
1250 5436 1295 5466 ⁸³
1315 5435 1472 5489 Corr.
1503 5434 1588 5497 B‘,
1643 5435 1731 5488 AB
1759 5436 2247 5506 supercollocntum.
2323 5436 2368 5468 "
2395 5436 2486 5490 Sic
2513 5436 2572 5499 C,
2608 5435 2653 5488 A
2683 5434 2752 5522 ad
2783 5433 3091 5519 theologiam
3116 5432 3157 5485 Β
3185 5434 3253 5518 ad
3276 5436 3589 5522 theologiam

344 5524 549 5593 (punet.
571 5525 681 5581 adi.
712 5527 818 5597 B‘).
891 5527 1003 5581 "A
1033 5545 1157 5582 una.
1232 5527 1277 5561 ⁸⁸
1309 5528 1350 5581 Β
1378 5525 1818 5595 superessentiali.
1897 5527 1942 5559 ⁸⁷
1972 5526 2036 5588 C,
2058 5536 2113 5581 et
2137 5542 2279 5581 corr.
2316 5525 2371 5579 B‘
2403 5526 2575 5596 plane.
2653 5516 2784 5578 "'B‘
2819 5539 2988 5594 marg.
3024 5516 3311 5579 ailscrivel
3330 5516 3580 5598 singula;

348 5613 403 5685 "7
422 5616 483 5669 B‘
508 5630 669 5685 super
698 5617 874 5672 adscr.
902 5633 935 5671 a
964 5619 1183 5672 nostris.
1264 5620 1305 5651 ³³
1336 5602 1608 5685 cinia,
1636 5617 1723 5671 AB
1755 5630 1843 5685 ut;
1871 5629 1919 5674 et
1946 5621 2114 5675 οηιῶ
2188 5619 2229 5650 ³⁸
2259 5619 2350 5673 Sic
2383 5620 2491 5684 AC,
2529 5617 2569 5670 Β
2596 5616 2933 5671 decolert‘tur.
3009 5606 3061 5647 ³⁸
3083 5614 3173 5670 Sic
3202 5616 3240 5672 C
3266 5629 3315 5673 et
3341 5635 3479 5674 corr.
3509 5621 3606 5679 υτ

343 5684 431 5740 ΑΒ
458 5684 775 5754 deiﬁciendi.
