3952 6156
397 294 504 348 ἓζῦ

401 294 504 349 Ξζῦ
1470 293 1962 349 EXPOSITIONES
2017 283 2300 339 JOANNIS
2342 283 2537 338 SCOTI

3547 283 3657 341 εει

402 412 625 477 angulus
655 426 785 465 suus
818 425 914 464 nos
956 410 1299 470 revocante‘,
1342 408 1651 477 adiuvante,
1687 410 1777 477 qui
1814 424 1962 463 com-
2004 398 2048 456 Λ
2080 395 2204 449 dum
2251 394 2552 458 difﬁcilior,
2599 396 2850 465 quoniam
2907 407 3100 447 causae
3149 394 3387 447 omnium
3434 398 3655 452 omnino

403 506 640 559 tuttni.cr
673 514 841 558 lotunt
875 504 1047 572 diligit
1075 517 1246 570 genus
1272 503 1584 555 liuiuauuni.
1618 508 1622 513 '

931 591 1324 650 CAPITULUM
1365 593 1433 650 Χ.

952 687 1119 753 Cuius
1155 688 1344 741 titulus
1380 702 1397 743 ζ

469 783 727 851 Repetitio
775 788 822 831 et
862 796 1096 849 anagoge
1136 780 1405 848 angelicae
1458 778 1813 831 ordinatioiiis
1841 792 1887 830 ι.

477 877 531 927 In
583 875 684 927 lmc
736 872 979 940 capitulo
1026 872 1189 925 trium
1223 870 1538 931 caelestium
1571 869 1959 926 ierarcliiarnm

400 980 485 1023 ex;
509 966 670 1017 ositio
698 964 970 1031 repetitur
1003 962 1244 1016 breviter
1269 978 1569 1031 carumque
1596 962 1963 1017 ordinationis

401 1054 757 1124 congregatio
796 1065 849 1108 et
887 1054 1199 1108 diﬂ‘eentia
1226 1058 1266 1107 ².
1293 1076 1297 1080 ·

368 1152 369 1155 “
471 1148 498 1217 §
547 1147 588 1200 ι.
613 1146 863 1201 Conuexa
898 1155 971 1200 est
1004 1148 1019 1198 i
1044 1163 1178 1210 aque
1208 1147 1279 1199 sic
1309 1147 1419 1214 ipso
1444 1147 1651 1214 quidem
1681 1147 1965 1200 honorabl-

404 1239 607 1291 lissiina
641 1239 781 1290 circa
820 1237 982 1289 Deum
1016 1237 1310 1289 animorum
1340 1235 1612 1303 dispositio
1635 1234 1965 1288 eatelethar-

401 1333 549 1387 c/iica
576 1332 596 1362 δ
618 1330 1009 1382 ξιιιιηιὶηαίὶοηε
1032 1326 1402 1395 διαπειὶίὶεαια
1426 1329 1469 1389 ⁵,
1488 1329 1543 1380 in
1562 1342 1673 1380 eam
1696 1326 1966 1380 immedia-

405 1434 455 1477 te
494 1424 514 1455 ⁸
549 1423 894 1480 ascendendo,
933 1419 1188 1483 occultior
1225 1428 1271 1470 et
1302 1418 1631 1486 manifestior
1663 1418 1963 1471 Diuinitatis

387 1510 771 1565 illuminatione
809 1519 1062 1577 purgatur
1105 1517 1150 1560 et
1188 1507 1523 1561 illuminatur
1579 1516 1627 1560 et
1678 1505 1965 1574 perﬁcitur.

382 1598 636 1652 Connexa
682 1603 804 1657 est,
848 1592 1134 1661 conjuncta
1180 1594 1432 1648 videlicet
1478 1594 1580 1648 sibi
1633 1592 1862 1647 invicem
1915 1600 1972 1646 et

388 1685 821 1755 inseparabiliter
846 1683 1091 1753 cepulata
1109 1726 1124 1747 ,
1150 1685 1263 1753 ipsa
1300 1683 1766 1738 houoralilissima
1791 1683 1969 1752 dispo-

2074 488 2322 542 invisibili
2337 486 2927 556 et'incompreliciisibili
2945 486 3659 555 propinquior.Manifestior

2073 594 2201 632 vero
2229 589 2286 632 ut
2313 587 2438 632 ante
2469 578 2613 638 data,
2645 578 2745 630 hoc
2771 586 2855 630 est
2878 596 2890 630 :
2917 587 3196 645 propterea
3227 577 3566 632 manifestior
3589 578 3649 644 ",

2070 670 2195 737 quia
2241 678 2366 722 ante
2410 669 2590 722 omnia
2638 661 2758 723 data
2812 677 2865 720 et
2896 667 3220 730 constituta,
3253 683 3357 720 non
3392 677 3655 738 tempore,

2076 774 2255 812 verum
2288 759 2551 828 dignitate
2584 768 2641 812 ct
2684 758 3011 812 sublimitate
3041 767 3297 820 naturae,
3324 769 3377 813 et
3398 762 3523 827 quia
3552 762 3663 825 pri-

2074 864 2183 914 tllO,
2211 860 2336 903 ante
2360 850 2561 913 omnia,
2580 848 2857 918 lucetpost
2875 848 3271 921 inacessibilem
3298 849 3493 915 lucem,
3514 867 3659 915 quae

2074 956 2193 995 eam
2225 940 2501 1000 condidit,
2534 948 2588 993 et
2631 941 2756 1008 quia
2805 939 3164 995 universalior
3188 942 3408 1005 ceteris,
3448 942 3505 996 id
3542 952 3655 1000 est.

2070 1030 2221 1085 omni
2294 1030 2557 1084 varietate
2608 1040 2662 1084 et
2716 1030 3153 1097 dissimilitudine
3216 1030 3547 1095 absolutior,
3599 1044 3656 1086 et

2072 1120 2196 1189 quia
2239 1121 2409 1191 magis
2443 1121 2494 1173 iu
2525 1134 2643 1173 eam
2672 1161 2687 1185 ,
2714 1129 2974 1189 quantum
3004 1128 3219 1188 oportet
3246 1122 3652 1191 comprehendi,

2072 1211 2241 1265 forma
2266 1210 2504 1265 omnium
2528 1209 2694 1265 effusa
2731 1221 2853 1271 est,
2898 1211 3230 1281 unigenitum
3278 1211 3527 1268 videlicet
3562 1215 3653 1267 Dei

2072 1301 2308 1357 Verbum
2336 1342 2350 1367 ,
2400 1303 2467 1355 ad
2495 1302 2539 1333 "
2566 1303 2708 1371 quod
2731 1313 2784 1355 et
2809 1318 2903 1371 per
2939 1304 3082 1371 quod
3119 1300 3421 1356 formantur
3448 1305 3651 1356 omnia.

2073 1392 2314 1460 Quatuor
2340 1392 2515 1447 modis
2558 1391 2895 1447 manifestior
2927 1400 3011 1447 est
3046 1393 3165 1447 aliis
3204 1394 3455 1448 omnibus
3477 1394 3657 1449 ierar-

2071 1484 2229 1540 cbiis.
2269 1484 2505 1538 Primum
2532 1484 2747 1554 quidem
2773 1523 2787 1547 ,
2834 1484 2960 1553 quia
2993 1493 3119 1538 ante
3146 1499 3335 1538 omnes
3357 1484 3576 1539 condita
3600 1484 3656 1540 in

2070 1577 2463 1633 excelsitudine
2490 1586 2746 1642 naturae;
2779 1578 3015 1633 secundo
3034 1618 3049 1643 ,
3083 1578 3209 1647 quia
3232 1576 3659 1646 primordialiter

2073 1679 2192 1740 post
2235 1671 2407 1725 Deum
2458 1671 2597 1725 lucet
2643 1680 2697 1725 et
2738 1686 2798 1726 se
2844 1672 3196 1741 sequentibus
3234 1680 3289 1726 et
3328 1671 3372 1704 ¹⁹
3401 1671 3656 1736 sibimet;
3720 1686 3733 1699 λ

383 1778 532 1842 sitio,
575 1777 688 1845 ipse
715 1777 871 1847 plane
902 1777 1146 1832 sublimis
1171 1785 1416 1839 ornatus,
1451 1776 1779 1853 animorum,
1807 1776 1897 1845 qui
1918 1774 1962 1839 ',

2073 1764 2250 1827 tertio,
2287 1765 2411 1833 quia
2457 1766 2679 1819 ordines
2724 1765 2890 1834 ipsius
2939 1763 3386 1825 uuiversaliores,
3417 1764 3519 1818 hoc
3545 1772 3656 1827 est,

382 1869 736 1924 immediate“
785 1870 927 1924 circa
968 1869 1135 1924 Deum
1178 1875 1333 1930 sunt,
1381 1876 1492 1923 tres
1517 1867 1726 1923 scilicet
1752 1867 1973 1921 ordines

381 1959 587 2027 primae
617 1958 944 2022 ierarchiae;
979 1966 1033 2014 et
1058 1969 1141 2013 est
1179 1959 1293 2027 ipsa
1331 1959 1613 2029 dispositio
1643 1976 1710 2014 ex
1756 1961 1969 2016 teleta‘r-

381 2048 534 2102 ciiica
592 2048 1022 2111 illuniiuatione,
1070 2049 1120 2102 id
1167 2058 1250 2104 est
1316 2050 1431 2119 ipsa
1472 2049 1780 2113 Divinitate,
1831 2068 1971 2121 quae

384 2136 691 2191 telelarcbis
719 2137 945 2202 dicitur;
985 2136 1373 2207 perfectionum
1396 2139 1629 2208 ’quippe
1651 2148 1705 2193 et
1734 2141 1972 2195 sanctifi-

380 2227 652 2282 catiOnum
680 2228 931 2299 princeps
952 2238 1066 2294 est;
1099 2230 1457 2296 sanctiﬁcata,
1483 2232 1566 2285 vel
1587 2232 1726 2287 sicut
1751 2247 1973 2302 expres-

381 2317 495 2373 sius
526 2319 851 2373 transfertur
882 2320 952 2385 ",
982 2322 1230 2387 quamvis
1262 2322 1570 2376 inusitatius
1590 2363 1604 2385 ,
1635 2322 1966 2392 pontiﬁcatu,

380 2407 433 2461 in
464 2408 826 2477 pontificalem
855 2409 1106 2464 videlicet
1145 2411 1392 2465 ordinem
1433 2412 1689 2465 subvecta
1719 2419 1774 2466 et
1803 2413 1969 2465 subli-

383 2504 556 2556 mata;
589 2498 701 2566 ipsa
732 2512 966 2567 namque
999 2508 1084 2553 est
1112 2500 1343 2569 primum
1383 2500 1742 2554 sacerdotium
1781 2502 1818 2532 "
1847 2516 1969 2555 cae-

382 2582 594 2649 lestium
643 2587 1004 2640 essentiarum
1033 2627 1047 2650 ,
1100 2589 1169 2640 ab
1224 2588 1340 2656 ipso
1383 2588 1493 2643 Deo
1537 2588 1860 2653 constituta;
1912 2590 1967 2643 in

380 2687 524 2737 eam,
565 2674 962 2729 teletarcbicam
992 2675 1149 2745 plane
1183 2676 1626 2731 illuminationem
1659 2677 1965 2734 immediate

384 2764 725 2818 ascendendo
755 2765 953 2819 ceteris
984 2766 1335 2835 sequentibus
1366 2782 1423 2821 se
1464 2766 1743 2821 ierarchiis
1785 2771 1967 2824 occul-

383 2850 487 2904 tior
537 2861 591 2905 et
637 2851 975 2907 manifestior
1023 2870 1119 2923 per
1172 2853 1618 2909 illuminationem
1662 2857 1967 2914 Divinitatis

381 2950 643 3024 purgatur
671 2952 725 2996 et
758 2942 1092 2998 illuminatur
1116 2952 1172 2998 et
1202 2942 1498 3012 perﬁcitur.
1558 2944 1824 3015 Purgatur
1843 2949 1964 3017 qui-

382 3033 502 3086 dem
555 3033 702 3087 omni
738 3033 780 3066 ¹²
811 3034 1144 3105 ignorantia,
1195 3033 1526 3088 illuminatur
1555 3035 1701 3088 omni
1749 3036 1963 3105 sapien-

2076 1856 2215 1910 iuter
2239 1868 2297 1908 se
2341 1855 2570 1910 invicem
2593 1854 2882 1909 similiores
2922 1862 3077 1918 sunt;
3119 1862 3337 1923 quarto,
3365 1855 3492 1925 quia
3523 1854 3578 1907 in
3605 1854 3657 1888 ιο

2072 1960 2189 1998 eam
2214 1943 2335 2012 plus
2362 1958 2522 2011 quam
2555 1943 2608 1997 in
2639 1943 2759 1998 aliis
2785 1943 3025 1997 omnium
3062 1941 3232 1997 forma
3252 1941 3589 1997 ’diﬁ'unditur
3607 1943 3658 1977 ει

2072 2034 2497 2103 expressiusque
2547 2034 2597 2088 in
2627 2048 2691 2087 ea
2719 2033 3116 2088 manifestatur.
3173 2033 3466 2088 Obscurior
3489 2032 3658 2104 igitur

2072 2125 2269 2180 ceteris
2311 2127 2485 2195 prima
2524 2125 2774 2180 caelestis
2798 2112 3096 2188 ierarchia,
3136 2125 3261 2196 quia
3293 2125 3654 2191 manifestior,

2073 2217 2125 2271 id
2169 2226 2252 2271 est
2297 2217 2547 2281 lucidior,
2599 2227 2653 2272 et
2704 2218 2963 2280 lucidiOr,
3007 2218 3133 2287 quia
3175 2218 3476 2273 obscurior.
3517 2217 3656 2273 Nam

2071 2306 2292 2361 claritas
2322 2306 2492 2376 ipsius
2532 2315 2836 2362 ceterorum
2875 2306 3187 2361 caelestium
3231 2306 3531 2359 animorum
3563 2322 3657 2361 su-

2071 2407 2222 2468 perat
2271 2396 2553 2467 fulgorem,
2597 2398 2783 2467 eisque
2832 2396 2999 2451 infert
3040 2396 3353 2467 caliginem,
3396 2397 3533 2450 sicut
3569 2397 3655 2450 sol

2071 2488 2406 2542 intuentibus
2425 2503 2547 2543 eum
2567 2488 2797 2544 vertitur
2816 2488 2868 2541 in
2889 2487 3159 2542 tenebras.
3179 2485 3487 2556 Sapientior
3507 2490 3653 2542 enim

2070 2576 2320 2631 omnibus
2343 2585 2428 2631 est
2480 2587 2536 2634 et
2576 2576 3193 2648 incomprehensibilior.
3236 2576 3311 2629 Ab
3340 2577 3451 2645 ipsa
3477 2587 3653 2629 autem

2069 2671 2258 2722 iterum
2273 2670 2319 2701 ¹²
2334 2670 2789 2740 praportionaliter
2813 2669 3040 2723 secunda
3068 2667 3139 2731 ”,
3161 2677 3208 2721 et
3234 2684 3266 2719 a
3292 2666 3521 2720 secunda
3548 2678 3657 2719 ter-

2069 2760 2167 2826 tia,
2194 2769 2242 2814 et
2265 2776 2330 2814 ea:
2374 2762 2526 2814 tertia
2557 2760 2842 2814 secundum
2885 2775 2977 2813 nos
3024 2757 3286 2812 ierarchia
3310 2797 3326 2822 ,
3364 2758 3655 2812 secundum

2068 2854 2233 2924 ipsam
2284 2852 2409 2905 bene
2436 2851 2671 2904 ornantis
2703 2851 2751 2883 “
2774 2852 3096 2904 taxiarchiae
3122 2852 3283 2917 teqem
3303 2889 3317 2914 ,
3349 2848 3404 2902 in
3439 2849 3658 2901 hanno-

2070 2944 2159 2999 nia
2185 2945 2363 2999 divina
2391 2953 2439 2997 et
2469 2942 2716 3013 analogia
2735 2985 2749 3007 ,
2797 2944 2866 2997 ad
2893 2943 3051 2997 simul
3083 2942 3252 2996 omnis
3289 2941 3408 2996 boni
3435 2952 3655 2995 ornatus

2069 3035 2514 3105 superprincipale'
2565 3036 2877 3103 principium
2914 3044 2963 3088 et
3010 3034 3503 3088 consummationem
3547 3035 3655 3085 ἕρν-

380 3119 451 3172 tia
471 3161 484 3178 ,
542 3121 818 3191 perﬁcitur
838 3103 850 3105 ⁷
883 3123 1029 3176 omni
1090 3122 1427 3177 deiﬁcatione
1485 3122 1549 3176 ¹³.
1582 3122 1734 3189 Quali
1783 3103 1963 3178 autem
1994 3103 2037 3162 (ἶ
2069 3103 2274 3181 arcliice
2299 3128 2348 3159 "
2398 3103 2667 3181 reducitur
2691 3127 2755 3180 ".
2788 3126 2940 3181 Patet
2965 3126 3106 3195 quod
3139 3127 3234 3180 ait.
3289 3125 3369 3179 Ab
3399 3124 3513 3193 ipso
3536 3123 3658 3179 Deo

377 3210 586 3265 ratione
630 3212 893 3266 occultior
938 3213 1009 3267 sit
1048 3223 1103 3266 et
1150 3211 1488 3266 manifestior
1534 3228 1639 3265 una
1669 3214 1967 3283 eademque
2002 3220 2007 3225 ’

381 3298 555 3368 prima
585 3301 848 3354 ierarchia
875 3341 889 3363 ,
924 3300 1264 3372 subiungitur
1292 3320 1304 3355 :
1345 3300 1613 3356 Occultior
1647 3304 1855 3366 quidem
1899 3306 1963 3368 ν’,

380 3402 495 3461 tam,
507 3406 627 3442 uam
644 3391 1005 3445 invisibilioret
1024 3395 1189 3462 magis
1215 3392 1507 3462 simplicata
1552 3394 1597 3424 ³⁵
1621 3403 1669 3446 et
1691 3395 1960 3463 uniﬁcala,

379 3481 708 3550 manifestior
733 3498 873 3548 vero,
908 3493 960 3535 ut
991 3495 1113 3536 ante
1137 3484 1263 3536 data
1301 3495 1347 3538 et
1387 3487 1554 3554 primo
1588 3483 1720 3539 lucet
1765 3496 1812 3539 et
1852 3488 1964 3539 nui-

380 3573 651 3641 rersalior,
687 3584 736 3628 et
762 3576 928 3644 magis
955 3575 1010 3628 in
1035 3592 1173 3639 eam,
1198 3584 1253 3628 ut
1282 3586 1513 3645 oportet,
1561 3577 1731 3644 forma
1772 3578 1959 3645 effusa.

380 3662 655 3720 Occultior
680 3674 765 3720 est
799 3667 1027 3731 ceteris,
1056 3667 1178 3735 quia
1203 3667 1323 3737 plus
1367 3668 1688 3732 invisibilis;
1718 3670 1799 3722 vel
1827 3670 1967 3724 sicut

381 3758 695 3825 expressius
723 3759 1067 3828 interpretari
1086 3760 1729 3829 potest,iutellectualior,
1755 3762 1879 3831 quia
1918 3763 1962 3793 ”

381 3846 504 3917 plus
533 3850 731 3904 ceteris
772 3850 1145 3906 intellectualis
1193 3860 1296 3917 est,
1344 3860 1562 3922 propter
1590 3854 1963 3923 propinquita-

386 3946 492 3991 tem
541 3939 903 3994 inimediatam
937 3942 1079 3997 illius
1102 3982 1118 4006 ,
1148 3942 1240 4011 qui
1274 3952 1493 4011 superat
1512 3959 1726 3999 onmem
1757 3945 1963 3999 intelle-

382 4038 552 4091 ctum,
582 4040 637 4083 et
667 4033 836 4102 magis
861 4032 1051 4101 simpla
1080 4032 1222 4088 facta
1255 4042 1417 4088 estet
1448 4034 1723 4089 uniﬁcata.
1767 4036 1963 4091 Tribus

381 4119 565 4187 itaque
596 4122 767 4175 modis
785 4122 1048 4177 occultior
1084 4132 1169 4178 est
1218 4124 1443 4189 ceteris,
1495 4125 1620 4193 quia
1665 4125 1785 4195 plus
1831 4127 1962 4180 invi-

382 4210 557 4265 sibilis
585 4220 639 4268 et
666 4213 1060 4277 intellectualis,
1088 4222 1142 4269 et
1172 4215 1296 4283 quia
1327 4216 1497 4285 magis
1521 4215 1731 4286 simpla,
1757 4226 1811 4270 et
1833 4220 1961 4287 quia

382 4304 555 4373 magis
584 4306 730 4359 unita
763 4307 1052 4361 constituta
1082 4315 1183 4361 est.
1234 4306 1423 4362 Omnis
1459 4308 1657 4378 quippe
1685 4317 1958 4376 creatura,

374 4393 432 4448 in
469 4408 729 4463 quantum
763 4398 1136 4453 intellectualis
1164 4411 1220 4453 et
1260 4399 1450 4467 simpla
1477 4409 1534 4454 et
1567 4400 1714 4453 unita
1751 4410 1866 4464 est,
1902 4402 1953 4455 in

2067 3220 2312 3288 proxima
2351 3220 2453 3274 sibi
2484 3220 2749 3275 ierarchia
2801 3221 2854 3273 in
2905 3234 2964 3274 se
2998 3220 3171 3289 ipsum
3211 3218 3503 3283 reducitur,
3546 3218 3658 3274 huc

2066 3320 2170 3374 est,
2209 3326 2422 3366 sursum
2448 3311 2666 3366 dicitur.
2720 3310 2803 3365 Ab
2835 3311 2948 3380 ipsa
2976 3320 3155 3365 autem
3187 3310 3357 3379 prima
3385 3310 3655 3363 corratio-

2067 3402 2324 3458 nabiliter
2365 3404 2643 3459 reducitur
2688 3404 2957 3468 secunda;
3018 3412 3048 3457 a‘
3095 3402 3331 3457 secunda
3374 3400 3656 3455 reducitur

2068 3496 2260 3556 tertia;
2307 3511 2372 3549 ex
2418 3496 2574 3551 tertia
2620 3504 2826 3559 nostra,
2872 3496 2923 3549 id
2966 3503 3051 3550 est
3094 3495 3326 3549 humana
3371 3493 3656 3547 reducitur

2067 3587 2334 3641 ierarchia
2377 3586 2530 3656 juxta
2587 3586 2731 3657 leges
2788 3585 2926 3640 bene
2986 3586 3231 3640 ornantis
3292 3583 3649 3645 taxiarcbiae,

2067 3678 2291 3733 Deitatis
2321 3678 2607 3744 videlicet,
2661 3681 2713 3733 in
2758 3678 3083 3733 adunatione
3118 3677 3300 3732 divina
3335 3684 3389 3732 et
3415 3690 3647 3746 propor~

2066 3772 2231 3826 tione.
2274 3771 2339 3826 Et
2362 3770 2621 3840 quorsum
2651 3786 2839 3827 omnes
2862 3771 3237 3828 reducuntur?
3275 3769 3499 3824 Sursum
3523 3783 3653 3837 pro-

2064 3860 2205 3915 fectu
2250 3861 2316 3915 ad
2354 3861 2813 3932 superprincipale
2875 3861 3199 3930 principium
3250 3868 3306 3915 et
3352 3872 3651 3928 supercon-

2063 3952 2440 4008 summativam
2467 3952 2986 4007 consummationem
3033 3951 3209 4006 omnis
3246 3950 3369 4005 boni
3399 3957 3646 4006 ornatus.

2063 4042 2131 4095 ad
2156 4041 2332 4110 ipsum
2358 4041 2516 4111 plane
2544 4042 2733 4103 Deum,
2759 4041 2851 4111 qui
2882 4049 2969 4095 est
2995 4041 3235 4093 omnium
3257 4038 3648 4106 principiorum

2064 4132 2385 4203 principium
2406 4141 2462 4187 et
2482 4132 2761 4202 plusquam
2792 4132 3135 4201 principium.
3171 4130 3478 4185 etomnium
3518 4143 3652 4182 con-

2063 4226 2483 4280 summationum
2529 4228 2951 4290 consummatio,
3001 4226 3053 4281 id
3108 4234 3220 4289 est,
3266 4224 3387 4279 ﬁnis
3434 4232 3491 4276 ct
3528 4223 3652 4292 plus

2062 4328 2225 4383 quam
2254 4314 2405 4379 ﬁnis;
2435 4315 2733 4370 ierarcliiee
2763 4316 2806 4348 ³⁷
2843 4324 3024 4369 autem
3063 4313 3359 4378 reducitur,
3391 4312 3495 4366 lioe
3525 4324 3644 4372 εει,

2065 4420 2420 4476 unaquaeque
2448 4406 2715 4461 ierarchia
2744 4405 3039 4461 secundum
3068 4420 3195 4459 suas
3233 4404 3377 4473 leges
3418 4402 3471 4455 in
3502 4402 3647 4455 divi-

378 4495 587 4542 tautuni
617 4492 813 4545 ceteris
838 4494 1106 4548 creaturis
1133 4494 1413 4548 obscurior
1437 4504 1492 4548 et
1526 4495 1591 4548 ad
1629 4510 1959 4563 cognoscen-
1990 4512 2039 4570 υ
2065 4511 2191 4549 nam
2229 4496 2541 4549 subvehitur
2570 4496 2905 4550 harmoniam
2934 4505 2989 4550 et
3014 4495 3335 4566 analogiam.

1625 4606 1874 4660 VABIAE
1910 4606 2291 4662 LECTIONISS

486 4721 735 4795 B‘_sup_ra
766 4723 939 4795 adscr.
966 4736 1009 4777 et
1039 4724 1342 4792 adiuvante.
1375 4724 1414 4779 C
1436 4740 1538 4795 nos
1562 4737 1771 4778 vocnnte
1795 4738 1839 4779 et
1863 4726 2168 4795 adjuvanle.

1948 4797 1969 4827 ⁸
1993 4797 2146 4849 Corr.
2179 4797 2258 4860 B‘,
2289 4796 2378 4851 AB
2413 4796 2757 4864 sanctiﬁcat'i.
2861 4795 2883 4864 ἒ

1725 4865 1747 4896 ⁸
1772 4866 1812 4917 Α
1845 4867 1901 4918 in
1931 4866 2224 4919 medietate.

1902 4936 1944 4966 ¹¹
1995 4934 2089 5005 Sic
2134 4935 2300 4999 ABC,
2335 4936 2396 4989 B‘
2453 4950 2614 5005 supra
2659 4936 2837 4989 adscr.
2872 4934 2953 5005 gab
3000 4932 3167 5005 omni.

1992 5003 2036 5035 ¹⁶
2068 5004 2201 5057 Rad.
2224 5022 2364 5059 corr.
2397 5005 2480 5064 B‘.
2512 4999 2601 5058 AB
2625 5021 2804 5069 quam,
2854 5003 2895 5057 C
2944 5003 3213 5069 quoniam.
3260 5001 3331 5035 -"
3365 4999 3456 5054 Sic
3484 5000 3650 5054 ABR.

2012 5074 2054 5105 ¹⁹
2088 5074 2177 5129 Sic
2208 5076 2323 5139 AC,
2358 5087 2407 5128 et
2457 5090 2566 5129 om.

379 5139 555 5231 magis
570 5143 623 5195 in
650 5144 849 5213 (punct.
869 5145 975 5198 adi.
1006 5143 1113 5212 B').
1189 5140 1230 5175 ⁶¹
1262 5144 1301 5197 Β
1330 5143 1649 5211 diffunditur
1674 5145 1905 5195 omnium
1934 5142 2126 5212 forma.
2204 5147 2248 5177 "
2269 5145 2314 5198 A
2342 5147 2530 5198 iterum
2562 5156 2756 5198 autem.
2833 5142 2878 5175 ”
2906 5139 3137 5196 secunda
3162 5157 3270 5196 om.
3294 5139 3334 5192 Β

1187 5238 1233 5268 ⁸⁸
1277 5235 1431 5288 Corr.
1464 5234 1550 5298 B',
1586 5234 1675 5287 AB
1696 5234 2004 5288 ierarcltiae.

388 4792 476 4854 B',
506 4791 594 4843 AB
616 4793 937 4845 teletarchia.
1048 4794 1067 4822 ’⁸
1091 4796 1245 4848 (Iorr.
1279 4795 1359 4856 B‘,
1387 4794 1473 4847 AB
1501 4795 1836 4848 illuminatio.

376 4863 621 4934 dictale,
648 4863 706 4934 A"
754 4860 844 4916 Sic
886 4862 1038 4927 ABC,
1069 4863 1125 4915 B‘
1172 4880 1310 4934 corr.
1356 4864 1622 4934 quoniam.

378 4948 492 4986 om.
544 4930 695 4992 ΑΒΕ,
746 4948 916 5001 marg.
974 4934 1153 4987 adscr.
1192 4933 1252 4986 B'
1329 4930 1822 4987 “'Asacerdotum.

377 5001 758 5068 aediﬁcatione.
839 5004 880 5033 ”
908 5003 945 5055 Β
969 5014 1161 5059 tamen.
1241 5003 1284 5035 ¹⁸
1309 5004 1366 5057 B'
1393 5019 1534 5057 corr.
1558 5002 1912 5071 simpliﬁcata.

379 5073 439 5126 B'
478 5087 637 5140 supra
667 5074 842 5125 adscr.
893 5084 987 5127 est.
1067 5074 1109 5105 ⁸⁸
1137 5074 1225 5128 Sic.
1252 5072 1292 5127 C
1329 5082 1382 5127 et
1408 5088 1554 5127 corr.
1614 5072 1695 5133 B',
1735 5072 1826 5125 AB
1856 5083 1931 5126 at.

375 5251 518 5290 corr.
548 5235 630 5296 B‘,
664 5235 751 5289 AB
787 5237 1110 5291 ornantibus.

2245 4729 2265 4757 ¹
2298 4726 2360 4779 1η
2389 4729 2483 4779 hoc
2507 4726 2734 4794 capitulo
2757 4756 2824 4765 —
2843 4724 3137 4848 di/Lerenlia
3162 4739 3266 4775 om.
3302 4712 3361 4775 B.
3437 4721 3457 4751 ³
3479 4720 3641 4778 Corr.

2245 4837 2258 4848 .
2289 4796 2378 4848 AB
2413 4796 2757 4848 sanctiﬁcani.
2862 4795 2883 4824 ⁸
2956 4810 3014 4848 ro
3043 4792 3339 4847 immediate
3372 4792 3416 4845 A
3455 4792 3508 4844 in
3534 4807 3641 4844 ine-

2956 4810 3014 4848 ro
3043 4792 3339 4847 immediate
3372 4792 3416 4845 A
3455 4792 3508 4844 in
3534 4807 3650 4844 mo-

3251 4861 3294 4893 ¹⁰
3324 4860 3651 4928 transfertur

2314 4866 2334 4896 '
2369 4867 2460 4921 Sic
2505 4863 2622 4929 BC,
2670 4865 2713 4919 A
2745 4863 3142 4932 profectionum.
3251 4863 3294 4893 ¹⁰
3324 4863 3650 4928 transfertur

2335 4936 2396 4986 B‘
2453 4950 2614 4986 sunra
2659 4936 2837 4986 adscr.
2888 4934 2953 4986 ab
3000 4932 3167 4986 omni.
3246 4929 3289 4962 ⁸³
3323 4929 3414 4985 Sic
3456 4929 3569 4986 AC.
3609 4934 3650 4986 lt

2668 5114 2680 5129 .
2757 5074 2801 5105 ὀ
2832 5073 2876 5125 Α
2932 5073 3057 5141 quia
3097 5071 3262 5139 magis
3301 5070 3375 5134 in,
3428 5069 3468 5121 li
3517 5072 3647 5138 quin

2668 5161 2756 5195 2m.
2833 5142 2878 5175 ”
2906 5142 3137 5195 secunda
3162 5157 3270 5195 om.
3294 5139 3334 5192 Β
3428 5138 3480 5170 ⁸⁸
3504 5139 3647 5195 liud.

3552 5158 3647 5196 au.

2107 5236 2153 5269 ³⁸
2187 5237 2230 5290 A
2257 5239 2486 5291 ducitur.
2565 5238 2606 5269 ⁸⁷
2636 5237 2680 5290 A
2704 5237 3013 5291 ierarchiae.

1870 5344 2123 5403 NOTAE.

452 5451 478 5478 ιι
518 5439 584 5500 A,
629 5438 824 5493 litteris
854 5437 1092 5491 miniatis
1132 5438 1387 5491 decimum
1434 5437 1750 5506 capitulum.
1801 5439 1951 5506 cujus

378 5508 563 5560 titulus
618 5508 868 5578 Repetitio
925 5517 971 5561 et
1017 5524 1245 5578 anagoge
1288 5508 1508 5575 (supple
1547 5509 1949 5578 ordinationis).

379 5579 432 5631 lu
467 5578 567 5630 hoc
594 5576 831 5647 capitulo
882 5579 1042 5630 trium
1077 5577 1389 5631 caelestium
1441 5577 1611 5647 cet.B
1633 5576 1827 5631 litteris
1857 5580 1956 5631 mi-

380 5648 540 5700 niatis
566 5664 578 5698 :
607 5646 905 5715 Capitulnm
940 5648 1290 5708 undecimum,
1322 5647 1404 5699 cui
1435 5646 1618 5699 titulus
1644 5657 1748 5701 est:
1777 5648 1953 5711 Quare

376 5734 552 5770 omnes
588 5719 827 5769 caelestes
868 5720 1116 5770 essentiue
1147 5719 1488 5769 communiter
1518 5719 1723 5770 virtutes
1766 5736 1952 5771 rerun-

2060 5457 2181 5509 tttr,
2236 5443 2297 5497 Β·
2357 5455 2659 5499 atramento
2715 5460 2812 5514 pro
2882 5444 3213 5497 undecimum
3288 5455 3433 5496 corr.
3497 5445 3645 5498 deri-

2059 5531 2200 5568 mnm
2220 5556 2234 5577 ,
2262 5518 2481 5569 vocibus
2513 5523 3019 5584 quare—uocantur
3043 5521 3222 5584 punct.
3264 5514 3374 5584 adj:
3401 5551 3415 5573 ,
3444 5519 3655 5581 niarpi-

2059 5573 2231 5702 sique
2260 5587 2437 5639 adscr.
2473 5573 2729 5655 'Ilepetirio
2754 5600 3011 5655 synagoge
3044 5573 3518 5651 angelicae-bonae
3546 5573 3646 5641 or-

2098 5657 2366 5706 motionis.

2098 5668 2366 5709 ιηαιιοηιδ.
