3952 6156
316 317 423 371 223
506 292 517 299 “

852 320 1350 379 EXPOSlTlONES
1393 324 1624 380 δυΡι-,ῐι
1664 324 2093 386 lEBARCHlAM
2144 324 2563 381 CAELESTEM
2605 328 2661 381 S.
2722 324 3038 383 DIOXYSII.

3438 326 3549 390 Ξῆϐ

389 420 416 490 ς
448 423 502 474 2.
536 425 959 492 Mani/estmons
984 439 1156 481 autem
1177 445 1377 493 omnes,
1410 440 1457 484 et
1481 432 1655 502 angeli
1683 447 1880 494 eorum,
1915 446 1954 492 Α
1988 432 2075 486 tiis
2108 433 2447 501 intelligitur.
2474 433 2580 487 Alii
2623 434 2843 502 quidem
2896 434 3024 494 alte,
3057 432 3149 486 alii
3186 432 3369 493 altius,
3396 433 3548 485 altis-

314 515 403 583 qui
437 505 566 566 anle
599 520 734 580 ὁμιοδ
761 525 909 583 sunt;
943 520 1043 588 ipsi
1064 520 1268 589 quidem
1311 522 1758 581 honorabilissimi
1790 524 1883 577 Uct'

315 605 593 668 moventis,
626 609 1089 674 proportioualiter
1116 619 1292 664 autem
1323 614 1487 667 ceteri
1516 627 1578 666 ea:
1611 613 1719 666 Deo
1767 629 1882 668 mo-

312 702 507 746 torum.
527 694 725 749 Omnes
754 700 979 753 virtutes
1003 700 1265 756 caelestes
1287 702 1725 758 manilestatores
1752 713 1884 759 sunt

310 796 361 833 ex
398 785 579 851 3ηςυῆ
609 800 822 847 eorum,
858 787 949 853 qui
993 803 1050 841 se
1095 790 1443 856 praecedunt,
1475 793 1544 846 ita
1577 806 1635 845 ut
1659 794 1883 847 ordines

248 866 253 871 ’
315 880 526 945 primae
556 878 878 943 ierarchiae,
923 880 1014 947 qui
1048 887 1171 933 sunt
1219 889 1521 934 ceterorum
1559 879 1896 935 excellentis—

314 967 435 1023 simi
465 1007 481 1032 ,
552 968 993 1024 manifestatores
1039 978 1094 1023 et
1155 969 1329 1039 angeli
1365 970 1380 999 ¹
1408 969 1517 1022 sint
1554 968 1573 999 ³
1609 968 1702 1021 Dei
1732 1008 1746 1032 ,
1803 968 1893 1037 qui

313 1072 506 1115 omnes
542 1066 751 1122 movet,
794 1058 961 1112 ceteri
1014 1073 1140 1112 vero
1198 1058 1673 1128 prOportionaliter
1718 1057 1894 1126 angeli

315 1144 426 1201 sint
449 1144 471 1174 ³
497 1161 711 1208 eorum,
757 1148 847 1214 qui
878 1163 942 1206 ex
973 1148 1081 1201 Deo
1104 1160 1406 1201 moventur.
1468 1147 1534 1205 Ut
1556 1148 1696 1201 enim
1720 1146 1892 1215 prima

316 1232 584 1291 ierarchia
612 1233 784 1302 ipsum
818 1234 984 1288 Deum
1012 1236 1326 1296 annuntiat,
1372 1235 1443 1288 ita
1491 1234 1665 1288 media
1691 1249 1896 1288 annun-

317 1322 414 1377 tiat
440 1326 460 1351 ⁵
492 1322 724 1390 primam
760 1323 782 1355 '
812 1325 1022 1389 tertiae,
1072 1335 1127 1379 et
1153 1325 1308 1379 tertia
1338 1324 1621 1377 annuntiat
1661 1322 1892 1376 inediam

315 1422 567 1479 quartae,
590 1428 735 1482 quae
767 1423 851 1470 est
876 1420 1079 1469 nostra.
1117 1416 1184 1469 Et
1213 1426 1273 1469 ut
1292 1415 1529 1469 breviter
1552 1413 1727 1468 dicam
1759 1431 1773 1465 :
1806 1412 1891 1465 in-

316 1500 542 1555 feriores
578 1502 801 1558 ordines
842 1504 1104 1573 gradatim
1161 1506 1511 1558 ascendentes
1556 1502 1892 1571 superiorum

315 1606 372 1645 se
415 1591 591 1662 angeli
624 1601 768 1657 sunt,
800 1601 854 1647 et
890 1608 1079 1647 omnes
1109 1593 1466 1647 communiter
1492 1591 1608 1647 Dei.
1667 1590 1710 1645 Τ
1711 1601 1892 1647 autum

315 1682 446 1734 enim
515 1682 749 1734 omnium
802 1682 1243 1749 superessentialis
1286 1682 1558 1735 harmonia
1614 1681 1893 1749 unicuique

1987 524 2122 575 sime
2170 524 2219 597 ἠ
2269 523 2391 588 alii;
2446 524 2529 581 vel
2586 525 2628 555 ⁸⁸
2686 534 2837 578 certe
2891 540 2999 579 non
3067 527 3241 578 solum
3300 524 3548 592 singulae

1986 599 2309 678 ierarc’hiae,
2346 623 2400 669 et
2440 614 2556 683 ipsa
2585 617 2850 684 generalis
2904 619 2955 670 iu
2994 618 3194 685 primas
3237 626 3293 670 et
3344 616 3552 670 medias

1995 714 2051 757 et
2110 704 2332 777 ultimas
2378 703 2697 761 dividuntur
2734 708 2986 761 virtutes.
3041 705 3147 760 Sed
3202 721 3308 759 non
3344 716 3549 766 temere

1991 794 2305 857 dicendum,
2364 795 2533 863 ipsam
2592 797 3005 865 dispositionem
3036 814 3134 867 per
3158 798 3399 869 singulas
3427 813 3551 869 epes

1997 878 2226 943 cialiter,
2256 879 2306 931 id
2322 889 2405 931 est
2431 877 2667 949 singulos
2689 880 3246 950 ordinessingularum
3273 882 3567 937 ierarcliia-
3630 904 3659 941 ς

1999 979 2116 1019 rum
2144 964 2207 1027 ",
2233 965 2284 1019 in
2314 965 2444 1034 ipsis
2468 966 2514 997 ²⁰
2536 965 2730 1020 divinis
2754 968 3051 1022 harmoniis
3076 983 3105 1021 a
3148 963 3580 1039 supersuhstan-'

1997 1052 2107 1106 tiali
2133 1054 2408 1108 harmonia
2435 1054 2694 1110 discretos
2722 1071 2841 1110 esse
2866 1056 2916 1110 in
2936 1056 3158 1126 primas,
3183 1059 3467 1121 medias”,
3485 1059 3564 1111 ul-

1996 1143 2156 1197 timas
2189 1145 2235 1174 ”
2266 1152 2511 1199 virtutes.
2556 1145 2621 1199 Et
2646 1154 2703 1200 ut
2733 1147 2968 1215 apertius
2998 1147 3169 1202 dicam
3196 1167 3209 1201 :
3249 1164 3357 1203 non
3392 1149 3563 1211 solum

1996 1231 2238 1301 singulae
2282 1233 2578 1289 ierarchiae
2640 1236 2692 1289 in
2748 1246 2857 1291 tres
2899 1237 3114 1295 ordines
3164 1237 3563 1300 discernuntur,

1996 1337 2179 1377 verum
2206 1325 2367 1379 etiam
2392 1334 2446 1380 et
2474 1328 2842 1398 unusquisque
2888 1327 3020 1381 ordo
3042 1328 3094 1381 in
3117 1328 3344 1397 primas,
3375 1338 3429 1381 et
3455 1344 3566 1382 me—

1994 1414 2129 1478 dias,
2156 1424 2209 1468 et
2237 1415 2452 1469 ultimas
2496 1417 2725 1472 virtutes
2766 1417 3104 1481 discernitur,
3160 1415 3316 1474 Verbi
3366 1419 3562 1489 gratia,

1992 1501 2165 1569 prima
2195 1503 2457 1558 ierarchia
2489 1506 2541 1557 in
2571 1505 2854 1573 Seraphim
2884 1507 3047 1561 veluti
3083 1509 3308 1577 primas,
3336 1520 3390 1564 et
3416 1510 3559 1564 Che.

1996 1590 2171 1646 rubim
2194 1591 2364 1646 veluti
2386 1594 2612 1657 medias,
2645 1603 2699 1649 et
2735 1595 2981 1651 Thronos
3023 1597 3188 1653 veluti
3215 1598 3431 1653 ultimas
3453 1600 3565 1655 dis-

1996 1680 2238 1734 cernitur
2272 1682 2517 1737 virtutes.
2568 1684 2637 1739 Et
2684 1685 2877 1739 iterum
2932 1686 3213 1756 Seraphim
3249 1690 3385 1743 ordo
3436 1704 3564 1745 suas

315 1773 659 1825 rationalium
697 1782 745 1826 et
785 1773 1212 1832 intellectualium
1248 1789 1399 1828 sacro
1442 1781 1629 1827 ornatu
1667 1781 1713 1824 et
1752 1770 1893 1823 ordi-
1922 1764 1968 1823 B
1995 1768 2199 1836 primas
2230 1778 2286 1823 et
2326 1771 2530 1826 medias
2576 1780 2631 1826 et
2684 1772 2899 1827 ultimas
2927 1775 3164 1848 possidet
3205 1774 3559 1833 differentias.

256 1887 261 1890 ’
315 1873 437 1916 nata
477 1864 726 1918 ductione
770 1865 1046 1937 praevidit,
1074 1875 1326 1932 quantum
1369 1866 1477 1934 ipse
1510 1862 1889 1917 ierarcltiarum

318 1954 672 2022 uitusquisque
717 1955 846 2009 ordo
890 1953 1080 2008 ‘sacre
1129 1962 1178 2007 et
1225 1954 1461 2008 decenter
1505 1952 1706 2020 positus
1745 1950 1883 2004 νεεδ.

313 2039 575 2103 Tantum,
606 2043 813 2115 inquit,
843 2042 1303 2112 superessentialis
1330 2041 1638 2103 harmonia,
1678 2055 1885 2095 summa

308 2133 562 2186 videlicet
586 2134 830 2187 omnium
857 2148 1018 2189 causa
1044 2174 1060 2199 ,
1106 2131 1371 2205 praevidit
1401 2131 1688 2200 unicuique
1721 2131 1889 2186 ratio-

314 2223 418 2278 nali
455 2233 513 2278 et
540 2224 891 2279 intellectuali
921 2234 1205 2283 creaturae
1232 2232 1426 2280 ornatu
1455 2238 1609 2280 sacro
1650 2230 1705 2283 et
1742 2222 1888 2278 ordi-

313 2323 436 2368 nata
464 2314 781 2371 reductione
808 2316 831 2347 ⁸
880 2316 1206 2372 distribuere
1229 2358 1244 2380 ,
1285 2324 1544 2386 quantum
1581 2315 1697 2384 ipse
1722 2329 1889 2370 unus-

310 2404 611 2474 quisque!
640 2405 891 2461 videlicet
935 2407 1069 2463 ordo
1093 2407 1483 2465 ierarcbiarum
1517 2405 1561 2437 ‘°
1607 2413 1792 2461 sancte
1832 2413 1885 2460 et

310 2494 565 2565 pulchre,
597 2496 703 2551 hoc
736 2505 849 2563 est,
887 2498 940 2554 in
970 2506 1231 2568 quantum
1268 2498 1402 2555 ordo
1429 2495 1818 2566 ierarcltiarum
1841 2493 1885 2529 ³⁸

310 2587 491 2656 exigit,
513 2588 567 2642 in
587 2597 798 2643 tantum
821 2589 868 2644 ei
894 2588 1233 2645 distribuitur
1243 2605 1309 2645 es
1325 2586 1885 2659 superessﬂialiomq

312 2677 460 2731 nium
486 2679 834 2737 adunatione.
873 2678 944 2734 Et
978 2696 1181 2735 omnem
1224 2679 1534 2740 ierarchiam
1571 2679 1800 2735 videmus
1827 2679 1885 2733 in

307 2767 501 2836 primas
546 2778 594 2821 et
632 2768 834 2823 medias
871 2778 920 2823 st
969 2767 1181 2824 ultimas
1227 2770 1435 2824 virtutes
1475 2767 1712 2823 divisam.
1771 2765 1884 2821 Hoc

308 2860 470 2912 etiam
500 2861 555 2914 in
579 2859 949 2929 superioribus
968 2860 1234 2932 capitibus
1258 2867 1340 2914 est
1366 2859 1715 2931 praedictum,
1738 2856 1883 2927 quod

309 2951 487 3003 omnis
514 2950 782 3008 ierarehia
812 2950 982 3006 tribus
1008 2951 1285 3007 ordinibus
1320 2949 1602 3005 substituta
1628 2949 1717 3011 sit,
1750 2960 1883 3018 quo—

311 3053 432 3091 rum
458 3039 564 3093 duo
604 3040 1041 3105 extremitatum,
1088 3039 1281 3094 tertius
1325 3037 1627 3093 medietatis
1673 3035 1883 3092 obtinet

312 3125 489 3185 locum
505 3167 521 3191 ,
550 3136 609 3180 ut
637 3136 721 3181 est
753 3099 1196 3198 archangelorum
1222 3126 1356 3182 ordo
1383 3125 1524 3180 inter
1549 3125 1884 3195 principatus
1905 3099 1957 3163 α

312 3230 365 3273 et
390 3217 628 3288 angelos.
656 3215 760 3273 Sed
790 3227 838 3272 et
858 3218 1043 3289 ipsam,
1080 3233 1172 3287 per
1194 3213 1426 3285 singulas
1451 3213 1750 3278 dicendum,
1778 3212 1886 3267 disc

310 3308 618 3377 positionem
663 3306 791 3375 ipsis
838 3306 1029 3364 divinis
1077 3304 1361 3359 harmoniis
1398 3302 1656 3363 discrevit,
1716 3303 1795 3355 Ac
1838 3303 1885 3356 si

312 3397 549 3452 diceret:
582 3411 688 3451 non
718 3394 892 3453 solum
921 3394 1157 3466 singulas
1186 3394 1231 3425 ι’
1258 3392 1553 3448 ierarchias
1576 3392 1817 3446 videmus
1840 3391 1885 3422 ¹³

313 3485 366 3539 in
401 3486 608 3555 primas
629 3493 687 3540 et
713 3484 921 3539 medias
949 3493 1005 3539 et
1030 3483 1247 3538 ultimas
1268 3482 1499 3537 virtutes
1528 3480 1757 3543 divisas,
1791 3480 1886 3534 sed

313 3585 477 3629 etiam
522 3575 810 3630 dicendum
836 3615 852 3641 ,
919 3573 1060 3644 quod
1103 3570 1568 3644 superessentialis
1605 3569 1885 3625 harmonia

313 3661 484 3735 ipsam
514 3666 820 3737 generalem
849 3664 1254 3735 dispositionem
1292 3663 1531 3719 omnium
1573 3662 1884 3716 caelestium

314 3752 704 3806 ierarchiarum
737 3751 782 3783 “
805 3752 863 3807 in
891 3753 1022 3823 ipsis
1045 3752 1240 3808 divinis
1264 3750 1580 3815 barmoniis,
1607 3750 1886 3804 adunatio-

314 3843 472 3898 nibus
496 3842 788 3909 videlicet,
834 3860 934 3914 per
984 3844 1220 3916 singulas
1249 3842 1543 3898 ierarchias
1585 3841 1887 3911 specialiter

313 3931 568 3986 discrevit
597 3933 643 3964 ¹⁸
670 3933 723 3987 in
772 3934 975 4003 primas
1020 3944 1075 3988 et
1096 3933 1299 3988 medias
1325 3940 1379 3987 et
1399 3931 1614 3986 ultimas
1632 3931 1880 3985 virtutes.

288 4016 583 4073 'lerarchia
614 4021 880 4089 siquidem
914 4021 1193 4085 virtutum,
1223 4030 1570 4093 potestatum,
1620 4028 1676 4074 et
1709 4021 1882 4074 domi-

313 4111 594 4165 nationum
630 4108 1042 4183 proportioualis
1070 4114 1371 4168 medietatis
1411 4113 1553 4167 inter
1586 4123 1697 4167 tres
1727 4111 1771 4143 “
1798 4124 1886 4165 or-

314 4202 469 4256 dines
506 4204 714 4273 primae
752 4214 808 4263 et
848 4215 959 4260 tres
1003 4207 1195 4260 tertiae
1226 4206 1524 4261 ierarchiae
1546 4205 1884 4263 harmoniam

312 4293 572 4363 possidet.
613 4293 685 4348 Ut
724 4295 869 4349 enim
916 4310 945 4348 a
976 4295 1147 4364 prima
1193 4295 1536 4368 praeceditur
1566 4295 1740 4350 media
1765 4335 1780 4357 ,
1811 4293 1885 4355 ita

313 4382 489 4434 media
514 4383 789 4451 praecedit
816 4383 1061 4448 tertiam;
1100 4393 1155 4438 et
1179 4384 1504 4449 conversim,
1537 4383 1885 4453 quemadmo-

1995 1854 2256 1915 Similiter
2304 1860 2369 1914 de
2427 1862 2622 1916 ceteris
2672 1863 2953 1923 ordinibus
3001 1864 3334 1936 singularum
3390 1867 3562 1929 ierar-

1990 1946 2234 2001 chiarum
2285 1949 2708 2022 intelligendum.
2774 1953 2926 2021 Quod
2980 1966 3165 2026 aperte
3224 1959 3559 2027 subsequen-

1992 2035 2135 2091 tibus
2158 2038 2337 2094 verbis
2385 2041 2544 2095 datur
2587 2043 2840 2114 intelligi.
2898 2042 3115 2115 Propter
3141 2048 3280 2121 quod
3329 2057 3376 2101 ct
3421 2049 3558 2119 ipsos

1989 2125 2340 2183 divinissimos
2379 2128 2652 2201 Seraphim
2696 2133 2796 2202 ipsi
2852 2133 2897 2165 ³³
2948 2134 3171 2206 theologi
3220 2137 3368 2191 aiunt
3397 2138 3445 2168 "'
3477 2138 3561 2191 al-

1988 2225 2155 2269 terum
2189 2217 2259 2275 ad
2306 2218 2526 2272 alterum
2578 2221 2824 2286 clamare,
2878 2223 2934 2278 in
2986 2224 3104 2290 hoc,
3151 2236 3207 2279 ut
3237 2228 3452 2280 aestimo
3483 2227 3552 2293 ",

1988 2305 2334 2372 declarantes,
2379 2310 2626 2378 quoniam
2678 2312 2991 2383 theologica:
3032 2315 3276 2373 scientias
3304 2316 3403 2386 ipsi
3447 2318 3557 2385 pri-

1988 2395 2060 2448 mi
2103 2398 2342 2451 secundis
2376 2399 2607 2454 tradunt.
2663 2401 2953 2471 Propterea
2983 2444 2998 2468 ,
3040 2406 3255 2474 inquit,
3318 2408 3550 2477 theologi

1991 2486 2209 2551 dicunt,
2294 2488 2522 2545 alterum
2574 2491 2641 2546 ad
2709 2492 2937 2549 alterum
2986 2494 3032 2527 "
3094 2496 3377 2567 Seraphim
3447 2500 3557 2552 ela-

1987 2592 2157 2644 mare,
2185 2586 2245 2633 ut
2273 2595 2371 2653 per
2392 2581 2493 2636 hoc
2522 2582 2855 2640 declararent
2873 2627 2888 2651 ,
2913 2588 3056 2656 quod
3095 2587 3195 2656 ipsi
3241 2587 3550 2659 Seraphim,

1986 2668 2078 2737 qui
2107 2669 2310 2737 primas
2335 2670 2564 2729 virtutes
2594 2674 2810 2738 habent,
2838 2678 3089 2738 secundis
3117 2677 3419 2748 Seraphim,
3461 2683 3551 2750 qui

1987 2756 2273 2824 secundas,
2326 2758 2678 2833 theologicam
2735 2764 2953 2827 tradunt
3008 2765 3315 2832 scientiam,
3368 2768 3420 2822 id
3471 2778 3557 2824 est

1985 2846 2288 2905 divinarum
2313 2849 2578 2904 rationum
2625 2852 3042 2920 speculationem
3072 2855 3140 2908 ".
3178 2854 3381 2910 Eadem
3420 2857 3561 2912 ratio

1985 2937 2041 2997 in
2069 2936 2358 2992 Cherubim
2410 2947 2465 2994 et
2495 2938 2729 2997 'l‘hronis
2774 2941 3211 3014 reliquarumque
3262 2946 3557 3001 ierarchia-

1986 3042 2107 3081 rum
2139 3027 2418 3089 ordinibus
2451 3030 2804 3089 observanda.
2848 3031 3129 3091 Praecedit
3184 3035 3364 3103 itaque
3394 3034 3555 3090 Sera,

1985 3116 2132 3188 phim
2161 3115 2325 3170 alium
2349 3115 3026 3188 Seraphim,etCheruhim
3049 3121 3213 3176 alium
3232 3121 3548 3192 Cherubim,

1984 3213 2039 3262 et
2084 3207 2313 3262 thronus
2353 3206 2517 3263 alium
2547 3209 2818 3275 thronum,
2847 3210 3021 3265 virtus
3063 3211 3341 3278 virtutem,
3390 3222 3549 3283 pote~

1984 3305 2096 3351 stas
2135 3304 2479 3365 potestatem,
2531 3297 2830 3355 dominatio
2865 3300 3305 3369 dominationem,
3353 3303 3556 3373 princi,

1982 3395 2140 3454 patus
2184 3387 2568 3457 principatum,
2610 3390 2964 3460 archangelus
3011 3392 3412 3462 archangelum,
3463 3408 3558 3447 an-

1984 3476 2134 3545 gelus
2155 3476 2431 3547 angelum;
2470 3477 2523 3531 in
2553 3478 2830 3535 ordinibus
2873 3480 2921 3513 ⁸⁸
2968 3482 3249 3552 episcopus
3285 3482 3330 3517 ⁸⁸
3358 3483 3558 3552 θρίεεον

1984 3577 2131 3634 pum,
2181 3564 2436 3621 sacerdos
2482 3566 2812 3621 sacerdotem
2857 3568 2923 3632 '°,
2972 3569 3229 3625 diaconus
3273 3570 3557 3633 diaconqu

1984 3664 2275 3725 ceteraque
2310 3654 2633 3726 huiusmodi,
2663 3656 2737 3709 ita
2778 3665 2834 3716 ut
2860 3660 2959 3712 sub
2981 3658 3183 3720 eisdem
3209 3659 3556 3733 signiﬁcatio-

1984 3745 2143 3803 nibus
2166 3746 2441 3801 nominum
2465 3747 2671 3817 primae
2698 3757 2753 3802 et
2780 3747 2989 3803 mediae
3031 3757 3085 3803 et
3112 3749 3331 3805 ultimae
3357 3751 3555 3810 intellig

1984 3845 2180 3909 gautur
2208 3837 2250 3869 ³⁸
2283 3839 2529 3893 virtutes.

2057 3925 2084 3997 ς
2112 3928 2166 3979 5.
2195 3926 2502 3982 Addiderim
2530 3937 2701 3981 autem
2742 3928 2981 3997 fortassis
3023 3941 3068 3984 et
3101 3933 3198 3986 Itoo
3227 3948 3329 3986 non
3374 3934 3555 3988 inronq

1985 4033 2131 4087 grue,
2154 4017 2277 4087 quia
2305 4027 2354 4069 et
2384 4019 2668 4071 secundum
2711 4033 2766 4072 se
2790 4020 2959 4089 ipsum
2986 4023 3336 4091 unusquisque
3361 4033 3407 4076 et
3433 4039 3554 4079 cae.

1986 4102 2129 4173 testis
2160 4119 2215 4163 ut
2269 4110 2528 4167 humanus
2560 4111 2764 4169 animus
2812 4112 3057 4182 speciales
3091 4114 3243 4173 habet
3272 4124 3319 4173 et
3354 4116 3554 4185 primas

1985 4208 2033 4252 et
2051 4198 2247 4255 medias
2270 4210 2317 4253 et
2338 4198 2549 4259 ultimas
2575 4201 2927 4257 ordinationes
2947 4210 2998 4255 et
3024 4202 3254 4265 virtutes,
3285 4202 3356 4256 ad
3383 4204 3553 4266 dictas

1984 4307 2077 4359 per
2097 4290 2498 4361 unumquodque
2526 4291 2934 4351 icrarehicarum
2965 4290 3405 4348 illuminationum
3435 4309 3555 4363 pro-

1986 4382 2128 4452 prias
2158 4397 2420 4450 anagogas
2442 4380 2898 4450 proportionalitcr
2931 4379 3255 4451 manifestas,
3296 4399 3391 4468 per
3420 4399 3554 4452 quas

312 4467 440 4521 dum
472 4448 812 4538 praeceditur
853 4472 1012 4531 tertia
1060 4486 1090 4525 a
1131 4473 1337 4536 media,
1361 4472 1434 4526 ita
1458 4448 1633 4526 media
1660 4486 1882 4543 praeces
1911 4448 1962 4513 Β
1987 4448 2387 4541 unumquodque
2423 4448 2478 4523 in
2511 4448 2909 4541 participatione
2941 4471 3002 4538 ﬁt
3041 4448 3108 4535 '5,
3150 4448 3305 4524 sicut:
3325 4448 3555 4543 idipsum

312 4558 513 4612 ditura
544 4560 736 4627 prima.
788 4561 856 4617 Et
899 4562 1031 4615 haec
1072 4563 1381 4631 praecessio
1424 4571 1481 4616 et
1516 4562 1789 4620 successio
1832 4562 1886 4617 in

314 4646 616 4703 divinarum
659 4650 1109 4706 illuminationum
1152 4652 1577 4724 participationis
1632 4651 1886 4709 dilferen-

1987 4572 2035 4616 et
2064 4562 2146 4631 [as
2177 4570 2250 4614 est
2283 4569 2331 4613 et
2366 4559 2606 4629 possibile
2629 4600 2645 4624 ,
2708 4560 3302 4632 superincognitissimae
3356 4578 3553 4633 purga.

1988 4652 2144 4711 tionis
2189 4650 2473 4722 plenissimi
2521 4650 2733 4714 luminis
2787 4651 3161 4731 anteperfectae
3196 4645 3550 4734 perfértionis.

1583 4773 1838 4833 VARIAE
1871 4771 2270 4838 LECTIONES.

386 4894 574 4974 'Qorr.
602 4894 686 4959 B’;
705 4894 868 4974 p'ro_ct
883 4895 1228 4974 angeliLABtJ
1261 4895 1476 4974 angelis.
1555 4898 1574 4927 ³
1606 4896 1854 4974 Emend,
1880 4892 2014 4974 ABQ
2038 4903 2181 4974 sunt.
2255 4894 2276 4926 ³
2305 4890 2701 4974 Bmend.,ABC
2725 4902 2864 4973 sunt,
2941 4891 2962 4923 δ
2982 4892 3263 4974 ita'media‘
3274 4893 3556 4974 annuntiat

308 4961 725 5034 om.AB,marg'.
756 4968 931 5021 adscr.
949 4964 1035 5027 B‘,
1058 4963 1124 5021 Ci
1166 4981 1282 5020 sunt
1307 4961 1469 5019 Deum
1491 4963 2383 5027 annuntiantsecunde,itasecunda
2396 4962 2670 5015 annuntiat
2697 4961 2918 5029 primam
2933 4962 3154 5015 medieet
3168 4962 3319 5015 tertia
3333 4963 3555 5016 mediam

308 5044 518 5087 auarte.
560 5050 612 5087 α.
645 5051 691 5087 e.
732 5053 786 5087 η.
880 5035 901 5069 ⁸
924 5034 1078 5087 Corr.
1226 5035 1314 5087 AB
1338 5036 1506 5087 prima
1538 5035 1610 5087 in.
1686 5034 1709 5065 ⁸
1738 5032 2124 5087 ierarchiarum
2151 5032 2379 5086 videlicet
2399 5031 2632 5087 quisquis
2680 5031 2808 5082 ordo
2846 5032 3197 5087 unusquisque
3242 5032 3456 5087 lonnct.
3490 5030 3551 5082 ις·

307 5044 518 5102 quarte,
560 5050 612 5103 q.
645 5051 691 5090 ε.
732 5053 786 5090 n.
880 5034 1078 5089 'Corr.

1226 5035 1314 5088 AB
1338 5036 1506 5104 prima
1538 5035 1610 5089 in.
1686 5034 1709 5065 ⁸
1738 5032 2124 5088 ierarchiarum
2151 5032 2380 5116 uidelicet
2399 5031 2632 5116 quisquis
2680 5031 2808 5082 ordo
2846 5032 3197 5101 unusquisque
3242 5032 3456 5101 (punct.
3490 5030 3551 5082 ις·

308 5121 421 5189 ad].
481 5102 735 5192 videtur).
827 5125 846 5155 "
904 5123 1061 5181 Corr.
1099 5122 1183 5187 B',
1214 5123 1305 5178 AB
1332 5102 1540 5192 positas.
1642 5122 1664 5157 ⁸
1695 5122 1737 5176 Β
1777 5109 2193 5180 distributione."
2220 5105 2260 5156 ’θ’
2282 5102 2678 5213 Sicai'A-"ipse
2827 5123 3208 5213 unusquisque,
3319 5122 3426 5213 ipse
3461 5120 3552 5213 qui

308 5215 666 5286 unusquisque
692 5216 896 5286 (punct.
928 5212 1035 5286 adj.
1071 5213 1282 5286 videtur
1317 5210 1423 5286 B‘).
1502 5212 1545 5242 ¹⁰
1570 5210 1609 5264 A
1639 5211 2069 5286 ie‘rttrclticarum.
2138 5213 2188 5286 »'_‘
2220 5210 2312 5265 Sic
2350 5208 2412 5274 C,
2458 5206 2553 5286 AB
2580 5208 3010 5286 ξενιίτςςιιὶειινιιηιἶ
3085 5211 3127 5242 ⁸³
3152 5206 3549 5286 ᾼηεὶηριιιᾳνοερ

311 5288 353 5314 ’³
390 5286 425 5335 Α
448 5284 704 5337 videntur.

311 5347 369 5414 “7
386 5345 496 5399 Pro
514 5346 596 5399 uel
614 5346 655 5397 Β
676 5364 799 5408 non,
877 5350 922 5387 ⁸⁸
943 5343 1034 5404 Sic
1048 5348 1114 5414 C,
1135 5350 1181 5403 A
1201 5347 1635 5410 icrarclticarunt,
1660 5343 1700 5396 Β
1721 5347 2130 5398 ierarcm‘carum

783 5285 828 5315 “
856 5283 950 5338 Sic
975 5275 1039 5345 C,
1068 5283 1156 5337 AB
1178 5275 1605 5336 ierarchicarum.
1660 5280 1728 5345 _“
1750 5280 1799 5335 A
1819 5281 2057 5338 decrevit.
2134 5280 2178 5313 "
2196 5290 2305 5343 tres
2331 5275 2520 5335 om.B.
2598 5278 2639 5317 ⁸⁷
2670 5276 2731 5341 Β⁹
2756 5293 2925 5343 marg.
2944 5280 3123 5333 adscr.
3141 5278 3233 5331 alii
3264 5275 3547 5331 altissimis.

2162 5355 2345 5419 (print.
2372 5347 2607 5419 adj.B‘).
2682 5348 2785 5419 "C
2810 5353 2862 5403 in
2884 5352 3091 5418 primis.
3168 5350 3268 5403 “C
3290 5359 3343 5403 et
3370 5365 3539 5419 supra

304 5413 579 5489 {dscrLB‘
600 5426 648 5467 et
682 5417 907 5489 medias.
950 5418 995 5448 “
1012 5413 1228 5489 ultimas
1249 5417 1479 5489 oni.B,C
1505 5424 1554 5469 et
1585 5414 1831 5489 ult_iutas._
1860 5416 1908 5447 "
1928 5416 2027 5468 Bet
2045 5413 2254 5489 ipsi.“
2275 5414 2411 5489 Rud.
2430 5413 2574 5489 corr.
2600 5419 2681 5478 B',
2705 5418 2790 5470 AB
2810 5413 3064 5487 theologia
3076 5420 3275 5489 juncti.
3318 5413 3541 5483 "can,

308 5481 397 5543 B',
426 5483 518 5536 ΔΒ
546 5493 602 5536 ut
629 5487 945 5545 testimonio.

1032 5485 1201 5569 ’ἱραί
1226 5487 1457 5569 quorum.
1492 5502 1604 5565 om.
1651 5484 1712 5547 B,
1768 5484 1835 5569 ad
1860 5487 2272 5569 nniarg'.__adsc_r.
2322 5485 2472 5569 B‘._C
2501 5488 2726 5569 alterunt
2759 5484 3034 5569 Serapidi»
3062 5484 3404 5569 (idaltid-(runt
3433 5491 3543 5543 cla-

316 5568 525 5630 mare:
568 5556 612 5585 ⁸⁷
635 5554 730 5630 Sic
758 5559 799 5630 tl
817 5568 875 5609 et
899 5570 1043 5630 corr.
1063 5556 1147 5621 B',
1173 5556 1725 5630 ABgspcculationum.
1747 5553 2012 5630 __"{_(_lornr.
2040 5553 2123 5616 B‘,
2147 5556 2236 5607 AB
2265 5556 2527 5630 qtttttlbtts,
2550 5557 2592 5611 (ἲ.
2621 5559 2673 5609 in
2702 5553 3021 5619 Itom‘nibus.
3050 5558 3110 5630 _”
3141 5558 3231 5613 Sic
3253 5561 3292 5613 C
3314 5574 3367 5616 et
3392 5577 3539 5630 corr,

318 5620 409 5684 θ’.
440 5623 531 5675 AB
562 5625 834 5691 episcopis.
911 5624 960 5664 δ’
990 5626 1080 5679 Sic
1102 5620 1164 5690 υ.
1195 5625 1284 5679 AB
1311 5620 1666 5685 sacerdomm.

639 5722 907 5787 Ρᾼτιιοι.
958 5721 1202 5785 CXXII.

1745 5624 1787 5656 ³³
1822 5624 1913 5685 Sic
1935 5624 1976 5678 C
2006 5633 2069 5678 et
2096 5639 2237 5679 corr.
2279 5622 2364 5688 Β,
2398 5626 2485 5688 AB
2512 5630 2859 5699 intelligatur.

2958 5630 3002 5667 ”
3032 5628 3216 5700 δοιῇ..
3250 5630 3338 5685 ΛΒ
3373 5634 3463 5686 sit.

3072 5723 3111 5784 8
