3952 6156
401 260 416 269 "
438 252 543 306 9‘27

1861 256 2141 313 JOANNIS
2176 257 2368 315 SCOTl

3571 255 3680 310 39.3

446 353 682 420 Possem,
736 361 936 426 inquit,
973 361 1167 414 addere
1220 364 1417 426 ιη’ίιοίιιι
1441 368 1508 407 iis
1549 368 1600 409 et
1640 359 1762 420 huc,
1797 361 1936 426 quod
1989 364 2004 390 '
2037 370 2081 422 Α
2113 379 2244 423 tuac,
2271 372 2397 431 quia
2429 365 2572 418 circa
2602 365 2788 430 Deum,
2835 364 3040 421 mediae
3086 382 3228 430 vero,
3260 370 3380 435 quia
3410 370 3550 436 circa
3586 384 3678 420 na-

444 462 548 500 nou
590 447 801 502 videtur
829 451 1198 516 incongruum,
1224 448 1466 515 quamvis
1497 447 1738 500 videatur
1764 461 1885 502 esse
1912 449 2008 501 ob-

442 554 680 592 scurum.
709 537 773 590 Et
799 538 921 606 quid
948 547 1030 591 est
1050 537 1213 591 illud?
1241 536 1374 602 Quia
1401 553 1503 590 non
1542 537 1713 591 solum
1741 537 2010 607 generalis

439 627 682 680 omnium
714 627 991 687 icrarcltia,
1029 636 1082 680 et
1105 628 1414 696 specialium
1453 628 1839 681 icrarcltiarum
1866 628 2009 680 ordi-

439 733 555 782 nes,
589 718 795 785 ipsique
826 717 1017 785 singuli
1049 719 1295 782 ordines,
1319 733 1499 769 verum
1536 719 1694 772 etiam
1721 717 2006 786 unusquis-

439 823 541 873 que
569 807 816 860 caelestis
841 816 894 859 et
923 808 1186 861 humanus
1216 809 1425 860 animus
1469 807 1526 860 in
1577 821 1636 860 se
1683 806 1800 874 ipso
1828 808 1848 838 ¹
1880 822 2007 875 spe-

436 897 602 950 ciales
631 898 792 950 habet
826 897 1027 964 primas
1067 907 1120 951 et
1161 899 1363 952 medias
1400 908 1454 951 et
1507 897 1720 951 ultimas
1762 898 2007 961 virtutes,

438 985 726 1038 secundum
775 986 947 1038 dictas
989 1001 1085 1054 per
1127 987 1559 1058 unumquodque,
1609 985 1710 1040 hoc
1756 995 1861 1049 est,
1914 1001 2010 1056 per

436 1088 872 1142 unumquemque
895 1075 1135 1128 ordinem
1161 1076 1406 1144 proprias
1428 1090 1719 1146 anagogas,
1743 1075 2010 1129 reductio-

434 1179 532 1218 nes
556 1165 731 1233 plane,
759 1165 1170 1220 ierarchicarum
1199 1166 1645 1219 illuminationum
1703 1167 2010 1235 proportio-

435 1255 633 1310 naliter
664 1255 1009 1319 manifestas,
1047 1256 1098 1310 id
1121 1265 1202 1311 est
1228 1256 1575 1318 illuminatas,
1605 1273 1701 1326 per
1726 1272 1860 1325 quas
1885 1272 2008 1326 pro-

434 1349 583 1417 prias
637 1363 904 1417 anagogas
945 1347 1360 1416 unumquodque
1413 1362 1623 1408 eorum,
1653 1362 1808 1415 quae
1853 1361 2009 1414 prae-

441 1441 582 1494 dicta
639 1449 784 1502 sunt,
835 1440 886 1492 in
925 1436 1443 1509 participatione-lit
1487 1435 2008 1506 superiucognitissi-

438 1546 560 1585 mae
587 1531 932 1600 purgationis
977 1529 1272 1600 plenissimi
1320 1528 1539 1582 luminis
1587 1525 2005 1595 anteperfectae,

437 1618 491 1672 id
521 1629 602 1674 est
653 1619 934 1690 plusquam
976 1620 1245 1688 perfectae
1284 1619 1652 1686 perfectionis,
1701 1617 2006 1671 Divinitatis

437 1709 614 1777 plane,
644 1710 782 1764 sicut
806 1710 997 1779 ipsum,
1029 1710 1128 1762 hoc
1156 1717 1257 1772 est,
1291 1708 1431 1761 sicut
1465 1708 1874 1777 participatione
1905 1706 2000 1760 Dei

434 1799 516 1854 fas
539 1809 620 1854 est
664 1813 782 1853 esse
814 1798 836 1831 ³
877 1807 931 1852 et
959 1797 1233 1866 possibile,
1280 1797 1368 1864 qui
1401 1795 1998 1864 estsuperincognitis-

433 1887 571 1943 sima
629 1889 872 1959 purgatio
915 1887 1392 1956 plcnissimumque
1433 1885 1635 1948 lumen,
1665 1893 1719 1938 et
1755 1893 2002 1952 auteper-

434 1979 593 2041 fecla,
622 1979 674 2034 id
696 1989 798 2043 est,
843 1979 1120 2047 plusquam
1153 1976 1386 2047 perfecta
1418 1975 1696 2044 perfectio.
1745 1974 1838 2029 Est
1865 1976 2001 2028 enim

437 2070 565 2124 nihil
591 2086 683 2139 per
729 2086 783 2122 se
828 2068 1128 2137 perfectum,
1179 2067 1416 2134 indigens
1462 2064 1772 2118 universalis
1835 2064 2004 2133 perfe-

435 2159 656 2223 ctionis,
704 2159 803 2212 nisi
854 2173 966 2211 vere
1008 2155 1436 2225 perfectissimum
1487 2164 1536 2208 et
1579 2153 2000 2224 anteperfectum.

411 2251 749 2318 .Propterea,
781 2249 974 2317 inquit,
1003 2247 1178 2300 omnis
1203 2245 1470 2299 humanus
1513 2253 1568 2296 et
1615 2242 1866 2297 caelestis
1890 2243 2004 2294 ani-

409 2356 552 2395 .tnus
579 2338 600 2370 ⁸
642 2341 694 2394 ἰιι
718 2338 1120 2408 participatione
1166 2334 1226 2390 lit
1260 2335 1468 2390 divinae
1506 2333 1840 2403 purgationis
1860 2331 2006 2386 etil-

411 2429 799 2483 3luminationis
824 2438 878 2482 et
907 2424 1265 2496 perfectionis,
1298 2423 1548 2491 quoniam
1599 2436 1694 2491 per
1743 2436 1801 2474 se
1832 2421 2003 2488 ipsum

416 2534 534 2572 .nec
558 2519 738 2588 pertiti
774 2531 871 2571 nec
906 2515 1192 2569 illuminari
1221 2528 1319 2567 nec
1356 2511 1572 2582 purgari
1623 2518 1818 2580 potest.
1863 2509 2004 2562 Nihil

432 2610 575 2664 enim
625 2619 707 2663 est
761 2622 970 2669 eorum,
1020 2620 1157 2674 quae
1199 2613 1325 2657 sunt
1355 2642 1370 2665 ,
1418 2617 1515 2671 per
1557 2617 1615 2655 se
1655 2601 1954 2670 perfectum
1987 2640 2000 2663 ,

435 2702 559 2756 dum
590 2701 790 2771 indiget
817 2697 1134 2753 universalis
1160 2696 1181 2727 '
1211 2694 1448 2749 omnium
1480 2693 1845 2762 perfectionis,
1869 2707 2006 2761 quae

431 2801 517 2846 est
545 2792 701 2844 unius
727 2791 964 2844 omnium
995 2801 1188 2842 causae
1211 2784 1571 2855 participatio,
1599 2784 1698 2837 nisi
1726 2795 1850 2837 vere
1878 2796 2002 2849 per-

434 2880 791 2935 fectissimum
836 2888 891 2932 et
929 2875 1386 2945 antepetzlectum,
1421 2874 1542 2928 hoc
1584 2882 1691 2938 est,
1734 2873 1834 2928 nisi
1880 2887 2006 2926 vere

402 3010 404 3013 -
437 2986 704 3025 summum
743 2970 940 3022 bonunt
964 3006 978 3029 ,
1006 2967 1147 3036 quod
1172 2981 1266 3035 per
1303 2979 1362 3018 se
1391 2964 1411 2994 ⁸
1443 2963 1613 3032 ipsum
1635 2973 1688 3017 et
1726 2961 2007 3032 perfectis-

2113 459 2282 503 turam
2311 454 2601 520 conditam,
2627 455 2866 519 ultimae,
2901 451 3023 524 quia
3055 458 3196 510 circa
3228 472 3419 517 mores,
3465 458 3651 524 quina

2111 553 2282 600 turam
2299 559 2617 617 sequuntur,
2633 551 2823 604 virium
2848 567 3067 605 suarum
3090 549 3554 620 peraguntoﬂicia,
3575 566 3679 601 non

2110 634 2402 704 incongrue
2426 647 2645 692 vocatae
2671 648 2813 692 sunt.
2865 638 2995 691 Nam
3042 641 3182 692 inter
3211 641 3376 694 Deutu
3405 649 3457 693 et
3502 653 3683 691 mores

2109 725 2368 778 medietas
2391 726 2650 793 quaedam
2682 735 2905 780 naturae
2949 728 3071 781 data
3121 726 3323 782 est.-Ut
3347 729 3488 780 enim
3519 727 3678 789 Deus,

2109 815 2198 883 qui
2229 816 2646 884 supernaturalis
2670 825 2780 880 est,
2801 820 3069 886 praecedit
3096 829 3364 881 naturam,
3389 818 3458 870 ita
3488 827 3680 870 natura

2109 905 2384 972 praecedit
2421 919 2614 959 mores.
2651 906 2714 958 Et
2741 909 3186 975 quemadmodum
3217 908 3440 962 virtutes
3471 922 3682 960 morum

2109 1001 2406 1060 sequuntur
2428 996 2699 1050 naturales
2721 997 2968 1059 virtutes,
3000 998 3068 1050 ita
3091 998 3361 1052 naturales
3382 1005 3678 1066 sequuntur

2109 1079 2337 1136 divinas.

2564 1191 3046 1249 CAPITULUM
3086 1194 3169 1249 Kl.

2625 1280 2789 1349 Cujus
2818 1282 3000 1336 titulus
3034 1292 3116 1336 est
3147 1301 3160 1334 :

2113 1384 2289 1450 Quare
2317 1403 2492 1440 omnes
2520 1389 2763 1443 caelestes
2799 1394 3046 1445 cssentiae
3084 1397 3343 1446 communi
3355 1411 3424 1448 ‘er
3443 1409 3446 1412 ·
3465 1405 3679 1449 artaret

2178 1456 2420 1530 caelestes
2450 1470 2716 1530 vocantur,
2749 1461 2842 1512 hoc
2862 1494 2864 1496 τ
2887 1473 2982 1523 est,
3020 1479 3180 1530 quare
3233 1481 3406 1516 omnes
3433 1466 3674 1519 caelestes

2180 1526 2341 1599 animi
2363 1542 2465 1578 uno
2489 1529 2738 1599 uocabulo
2769 1526 3041 1599 uirtutum,
3066 1533 3498 1599 quemadmodum
3526 1551 3676 1588 come

2170 1594 2324 1646 muni
2357 1594 2602 1648 vocabulo
2628 1597 2927 1666 angelorum
2951 1594 3275 1670 appellantur
3304 1615 3351 1654 ει.

2031 1694 2074 1752 Β
2232 1702 2282 1756 1.
2309 1701 2407 1757 His
2435 1716 2604 1758 autem
2635 1705 2860 1774 deﬁnitis
2895 1704 3026 1762 illud
3057 1711 3269 1780 dignum
3289 1713 3590 1782 intelligere,
3605 1716 3672 1766 ot

2101 1807 2258 1860 quam
2287 1810 2498 1848 causam
2524 1812 2697 1850 omnes
2735 1799 2974 1853 similiter
2996 1803 3256 1871 angelicas
3292 1805 3535 1857 essentias
3578 1807 3658 1859 air

2103 1891 2236 1935 tates
2263 1883 2509 1938 caelestes
2536 1902 2717 1940 vocare
2742 1892 3114 1946 consuevimus.
3161 1893 3282 1947 Non
3309 1896 3441 1948 enim
3470 1906 3546 1948 est
3593 1896 3678 1948 die

2103 1972 2346 2038 rendam,
2375 1983 2430 2026 ut
2456 1975 2509 2028 in
2539 1975 2754 2044 angelis,
2777 1980 3023 2047 quoniam
3047 1984 3276 2035 omnium
3295 1985 3573 2038 novissima
3595 1997 3674 2038 est

2105 2061 2393 2130 dispositio.
2421 2062 2538 2117 Non
2564 2066 2774 2130 eadem,
2805 2067 2998 2136 inquit,
3030 2071 3294 2126 reddenda
3334 2083 3418 2128 est
3461 2075 3675 2128 ratio"

2107 2149 2174 2204 de
2193 2153 2459 2205 communi
2489 2155 2744 2209 vocabulo
2774 2157 3051 2222 virtutum,
3078 2176 3214 2228 quae
3242 2162 3306 2216 de
3338 2164 3674 2232 angelorum,

2106 2236 2229 2289 dum
2259 2240 2554 2306 quaeritur,
2596 2257 2694 2295 cur
2729 2259 2918 2300 oumcs
2965 2249 3231 2302 essentiae
3276 2251 3446 2318 angeli
3483 2267 3676 2306 vocan-

2109 2335 2212 2380 tur.
2242 2327 2354 2382 Non
2377 2331 2517 2384 enim
2557 2347 2840 2399 possumus
2868 2337 3045 2392 dicere
3071 2355 3083 2390 :
3125 2349 3403 2407 propterea
3433 2356 3675 2394 comnm-

2106 2418 2250 2472 niter
2277 2420 2538 2475 caelestes
2579 2413 2742 2478 animi
2797 2427 3022 2482 virtutes
3068 2431 3429 2493 nominantur,
3456 2433 3577 2500 quia
3612 2435 3676 2463 λ¹¹

2106 2510 2220 2576 ipsa
2251 2511 2530 2596 d‘yosilio
2556 2525 2863 2571 sanctarum
2888 2519 3137 2572 virtutum
3168 2520 3219 2573 itt
3261 2522 3452 2576 divinis
3465 2524 3677 2576 ordini-

2106 2599 2205 2654 bus
2242 2611 2324 2654 est
2350 2602 2395 2633 ⁸³
2423 2605 2732 2659 novissima.
2759 2606 2831 2661 Ea
2867 2609 3130 2677 siquidem
3169 2612 3306 2665 ratio
3344 2613 3408 2666 de
3434 2614 3678 2684 angelica

2106 2692 2570 2760 ceguourinatione
2620 2697 2822 2751 reddita
2870 2707 2969 2764 est,
3021 2701 3233 2768 quando
3293 2705 3674 2770 quaerebatur,

2105 2796 2202 2834 cur
2225 2797 2412 2837 omnes
2437 2785 2698 2841 caelestes
2735 2790 2998 2844 essentiae
3025 2793 3196 2861 angeli
3224 2793 3546 2861 generaliter
3569 2812 3674 2867 ap.

2101 2871 2453 2938 pellarentur,
2495 2877 2749 2944 quoniam
2801 2881 3074 2950 angelicus
3113 2884 3245 2936 ordo
3299 2883 3439 2937 inter
3479 2899 3680 2940 omnes

2107 2961 2366 3016 caelestes
2395 2971 2697 3018 extremum
2746 2968 2982 3034 possidet
3005 2968 3203 3024 locum.
3245 2967 3313 3024 Et
3345 2973 3550 3039 quidem
3584 2990 3680 3025 no-

428 3059 630 3114 sintum
661 3067 744 3112 est
771 3059 814 3122 ⁷,
862 3067 915 3108 et
963 3057 1240 3125 plusquam
1291 3052 1610 3122 perfectum,
1663 3053 2010 3120 omniumque
2038 3044 2081 3103 C
2115 3050 2693 3107 rissimarumsanctaet
2730 3056 2917 3110 decora
2933 3057 3306 3114 illuminatione
3324 3059 3682 3130 “supcrposi-

409 3151 816 3220 tlperfectionum
863 3148 983 3200 linis
1045 3157 1207 3214 atque
1251 3144 1272 3174 ⁸
1329 3143 1669 3212 principium.
1715 3140 1781 3194 .Si
1832 3152 2008 3196 autem

437 3242 737 3307 quaeritur,
763 3253 900 3308 quae
925 3237 1257 3306 sint'printae
1285 3247 1339 3289 et
1367 3233 1573 3287 mediae
1585 3241 1639 3286 et
1661 3232 1878 3286 ultimae
1904 3234 2010 3286 vir-

432 3340 580 3384 tutes
607 3328 1026 3395 uniuscujusque
1077 3325 1324 3380 caelestis
1361 3332 1416 3378 et
1446 3323 1666 3377 humani
1697 3323 1882 3386 animi,
1926 3339 2010 3404 lle—

435 3419 856 3489 spondendum:
901 3417 1143 3472 llutnano
1196 3417 1374 3470 animo
1455 3415 1550 3468 itas
1619 3422 1729 3466 tres
1785 3415 2010 3467 virtutes

437 3512 616 3565 inesse
709 3509 1154 3577 eontemplamur.
1253 3504 1417 3573 Cujus
1485 3503 1688 3573 primae
1785 3505 2009 3558 virtutes

405 3591 558 3656 sunt
632 3599 1016 3654 iutellectuales
1051 3639 1072 3662 ,
1130 3613 1291 3666 ~quae
1375 3594 1850 3665 superuaturaliter
1922 3609 2008 3649 so-

431 3691 704 3746 lummodo
756 3691 896 3745 circa
955 3690 1194 3743 omnium
1238 3702 1476 3750 causam,
1533 3700 1670 3754 quae
1711 3686 1853 3739 Deus
1897 3693 2004 3750 est,

434 3787 751 3842 versantur;
781 3778 984 3832 mediae
1008 3791 1133 3831 vero
1162 3774 1466 3839 rationales,
1498 3789 1636 3843 quae
1658 3775 1800 3828 circa
1827 3789 2003 3828 rerum

432 3871 672 3926 omnium
699 3869 1036 3924 conditarum
1065 3877 1290 3921 naturae
1306 3867 1668 3935 cognitionem
1715 3866 1818 3917 vim
1851 3879 2002 3918 suam

413 3960 980 4028 .exerceut;ultiniae,
1011 3973 1146 4018 quae
1174 3958 1316 4012 circa
1348 3956 1616 4010 naturales
1641 3957 1803 4009 animi
1828 3965 2004 4009 motus

409 4052 769 4120 operationes
811 4065 934 4105 suas
983 4048 1315 4116 impendunt.
1366 4045 1474 4100 llas
1515 4060 1731 4114 quoque
1766 4046 2004 4100 virtutes

427 4140 952 4196 naeles-tibusauimis
981 4139 1176 4202 inesse,
1201 4152 1305 4189 non
1329 4135 1482 4189 facile
1504 4134 1819 4188 crediderim
1837 4134 2000 4188 ullum

427 4241 582 4286 recte
615 4228 1098 4300 pltilosotiitantium
1148 4226 1396 4279 dubitare
1450 4227 1494 4288 9,
1544 4225 1671 4276 dttm
1741 4222 2001 4277 caelestes

426 4323 590 4374 animi
614 4332 669 4376 et
695 4323 839 4376 circa
878 4321 1038 4372 Deum
1087 4315 1494 4386 intelligibiliter
1537 4324 1592 4368 et
1627 4314 1768 4368 circa
1820 4328 1997 4368 rerum

2109 3149 2278 3192 tarum
2294 3144 2634 3197 essentiarum
2659 3145 3020 3215 dispositioncs
3039 3151 3373 3218 participant,
3389 3151 3608 3204 ultimae
3635 3153 3682 3183 "

2108 3246 2224 3282 vero
2272 3233 2562 3299 primarum
2603 3236 2753 3289 nullo
2801 3238 2974 3291 modo.
3026 3239 3357 3308 Propositam
3390 3242 3603 3294 orditur
3637 3242 3679 3272 ¹⁶

2087 3319 2381 3373 cumulare
2403 3325 2773 3390 quaestionem
2797 3325 2908 3381 sic:
2937 3326 3001 3379 Et
3023 3329 3236 3396 quidem
3263 3329 3681 3384 novissimarnm

2105 3411 2459 3464 essentiarum
2488 3414 2810 3483 participant
2837 3424 3020 3471 sancta
3043 3423 3098 3470 et
3119 3418 3312 3472 decora
3335 3419 3394 3481 ιτ,
3423 3418 3502 3471 vel
3529 3421 3608 3473 uti
3635 3421 3681 3452 "

2106 3501 2413 3568 expressius
2465 3503 2819 3570 transfertur,
2878 3516 3091 3561 sanctos
3125 3507 3349 3562 decente
3406 3507 3683 3562 illumina-

2108 3587 2250 3642 tione
2276 3588 2320 3620 ¹⁹
2355 3595 2808 3661 superpositarum
2839 3596 3190 3650 essentiaruut
3220 3597 3684 3664 ordiuespartici-

2104 3685 2254 3744 paut.
2283 3677 2434 3743 Quod
2469 3682 2706 3749 apertius
2730 3691 2905 3752 potest
2932 3683 3034 3737 dici
3065 3700 3080 3739 :
3109 3683 3683 3752 supcrpositaedispo-

2105 3767 2343 3830 sitiones,
2381 3770 2749 3826 ordinationes
2772 3773 3040 3838 videlicet,
3069 3773 3680 3828 caelestiuntessentia-

2105 3870 2224 3908 rum
2253 3870 2498 3913 sanctam
2545 3870 2601 3916 et
2635 3862 2882 3918 decoram
2931 3864 3392 3929 illumiuationem,
3431 3864 3518 3918 vel
3543 3880 3679 3918 san-

2103 3959 2219 4005 ctos
2241 3953 2519 4009 decentem
2548 3955 3013 4012 villumiuationem
3041 3958 3453 4012 novissimarttm
3503 3959 3683 4012 virtu-

2106 4051 2215 4096 tum
2241 4045 2585 4114 participant,
2612 4046 2832 4102 ultimae
2864 4062 2992 4102 vero
3031 4049 3296 4102 essentiae
3321 4056 3536 4102 sanctos
3584 4049 3682 4101 dco

2103 4142 2311 4186 centem
2367 4135 2808 4191 illuminationem
2868 4137 3160 4205 primarum
3227 4135 3681 4190 illuminationuat

2103 4237 2211 4274 non
2241 4224 2604 4292 .vparticipant.
2683 4225 2835 4279 Nulla
2883 4226 3154 4294 siquidem
3235 4226 3404 4279 virtus
3473 4234 3558 4278 est
3621 4225 3680 4278 in

2099 4313 2430 4376 novissimis,
2463 4331 2601 4384 quae
2641 4332 2746 4369 non
2787 4317 3046 4370 subsistat
3073 4317 3124 4370 in
3152 4316 3359 4385 primis.
3391 4314 3446 4367 ln
3481 4315 3683 4384 primis

415 4422 644 4466 staturas
677 4410 1086 4472 rationabiliter,
1113 4417 1168 4462 et
1195 4410 1336 4462 circa
1369 4405 1642 4460 naturales
1664 4419 1790 4459 suos
1819 4413 1996 4458 motus
2030 4386 2075 4443 υ
2101 4413 2276 4457 autem
2330 4413 2456 4457 sunt
2482 4445 2496 4466 ,
2549 4421 2691 4473 quae
2749 4407 2800 4458 in
2852 4405 3157 4459 novissimis
3190 4421 3296 4458 non
3347 4403 3680 4456 subsistunt.

397 4547 403 4554 .
427 4499 669 4553 interiori
682 4513 842 4554 sensu
857 4497 1081 4567 praediti"
1101 4497 1143 4530 ⁸ο
1168 4498 1468 4550 volvantur.
1487 4495 1550 4548 Et
1563 4495 1767 4562 primae
1780 4495 1994 4562 quidem

392 4647 398 4654 _
423 4591 672 4653 virtuths,
695 4585 1131 4642 siveinicaelesti
1162 4585 1274 4640 sive
1303 4584 1354 4636 in
1381 4584 1831 4646 humanoanimo,
1850 4584 1997 4636 theo-

393 4685 399 4736 .‘
423 4679 654 4748 logicae,
699 4676 906 4731 mediae
951 4675 1224 4746 physicae,
1255 4675 1474 4727 ultimae
1513 4672 1745 4726 murales
1772 4688 1801 4725 a
1843 4675 1991 4727 theo-

393 4777 398 4818 ’τ
425 4769 608 4839 sophia
625 4766 977 4836 appellantur.
1007 4764 1072 4818 Et
1097 4763 1303 4833 primae
1325 4762 1542 4832 quidem
1575 4770 1860 4830 propterea
1890 4763 1998 4832 pri-

2100 4493 2301 4548 Deinde
2360 4497 2654 4563 proponit:
2697 4507 2744 4550 et
2790 4499 2941 4566 cujus
2987 4497 3157 4566 gratia
3193 4494 3431 4549 caelestes
3459 4494 3685 4562 quidem

2099 4586 2310 4638 virtutes
2359 4602 2533 4639 omnes
2582 4587 2744 4640 divini
2775 4587 3080 4642 intellectus
3120 4587 3483 4647 nominantur;
3512 4582 3685 4636 Sera-

2099 4675 2240 4743 pltim
2280 4686 2453 4728 autem
2483 4686 2530 4728 et
2567 4675 2759 4729 Τὴνοηὶ
2796 4687 2842 4729 et
2872 4677 3264 4730 Dominationes
3303 4672 3446 4726 nullo
3486 4673 3686 4734 modo,

2105 4778 2293 4819 omnes
2321 4765 2487 4819 divini
2516 4767 2816 4822 intellectus
2835 4776 3124 4830 vocantur;
3160 4765 3501 4834 participatac
3527 4762 3683 4814 enim

1703 4851 1953 4905 VARIAE
1997 4853 2392 4911 LECTIONES.

528 4953 626 5010 Sic
652 4951 802 5015 ΔΒΕ,
835 4953 894 5016 Βῗ
926 4968 1066 5008 corr.
1098 4952 1240 5016 quid.
1343 4950 1362 4978 '
1388 4944 1551 5016 Sic_C
1581 4953 1633 5016 et
1665 4959 1804 4998 corr.
1862 4943 1939 4996 θ’.

426 5024 679 5079 caelestis.
753 5017 1101 5076 “universalis
1152 5037 1259 5074 out.
1295 5017 1354 5070 Β.

424 5105 492 5146 et.
554 5096 588 5164 γ’
608 5093 656 5145 ’Β
671 5096 1003 5164 participare.

424 5166 468 5234 ν
491 5163 872 5234 ΑΟηιιοηΜηι.

421 5233 504 5294 ll',
537 5233 627 5286 AB
653 5236 857 5287 ultima.

423 5293 595 5367 veluti,
619 5303 661 5357 C
686 5303 760 5356 rel
783 5311 858 5353 ut.
935 5299 1048 5351 "'B
1069 5299 1326 5350 decentem
1367 5293 1819 5347 illuminationem.

1999 4946 2085 5016 AB
2129 4949 2286 5016 ipsos.

1433 5016 1452 5045 ⁸
1481 5013 1570 5068 Sic
1597 5015 1658 5078 C,
1708 5027 1897 5065 se‘om.
1931 5013 2041 5077 AB,
2073 5013 2241 5084 marg.
2293 5019 2470 5072 adscr.
2510 5017 2590 5069 B‘.

1083 5091 1123 5124 ‘°
1171 5089 1323 5155 (lonj.
1376 5087 1420 5138 Α
1484 5101 1662 5136 sensus
1714 5084 1989 5156 praedicti,
2044 5085 2084 5137 Β
2123 5103 2298 5148 sensu,
2340 5087 2380 5140 C
2420 5103 2573 5140 sensu
2631 5089 2902 5156 praedicti.

977 5160 1020 5192 ⁸³
1050 5171 1120 5211 est
1146 5175 1252 5210 om.
1282 5151 1393 5214 λιι,
1441 5170 1598 5221 supra
1639 5156 1816 5205 adscr.
1844 5151 1924 5221 B‘.
1953 5152 1992 5205 ϐ
2021 5157 2105 5207 sit.

955 5230 995 5260 ⁸⁸
1020 5231 1111 5281 Sic
1151 5229 1202 5281 -Ο
1243 5237 1297 5278 et
1330 5227 1441 5277 rati.
1495 5220 1637 5276 corr.
1679 5223 1760 5281 B',
1810 5220 1899 5273 ΑΒ
1922 5227 2184 5293 proposita
2235 5228 2508 5278 utor-ditur.

2394 4949 2414 4980 ⁸
2443 4967 2552 5002 esse
2586 4965 2692 5002 om.
2740 4950 2795 5002 Β.
2917 4949 2938 4978 ⁸
2968 4947 3008 5000 Β
3058 4949 3317 5000 humanus
3359 4945 3571 4996 animus
3629 4955 3685 4995 et

2695 5020 2712 5049 τ
2746 5018 2803 5070 Β.
2841 5029 2913 5070 est
2957 5029 3006 5070 et
3030 5016 3476 5086 perfectissimum.
3580 5012 3606 5042 ³
3637 5011 3688 5064 Β

2695 5089 2902 5138 aedicti.
2983 5088 3020 5117 “
3047 5087 3087 5138 Β
3119 5086 3250 5138 ratio
3278 5080 3539 5136 reddenda
3567 5093 3680 5134 est.

3428 5151 3474 5182 "
3495 5147 3674 5203 Con.

3478 5220 3524 5254 16

2185 5157 2226 5186 i“
2247 5157 2286 5207 Β
2305 5169 2540 5208 sanctam
2562 5168 2609 5209 et
2638 5159 2878 5208 decorant
2901 5156 3348 5209 illuminationem.

2603 5226 2724 5282 “.B
2753 5239 2984 5278 sanctam
3035 5236 3084 5277 et
3139 5226 3404 5278 decoram.

1930 5357 2179 5414 NOTAE.

493 5463 634 5520 Il|Sit:
677 5463 743 5526 A;
793 5461 833 5515 Β
867 5459 1060 5514 litteris
1120 5457 1400 5526 miniatis:
1442 5451 1986 5526 Capitulum_duode-

2079 5459 2272 5506 cantur
2305 5458 2488 5514 punct.
2517 5448 2686 5502 snlti..
2723 5445 3008 5496 substituit
3039 5443 3173 5494 haec
3207 5439 3672 5514 :_0mnes-cael.o-

423 5508 1384 5603 eimu‘imvﬁdus—italus——est":"0uare
1420 5508 1708 5603 secundum
1754 5521 1986 5603 nomines
2081 5531 2186 5576 stes
2211 5508 2470 5574 essentiae
2491 5517 2841 5596 communiter
2859 5523 3114 5568 vorantur
3138 5510 3379 5564 caelestes
3403 5508 3670 5562 virtutes.

417 5593 720 5659 terarchine'
743 5600 910 5665 ηηηείξ
941 5610 1050 5652 ΐοόῖ
1072 5608 1209 5656 itur.
1237 5597 1292 5649 Β·
1320 5594 1565 5648 vocibus:
1593 5593 1871 5642 secundum
1896 5606 1986 5640 vo-
