3952 6156
359 366 503 421 2⁶Ξ9⁷

947 361 1445 420 EXPOSITIONES
1485 359 1711 416 SUPER
1752 356 2174 414 IERARCHIAM
2214 352 2621 409 CAELESTEM
2662 348 2719 405 S.
2761 347 3078 406 DIONYSH.
3504 352 3612 407 250

355 491 619 533 extremae
649 476 1010 531 excelsissimis
1051 476 1065 506 ¹
1093 484 1212 527 sunt
1243 474 1621 528 universalibus
1646 473 1930 542 praprieta-
1962 479 2002 533 Α
2037 468 2150 521 Non
2177 461 2797 528 introducimus,inquit,
2822 457 3190 515 confusionem
3221 460 3611 529 proprietatum

352 572 513 623 tibus.
548 569 863 636 Propterea,
895 567 1088 635 inquit.
1115 566 1253 618 hzmc
1275 563 1640 633 quaestionem
1669 575 1929 631 propono,

353 678 457 716 cur
491 659 659 713 divini
707 657 1013 712 intellectus
1065 671 1253 709 omnes
1300 655 1525 708 virtutes
1566 653 1931 713 nominantur,

353 768 461 805 non
487 759 668 803 autem
709 747 994 817 Serapbim
1037 746 1123 799 vel
1152 744 1353 800 Throni
1379 743 1461 797 vel
1495 742 1928 804 Dominationes;

350 842 707 913 participatae
737 838 878 893 enim
908 846 1034 893 sunt
1061 846 1339 892 extremae
1368 833 1730 891 essentiae'ab
1757 831 1934 886 excel-

348 930 583 986 sissimis
626 927 878 984 essentiis
940 928 995 981 in
1048 925 1442 980 uuiversalibus
1491 923 1930 993 praprietatibus.

347 1019 582 1088 Ideoque
611 1032 720 1072 non
763 1017 985 1081 mirum,
1010 1017 1053 1071 si
1082 1015 1388 1070 nominibus
1428 1022 1794 1089 extremarum
1839 1025 1936 1065 ex-

346 1109 684 1164 celsissimae
707 1107 1187 1163 denominarentur
1225 1107 1267 1169 ',
1313 1104 1436 1174 quia
1462 1103 1604 1157 nulla
1635 1102 1935 1191 proprietas

345 1212 430 1254 est
460 1202 510 1253 in
527 1200 802 1260 extremis,
821 1214 982 1268 quam
1010 1212 1113 1250 non
1145 1196 1464 1266 participem
1488 1196 1712 1264 primae.
1738 1193 1932 1247 Mirum

346 1300 556 1353 autem,
584 1304 681 1344 cur
709 1290 924 1342 nomine
954 1288 1420 1361 virtutungomnes
1446 1285 1612 1339 divini
1630 1283 1935 1338 intellectus

345 1375 675 1437 vocitantur,
720 1388 841 1425 cum
884 1372 1109 1426 virtutes
1157 1370 1298 1424 inter
1331 1369 1585 1424 excelsas
1602 1368 1934 1423 substantias

252 1478 263 1489 ‘
345 1474 688 1534 computatae
719 1464 823 1518 sint
847 1463 888 1516 ³.
942 1462 1037 1516 Est
1073 1461 1216 1517 enim
1246 1462 1456 1516 mediae
1486 1460 1784 1515 ierarcbiae
1816 1461 1933 1529 pri-

345 1574 468 1613 mus
517 1557 673 1612 ordo.
717 1556 838 1610 Ideo
884 1552 1199 1625 subiungit:
1237 1553 1348 1623 Ipsi
1396 1570 1617 1622 namque
1647 1553 1852 1623 Angeli,
1882 1564 1931 1606 ct

344 1658 467 1702 tmte
479 1645 704 1716 Angelos
734 1644 1067 1713 Archangcli,
1090 1654 1136 1697 et
1168 1641 1529 1712 Principatus,
1551 1655 1596 1697 et
1621 1642 1929 1708 Potestates,

340 1748 462 1802 post
496 1734 730 1790 Virtutes
760 1737 824 1788 ab
858 1735 971 1803 ipsa
1016 1734 1272 1804 theologia
1302 1734 1550 1807 qrdinati,
1590 1735 1934 1788 communiter

2036 556 2335 609 divinormn
2360 553 2748 614 itttcilectttunt,
2764 550 3091 620 appellantes
3115 565 3207 604 eos
3224 551 3440 607 nomine
3454 551 3614 606 virtu-

2038 655 2170 706 tum,
2185 643 2277 696 sed
2294 641 2637 695 cxiSIiutandi
2656 655 2841 694 sumus
2860 650 3275 716 περιφραστικῶς
3298 643 3362 707 ¹²,
3383 644 3484 699 hoc
3504 654 3607 709 est,

2033 747 2130 803 per
2157 729 2685 786 circumlocutionem
2711 728 3016 799 signiﬁcare
3045 744 3159 794 eos,
3189 729 3399 786 divinos
3424 732 3612 787 videli-

2034 830 2121 876 cet
2145 820 2385 885 animos,
2414 820 2481 874 de
2521 819 2715 889 quibus
2746 819 2902 874 nobis
2948 836 3126 875 sermo
3162 833 3264 887 est,
3304 838 3369 876 ex
3418 839 3483 878 ea
3520 842 3611 897 ge-

2034 911 2204 966 nerali
2233 911 2469 965 essentia
2495 918 2550 963 et
2571 909 2806 980 generali
2848 910 3066 976 virtute,
3100 912 3418 968 subauditur
3442 917 3608 970 etiam

2033 1001 2271 1070 generali
2329 1000 2664 1069 operatione,
2722 1015 2862 1072 quae
2918 1003 3147 1073 singulis
3202 1020 3389 1060 eurtun
3445 1008 3606 1072 inest,

2032 1094 2246 1161 quando
2295 1106 2550 1148 vocamus
2600 1092 2760 1147 simul
2788 1108 2975 1148 omnes
3016 1095 3226 1152 divinos
3256 1099 3484 1164 animos,
3518 1110 3612 1155 aut

2031 1182 2293 1251 quosdam
2349 1196 2538 1237 eorum
2578 1182 2889 1251 specialiter
2944 1184 3284 1241 ittobservate
3309 1229 3324 1253 ,
3373 1191 3472 1246 hoc
3500 1202 3605 1255 est,

2033 1275 2304 1327 communi
2333 1282 2390 1329 et
2433 1274 2724 1330 indiscreta
2770 1274 3165 1345 signiﬁcatione
3218 1280 3479 1335 caelestes
3530 1298 3610 1338 es-

2032 1363 2234 1417 sentias
2263 1372 2357 1418 aut
2382 1363 2650 1420 caelestes
2695 1366 2925 1420 virtutes
2978 1377 3072 1421 aut
3122 1369 3385 1425 caelestes
3414 1387 3607 1442 opera-

2033 1454 2226 1507 tiones.
2271 1453 2383 1509 Nec
2439 1455 2557 1511 sine
2620 1456 2831 1511 ratione
2888 1457 2989 1512 hoc
3035 1459 3263 1529 agimus.
3315 1458 3607 1532 Tripartita

2031 1543 2175 1598 enim
2244 1543 2457 1599 illorum
2507 1553 2592 1601 est
2648 1547 2912 1616 partitio,
2980 1548 3032 1602 in
3079 1550 3367 1605 essentiam
3425 1553 3611 1615 videli-

2031 1642 2137 1699 cet,
2168 1642 2222 1687 et
2247 1635 2505 1691 virtutem
2524 1677 2538 1701 ,
2568 1645 2624 1691 et
2649 1638 3041 1708 Operationem.
3076 1639 3151 1709 Et.
3182 1641 3431 1699 fortassis
3476 1645 3610 1701 haec

2035 1723 2137 1778 tria
2163 1732 2309 1791 sunt,
2337 1725 2403 1780 de
2429 1727 2624 1795 quibus
2651 1727 2704 1782 in
2735 1730 2999 1799 superiori
3029 1730 3070 1761 ⁸³
3093 1731 3357 1800 Capitula,
3394 1735 3520 1789 dum
3544 1738 3614 1791 de

342 1840 495 1902 saepe
520 1846 557 1883 ο
595 1829 745 1883 nobis
774 1828 1015 1883 similiter
1040 1826 1160 1881 aliis
1180 1826 1378 1881 sanctis
1409 1827 1645 1881 essentiis
1686 1826 1928 1883 caelestes

2032 1815 2243 1884 primis,
2281 1816 2493 1883 mediis,
2526 1824 2584 1872 et
2627 1817 2831 1874 ultimis
2861 1820 3152 1877 virtutibus
3190 1826 3611 1898 uniuscujusque

337 1921 557 1975 tirtutes
587 1930 855 1973 vocantur.
885 1921 963 1972 Ac
1000 1932 1097 1986 per
1125 1917 1225 1971 huc
1254 1931 1361 1970 non
1400 1916 1673 1971 immerito
1715 1918 1931 1986 quaeri-

340 2021 452 2072 tur,
480 2026 579 2064 cur
606 2008 891 2064 inferiores
937 2017 994 2062 et
1022 2007 1299 2062 novissimi
1343 2007 1562 2064 ordines
1591 2008 1743 2080 longe
1770 2024 1930 2077 prae.-

343 2101 653 2156 cedentium
701 2116 761 2155 se
804 2100 1062 2154 virtutum
1094 2097 1492 2170 ‘appellatione
1535 2100 1927 2171 signiﬁcantur.

416 2188 522 2262 52.
550 2189 789 2243 Dicimus
815 2200 987 2244 autem
1011 2230 1027 2255 ,
1072 2192 1197 2261 quia
1236 2191 1578 2245 communiter
1611 2192 1666 2246 in
1692 2192 1931 2246 omnibus

342 2290 542 2333 utentes
566 2277 867 2332 caelestium
892 2280 1098 2334 nomine
1125 2279 1373 2333 virtutum
1391 2278 1412 2311 '
1442 2296 1545 2334 non
1572 2280 1931 2350 confusionem

343 2371 612 2441 quandam
670 2369 1080 2440 uniuscujusque
1145 2370 1501 2440 dispositionis
1556 2371 1931 2440 proprietatum

342 2461 750 2516 introducimus.
786 2462 1167 2528 Quaestionem
1193 2460 1373 2526 solvit,
1422 2476 1584 2531 quam
1628 2461 1926 2531 proposuit.

346 2550 606 2616 Dicimus,
634 2550 831 2618 inquit,
860 2551 962 2605 hoc
990 2561 1092 2616 est,
1124 2552 1531 2620 respondemus,
1557 2543 1685 2622 quia
1705 2566 1812 2606 non
1842 2551 1931 2606 itt-

347 2642 680 2699 troducimus
694 2640 1059 2696 confusionem
1074 2641 1307 2712 aliquam
1331 2642 1720 2711 proprietatum
1743 2642 1927 2696 unius-

344 2734 604 2802 cujusque
646 2732 874 2797 ordinis,
922 2731 1049 2787 dum
1092 2732 1149 2788 in
1191 2735 1443 2789 omnibus
1488 2733 1685 2788 divinis
1733 2733 1929 2789 animis

346 2822 712 2877 communiter
745 2823 949 2876 utimur
989 2822 1303 2879 caelestium
1350 2825 1717 2882 nominatione
1762 2825 1929 2881 virtu-

346 2923 479 2967 tum.
507 2913 590 2968 Ac
609 2915 654 2968 si
687 2913 891 2968 diceret
917 2914 1084 2970 :Dum
1113 2916 1331 2971 nomine
1358 2916 1617 2971 virtutum
1639 2932 1830 2973 omnes
1848 2917 1928 2973 di-

343 3003 498 3058 vinos
526 3004 739 3058 animos
760 3003 1110 3073 appellamus,
1149 3019 1256 3060 non
1294 3004 1590 3062 auferimus
1627 3008 1928 3079 proprietao

345 3102 515 3148 tatem
560 3109 715 3149 suam
744 3086 813 3148 ab
853 3094 970 3163 ipso
1016 3095 1208 3151 ordino
1235 3096 1515 3163 virtutum,
1560 3112 1736 3167 neque
1780 3113 1923 3165 eam,

2033 1907 2283 1963 caelestis
2303 1920 2359 1963 et
2381 1909 2602 1965 humani
2623 1911 2788 1965 animi
2814 1922 3066 1982 ageretur
3089 1914 3133 1946 “
3149 1955 3163 1981 ,
3194 1923 3481 1973 tractatqu
3503 1930 3607 1987 est,

2032 2008 2093 2051 ut
2128 1999 2332 2068 primas
2362 2001 2415 2054 in
2444 2003 2704 2068 essentia,
2735 2004 2941 2061 medias
2966 2006 3019 2060 in
3052 2007 3269 2074 virtute,
3301 2011 3519 2069 ultimas
3553 2016 3608 2069 in

2031 2090 2344 2160 operatione
2384 2092 2762 2164 intelligamus.
2789 2095 3068 2162 Quomodo
3090 2110 3270 2155 autem
3304 2103 3610 2162 intellectus

2032 2181 2323 2245 essentiae,
2353 2191 2409 2235 ct
2433 2183 2571 2237 ratio
2611 2184 2832 2249 virtuti,
2861 2195 2913 2239 et
2954 2202 3146 2244 sensus
3174 2191 3398 2248 interior
3422 2210 3612 2264 opera-

2033 2270 2165 2325 tioni
2189 2271 2459 2326 adunatur
2490 2273 2558 2338 ³⁸,
2584 2283 2643 2327 ιιι
2673 2289 2778 2329 non
2809 2276 2946 2331 duae
2977 2279 3264 2347 trinitates,
3296 2284 3526 2340 hominis
3554 2296 3610 2341 et

2030 2362 2229 2432 angeli,
2262 2363 2356 2419 sed
2384 2380 2487 2418 una
2519 2365 2612 2431 sit,
2659 2366 2812 2432 satis,
2843 2369 3079 2425 arbitror
3107 2372 3171 2439 “,
3204 2374 3256 2428 in
3295 2375 3456 2460 libris.
3486 2384 3609 2455 περὶ

2029 2452 2229 2522 φύσεων
2273 2452 2645 2508 discussimus.
2679 2454 2862 2527 Neque
2904 2459 3041 2513 enim
3080 2452 3457 2531 superpositam
3485 2452 3606 2536 pro—

2028 2540 2300 2609 prietatem
2324 2542 2444 2612 jam
2484 2544 2610 2599 bene
2648 2562 2681 2599 a
2720 2547 2867 2601 nobis
2911 2550 3254 2607 discretnrum
3302 2568 3606 2613 sanctarum

2028 2631 2300 2698 virtutum,
2322 2644 2368 2688 et
2404 2634 2449 2668 ι’
2496 2636 2782 2693 minoribus
2812 2643 3021 2695 omnino
3048 2655 3322 2700 annectere
3347 2654 3605 2720 essentiis,

2029 2722 2086 2776 in
2144 2726 2480 2780 conversione
2528 2726 2836 2796 inconfusae
2899 2732 3253 2797 angelicorum
3319 2751 3602 2796 ornatuum

2027 2814 2371 2869 taxiarcltiae.
2420 2817 2467 2871 A
2497 2818 2869 2888 superioribus
2896 2822 3247 2880 subauditur:
3281 2825 3484 2899 Neque,
3515 2831 3602 2886 in-

2028 2902 2165 2971 quit,
2191 2904 2585 2959 aestimandum
2611 2915 2714 2972 est,
2753 2924 2852 2963 nos
2877 2910 3266 2982 superpositam
3299 2920 3603 2987 proprieta-

2029 3001 2135 3049 tem
2152 3004 2471 3057 sanctarum
2517 2998 2797 3065 virtutum,
2826 3016 2962 3071 quas
2988 3017 3018 3057 a
3045 3007 3244 3061 ceteris
3285 3010 3480 3064 divinis
3521 3012 3605 3067 in-

2027 3084 2330 3141 tellectibus
2373 3087 2511 3143 bene
2557 3090 2950 3159 discrevimus,
3002 3095 3164 3151 etiam
3210 3098 3252 3130 "
3300 3101 3603 3161 minoribus

343 3185 731 3254 proprietatem
756 3185 898 3250 (lico,
930 3185 1050 3242 aliis
1094 3188 1341 3243 essentiis
1383 3189 1754 3259 superioribus
1784 3191 1923 3247 infe-

2030 3186 2320 3232 annectere
2344 3180 2621 3244 essentiis,
2644 3182 2808 3237 veluti
2833 3184 2885 3238 in
2909 3187 3260 3246 conversione
3301 3202 3355 3246 et
3384 3205 3601 3262 pertur-

344 3275 648 3329 rioribusve
692 3275 1053 3331 communiter
1085 3277 1378 3333 attribuere
1409 3277 1685 3345 iudicandi
1714 3295 1919 3345 sumus,

343 3365 605 3433 quoniam
652 3381 760 3420 non
800 3366 969 3437 ipsius
1016 3365 1038 3399 ⁸
1070 3367 1277 3423 ordinis
1320 3368 1582 3424 virtutum
1625 3372 1924 3440 proprieta-

343 3466 455 3510 tem
486 3457 508 3487 '
535 3457 922 3527 signiﬁcamus,
954 3459 1050 3515 sed
1079 3459 1238 3514 aliam
1282 3460 1555 3522 virtutem,
1586 3476 1724 3531 quae
1758 3476 1920 3532 gene-

342 3545 536 3601 raliter
562 3547 814 3603 omnibus
865 3548 1063 3605 divinis
1114 3551 1255 3606 inest
1293 3551 1510 3617 animis,
1537 3552 1921 3624 signiﬁcamus.

345 3637 412 3691 Et
434 3636 541 3692 hoc
562 3647 647 3691 est
667 3638 810 3707 quod
846 3630 1091 3709 acquitur
1128 3658 1142 3694 :
1185 3640 1288 3696 Sed
1308 3641 1555 3709 quoniam
1580 3645 1635 3697 in
1661 3644 1763 3697 tria
1791 3644 1925 3699 divi-

342 3727 549 3781 duntur
575 3729 858 3783 secundum
886 3746 941 3784 se
964 3734 1389 3800 supermundana
1416 3734 1616 3787 ratione
1639 3750 1815 3789 omnes
1843 3734 1925 3788 di-

341 3820 453 3873 vini
485 3818 793 3884 intellectus,
827 3822 883 3874 in
901 3823 1193 3886 essentiam,
1226 3832 1276 3877 et
1309 3823 1546 3877 virtutem
1566 3864 1581 3889 ,
1601 3834 1648 3879 et
1670 3827 1926 3896 operatio-

344 3926 625 3973 nem,cum
644 3911 802 3965 simul
819 3929 1014 3978 omnes,
1048 3926 1140 3968 aut
1185 3931 1366 3969 eorum
1396 3917 1648 3987 quosdam
1690 3918 1923 3972 inobser-

344 4012 464 4056 oate
480 4003 726 4057 caelestes
748 4006 1018 4069 essentias,
1036 4016 1125 4059 aut
1153 4007 1397 4061 caelestes
1424 4023 1670 4061 vocamus
1690 4008 1922 4071 virtutes,

343 4110 432 4147 eos
463 4105 868 4171 περιγραστικῶς
894 4097 941 4161 ⁸,
967 4098 1031 4151 de
1056 4098 1243 4168 quibus
1292 4115 1464 4153 sermo
1510 4109 1606 4165 est,
1631 4100 1927 4169 significare

346 4201 441 4239 nos
460 4188 849 4241 aestimandum
871 4190 892 4224 ⁸
920 4204 987 4242 ea:
1020 4206 1082 4243 ea
1103 4229 1119 4254 ,
1149 4206 1282 4259 quae
1327 4207 1420 4261 per
1464 4191 1697 4260 singulos
1746 4208 1926 4248 eorum

343 4278 682 4341 est,essentia
717 4277 793 4331 uel
814 4280 1018 4333 uirtute.
1045 4279 1190 4336 Ordo
1211 4282 1505 4336 dictionum
1547 4283 1621 4335 “’z
1646 4281 1749 4337 Sed
1773 4283 1930 4338 acsti-

346 4369 606 4421 mandum
649 4378 767 4433 est,
814 4386 915 4424 nos
937 4370 1244 4440 signiﬁcare
1280 4388 1374 4427 eos
1401 4381 1829 4451 περιφραστιιιῶς,
1861 4375 1928 4428 de

344 4460 547 4530 quibus
596 4474 778 4514 sermo
804 4470 910 4523 est,
940 4476 1064 4515 cum
1112 4476 1367 4518 vocamus
1412 4464 1574 4517 simul
1621 4479 1807 4518 omnes
1835 4474 1928 4518 aut

2027 3268 2244 3325 batione
2271 3270 2584 3328 iuconfusac
2610 3273 2653 3308 ⁸³
2696 3276 3052 3346 taxiarcbiae,
3076 3280 3178 3336 hoc
3203 3294 3308 3351 est,
3335 3285 3599 3345 inconfusi

2027 3356 2194 3413 divini
2235 3360 2462 3415 ordinis.
2496 3361 2574 3418 Ac
2607 3361 2652 3417 si
2699 3365 2903 3420 diceret
2931 3385 2945 3421 :
2978 3366 3147 3424 Nemo
3184 3388 3281 3427 nos
3329 3374 3604 3433 existimet

2027 3449 2411 3518 proprietatem
2440 3463 2747 3508 sanctarum
2780 3457 3040 3513 virtutum
3072 3462 3372 3521 minoribus
3418 3483 3602 3523 essen-

2031 3540 2120 3595 tiis
2145 3540 2439 3613 adiungere
2466 3584 2480 3609 ,
2526 3560 2619 3600 seu
2668 3545 3133 3607 inconversibilem
3165 3564 3221 3609 ct
3261 3556 3595 3616 inconfusam

2029 3631 2385 3687 taxiarchiam
2409 3638 2743 3704 perturbare,
2776 3640 2869 3695 sed
2906 3644 3213 3712 generalem
3253 3647 3299 3679 ⁸⁵
3325 3650 3600 3718 virtutem,

2028 3739 2167 3794 quae
2186 3733 2241 3779 et
2262 3726 2307 3758 ἰ
2336 3727 2586 3784 omnibus
2616 3739 2670 3784 et
2698 3731 2925 3800 singulis
2951 3738 3252 3792 communis
3291 3751 3397 3805 est,
3426 3746 3602 3798 omni-

2027 3814 2129 3868 bus
2162 3823 2218 3869 et
2260 3816 2484 3885 singulis
2527 3819 2746 3872 virtutis
2772 3836 2967 3876 nomen
3000 3823 3264 3894 impertiri
3312 3830 3356 3861 "
3382 3832 3599 3887 docere.
3660 3858 3673 3873 κ

2028 3902 2195 3959 Juxta
2233 3907 2369 3960 enini
2416 3926 2567 3977 saepe
2595 3928 2626 3962 (ι
2659 3911 2806 3964 nobis
2864 3922 2998 3966 recte
3039 3915 3294 3971 redditam
3349 3922 3604 3978 rationem

2027 3996 2171 4066 ipsae
2203 3998 2409 4067 quidem
2438 4000 2832 4068 super/innatae
2852 4001 2897 4034 ⁸⁸
2936 4002 3298 4074 dispositiones
3329 4010 3605 4065 abundan-

2030 4100 2108 4144 ter
2138 4091 2325 4146 habent
2365 4102 2412 4145 et
2459 4093 2718 4147 minorum
2761 4112 2941 4151 sacras
2970 4088 3345 4176 proprietates;
3388 4103 3605 4158 ultimae

2029 4197 2148 4237 vero
2170 4182 2433 4251 majorum
2461 4185 2816 4254 superpositas
2847 4188 3208 4245 universitate:
3249 4209 3351 4248 non
3391 4195 3602 4260 habent,

2028 4270 2417 4340 particularitcr
2463 4274 2517 4326 in
2552 4272 2600 4304 “
2651 4290 2739 4329 eos
2786 4277 2954 4344 primo
3000 4282 3368 4351 apparentibus
3408 4284 3607 4340 illumi-

2031 4362 2327 4416 nationibus
2347 4378 2440 4432 per
2459 4363 2656 4431 primas
2691 4368 3152 4436 proportionaliter
3173 4374 3248 4426 eis
3285 4376 3601 4433 distributis.

2031 4449 2298 4519 Repetitio
2324 4460 2406 4505 est
2435 4452 2683 4522 superius
2727 4456 2999 4524 expositae
3034 4457 3367 4519 diti‘erentiae
3406 4467 3609 4534 prima-

346 4565 538 4603 eorum
564 4551 828 4619 quosdam
860 4552 1199 4607 inobservate
1224 4554 1486 4609 caelestes
1518 4556 1787 4610 essentias
1838 4564 1928 4609 aut

2035 4561 2153 4600 rum
2181 4554 2235 4600 et
2279 4545 2590 4600 ultimarum
2622 4546 2936 4602 caelestium
2980 4554 3361 4609 essentiarum.
3412 4559 3605 4629 Saepe,

348 4644 613 4700 caelestes
642 4638 871 4700 virtutes
907 4661 973 4701 ex
1005 4662 1071 4702 ea
1106 4649 1342 4703 essentia
1394 4649 1479 4703 vel
1525 4650 1743 4714 virtute,
1789 4664 1929 4719 quae

348 4746 433 4790 est
472 4751 569 4805 per
602 4737 845 4807 singulos
864 4753 1075 4803 eorum,
1100 4740 1354 4808 quoniam
1398 4740 1453 4793 in
1484 4740 1584 4795 tria
1618 4740 1931 4795 dividuntur

349 4826 649 4880 secundum
672 4826 718 4861 “
746 4842 806 4881 se
831 4827 1264 4897 supermundana
1302 4829 1513 4885 ratione
1545 4843 1733 4885 omnes
1764 4830 1930 4884 divini

350 4910 679 4980 intellectus,
696 4914 749 4968 in
778 4915 1067 4970 essentiam
1079 4956 1095 4982 ,
1107 4926 1163 4971 et
1177 4916 1453 4982 virtutem,
1469 4928 1523 4972 et
1538 4917 1926 4988 operationem.

2032 4637 2230 4706 inquit,
2275 4637 2544 4693 rationem
2571 4639 2904 4695 reddidimus
2938 4641 3005 4696 de
3047 4658 3130 4708 eo,
3159 4647 3304 4715 quod
3347 4663 3606 4719 superor.

2034 4728 2201 4783 diuati
2247 4729 2412 4784 divini
2463 4730 2625 4786 animi
2676 4731 3013 4790 abundanter
3044 4749 3265 4795 sanctas
3304 4744 3610 4814 proprieta-

2037 4828 2119 4873 tes
2140 4831 2247 4872 non
2280 4818 2502 4882 habent,
2531 4820 2657 4874 dum
2687 4831 3011 4892 apparentes
3050 4824 3473 4890 illuminationes
3507 4837 3612 4905 pri-

2036 4909 2141 4965 mis
2176 4910 2351 4977 primo
2382 4912 2760 4969 unive‘rsalitcr
2784 4914 2837 4969 in
2865 4930 2975 4982 eos,
3015 4918 3236 4977 ultimos
3261 4924 3309 4957 "
3336 4926 3607 4995 videlicet,

1637 5033 1891 5088 VARIAE
1928 5030 2331 5089 LECTIONES.

423 5121 444 5154 ⁸
474 5118 621 5174 B’aa
643 5122 1006 5192 marg.adscr.
1031 5123 1095 5176 ab
1121 5122 1325 5180 excels.
1403 5124 2177 5205 'Bdenominarentur(punct.
2210 5122 2317 5192 adj.
2343 5122 2449 5194 B').
2527 5123 2551 5157 ³
2573 5121 2618 5179 Α
2665 5135 2809 5181 sunt.
2886 5125 2910 5159 ⁸
2931 5124 3023 5184 Sic
3043 5129 3084 5185 (Ι
3113 5141 3167 5190 et
3205 5135 3321 5191 rad.
3354 5150 3495 5189 corr.
3523 5136 3611 5202 B',

346 5225 451 5291 pro
470 5226 527 5263 se
547 5213 805 5291 virtutum,
822 5212 908 5265 AB
927 5215 1257 5291 servitutum,
1321 5215 1704 5291 "appellatione
1717 5216 2402 5291 signiﬁcantur—minutum
2417 5231 2526 5270 om.
2556 5215 2616 5291 13;
2637 5215 2696 5291 Β⁴
2714 5220 2779 5273 ad
2796 5234 2967 5291 marg.
2996 5223 3172 5278 adscr.
3195 5225 3426 5280 Dicimus
3438 5238 3612 5283 autem

347 5281 477 5380 quia
522 5282 867 5334 communiter
910 5293 1115 5380 utentes.
1141 5281 1441 5380 caelestium
1473 5281 2134 5380 noyinatiqhgﬁiﬁutum.
2183 5284 2232 5380 ,⁸
2368 5301 2529 5380 sorr;
2572 5287 2755 5380 ipsis.‘
2792 5289 2813 5322 τ
2854 5281 3309 5380 .Idlprop‘rietatem
3340 5281 3610 5380 uirtutum;

402 5348 580 5428 gree.
630 5364 776 5428 man.
828 5366 1002 5428 marg.
1050 5353 1223 5428 adscr.
1274 5355 1666 5428 peryfrasticos.
1741 5355 1851 5428 'B‘
1884 5355 2062 5408 adscr.
2121 5365 2231 5428 est.
2298 5354 2436 5428 ΨΒ·Δ
2463 5348 2638 5428 adscr.
2678 5368 2775 5412 est.
2854 5362 2893 5392 ¹¹
2925 5348 3112 5428 έὶοἶῖς
3161 5364 3447 5416 secundum
3497 5348 3608 5422 oin.

348 5419 651 5499 AB,marg.
680 5421 858 5474 adscr.
885 5419 1020 5499 {lim
1048 5421 1091 5454 “
1122 5422 1184 5476 Β·
1222 5419 1413 5499 πήξῃ-εἶ’
1446 5426 1631 5499 adscr.
1655 5427 2047 5499 peryfrasttcos.
2090 5426 2171 5499 __"
2200 5425 2242 5479 Β
2271 5426 2459 5499 priori.
2536 5427 2580 5458 “
2613 5439 2854 5499 ageretur
2878 5445 2986 5499 om.
3024 5419 3111 5483 Β.’
3164 5432 3210 5464 ⁸⁸
3240 5431 3331 5485 Sic
3354 5419 3519 5498 Alit},
3537 5419 3612 5489 “ll;

350 5503 505 5569 cor-1:.
536 5490 817 5569 adnuetur.
896 5489 1422 5569 “.B‘supraadsér.
1457 5504 1513 5548 ut
1549 5489 1813 5569 arbitror:
1840 5495 1881 5569 (ξ
1920 5503 1975 5547 ut
2017 5489 2281 5569 arbitror'
2316 5493 2360 5530 ⁸⁷
2403 5489 2854 5569 B1corr.vetiam.
2931 5497 2976 5533 ⁸⁸
3006 5500 3103 5569 ΑΒ
3131 5510 3179 5553 et
3198 5501 3333 5569 jam.
3410 5506 3457 5542 “
3488 5489 3529 5560 Ᾰ
3558 5511 3612 5565 in

351 5557 683 5625 confusione,
707 5559 748 5611 Β
768 5557 1152 5650 inconfusiqpe.
1224 5563 1274 5598 '°
1298 5565 1343 5618 A
1373 5564 1750 5635 degeneralem,
1774 5564 1817 5620 Β
1842 5565 2201 5650 degeneralem
2224 5575 2432 5636 (punct.
2458 5567 2520 5620 Β·
2553 5568 2661 5638 adj.
2702 5569 2961 5639 videtur),
2987 5568 3028 5624 C
3054 5572 3147 5625 sed
3175 5557 3240 5625 d'e
3260 5557 3621 5642 generali-viri

350 5655 652 5733 1:19.3an
717 5648 762 5683 “
787 5658 836 5703 et
885 5635 1096 5733 0mg,
1127 5668 1231 5733 pro
1252 5664 1301 5707 et
1321 5655 1480 5733 A_in._
1544 5657 1589 5733 ξ’
1614 5655 1676 5709 Β·
1712 5665 1769 5712 et
1789 5638 1898 5733 rec.
1930 5674 2003 5711 ιιι.
2044 5656 2098 5733 in
2222 5669 2365 5733 corr.
2395 5635 2674 5726 impertiri.
2763 5657 2811 5691 ⁸³
2832 5658 2873 5711 Δ
2907 5635 3332 5730 superﬁrmitate,
3361 5663 3402 5719 Β
3430 5682 3611 5733 suoer-

352 5712 606 5779 ﬁrmitate
634 5718 842 5785 (punct.
871 5719 978 5791 adj.
1193 5724 1653 5793 “particulariter
1679 5737 1851 5783 autem
1882 5726 1957 5781 in.
2044 5726 2092 5756 "
2126 5723 2165 5778 Β
2207 5727 2389 5782 ultimo
