  <div class='ocr_page' id='page_1' title='image "/cluster/home/n/w/nwhite01/storage/ocr_20150623/122/hvd.32044054759840/153.png"; bbox 0 0 3952 6156; ppageno 0'>
   <div class='ocr_carea' id='block_1_1' title="bbox 400 324 501 379">
    <p class='ocr_par' dir='ltr' id='par_1_1' title="bbox 400 324 501 379">
     <span class='ocr_line' id='line_1_1' title="bbox 400 324 501 379; baseline 0 0"><span class='ocrx_word' id='word_1_1' title='bbox 400 324 501 379; x_wconf 61' lang='grc' dir='ltr'><strong>εει</strong></span> 
     </span>
    </p>
   </div>
   <div class='ocr_carea' id='block_1_2' title="bbox 1784 303 2303 366">
    <p class='ocr_par' dir='ltr' id='par_1_2' title="bbox 1784 303 2303 366">
     <span class='ocr_line' id='line_1_2' title="bbox 1784 303 2303 366; baseline -0.013 -2"><span class='ocrx_word' id='word_1_2' title='bbox 1784 306 2068 364; x_wconf 63' lang='grc' dir='ltr'><strong>ΙΟΔΝΝΙΒ</strong></span> <span class='ocrx_word' id='word_1_3' title='bbox 2108 303 2303 366; x_wconf 69' lang='lat' dir='ltr'><strong>SCOTI</strong></span> 
     </span>
    </p>
   </div>
   <div class='ocr_carea' id='block_1_3' title="bbox 3579 295 3657 350">
    <p class='ocr_par' dir='ltr' id='par_1_3' title="bbox 3579 295 3657 350">
     <span class='ocr_line' id='line_1_3' title="bbox 3579 295 3657 350; baseline 0.038 -3"><span class='ocrx_word' id='word_1_4' title='bbox 3579 295 3657 350; x_wconf 61' lang='lat'><strong>5%</strong></span> 
     </span>
    </p>
   </div>
   <div class='ocr_carea' id='block_1_4' title="bbox 381 387 3645 487">
    <p class='ocr_par' dir='ltr' id='par_1_4' title="bbox 381 387 3645 487">
     <span class='ocr_line' id='line_1_4' title="bbox 381 387 3645 487; baseline -0.008 -21"><span class='ocrx_word' id='word_1_5' title='bbox 381 412 803 487; x_wconf 66' lang='lat' dir='ltr'><strong>.par‘ticirlariter</strong></span> <span class='ocrx_word' id='word_1_6' title='bbox 850 425 947 480; x_wconf 83' lang='lat' dir='ltr'><strong>per</strong></span> <span class='ocrx_word' id='word_1_7' title='bbox 996 409 1200 479; x_wconf 88' lang='lat' dir='ltr'><strong>primos</strong></span> <span class='ocrx_word' id='word_1_8' title='bbox 1245 414 1302 461; x_wconf 91' lang='lat' dir='ltr'><strong>et</strong></span> <span class='ocrx_word' id='word_1_9' title='bbox 1348 396 1826 476; x_wconf 77' lang='lat' dir='ltr'><strong>proportionaliter</strong></span> <span class='ocrx_word' id='word_1_10' title='bbox 1870 398 1969 462; x_wconf 88' lang='lat' dir='ltr'><strong>eis,</strong></span> <span class='ocrx_word' id='word_1_11' title='bbox 2004 404 2048 460; x_wconf 82' lang='grc' dir='ltr'><strong>Λ</strong></span> <span class='ocrx_word' id='word_1_12' title='bbox 2079 390 2781 475; x_wconf 73' lang='lat' dir='ltr'><strong>dispositionesinferiorum</strong></span> <span class='ocrx_word' id='word_1_13' title='bbox 2803 388 3250 451; x_wconf 75' lang='lat' dir='ltr'><strong>essentiamm,et</strong></span> <span class='ocrx_word' id='word_1_14' title='bbox 3268 387 3413 456; x_wconf 88' lang='lat' dir='ltr'><strong>ipsae</strong></span> <span class='ocrx_word' id='word_1_15' title='bbox 3431 387 3645 456; x_wconf 70' lang='lat' dir='ltr'><strong>quidem</strong></span> 
     </span>
    </p>
   </div>
   <div class='ocr_carea' id='block_1_5' title="bbox 404 488 1967 565">
    <p class='ocr_par' dir='ltr' id='par_1_5' title="bbox 404 488 1967 565">
     <span class='ocr_line' id='line_1_5' title="bbox 404 488 1967 565; baseline -0.011 -9"><span class='ocrx_word' id='word_1_16' title='bbox 404 503 626 565; x_wconf 88' lang='lat' dir='ltr'><strong>ultimis,</strong></span> <span class='ocrx_word' id='word_1_17' title='bbox 674 499 1088 556; x_wconf 88' lang='lat' dir='ltr'><strong>distribuuntur.</strong></span> <span class='ocrx_word' id='word_1_18' title='bbox 1128 495 1279 561; x_wconf 85' lang='lat' dir='ltr'><strong>Quod</strong></span> <span class='ocrx_word' id='word_1_19' title='bbox 1324 492 1562 548; x_wconf 87' lang='lat' dir='ltr'><strong>breviter</strong></span> <span class='ocrx_word' id='word_1_20' title='bbox 1591 488 1967 559; x_wconf 84' lang='lat' dir='ltr'><strong>colligendum.</strong></span> 
     </span>
    </p>
   </div>
   <div class='ocr_carea' id='block_1_6' title="bbox 401 580 1970 662">
    <p class='ocr_par' dir='ltr' id='par_1_6' title="bbox 401 580 1970 662">
     <span class='ocr_line' id='line_1_6' title="bbox 401 580 1970 662; baseline -0.012 -14"><span class='ocrx_word' id='word_1_21' title='bbox 401 593 629 662; x_wconf 81' lang='lat' dir='ltr'><strong>Copiose</strong></span> <span class='ocrx_word' id='word_1_22' title='bbox 659 589 859 645; x_wconf 78' lang='lat' dir='ltr'><strong>habent</strong></span> <span class='ocrx_word' id='word_1_23' title='bbox 883 588 1054 657; x_wconf 90' lang='lat' dir='ltr'><strong>primo</strong></span> <span class='ocrx_word' id='word_1_24' title='bbox 1100 584 1319 639; x_wconf 86' lang='lat' dir='ltr'><strong>ordines</strong></span> <span class='ocrx_word' id='word_1_25' title='bbox 1355 590 1410 636; x_wconf 89' lang='lat' dir='ltr'><strong>et</strong></span> <span class='ocrx_word' id='word_1_26' title='bbox 1438 596 1566 635; x_wconf 87' lang='lat' dir='ltr'><strong>suas</strong></span> <span class='ocrx_word' id='word_1_27' title='bbox 1596 588 1653 635; x_wconf 92' lang='lat' dir='ltr'><strong>et</strong></span> <span class='ocrx_word' id='word_1_28' title='bbox 1681 580 1970 642; x_wconf 90' lang='lat' dir='ltr'><strong>minorum,</strong></span> 
     </span>
    </p>
   </div>
   <div class='ocr_carea' id='block_1_7' title="bbox 392 669 1970 747">
    <p class='ocr_par' dir='ltr' id='par_1_7' title="bbox 392 669 1970 747">
     <span class='ocr_line' id='line_1_7' title="bbox 392 669 1970 747; baseline -0.01 -11"><span class='ocrx_word' id='word_1_29' title='bbox 392 685 500 739; x_wconf 63' lang='lat' dir='ltr'><strong>sed</strong></span> <span class='ocrx_word' id='word_1_30' title='bbox 530 684 739 739; x_wconf 87' lang='lat' dir='ltr'><strong>divinas</strong></span> <span class='ocrx_word' id='word_1_31' title='bbox 769 678 942 747; x_wconf 90' lang='lat' dir='ltr'><strong>primo</strong></span> <span class='ocrx_word' id='word_1_32' title='bbox 972 676 1026 729; x_wconf 90' lang='lat' dir='ltr'><strong>in</strong></span> <span class='ocrx_word' id='word_1_33' title='bbox 1059 690 1117 730; x_wconf 91' lang='lat' dir='ltr'><strong>se</strong></span> <span class='ocrx_word' id='word_1_34' title='bbox 1168 682 1491 745; x_wconf 87' lang='lat' dir='ltr'><strong>apparentes</strong></span> <span class='ocrx_word' id='word_1_35' title='bbox 1532 669 1970 731; x_wconf 86' lang='lat' dir='ltr'><strong>illum‘inationes,</strong></span> 
     </span>
    </p>
   </div>
   <div class='ocr_carea' id='block_1_8' title="bbox 404 757 1975 838">
    <p class='ocr_par' dir='ltr' id='par_1_8' title="bbox 404 757 1975 838">
     <span class='ocr_line' id='line_1_8' title="bbox 404 757 1975 838; baseline -0.011 -10"><span class='ocrx_word' id='word_1_36' title='bbox 404 791 508 828; x_wconf 86' lang='lat' dir='ltr'><strong>non</strong></span> <span class='ocrx_word' id='word_1_37' title='bbox 539 780 718 826; x_wconf 88' lang='lat' dir='ltr'><strong>autem</strong></span> <span class='ocrx_word' id='word_1_38' title='bbox 751 769 985 838; x_wconf 78' lang='lat' dir='ltr'><strong>copiose,</strong></span> <span class='ocrx_word' id='word_1_39' title='bbox 1020 766 1071 819; x_wconf 88' lang='lat' dir='ltr'><strong>id</strong></span> <span class='ocrx_word' id='word_1_40' title='bbox 1103 775 1189 820; x_wconf 90' lang='lat' dir='ltr'><strong>est</strong></span> <span class='ocrx_word' id='word_1_41' title='bbox 1226 762 1606 819; x_wconf 89' lang='lat' dir='ltr'><strong>universaliter</strong></span> <span class='ocrx_word' id='word_1_42' title='bbox 1628 801 1642 825; x_wconf 94' lang='lat'><strong>,</strong></span> <span class='ocrx_word' id='word_1_43' title='bbox 1674 760 1816 815; x_wconf 80' lang='lat' dir='ltr'><strong>sicut</strong></span> <span class='ocrx_word' id='word_1_44' title='bbox 1843 757 1975 828; x_wconf 88' lang='lat' dir='ltr'><strong>ipsis</strong></span> 
     </span>
    </p>
   </div>
   <div class='ocr_carea' id='block_1_9' title="bbox 403 850 1975 931">
    <p class='ocr_par' dir='ltr' id='par_1_9' title="bbox 403 850 1975 931">
     <span class='ocr_line' id='line_1_9' title="bbox 403 850 1975 931; baseline -0.008 -17"><span class='ocrx_word' id='word_1_45' title='bbox 403 862 607 931; x_wconf 88' lang='lat' dir='ltr'><strong>primis,</strong></span> <span class='ocrx_word' id='word_1_46' title='bbox 642 860 735 914; x_wconf 90' lang='lat' dir='ltr'><strong>sed</strong></span> <span class='ocrx_word' id='word_1_47' title='bbox 761 855 1160 927; x_wconf 87' lang='lat' dir='ltr'><strong>particulariter</strong></span> <span class='ocrx_word' id='word_1_48' title='bbox 1181 870 1277 924; x_wconf 85' lang='lat' dir='ltr'><strong>per</strong></span> <span class='ocrx_word' id='word_1_49' title='bbox 1311 853 1515 923; x_wconf 88' lang='lat' dir='ltr'><strong>primos</strong></span> <span class='ocrx_word' id='word_1_50' title='bbox 1545 850 1779 915; x_wconf 84' lang='lat' dir='ltr'><strong>ultimis,</strong></span> <span class='ocrx_word' id='word_1_51' title='bbox 1813 856 1975 919; x_wconf 90' lang='lat' dir='ltr'><strong>prout</strong></span> 
     </span>
    </p>
   </div>
   <div class='ocr_carea' id='block_1_10' title="bbox 404 940 1975 1023">
    <p class='ocr_par' dir='ltr' id='par_1_10' title="bbox 404 940 1975 1023">
     <span class='ocr_line' id='line_1_10' title="bbox 404 940 1975 1023; baseline -0.007 -17"><span class='ocrx_word' id='word_1_52' title='bbox 404 953 646 1023; x_wconf 80' lang='lat' dir='ltr'><strong>analogia</strong></span> <span class='ocrx_word' id='word_1_53' title='bbox 681 966 866 1006; x_wconf 91' lang='lat' dir='ltr'><strong>eorum</strong></span> <span class='ocrx_word' id='word_1_54' title='bbox 896 949 1081 1005; x_wconf 67' lang='lat' dir='ltr'><strong>exiuit.</strong></span> <span class='ocrx_word' id='word_1_55' title='bbox 1120 947 1337 1003; x_wconf 86' lang='lat' dir='ltr'><strong>eaedem</strong></span> <span class='ocrx_word' id='word_1_56' title='bbox 1379 945 1398 977; x_wconf 86' lang='grc'>¹</span> <span class='ocrx_word' id='word_1_57' title='bbox 1436 944 1853 998; x_wconf 86' lang='lat' dir='ltr'><strong>illuminationes</strong></span> <span class='ocrx_word' id='word_1_58' title='bbox 1895 940 1975 995; x_wconf 90' lang='lat' dir='ltr'><strong>di-</strong></span> 
     </span>
    </p>
   </div>
   <div class='ocr_carea' id='block_1_11' title="bbox 403 1043 760 1097">
    <p class='ocr_par' dir='ltr' id='par_1_11' title="bbox 403 1043 760 1097">
     <span class='ocr_line' id='line_1_11' title="bbox 403 1043 760 1097; baseline -0.008 -1"><span class='ocrx_word' id='word_1_59' title='bbox 403 1043 760 1097; x_wconf 85' lang='lat' dir='ltr'><strong>stribuuntur.</strong></span> 
     </span>
    </p>
   </div>
   <div class='ocr_carea' id='block_1_12' title="bbox 844 1103 1529 1162">
    <p class='ocr_par' dir='ltr' id='par_1_12' title="bbox 844 1103 1529 1162">
     <span class='ocr_line' id='line_1_12' title="bbox 844 1103 1529 1162; baseline -0.006 -1"><span class='ocrx_word' id='word_1_60' title='bbox 844 1105 1329 1162; x_wconf 78' lang='lat' dir='ltr'><strong>CAPITULUM</strong></span> <span class='ocrx_word' id='word_1_61' title='bbox 1389 1103 1529 1158; x_wconf 52' lang='grc' dir='ltr'><strong>Χμιι.</strong></span> 
     </span>
    </p>
   </div>
   <div class='ocr_carea' id='block_1_13' title="bbox 882 1193 1465 1265">
    <p class='ocr_par' dir='ltr' id='par_1_13' title="bbox 882 1193 1465 1265">
     <span class='ocr_line' id='line_1_13' title="bbox 882 1193 1465 1265; baseline -0.009 -15"><span class='ocrx_word' id='word_1_62' title='bbox 882 1196 1048 1265; x_wconf 82' lang='lat' dir='ltr'><strong>Cujus</strong></span> <span class='ocrx_word' id='word_1_63' title='bbox 1087 1203 1171 1248; x_wconf 88' lang='lat' dir='ltr'><strong>est</strong></span> <span class='ocrx_word' id='word_1_64' title='bbox 1205 1193 1386 1248; x_wconf 90' lang='lat' dir='ltr'><strong>titulus</strong></span> <span class='ocrx_word' id='word_1_65' title='bbox 1413 1193 1465 1245; x_wconf 75' lang='grc' dir='ltr'>ἐ</span> 
     </span>
    </p>
   </div>
   <div class='ocr_carea' id='block_1_14' title="bbox 405 1278 1972 1354">
    <p class='ocr_par' dir='ltr' id='par_1_14' title="bbox 405 1278 1972 1354">
     <span class='ocr_line' id='line_1_14' title="bbox 405 1278 1972 1354; baseline -0.011 -10"><span class='ocrx_word' id='word_1_66' title='bbox 405 1288 580 1354; x_wconf 81' lang='lat' dir='ltr'><strong>Quare</strong></span> <span class='ocrx_word' id='word_1_67' title='bbox 608 1286 891 1341; x_wconf 80' lang='lat' dir='ltr'><strong>secundum</strong></span> <span class='ocrx_word' id='word_1_68' title='bbox 917 1284 1148 1337; x_wconf 75' lang='lat' dir='ltr'><strong>homines</strong></span> <span class='ocrx_word' id='word_1_69' title='bbox 1188 1281 1492 1354; x_wconf 81' lang='lat' dir='ltr'><strong>iera_rchiae_</strong></span> <span class='ocrx_word' id='word_1_70' title='bbox 1508 1278 1680 1354; x_wconf 75' lang='lat' dir='ltr'><strong>angeli</strong></span> <span class='ocrx_word' id='word_1_71' title='bbox 1699 1285 1972 1339; x_wconf 84' lang='lat' dir='ltr'><strong>uocantur,</strong></span> 
     </span>
    </p>
   </div>
   <div class='ocr_carea' id='block_1_15' title="bbox 475 1348 1976 1424">
    <p class='ocr_par' dir='ltr' id='par_1_15' title="bbox 475 1348 1976 1424">
     <span class='ocr_line' id='line_1_15' title="bbox 475 1348 1976 1424; baseline -0.009 -13"><span class='ocrx_word' id='word_1_72' title='bbox 475 1357 529 1412; x_wconf 88' lang='lat' dir='ltr'><strong>id</strong></span> <span class='ocrx_word' id='word_1_73' title='bbox 553 1367 648 1419; x_wconf 86' lang='lat' dir='ltr'><strong>est,</strong></span> <span class='ocrx_word' id='word_1_74' title='bbox 694 1370 857 1424; x_wconf 85' lang='lat' dir='ltr'><strong>quare</strong></span> <span class='ocrx_word' id='word_1_75' title='bbox 899 1354 1087 1407; x_wconf 86' lang='lat' dir='ltr'><strong>summi</strong></span> <span class='ocrx_word' id='word_1_76' title='bbox 1124 1351 1415 1406; x_wconf 77' lang='lat' dir='ltr'><strong>sacerdotes</strong></span> <span class='ocrx_word' id='word_1_77' title='bbox 1447 1348 1712 1403; x_wconf 76' lang='lat' dir='ltr'><strong>Ecclesiae</strong></span> <span class='ocrx_word' id='word_1_78' title='bbox 1741 1355 1976 1400; x_wconf 79' lang='lat' dir='ltr'><strong>terrenae</strong></span> 
     </span>
    </p>
   </div>
   <div class='ocr_carea' id='block_1_16' title="bbox 474 1424 1205 1493">
    <p class='ocr_par' dir='ltr' id='par_1_16' title="bbox 474 1424 1205 1493">
     <span class='ocr_line' id='line_1_16' title="bbox 474 1424 1205 1493; baseline -0.01 -13"><span class='ocrx_word' id='word_1_79' title='bbox 474 1427 646 1480; x_wconf 87' lang='lat' dir='ltr'><strong>adhuc</strong></span> <span class='ocrx_word' id='word_1_80' title='bbox 680 1424 852 1493; x_wconf 79' lang='lat' dir='ltr'><strong>angeli</strong></span> <span class='ocrx_word' id='word_1_81' title='bbox 882 1432 1133 1476; x_wconf 80' lang='lat' dir='ltr'><strong>vocantur</strong></span> <span class='ocrx_word' id='word_1_82' title='bbox 1157 1433 1205 1473; x_wconf 76' lang='grc' dir='ltr'><strong>ει.</strong></span> 
     </span>
    </p>
   </div>
   <div class='ocr_carea' id='block_1_17' title="bbox 476 1506 1976 1590">
    <p class='ocr_par' dir='ltr' id='par_1_17' title="bbox 476 1506 1976 1590">
     <span class='ocr_line' id='line_1_17' title="bbox 476 1506 1976 1590; baseline -0.007 -19"><span class='ocrx_word' id='word_1_83' title='bbox 476 1517 505 1590; x_wconf 85' lang='lat'><strong>§</strong></span> <span class='ocrx_word' id='word_1_84' title='bbox 540 1518 589 1571; x_wconf 82' lang='lat' dir='ltr'><strong>l.</strong></span> <span class='ocrx_word' id='word_1_85' title='bbox 617 1515 898 1582; x_wconf 78' lang='lat' dir='ltr'><strong>Quaeritur</strong></span> <span class='ocrx_word' id='word_1_86' title='bbox 918 1523 1091 1566; x_wconf 79' lang='lat' dir='ltr'><strong>autent</strong></span> <span class='ocrx_word' id='word_1_87' title='bbox 1120 1522 1167 1566; x_wconf 89' lang='lat' dir='ltr'><strong>et</strong></span> <span class='ocrx_word' id='word_1_88' title='bbox 1188 1513 1285 1566; x_wconf 86' lang='lat' dir='ltr'><strong>hoc</strong></span> <span class='ocrx_word' id='word_1_89' title='bbox 1306 1508 1713 1581; x_wconf 85' lang='lat' dir='ltr'><strong>intelligibilium</strong></span> <span class='ocrx_word' id='word_1_90' title='bbox 1740 1506 1976 1578; x_wconf 84' lang='lat' dir='ltr'><strong>eloquio-</strong></span> 
     </span>
    </p>
   </div>
   <div class='ocr_carea' id='block_1_18' title="bbox 403 1600 1978 1671">
    <p class='ocr_par' dir='ltr' id='par_1_18' title="bbox 403 1600 1978 1671">
     <span class='ocr_line' id='line_1_18' title="bbox 403 1600 1978 1671; baseline -0.004 -11"><span class='ocrx_word' id='word_1_91' title='bbox 403 1625 519 1661; x_wconf 89' lang='lat' dir='ltr'><strong>rnm</strong></span> <span class='ocrx_word' id='word_1_92' title='bbox 551 1608 779 1662; x_wconf 76' lang='lat' dir='ltr'><strong>studiose</strong></span> <span class='ocrx_word' id='word_1_93' title='bbox 829 1603 1168 1657; x_wconf 79' lang='lat' dir='ltr'><strong>intuentibus.</strong></span> <span class='ocrx_word' id='word_1_94' title='bbox 1208 1603 1268 1658; x_wconf 91' lang='lat' dir='ltr'><strong>Si</strong></span> <span class='ocrx_word' id='word_1_95' title='bbox 1314 1601 1451 1656; x_wconf 87' lang='lat' dir='ltr'><strong>enim</strong></span> <span class='ocrx_word' id='word_1_96' title='bbox 1493 1600 1865 1671; x_wconf 87' lang='lat' dir='ltr'><strong>participantia</strong></span> <span class='ocrx_word' id='word_1_97' title='bbox 1888 1614 1978 1653; x_wconf 78' lang='lat' dir='ltr'><strong>ex-</strong></span> 
     </span>
    </p>
   </div>
   <div class='ocr_carea' id='block_1_19' title="bbox 404 1691 1976 1759">
    <p class='ocr_par' dir='ltr' id='par_1_19' title="bbox 404 1691 1976 1759">
     <span class='ocr_line' id='line_1_19' title="bbox 404 1691 1976 1759; baseline -0.008 -7"><span class='ocrx_word' id='word_1_98' title='bbox 404 1697 683 1752; x_wconf 84' lang='lat' dir='ltr'><strong>celsiorum</strong></span> <span class='ocrx_word' id='word_1_99' title='bbox 729 1694 1125 1747; x_wconf 79' lang='lat' dir='ltr'><strong>universitatum</strong></span> <span class='ocrx_word' id='word_1_100' title='bbox 1162 1708 1265 1745; x_wconf 89' lang='lat' dir='ltr'><strong>non</strong></span> <span class='ocrx_word' id='word_1_101' title='bbox 1289 1701 1412 1745; x_wconf 85' lang='lat' dir='ltr'><strong>sunt</strong></span> <span class='ocrx_word' id='word_1_102' title='bbox 1455 1691 1662 1754; x_wconf 89' lang='lat' dir='ltr'><strong>ultima,</strong></span> <span class='ocrx_word' id='word_1_103' title='bbox 1710 1691 1773 1742; x_wconf 76' lang='lat' dir='ltr'><strong>ab</strong></span> <span class='ocrx_word' id='word_1_104' title='bbox 1818 1703 1976 1759; x_wconf 84' lang='lat' dir='ltr'><strong>quam</strong></span> 
     </span>
    </p>
   </div>
   <div class='ocr_carea' id='block_1_20' title="bbox 404 1762 1979 1845">
    <p class='ocr_par' dir='ltr' id='par_1_20' title="bbox 404 1762 1979 1845">
     <span class='ocr_line' id='line_1_20' title="bbox 404 1762 1979 1845; baseline -0.004 -8"><span class='ocrx_word' id='word_1_105' title='bbox 404 1798 620 1837; x_wconf 81' lang='lat' dir='ltr'><strong>causam</strong></span> <span class='ocrx_word' id='word_1_106' title='bbox 680 1780 964 1835; x_wconf 87' lang='lat' dir='ltr'><strong>secundum</strong></span> <span class='ocrx_word' id='word_1_107' title='bbox 1014 1796 1106 1833; x_wconf 90' lang='lat' dir='ltr'><strong>nos</strong></span> <span class='ocrx_word' id='word_1_108' title='bbox 1132 1779 1153 1810; x_wconf 82' lang='grc'>³</span> <span class='ocrx_word' id='word_1_109' title='bbox 1210 1796 1442 1832; x_wconf 90' lang='lat' dir='ltr'><strong>summus</strong></span> <span class='ocrx_word' id='word_1_110' title='bbox 1481 1762 1724 1832; x_wconf 78' lang='lat' dir='ltr'><strong>sacerdos</strong></span> <span class='ocrx_word' id='word_1_111' title='bbox 1763 1774 1979 1845; x_wconf 83' lang='lat' dir='ltr'><strong>angelus</strong></span> 
     </span>
    </p>
   </div>
   <div class='ocr_carea' id='block_1_21' title="bbox 409 1863 1979 1938">
    <p class='ocr_par' dir='ltr' id='par_1_21' title="bbox 409 1863 1979 1938">
     <span class='ocr_line' id='line_1_21' title="bbox 409 1863 1979 1938; baseline -0.004 -15"><span class='ocrx_word' id='word_1_112' title='bbox 409 1870 618 1923; x_wconf 78' lang='lat' dir='ltr'><strong>Domini</strong></span> <span class='ocrx_word' id='word_1_113' title='bbox 644 1868 1008 1938; x_wconf 85' lang='lat' dir='ltr'><strong>omnipotentis</strong></span> <span class='ocrx_word' id='word_1_114' title='bbox 1024 1867 1088 1919; x_wconf 86' lang='lat' dir='ltr'><strong>ab</strong></span> <span class='ocrx_word' id='word_1_115' title='bbox 1103 1868 1321 1935; x_wconf 84' lang='lat' dir='ltr'><strong>eloquiis</strong></span> <span class='ocrx_word' id='word_1_116' title='bbox 1350 1863 1719 1934; x_wconf 58' lang='lat' dir='ltr'><strong>nominaturf?</strong></span> <span class='ocrx_word' id='word_1_117' title='bbox 1752 1863 1979 1930; x_wconf 81' lang='lat' dir='ltr'><strong>Quaeri-</strong></span> 
     </span>
    </p>
   </div>
   <div class='ocr_carea' id='block_1_22' title="bbox 407 1952 1982 2025">
    <p class='ocr_par' dir='ltr' id='par_1_22' title="bbox 407 1952 1982 2025">
     <span class='ocr_line' id='line_1_22' title="bbox 407 1952 1982 2025; baseline -0.003 -14"><span class='ocrx_word' id='word_1_118' title='bbox 407 1967 516 2022; x_wconf 88' lang='lat' dir='ltr'><strong>tur,</strong></span> <span class='ocrx_word' id='word_1_119' title='bbox 541 1957 747 2025; x_wconf 79' lang='lat' dir='ltr'><strong>inquit,</strong></span> <span class='ocrx_word' id='word_1_120' title='bbox 770 1965 827 2011; x_wconf 89' lang='lat' dir='ltr'><strong>et</strong></span> <span class='ocrx_word' id='word_1_121' title='bbox 856 1957 959 2010; x_wconf 89' lang='lat' dir='ltr'><strong>hoc</strong></span> <span class='ocrx_word' id='word_1_122' title='bbox 987 1956 1054 2009; x_wconf 89' lang='lat' dir='ltr'><strong>ab</strong></span> <span class='ocrx_word' id='word_1_123' title='bbox 1084 1955 1186 2022; x_wconf 86' lang='lat' dir='ltr'><strong>bis,</strong></span> <span class='ocrx_word' id='word_1_124' title='bbox 1214 1955 1305 2023; x_wconf 90' lang='lat' dir='ltr'><strong>qui</strong></span> <span class='ocrx_word' id='word_1_125' title='bbox 1359 1952 1716 2022; x_wconf 82' lang='lat' dir='ltr'><strong>intelligibilia</strong></span> <span class='ocrx_word' id='word_1_126' title='bbox 1744 1952 1982 2007; x_wconf 85' lang='lat' dir='ltr'><strong>studiose</strong></span> 
     </span>
    </p>
   </div>
   <div class='ocr_carea' id='block_1_23' title="bbox 405 2037 1982 2114">
    <p class='ocr_par' dir='ltr' id='par_1_23' title="bbox 405 2037 1982 2114">
     <span class='ocr_line' id='line_1_23' title="bbox 405 2037 1982 2114; baseline -0.006 -13"><span class='ocrx_word' id='word_1_127' title='bbox 405 2047 683 2102; x_wconf 86' lang='lat' dir='ltr'><strong>intuentur</strong></span> <span class='ocrx_word' id='word_1_128' title='bbox 708 2044 942 2114; x_wconf 88' lang='lat' dir='ltr'><strong>eloquia.</strong></span> <span class='ocrx_word' id='word_1_129' title='bbox 1002 2042 1060 2097; x_wconf 88' lang='lat' dir='ltr'><strong>Si</strong></span> <span class='ocrx_word' id='word_1_130' title='bbox 1104 2042 1272 2106; x_wconf 91' lang='lat' dir='ltr'><strong>enim,</strong></span> <span class='ocrx_word' id='word_1_131' title='bbox 1305 2051 1464 2111; x_wconf 90' lang='lat' dir='ltr'><strong>prout</strong></span> <span class='ocrx_word' id='word_1_132' title='bbox 1512 2041 1693 2110; x_wconf 85' lang='lat' dir='ltr'><strong>posuit</strong></span> <span class='ocrx_word' id='word_1_133' title='bbox 1732 2040 1775 2105; x_wconf 86' lang='grc'><strong>⁸,</strong></span> <span class='ocrx_word' id='word_1_134' title='bbox 1807 2037 1982 2093; x_wconf 90' lang='lat' dir='ltr'><strong>ultimi</strong></span> 
     </span>
    </p>
   </div>
   <div class='ocr_carea' id='block_1_24' title="bbox 405 2130 1982 2202">
    <p class='ocr_par' dir='ltr' id='par_1_24' title="bbox 405 2130 1982 2202">
     <span class='ocr_line' id='line_1_24' title="bbox 405 2130 1982 2202; baseline -0.004 -12"><span class='ocrx_word' id='word_1_135' title='bbox 405 2138 623 2191; x_wconf 81' lang='lat' dir='ltr'><strong>ordines</strong></span> <span class='ocrx_word' id='word_1_136' title='bbox 652 2135 1010 2190; x_wconf 77' lang='lat' dir='ltr'><strong>excelsiorum</strong></span> <span class='ocrx_word' id='word_1_137' title='bbox 1054 2133 1437 2188; x_wconf 84' lang='lat' dir='ltr'><strong>universitates</strong></span> <span class='ocrx_word' id='word_1_138' title='bbox 1477 2148 1580 2186; x_wconf 92' lang='lat' dir='ltr'><strong>non</strong></span> <span class='ocrx_word' id='word_1_139' title='bbox 1632 2130 1982 2202; x_wconf 82' lang='lat' dir='ltr'><strong>participant,</strong></span> 
     </span>
    </p>
   </div>
   <div class='ocr_carea' id='block_1_25' title="bbox 402 2221 1984 2296">
    <p class='ocr_par' dir='ltr' id='par_1_25' title="bbox 402 2221 1984 2296">
     <span class='ocr_line' id='line_1_25' title="bbox 402 2221 1984 2296; baseline -0.003 -17"><span class='ocrx_word' id='word_1_140' title='bbox 402 2243 576 2296; x_wconf 86' lang='lat' dir='ltr'><strong>quare</strong></span> <span class='ocrx_word' id='word_1_141' title='bbox 600 2242 841 2281; x_wconf 89' lang='lat' dir='ltr'><strong>summus</strong></span> <span class='ocrx_word' id='word_1_142' title='bbox 876 2225 1130 2280; x_wconf 80' lang='lat' dir='ltr'><strong>sacerdos</strong></span> <span class='ocrx_word' id='word_1_143' title='bbox 1161 2224 1383 2294; x_wconf 80' lang='lat' dir='ltr'><strong>angelus</strong></span> <span class='ocrx_word' id='word_1_144' title='bbox 1413 2222 1623 2277; x_wconf 89' lang='lat' dir='ltr'><strong>Domini</strong></span> <span class='ocrx_word' id='word_1_145' title='bbox 1649 2221 1984 2292; x_wconf 89' lang='lat' dir='ltr'><strong>omnipoten-</strong></span> 
     </span>
    </p>
   </div>
   <div class='ocr_carea' id='block_1_26' title="bbox 385 2310 1987 2386">
    <p class='ocr_par' dir='ltr' id='par_1_26' title="bbox 385 2310 1987 2386">
     <span class='ocr_line' id='line_1_26' title="bbox 385 2310 1987 2386; baseline -0.005 -15"><span class='ocrx_word' id='word_1_146' title='bbox 385 2321 527 2374; x_wconf 75' lang='lat' dir='ltr'><strong>tisa</strong></span> <span class='ocrx_word' id='word_1_147' title='bbox 546 2331 699 2371; x_wconf 84' lang='lat' dir='ltr'><strong>sacra</strong></span> <span class='ocrx_word' id='word_1_148' title='bbox 722 2314 1002 2386; x_wconf 77' lang='lat' dir='ltr'><strong>Scriptura</strong></span> <span class='ocrx_word' id='word_1_149' title='bbox 1031 2315 1359 2377; x_wconf 85' lang='lat' dir='ltr'><strong>nominatur,</strong></span> <span class='ocrx_word' id='word_1_150' title='bbox 1375 2313 1501 2367; x_wconf 92' lang='lat' dir='ltr'><strong>dum</strong></span> <span class='ocrx_word' id='word_1_151' title='bbox 1525 2310 1752 2381; x_wconf 75' lang='lat' dir='ltr'><strong>angelici</strong></span> <span class='ocrx_word' id='word_1_152' title='bbox 1769 2310 1987 2367; x_wconf 84' lang='lat' dir='ltr'><strong>ordines</strong></span> 
     </span>
    </p>
   </div>
   <div class='ocr_carea' id='block_1_27' title="bbox 407 2405 1358 2476">
    <p class='ocr_par' dir='ltr' id='par_1_27' title="bbox 407 2405 1358 2476">
     <span class='ocr_line' id='line_1_27' title="bbox 407 2405 1358 2476; baseline -0.003 -15"><span class='ocrx_word' id='word_1_153' title='bbox 407 2407 818 2462; x_wconf 81' lang='lat' dir='ltr'><strong>universitatem</strong></span> <span class='ocrx_word' id='word_1_154' title='bbox 852 2422 957 2460; x_wconf 92' lang='lat' dir='ltr'><strong>non</strong></span> <span class='ocrx_word' id='word_1_155' title='bbox 991 2405 1358 2476; x_wconf 82' lang='lat' dir='ltr'><strong>participant?</strong></span> 
     </span>
    </p>
   </div>
   <div class='ocr_carea' id='block_1_28' title="bbox 458 2491 1990 2566">
    <p class='ocr_par' dir='ltr' id='par_1_28' title="bbox 458 2491 1990 2566">
     <span class='ocr_line' id='line_1_28' title="bbox 458 2491 1990 2566; baseline -0.005 -18"><span class='ocrx_word' id='word_1_156' title='bbox 458 2494 509 2566; x_wconf 64' lang='grc' dir='ltr'>ς</span> <span class='ocrx_word' id='word_1_157' title='bbox 546 2496 602 2548; x_wconf 71' lang='grc'><strong>2.</strong></span> <span class='ocrx_word' id='word_1_158' title='bbox 625 2493 920 2548; x_wconf 80' lang='lat' dir='ltr'><strong>Estautem</strong></span> <span class='ocrx_word' id='word_1_159' title='bbox 941 2510 1043 2547; x_wconf 88' lang='lat' dir='ltr'><strong>non</strong></span> <span class='ocrx_word' id='word_1_160' title='bbox 1063 2494 1329 2546; x_wconf 89' lang='lat' dir='ltr'><strong>contraria</strong></span> <span class='ocrx_word' id='word_1_161' title='bbox 1353 2493 1509 2556; x_wconf 86' lang='lat' dir='ltr'><strong>ratio,</strong></span> <span class='ocrx_word' id='word_1_162' title='bbox 1537 2502 1591 2544; x_wconf 90' lang='lat' dir='ltr'><strong>ut</strong></span> <span class='ocrx_word' id='word_1_163' title='bbox 1611 2491 1847 2554; x_wconf 86' lang='lat' dir='ltr'><strong>aestimo,</strong></span> <span class='ocrx_word' id='word_1_164' title='bbox 1869 2497 1990 2542; x_wconf 84' lang='lat' dir='ltr'><strong>ante</strong></span> 
     </span>
    </p>
   </div>
   <div class='ocr_carea' id='block_1_29' title="bbox 407 2579 1993 2654">
    <p class='ocr_par' dir='ltr' id='par_1_29' title="bbox 407 2579 1993 2654">
     <span class='ocr_line' id='line_1_29' title="bbox 407 2579 1993 2654; baseline -0.006 -13"><span class='ocrx_word' id='word_1_165' title='bbox 407 2587 655 2654; x_wconf 79' lang='lat' dir='ltr'><strong>deﬁnitis.</strong></span> <span class='ocrx_word' id='word_1_166' title='bbox 687 2584 832 2641; x_wconf 85' lang='lat' dir='ltr'><strong>Ordo</strong></span> <span class='ocrx_word' id='word_1_167' title='bbox 863 2602 876 2638; x_wconf 90' lang='lat'><strong>:</strong></span> <span class='ocrx_word' id='word_1_168' title='bbox 908 2584 1002 2638; x_wconf 87' lang='lat' dir='ltr'><strong>Est</strong></span> <span class='ocrx_word' id='word_1_169' title='bbox 1027 2593 1204 2638; x_wconf 88' lang='lat' dir='ltr'><strong>autem</strong></span> <span class='ocrx_word' id='word_1_170' title='bbox 1251 2583 1389 2637; x_wconf 83' lang='lat' dir='ltr'><strong>ratio</strong></span> <span class='ocrx_word' id='word_1_171' title='bbox 1436 2597 1543 2635; x_wconf 91' lang='lat' dir='ltr'><strong>non</strong></span> <span class='ocrx_word' id='word_1_172' title='bbox 1584 2579 1892 2643; x_wconf 88' lang='lat' dir='ltr'><strong>contraria,</strong></span> <span class='ocrx_word' id='word_1_173' title='bbox 1931 2585 1993 2632; x_wconf 90' lang='lat' dir='ltr'><strong>ut</strong></span> 
     </span>
    </p>
   </div>
   <div class='ocr_carea' id='block_1_30' title="bbox 413 2673 1991 2745">
    <p class='ocr_par' dir='ltr' id='par_1_30' title="bbox 413 2673 1991 2745">
     <span class='ocr_line' id='line_1_30' title="bbox 413 2673 1991 2745; baseline -0.004 -12"><span class='ocrx_word' id='word_1_174' title='bbox 413 2680 643 2734; x_wconf 87' lang='lat' dir='ltr'><strong>aestimo</strong></span> <span class='ocrx_word' id='word_1_175' title='bbox 663 2718 678 2745; x_wconf 89' lang='lat'><strong>,</strong></span> <span class='ocrx_word' id='word_1_176' title='bbox 714 2688 839 2732; x_wconf 87' lang='lat' dir='ltr'><strong>ante</strong></span> <span class='ocrx_word' id='word_1_177' title='bbox 875 2678 1110 2733; x_wconf 81' lang='lat' dir='ltr'><strong>deﬁnitis</strong></span> <span class='ocrx_word' id='word_1_178' title='bbox 1130 2717 1144 2743; x_wconf 93' lang='lat'><strong>,</strong></span> <span class='ocrx_word' id='word_1_179' title='bbox 1176 2675 1471 2731; x_wconf 82' lang='lat' dir='ltr'><strong>rationibus</strong></span> <span class='ocrx_word' id='word_1_180' title='bbox 1498 2675 1718 2731; x_wconf 88' lang='lat' dir='ltr'><strong>scilicet.</strong></span> <span class='ocrx_word' id='word_1_181' title='bbox 1754 2673 1991 2727; x_wconf 88' lang='lat' dir='ltr'><strong>Dicimus</strong></span> 
     </span>
    </p>
   </div>
   <div class='ocr_carea' id='block_1_31' title="bbox 394 2764 1992 2841">
    <p class='ocr_par' dir='ltr' id='par_1_31' title="bbox 394 2764 1992 2841">
     <span class='ocr_line' id='line_1_31' title="bbox 394 2764 1992 2841; baseline -0.007 -15"><span class='ocrx_word' id='word_1_182' title='bbox 394 2773 712 2841; x_wconf 80' lang='lat' dir='ltr'><strong>enim,quia</strong></span> <span class='ocrx_word' id='word_1_183' title='bbox 738 2768 1016 2823; x_wconf 82' lang='lat' dir='ltr'><strong>universali</strong></span> <span class='ocrx_word' id='word_1_184' title='bbox 1061 2768 1082 2799; x_wconf 79' lang='grc'>⁸</span> <span class='ocrx_word' id='word_1_185' title='bbox 1125 2778 1173 2821; x_wconf 89' lang='lat' dir='ltr'><strong>et</strong></span> <span class='ocrx_word' id='word_1_186' title='bbox 1202 2768 1522 2836; x_wconf 79' lang='lat' dir='ltr'><strong>superposita</strong></span> <span class='ocrx_word' id='word_1_187' title='bbox 1552 2766 1814 2835; x_wconf 83' lang='lat' dir='ltr'><strong>majorum</strong></span> <span class='ocrx_word' id='word_1_188' title='bbox 1849 2764 1869 2795; x_wconf 80' lang='grc'><strong>⁷</strong></span> <span class='ocrx_word' id='word_1_189' title='bbox 1901 2779 1992 2816; x_wconf 81' lang='lat' dir='ltr'><strong>or-</strong></span> 
     </span>
    </p>
   </div>
   <div class='ocr_carea' id='block_1_32' title="bbox 410 2851 1989 2930">
    <p class='ocr_par' dir='ltr' id='par_1_32' title="bbox 410 2851 1989 2930">
     <span class='ocr_line' id='line_1_32' title="bbox 410 2851 1989 2930; baseline -0.006 -14"><span class='ocrx_word' id='word_1_190' title='bbox 410 2872 629 2916; x_wconf 84' lang='lat' dir='ltr'><strong>natuum</strong></span> <span class='ocrx_word' id='word_1_191' title='bbox 650 2862 833 2915; x_wconf 84' lang='lat' dir='ltr'><strong>virtute</strong></span> <span class='ocrx_word' id='word_1_192' title='bbox 847 2858 1212 2930; x_wconf 88' lang='lat' dir='ltr'><strong>relinquuntur</strong></span> <span class='ocrx_word' id='word_1_193' title='bbox 1234 2857 1256 2889; x_wconf 82' lang='grc'><strong>⁸</strong></span> <span class='ocrx_word' id='word_1_194' title='bbox 1280 2856 1468 2911; x_wconf 89' lang='lat' dir='ltr'><strong>ultimi.</strong></span> <span class='ocrx_word' id='word_1_195' title='bbox 1508 2854 1766 2919; x_wconf 84' lang='lat' dir='ltr'><strong>Dicimus,</strong></span> <span class='ocrx_word' id='word_1_196' title='bbox 1796 2851 1989 2924; x_wconf 87' lang='lat' dir='ltr'><strong>inquit,</strong></span> 
     </span>
    </p>
   </div>
   <div class='ocr_carea' id='block_1_33' title="bbox 411 2946 1995 3023">
    <p class='ocr_par' dir='ltr' id='par_1_33' title="bbox 411 2946 1995 3023">
     <span class='ocr_line' id='line_1_33' title="bbox 411 2946 1995 3023; baseline -0.006 -15"><span class='ocrx_word' id='word_1_197' title='bbox 411 2955 537 3023; x_wconf 86' lang='lat' dir='ltr'><strong>quia</strong></span> <span class='ocrx_word' id='word_1_198' title='bbox 560 2948 959 3021; x_wconf 81' lang='lat' dir='ltr'><strong>relinquuntur,</strong></span> <span class='ocrx_word' id='word_1_199' title='bbox 994 2951 1048 3005; x_wconf 89' lang='lat' dir='ltr'><strong>id</strong></span> <span class='ocrx_word' id='word_1_200' title='bbox 1074 2958 1157 3005; x_wconf 90' lang='lat' dir='ltr'><strong>est</strong></span> <span class='ocrx_word' id='word_1_201' title='bbox 1192 2952 1214 2983; x_wconf 82' lang='lat'>&#39;</span> <span class='ocrx_word' id='word_1_202' title='bbox 1246 2957 1587 3018; x_wconf 84' lang='lat' dir='ltr'><strong>superantur,</strong></span> <span class='ocrx_word' id='word_1_203' title='bbox 1634 2946 1806 3002; x_wconf 84' lang='lat' dir='ltr'><strong>ultimi</strong></span> <span class='ocrx_word' id='word_1_204' title='bbox 1832 2958 1995 3000; x_wconf 80' lang='lat' dir='ltr'><strong>orm-</strong></span> 
     </span>
    </p>
   </div>
   <div class='ocr_carea' id='block_1_34' title="bbox 408 3031 1994 3108">
    <p class='ocr_par' dir='ltr' id='par_1_34' title="bbox 408 3031 1994 3108">
     <span class='ocr_line' id='line_1_34' title="bbox 408 3031 1994 3108; baseline -0.008 -12"><span class='ocrx_word' id='word_1_205' title='bbox 408 3051 498 3096; x_wconf 89' lang='lat' dir='ltr'><strong>tns</strong></span> <span class='ocrx_word' id='word_1_206' title='bbox 522 3042 589 3095; x_wconf 87' lang='lat' dir='ltr'><strong>ab</strong></span> <span class='ocrx_word' id='word_1_207' title='bbox 610 3039 895 3095; x_wconf 79' lang='lat' dir='ltr'><strong>universali</strong></span> <span class='ocrx_word' id='word_1_208' title='bbox 922 3048 977 3092; x_wconf 93' lang='lat' dir='ltr'><strong>et</strong></span> <span class='ocrx_word' id='word_1_209' title='bbox 997 3038 1335 3108; x_wconf 89' lang='lat' dir='ltr'><strong>superposita</strong></span> <span class='ocrx_word' id='word_1_210' title='bbox 1363 3037 1560 3091; x_wconf 89' lang='lat' dir='ltr'><strong>virtute</strong></span> <span class='ocrx_word' id='word_1_211' title='bbox 1588 3034 1883 3101; x_wconf 83' lang='lat' dir='ltr'><strong>majorum,</strong></span> <span class='ocrx_word' id='word_1_212' title='bbox 1912 3031 1994 3086; x_wconf 82' lang='lat' dir='ltr'><strong>vel</strong></span> 
     </span>
    </p>
   </div>
   <div class='ocr_carea' id='block_1_35' title="bbox 2078 477 3650 554">
    <p class='ocr_par' dir='ltr' id='par_1_35' title="bbox 2078 477 3650 554">
     <span class='ocr_line' id='line_1_35' title="bbox 2078 477 3650 554; baseline -0.009 -15"><span class='ocrx_word' id='word_1_213' title='bbox 2078 485 2407 554; x_wconf 81' lang='lat' dir='ltr'><strong>participant</strong></span> <span class='ocrx_word' id='word_1_214' title='bbox 2449 482 2677 536; x_wconf 85' lang='lat' dir='ltr'><strong>eandem</strong></span> <span class='ocrx_word' id='word_1_215' title='bbox 2707 478 3026 547; x_wconf 89' lang='lat' dir='ltr'><strong>sapientiam</strong></span> <span class='ocrx_word' id='word_1_216' title='bbox 3057 486 3113 530; x_wconf 86' lang='lat' dir='ltr'><strong>et</strong></span> <span class='ocrx_word' id='word_1_217' title='bbox 3140 477 3454 554; x_wconf 75' lang='lat' dir='ltr'><strong>scientiam,</strong></span> <span class='ocrx_word' id='word_1_218' title='bbox 3486 481 3650 544; x_wconf 60' lang='lat' dir='ltr'><strong>parti.</strong></span> 
     </span>
    </p>
   </div>
   <div class='ocr_carea' id='block_1_36' title="bbox 2078 551 3649 638">
    <p class='ocr_par' dir='ltr' id='par_1_36' title="bbox 2078 551 3649 638">
     <span class='ocr_line' id='line_1_36' title="bbox 2078 551 3649 638; baseline -0.007 -7"><span class='ocrx_word' id='word_1_219' title='bbox 2078 551 2247 633; x_wconf 80' lang='lat' dir='ltr'><strong>cnlari</strong></span> <span class='ocrx_word' id='word_1_220' title='bbox 2275 551 2450 628; x_wconf 78' lang='lat' dir='ltr'><strong>tamen</strong></span> <span class='ocrx_word' id='word_1_221' title='bbox 2480 580 2533 625; x_wconf 90' lang='lat' dir='ltr'><strong>et</strong></span> <span class='ocrx_word' id='word_1_222' title='bbox 2560 570 2797 638; x_wconf 85' lang='lat' dir='ltr'><strong>subjecta</strong></span> <span class='ocrx_word' id='word_1_223' title='bbox 2825 568 3235 638; x_wconf 86' lang='lat' dir='ltr'><strong>participatione</strong></span> <span class='ocrx_word' id='word_1_224' title='bbox 3262 570 3303 599; x_wconf 85' lang='grc'><strong>¹⁷</strong></span> <span class='ocrx_word' id='word_1_225' title='bbox 3336 567 3401 620; x_wconf 91' lang='lat' dir='ltr'><strong>ad</strong></span> <span class='ocrx_word' id='word_1_226' title='bbox 3430 551 3568 629; x_wconf 78' lang='lat' dir='ltr'><strong>illos,</strong></span> <span class='ocrx_word' id='word_1_227' title='bbox 3594 569 3649 620; x_wconf 87' lang='lat' dir='ltr'><strong>in</strong></span> 
     </span>
    </p>
   </div>
   <div class='ocr_carea' id='block_1_37' title="bbox 2078 656 3653 734">
    <p class='ocr_par' dir='ltr' id='par_1_37' title="bbox 2078 656 3653 734">
     <span class='ocr_line' id='line_1_37' title="bbox 2078 656 3653 734; baseline -0.008 -14"><span class='ocrx_word' id='word_1_228' title='bbox 2078 663 2479 734; x_wconf 89' lang='lat' dir='ltr'><strong>comparatione</strong></span> <span class='ocrx_word' id='word_1_229' title='bbox 2515 659 2763 714; x_wconf 80' lang='lat' dir='ltr'><strong>videlicet</strong></span> <span class='ocrx_word' id='word_1_230' title='bbox 2801 659 3013 713; x_wconf 90' lang='lat' dir='ltr'><strong>illorum</strong></span> <span class='ocrx_word' id='word_1_231' title='bbox 3045 657 3354 711; x_wconf 83' lang='lat' dir='ltr'><strong>Cberubim.</strong></span> <span class='ocrx_word' id='word_1_232' title='bbox 3382 656 3533 722; x_wconf 88' lang='lat' dir='ltr'><strong>Quod</strong></span> <span class='ocrx_word' id='word_1_233' title='bbox 3559 672 3653 709; x_wconf 85' lang='lat' dir='ltr'><strong>au-</strong></span> 
     </span>
    </p>
   </div>
   <div class='ocr_carea' id='block_1_38' title="bbox 2079 746 3654 819">
    <p class='ocr_par' dir='ltr' id='par_1_38' title="bbox 2079 746 3654 819">
     <span class='ocr_line' id='line_1_38' title="bbox 2079 746 3654 819; baseline -0.007 -10"><span class='ocrx_word' id='word_1_234' title='bbox 2079 764 2187 809; x_wconf 89' lang='lat' dir='ltr'><strong>tem</strong></span> <span class='ocrx_word' id='word_1_235' title='bbox 2218 753 2451 808; x_wconf 90' lang='lat' dir='ltr'><strong>medium</strong></span> <span class='ocrx_word' id='word_1_236' title='bbox 2478 751 2721 805; x_wconf 88' lang='lat' dir='ltr'><strong>ordinem</strong></span> <span class='ocrx_word' id='word_1_237' title='bbox 2740 749 2946 819; x_wconf 86' lang='lat' dir='ltr'><strong>primae</strong></span> <span class='ocrx_word' id='word_1_238' title='bbox 2972 746 3269 802; x_wconf 77' lang='lat' dir='ltr'><strong>ierarcliiae</strong></span> <span class='ocrx_word' id='word_1_239' title='bbox 3296 760 3392 815; x_wconf 86' lang='lat' dir='ltr'><strong>pro</strong></span> <span class='ocrx_word' id='word_1_240' title='bbox 3407 746 3654 814; x_wconf 81' lang='lat' dir='ltr'><strong>exemplo</strong></span> 
     </span>
    </p>
   </div>
   <div class='ocr_carea' id='block_1_39' title="bbox 2077 843 3652 921">
    <p class='ocr_par' dir='ltr' id='par_1_39' title="bbox 2077 843 3652 921">
     <span class='ocr_line' id='line_1_39' title="bbox 2077 843 3652 921; baseline -0.007 -14"><span class='ocrx_word' id='word_1_241' title='bbox 2077 852 2399 921; x_wconf 83' lang='lat' dir='ltr'><strong>posuit,-aut</strong></span> <span class='ocrx_word' id='word_1_242' title='bbox 2426 847 2705 904; x_wconf 87' lang='lat' dir='ltr'><strong>brevitatis</strong></span> <span class='ocrx_word' id='word_1_243' title='bbox 2724 846 3007 901; x_wconf 89' lang='lat' dir='ltr'><strong>occasione</strong></span> <span class='ocrx_word' id='word_1_244' title='bbox 3036 853 3131 899; x_wconf 90' lang='lat' dir='ltr'><strong>aut</strong></span> <span class='ocrx_word' id='word_1_245' title='bbox 3158 843 3493 907; x_wconf 87' lang='lat' dir='ltr'><strong>medietatis,</strong></span> <span class='ocrx_word' id='word_1_246' title='bbox 3524 858 3652 897; x_wconf 91' lang='lat' dir='ltr'><strong>cum</strong></span> 
     </span>
    </p>
   </div>
   <div class='ocr_carea' id='block_1_40' title="bbox 2078 937 3658 1014">
    <p class='ocr_par' dir='ltr' id='par_1_40' title="bbox 2078 937 3658 1014">
     <span class='ocr_line' id='line_1_40' title="bbox 2078 937 3658 1014; baseline -0.007 -15"><span class='ocrx_word' id='word_1_247' title='bbox 2078 961 2181 1014; x_wconf 92' lang='lat' dir='ltr'><strong>qua</strong></span> <span class='ocrx_word' id='word_1_248' title='bbox 2209 958 2423 1013; x_wconf 85' lang='lat' dir='ltr'><strong>semper</strong></span> <span class='ocrx_word' id='word_1_249' title='bbox 2442 948 2681 996; x_wconf 84' lang='lat' dir='ltr'><strong>extrema</strong></span> <span class='ocrx_word' id='word_1_250' title='bbox 2715 937 3191 1007; x_wconf 80' lang='lat' dir='ltr'><strong>subintelliguntur</strong></span> <span class='ocrx_word' id='word_1_251' title='bbox 3210 975 3225 999; x_wconf 94' lang='lat'><strong>,</strong></span> <span class='ocrx_word' id='word_1_252' title='bbox 3251 942 3528 988; x_wconf 86' lang='lat' dir='ltr'><strong>estactum</strong></span> <span class='ocrx_word' id='word_1_253' title='bbox 3549 975 3563 996; x_wconf 90' lang='lat'><strong>,</strong></span> <span class='ocrx_word' id='word_1_254' title='bbox 3596 944 3658 989; x_wconf 90' lang='lat' dir='ltr'><strong>ut</strong></span> 
     </span>
    </p>
   </div>
   <div class='ocr_carea' id='block_1_41' title="bbox 2077 1030 3658 1106">
    <p class='ocr_par' dir='ltr' id='par_1_41' title="bbox 2077 1030 3658 1106">
     <span class='ocr_line' id='line_1_41' title="bbox 2077 1030 3658 1106; baseline -0.007 -14"><span class='ocrx_word' id='word_1_255' title='bbox 2077 1037 2289 1106; x_wconf 91' lang='lat' dir='ltr'><strong>opinor.</strong></span> <span class='ocrx_word' id='word_1_256' title='bbox 2307 1035 2372 1088; x_wconf 84' lang='lat' dir='ltr'><strong>Et</strong></span> <span class='ocrx_word' id='word_1_257' title='bbox 2397 1033 2603 1104; x_wconf 85' lang='lat' dir='ltr'><strong>quidem</strong></span> <span class='ocrx_word' id='word_1_258' title='bbox 2627 1032 2836 1085; x_wconf 86' lang='lat' dir='ltr'><strong>omnino</strong></span> <span class='ocrx_word' id='word_1_259' title='bbox 2862 1032 2917 1084; x_wconf 90' lang='lat' dir='ltr'><strong>in</strong></span> <span class='ocrx_word' id='word_1_260' title='bbox 2937 1030 3334 1100; x_wconf 83' lang='lat' dir='ltr'><strong>participatione</strong></span> <span class='ocrx_word' id='word_1_261' title='bbox 3370 1030 3658 1095; x_wconf 83' lang='lat' dir='ltr'><strong>sapientiae</strong></span> 
     </span>
    </p>
   </div>
   <div class='ocr_carea' id='block_1_42' title="bbox 2077 1099 3699 1187">
    <p class='ocr_par' dir='ltr' id='par_1_42' title="bbox 2077 1099 3699 1187">
     <span class='ocr_line' id='line_1_42' title="bbox 2077 1099 3699 1187; baseline -0.007 -6"><span class='ocrx_word' id='word_1_262' title='bbox 2077 1143 2187 1181; x_wconf 88' lang='lat' dir='ltr'><strong>esse</strong></span> <span class='ocrx_word' id='word_1_263' title='bbox 2224 1136 2273 1180; x_wconf 89' lang='lat' dir='ltr'><strong>et</strong></span> <span class='ocrx_word' id='word_1_264' title='bbox 2318 1123 2581 1184; x_wconf 82' lang='lat' dir='ltr'><strong>scientiae,</strong></span> <span class='ocrx_word' id='word_1_265' title='bbox 2626 1136 2895 1175; x_wconf 86' lang='lat' dir='ltr'><strong>commune</strong></span> <span class='ocrx_word' id='word_1_266' title='bbox 2941 1128 3017 1172; x_wconf 86' lang='lat' dir='ltr'><strong>est</strong></span> <span class='ocrx_word' id='word_1_267' title='bbox 3058 1119 3293 1172; x_wconf 88' lang='lat' dir='ltr'><strong>omnibus</strong></span> <span class='ocrx_word' id='word_1_268' title='bbox 3315 1118 3658 1187; x_wconf 75' lang='lat' dir='ltr'><strong>deiformibus</strong></span> <span class='ocrx_word' id='word_1_269' title='bbox 3687 1099 3699 1106; x_wconf 52' lang='grc'><em>’</em></span> 
     </span>
    </p>
   </div>
   <div class='ocr_carea' id='block_1_43' title="bbox 2078 1206 3661 1274">
    <p class='ocr_par' dir='ltr' id='par_1_43' title="bbox 2078 1206 3661 1274">
     <span class='ocr_line' id='line_1_43' title="bbox 2078 1206 3661 1274; baseline -0.007 -7"><span class='ocrx_word' id='word_1_270' title='bbox 2078 1212 2511 1269; x_wconf 88' lang='lat' dir='ltr'><strong>intellectualibus</strong></span> <span class='ocrx_word' id='word_1_271' title='bbox 2566 1209 2632 1273; x_wconf 78' lang='lat'><strong>“,</strong></span> <span class='ocrx_word' id='word_1_272' title='bbox 2683 1217 2875 1263; x_wconf 88' lang='lat' dir='ltr'><strong>attente</strong></span> <span class='ocrx_word' id='word_1_273' title='bbox 2930 1215 3103 1260; x_wconf 88' lang='lat' dir='ltr'><strong>autem</strong></span> <span class='ocrx_word' id='word_1_274' title='bbox 3134 1216 3184 1259; x_wconf 84' lang='lat' dir='ltr'><strong>et</strong></span> <span class='ocrx_word' id='word_1_275' title='bbox 3228 1206 3415 1274; x_wconf 84' lang='lat' dir='ltr'><strong>primo,</strong></span> <span class='ocrx_word' id='word_1_276' title='bbox 3458 1214 3549 1258; x_wconf 82' lang='lat' dir='ltr'><strong>aut</strong></span> <span class='ocrx_word' id='word_1_277' title='bbox 3576 1222 3661 1257; x_wconf 80' lang='lat' dir='ltr'><strong>se-</strong></span> 
     </span>
    </p>
   </div>
   <div class='ocr_carea' id='block_1_44' title="bbox 2074 1296 3659 1369">
    <p class='ocr_par' dir='ltr' id='par_1_44' title="bbox 2074 1296 3659 1369">
     <span class='ocr_line' id='line_1_44' title="bbox 2074 1296 3659 1369; baseline -0.006 -12"><span class='ocrx_word' id='word_1_278' title='bbox 2074 1304 2279 1365; x_wconf 87' lang='lat' dir='ltr'><strong>cundo,</strong></span> <span class='ocrx_word' id='word_1_279' title='bbox 2326 1309 2418 1354; x_wconf 89' lang='lat' dir='ltr'><strong>aut</strong></span> <span class='ocrx_word' id='word_1_280' title='bbox 2472 1300 2635 1369; x_wconf 80' lang='lat' dir='ltr'><strong>infra,</strong></span> <span class='ocrx_word' id='word_1_281' title='bbox 2670 1312 2993 1368; x_wconf 80' lang='lat' dir='ltr'><strong>nequaquam</strong></span> <span class='ocrx_word' id='word_1_282' title='bbox 3040 1312 3326 1358; x_wconf 81' lang='lat' dir='ltr'><strong>commune,</strong></span> <span class='ocrx_word' id='word_1_283' title='bbox 3386 1296 3473 1348; x_wconf 87' lang='lat' dir='ltr'><strong>sed</strong></span> <span class='ocrx_word' id='word_1_284' title='bbox 3523 1296 3659 1349; x_wconf 83' lang='lat' dir='ltr'><strong>sicut</strong></span> 
     </span>
    </p>
   </div>
   <div class='ocr_carea' id='block_1_45' title="bbox 2080 1386 3661 1463">
    <p class='ocr_par' dir='ltr' id='par_1_45' title="bbox 2080 1386 3661 1463">
     <span class='ocr_line' id='line_1_45' title="bbox 2080 1386 3661 1463; baseline -0.007 -15"><span class='ocrx_word' id='word_1_285' title='bbox 2080 1394 2359 1463; x_wconf 85' lang='lat' dir='ltr'><strong>unicuique</strong></span> <span class='ocrx_word' id='word_1_286' title='bbox 2421 1401 2541 1446; x_wconf 87' lang='lat' dir='ltr'><strong>ante</strong></span> <span class='ocrx_word' id='word_1_287' title='bbox 2604 1391 2819 1460; x_wconf 89' lang='lat' dir='ltr'><strong>propria</strong></span> <span class='ocrx_word' id='word_1_288' title='bbox 2899 1388 3147 1457; x_wconf 83' lang='lat' dir='ltr'><strong>deﬁnitur</strong></span> <span class='ocrx_word' id='word_1_289' title='bbox 3205 1386 3468 1456; x_wconf 86' lang='lat' dir='ltr'><strong>analogia.</strong></span> <span class='ocrx_word' id='word_1_290' title='bbox 3555 1386 3661 1439; x_wconf 78' lang='lat' dir='ltr'><strong>Pa—</strong></span> 
     </span>
    </p>
   </div>
   <div class='ocr_carea' id='block_1_46' title="bbox 2080 1466 3658 1552">
    <p class='ocr_par' dir='ltr' id='par_1_46' title="bbox 2080 1466 3658 1552">
     <span class='ocr_line' id='line_1_46' title="bbox 2080 1466 3658 1552; baseline -0.008 -13"><span class='ocrx_word' id='word_1_291' title='bbox 2080 1490 2159 1539; x_wconf 89' lang='lat' dir='ltr'><strong>tet</strong></span> <span class='ocrx_word' id='word_1_292' title='bbox 2214 1481 2357 1552; x_wconf 88' lang='lat' dir='ltr'><strong>quod</strong></span> <span class='ocrx_word' id='word_1_293' title='bbox 2418 1481 2511 1535; x_wconf 90' lang='lat' dir='ltr'><strong>ait.</strong></span> <span class='ocrx_word' id='word_1_294' title='bbox 2582 1479 2878 1534; x_wconf 88' lang='lat' dir='ltr'><strong>Commune</strong></span> <span class='ocrx_word' id='word_1_295' title='bbox 2924 1484 3009 1532; x_wconf 88' lang='lat' dir='ltr'><strong>est</strong></span> <span class='ocrx_word' id='word_1_296' title='bbox 3056 1466 3296 1530; x_wconf 89' lang='lat' dir='ltr'><strong>omnium</strong></span> <span class='ocrx_word' id='word_1_297' title='bbox 3351 1475 3658 1530; x_wconf 87' lang='lat' dir='ltr'><strong>divinorum</strong></span> 
     </span>
    </p>
   </div>
   <div class='ocr_carea' id='block_1_47' title="bbox 2082 1565 3657 1639">
    <p class='ocr_par' dir='ltr' id='par_1_47' title="bbox 2082 1565 3657 1639">
     <span class='ocr_line' id='line_1_47' title="bbox 2082 1565 3657 1639; baseline -0.006 -11"><span class='ocrx_word' id='word_1_298' title='bbox 2082 1572 2452 1629; x_wconf 88' lang='lat' dir='ltr'><strong>intellectuum</strong></span> <span class='ocrx_word' id='word_1_299' title='bbox 2502 1569 2824 1639; x_wconf 88' lang='lat' dir='ltr'><strong>sapientiam</strong></span> <span class='ocrx_word' id='word_1_300' title='bbox 2870 1576 2925 1622; x_wconf 90' lang='lat' dir='ltr'><strong>et</strong></span> <span class='ocrx_word' id='word_1_301' title='bbox 2970 1566 3253 1622; x_wconf 87' lang='lat' dir='ltr'><strong>scientiam</strong></span> <span class='ocrx_word' id='word_1_302' title='bbox 3309 1565 3657 1635; x_wconf 86' lang='lat' dir='ltr'><strong>participare.</strong></span> 
     </span>
    </p>
   </div>
   <div class='ocr_carea' id='block_1_48' title="bbox 2082 1658 3658 1731">
    <p class='ocr_par' dir='ltr' id='par_1_48' title="bbox 2082 1658 3658 1731">
     <span class='ocr_line' id='line_1_48' title="bbox 2082 1658 3658 1731; baseline -0.006 -12"><span class='ocrx_word' id='word_1_303' title='bbox 2082 1664 2356 1719; x_wconf 87' lang='lat' dir='ltr'><strong>Attentius</strong></span> <span class='ocrx_word' id='word_1_304' title='bbox 2400 1671 2601 1728; x_wconf 89' lang='lat' dir='ltr'><strong>autem,</strong></span> <span class='ocrx_word' id='word_1_305' title='bbox 2651 1662 2756 1716; x_wconf 89' lang='lat' dir='ltr'><strong>hoc</strong></span> <span class='ocrx_word' id='word_1_306' title='bbox 2800 1668 2885 1715; x_wconf 89' lang='lat' dir='ltr'><strong>est</strong></span> <span class='ocrx_word' id='word_1_307' title='bbox 2928 1659 3292 1731; x_wconf 89' lang='lat' dir='ltr'><strong>perspicacius</strong></span> <span class='ocrx_word' id='word_1_308' title='bbox 3343 1668 3397 1713; x_wconf 90' lang='lat' dir='ltr'><strong>et</strong></span> <span class='ocrx_word' id='word_1_309' title='bbox 3444 1658 3658 1730; x_wconf 87' lang='lat' dir='ltr'><strong>potius,</strong></span> 
     </span>
    </p>
   </div>
   <div class='ocr_carea' id='block_1_49' title="bbox 2008 1738 3666 1823">
    <p class='ocr_par' dir='ltr' id='par_1_49' title="bbox 2008 1738 3666 1823">
     <span class='ocr_line' id='line_1_49' title="bbox 2008 1738 3666 1823; baseline -0.005 -14"><span class='ocrx_word' id='word_1_310' title='bbox 2008 1738 2055 1798; x_wconf 78' lang='grc' dir='ltr'><strong>Β</strong></span> <span class='ocrx_word' id='word_1_311' title='bbox 2082 1761 2137 1809; x_wconf 92' lang='lat' dir='ltr'><strong>et</strong></span> <span class='ocrx_word' id='word_1_312' title='bbox 2165 1750 2588 1823; x_wconf 90' lang='lat' dir='ltr'><strong>primordialius,</strong></span> <span class='ocrx_word' id='word_1_313' title='bbox 2629 1759 2721 1804; x_wconf 81' lang='lat' dir='ltr'><strong>aut</strong></span> <span class='ocrx_word' id='word_1_314' title='bbox 2759 1749 3021 1813; x_wconf 89' lang='lat' dir='ltr'><strong>secundo,</strong></span> <span class='ocrx_word' id='word_1_315' title='bbox 3051 1758 3143 1803; x_wconf 86' lang='lat' dir='ltr'><strong>aut</strong></span> <span class='ocrx_word' id='word_1_316' title='bbox 3178 1748 3403 1803; x_wconf 81' lang='lat' dir='ltr'><strong>inferius</strong></span> <span class='ocrx_word' id='word_1_317' title='bbox 3431 1763 3535 1802; x_wconf 91' lang='lat' dir='ltr'><strong>non</strong></span> <span class='ocrx_word' id='word_1_318' title='bbox 3573 1755 3666 1801; x_wconf 82' lang='lat' dir='ltr'><strong>est</strong></span> 
     </span>
    </p>
   </div>
   <div class='ocr_carea' id='block_1_50' title="bbox 2081 1839 3662 1909">
    <p class='ocr_par' dir='ltr' id='par_1_50' title="bbox 2081 1839 3662 1909">
     <span class='ocr_line' id='line_1_50' title="bbox 2081 1839 3662 1909; baseline -0.004 -9"><span class='ocrx_word' id='word_1_319' title='bbox 2081 1846 2319 1900; x_wconf 90' lang='lat' dir='ltr'><strong>omnium</strong></span> <span class='ocrx_word' id='word_1_320' title='bbox 2343 1856 2646 1897; x_wconf 89' lang='lat' dir='ltr'><strong>commune.</strong></span> <span class='ocrx_word' id='word_1_321' title='bbox 2682 1840 2863 1895; x_wconf 89' lang='lat' dir='ltr'><strong>Prima</strong></span> <span class='ocrx_word' id='word_1_322' title='bbox 2894 1839 3154 1909; x_wconf 88' lang='lat' dir='ltr'><strong>siquidem</strong></span> <span class='ocrx_word' id='word_1_323' title='bbox 3189 1840 3451 1895; x_wconf 84' lang='lat' dir='ltr'><strong>ierarchia</strong></span> <span class='ocrx_word' id='word_1_324' title='bbox 3481 1840 3662 1909; x_wconf 82' lang='lat' dir='ltr'><strong>primo</strong></span> 
     </span>
    </p>
   </div>
   <div class='ocr_carea' id='block_1_51' title="bbox 2080 1927 3660 2005">
    <p class='ocr_par' dir='ltr' id='par_1_51' title="bbox 2080 1927 3660 2005">
     <span class='ocr_line' id='line_1_51' title="bbox 2080 1927 3660 2005; baseline -0.004 -18"><span class='ocrx_word' id='word_1_325' title='bbox 2080 1934 2397 2005; x_wconf 86' lang='lat' dir='ltr'><strong>participat,</strong></span> <span class='ocrx_word' id='word_1_326' title='bbox 2424 1929 2658 1986; x_wconf 90' lang='lat' dir='ltr'><strong>secunda</strong></span> <span class='ocrx_word' id='word_1_327' title='bbox 2688 1929 2925 1985; x_wconf 88' lang='lat' dir='ltr'><strong>secundo</strong></span> <span class='ocrx_word' id='word_1_328' title='bbox 2942 1970 2957 1994; x_wconf 95' lang='lat'><strong>,</strong></span> <span class='ocrx_word' id='word_1_329' title='bbox 2985 1929 3089 1983; x_wconf 88' lang='lat' dir='ltr'><strong>hoc</strong></span> <span class='ocrx_word' id='word_1_330' title='bbox 3112 1938 3196 1984; x_wconf 89' lang='lat' dir='ltr'><strong>est</strong></span> <span class='ocrx_word' id='word_1_331' title='bbox 3231 1928 3390 1998; x_wconf 89' lang='lat' dir='ltr'><strong>paulo</strong></span> <span class='ocrx_word' id='word_1_332' title='bbox 3411 1927 3660 1992; x_wconf 78' lang='lat' dir='ltr'><strong>inferius,</strong></span> 
     </span>
    </p>
   </div>
   <div class='ocr_carea' id='block_1_52' title="bbox 2084 2017 3663 2092">
    <p class='ocr_par' dir='ltr' id='par_1_52' title="bbox 2084 2017 3663 2092">
     <span class='ocr_line' id='line_1_52' title="bbox 2084 2017 3663 2092; baseline -0.004 -14"><span class='ocrx_word' id='word_1_333' title='bbox 2084 2024 2240 2079; x_wconf 87' lang='lat' dir='ltr'><strong>tertia</strong></span> <span class='ocrx_word' id='word_1_334' title='bbox 2268 2022 2436 2086; x_wconf 86' lang='lat' dir='ltr'><strong>infra,</strong></span> <span class='ocrx_word' id='word_1_335' title='bbox 2467 2029 2679 2092; x_wconf 86' lang='lat' dir='ltr'><strong>quarta,</strong></span> <span class='ocrx_word' id='word_1_336' title='bbox 2712 2022 2949 2076; x_wconf 86' lang='lat' dir='ltr'><strong>humana</strong></span> <span class='ocrx_word' id='word_1_337' title='bbox 2977 2018 3256 2085; x_wconf 74' lang='lat' dir='ltr'><strong>videlicet,</strong></span> <span class='ocrx_word' id='word_1_338' title='bbox 3298 2020 3491 2073; x_wconf 91' lang='lat' dir='ltr'><strong>iterum</strong></span> <span class='ocrx_word' id='word_1_339' title='bbox 3515 2017 3663 2072; x_wconf 78' lang='lat' dir='ltr'><strong>infra</strong></span> 
     </span>
    </p>
   </div>
   <div class='ocr_carea' id='block_1_53' title="bbox 2068 2110 3666 2181">
    <p class='ocr_par' dir='ltr' id='par_1_53' title="bbox 2068 2110 3666 2181">
     <span class='ocr_line' id='line_1_53' title="bbox 2068 2110 3666 2181; baseline -0.004 -11"><span class='ocrx_word' id='word_1_340' title='bbox 2068 2115 2332 2180; x_wconf 82' lang='lat' dir='ltr'><strong>&#39;tertiam,</strong></span> <span class='ocrx_word' id='word_1_341' title='bbox 2397 2112 2692 2168; x_wconf 90' lang='lat' dir='ltr'><strong>secundum</strong></span> <span class='ocrx_word' id='word_1_342' title='bbox 2746 2111 2790 2146; x_wconf 78' lang='lat'>&quot;</span> <span class='ocrx_word' id='word_1_343' title='bbox 2839 2113 2982 2181; x_wconf 88' lang='lat' dir='ltr'><strong>quod</strong></span> <span class='ocrx_word' id='word_1_344' title='bbox 3032 2110 3447 2181; x_wconf 87' lang='lat' dir='ltr'><strong>praedelinitum</strong></span> <span class='ocrx_word' id='word_1_345' title='bbox 3488 2111 3533 2141; x_wconf 74' lang='grc' dir='ltr'><strong>’θ</strong></span> <span class='ocrx_word' id='word_1_346' title='bbox 3574 2119 3666 2164; x_wconf 80' lang='lat' dir='ltr'><strong>est</strong></span> 
     </span>
    </p>
   </div>
   <div class='ocr_carea' id='block_1_54' title="bbox 2083 2200 3665 2274">
    <p class='ocr_par' dir='ltr' id='par_1_54' title="bbox 2083 2200 3665 2274">
     <span class='ocr_line' id='line_1_54' title="bbox 2083 2200 3665 2274; baseline -0.002 -15"><span class='ocrx_word' id='word_1_347' title='bbox 2083 2204 2236 2274; x_wconf 86' lang='lat' dir='ltr'><strong>prius</strong></span> <span class='ocrx_word' id='word_1_348' title='bbox 2273 2204 2316 2235; x_wconf 75' lang='grc' dir='ltr'><strong>’ί</strong></span> <span class='ocrx_word' id='word_1_349' title='bbox 2358 2202 2648 2274; x_wconf 86' lang='lat' dir='ltr'><strong>unicuique</strong></span> <span class='ocrx_word' id='word_1_350' title='bbox 2678 2200 2976 2256; x_wconf 86' lang='lat' dir='ltr'><strong>ierarchiae</strong></span> <span class='ocrx_word' id='word_1_351' title='bbox 3014 2215 3115 2271; x_wconf 85' lang='lat' dir='ltr'><strong>per</strong></span> <span class='ocrx_word' id='word_1_352' title='bbox 3151 2200 3423 2271; x_wconf 87' lang='lat' dir='ltr'><strong>propriam</strong></span> <span class='ocrx_word' id='word_1_353' title='bbox 3470 2200 3665 2256; x_wconf 84' lang='lat' dir='ltr'><strong>analo-</strong></span> 
     </span>
    </p>
   </div>
   <div class='ocr_carea' id='block_1_55' title="bbox 2084 2293 3664 2367">
    <p class='ocr_par' dir='ltr' id='par_1_55' title="bbox 2084 2293 3664 2367">
     <span class='ocr_line' id='line_1_55' title="bbox 2084 2293 3664 2367; baseline -0.001 -16"><span class='ocrx_word' id='word_1_354' title='bbox 2084 2296 2251 2367; x_wconf 80' lang='lat' dir='ltr'><strong>giam.</strong></span> <span class='ocrx_word' id='word_1_355' title='bbox 2282 2294 2397 2350; x_wconf 84' lang='lat' dir='ltr'><strong>Hoc</strong></span> <span class='ocrx_word' id='word_1_356' title='bbox 2429 2304 2605 2349; x_wconf 88' lang='lat' dir='ltr'><strong>autem</strong></span> <span class='ocrx_word' id='word_1_357' title='bbox 2627 2302 2674 2348; x_wconf 88' lang='lat' dir='ltr'><strong>et</strong></span> <span class='ocrx_word' id='word_1_358' title='bbox 2709 2294 2773 2347; x_wconf 91' lang='lat' dir='ltr'><strong>de</strong></span> <span class='ocrx_word' id='word_1_359' title='bbox 2794 2293 3032 2348; x_wconf 85' lang='lat' dir='ltr'><strong>omnibus</strong></span> <span class='ocrx_word' id='word_1_360' title='bbox 3054 2294 3244 2348; x_wconf 85' lang='lat' dir='ltr'><strong>divinis</strong></span> <span class='ocrx_word' id='word_1_361' title='bbox 3276 2295 3527 2347; x_wconf 87' lang='lat' dir='ltr'><strong>mentibus</strong></span> <span class='ocrx_word' id='word_1_362' title='bbox 3555 2311 3664 2350; x_wconf 73' lang='lat' dir='ltr'><strong>non</strong></span> 
     </span>
    </p>
   </div>
   <div class='ocr_carea' id='block_1_56' title="bbox 2087 2382 3661 2457">
    <p class='ocr_par' dir='ltr' id='par_1_56' title="bbox 2087 2382 3661 2457">
     <span class='ocr_line' id='line_1_56' title="bbox 2087 2382 3661 2457; baseline -0.002 -17"><span class='ocrx_word' id='word_1_363' title='bbox 2087 2386 2327 2457; x_wconf 79' lang='lat' dir='ltr'><strong>fortassis</strong></span> <span class='ocrx_word' id='word_1_364' title='bbox 2360 2385 2476 2456; x_wconf 82' lang='lat' dir='ltr'><strong>quis</strong></span> <span class='ocrx_word' id='word_1_365' title='bbox 2513 2399 2696 2439; x_wconf 88' lang='lat' dir='ltr'><strong>errans</strong></span> <span class='ocrx_word' id='word_1_366' title='bbox 2738 2382 2967 2452; x_wconf 83' lang='lat' dir='ltr'><strong>deﬁniet.</strong></span> <span class='ocrx_word' id='word_1_367' title='bbox 3010 2382 3089 2436; x_wconf 81' lang='lat' dir='ltr'><strong>Ac</strong></span> <span class='ocrx_word' id='word_1_368' title='bbox 3136 2383 3180 2437; x_wconf 88' lang='lat' dir='ltr'><strong>si</strong></span> <span class='ocrx_word' id='word_1_369' title='bbox 3227 2382 3428 2436; x_wconf 88' lang='lat' dir='ltr'><strong>diceret</strong></span> <span class='ocrx_word' id='word_1_370' title='bbox 3471 2399 3486 2435; x_wconf 88' lang='lat'>:</span> <span class='ocrx_word' id='word_1_371' title='bbox 3523 2382 3661 2445; x_wconf 78' lang='lat' dir='ltr'><strong>Hoc,</strong></span> 
     </span>
    </p>
   </div>
   <div class='ocr_carea' id='block_1_57' title="bbox 2087 2471 3664 2545">
    <p class='ocr_par' dir='ltr' id='par_1_57' title="bbox 2087 2471 3664 2545">
     <span class='ocr_line' id='line_1_57' title="bbox 2087 2471 3664 2545; baseline -0.001 -16"><span class='ocrx_word' id='word_1_372' title='bbox 2087 2476 2232 2545; x_wconf 89' lang='lat' dir='ltr'><strong>quod</strong></span> <span class='ocrx_word' id='word_1_373' title='bbox 2256 2475 2322 2530; x_wconf 89' lang='lat' dir='ltr'><strong>de</strong></span> <span class='ocrx_word' id='word_1_374' title='bbox 2341 2474 2620 2529; x_wconf 89' lang='lat' dir='ltr'><strong>ordinibus</strong></span> <span class='ocrx_word' id='word_1_375' title='bbox 2645 2473 2848 2527; x_wconf 84' lang='lat' dir='ltr'><strong>dictum</strong></span> <span class='ocrx_word' id='word_1_376' title='bbox 2877 2479 2991 2536; x_wconf 90' lang='lat' dir='ltr'><strong>est,</strong></span> <span class='ocrx_word' id='word_1_377' title='bbox 3029 2471 3162 2527; x_wconf 87' lang='lat' dir='ltr'><strong>alios</strong></span> <span class='ocrx_word' id='word_1_378' title='bbox 3188 2472 3438 2527; x_wconf 89' lang='lat' dir='ltr'><strong>videlicet</strong></span> <span class='ocrx_word' id='word_1_379' title='bbox 3459 2474 3664 2542; x_wconf 84' lang='lat' dir='ltr'><strong>primo,</strong></span> 
     </span>
    </p>
   </div>
   <div class='ocr_carea' id='block_1_58' title="bbox 2088 2564 3667 2636">
    <p class='ocr_par' dir='ltr' id='par_1_58' title="bbox 2088 2564 3667 2636">
     <span class='ocr_line' id='line_1_58' title="bbox 2088 2564 3667 2636; baseline -0.001 -13"><span class='ocrx_word' id='word_1_380' title='bbox 2088 2568 2222 2623; x_wconf 89' lang='lat' dir='ltr'><strong>alios</strong></span> <span class='ocrx_word' id='word_1_381' title='bbox 2247 2568 2485 2623; x_wconf 90' lang='lat' dir='ltr'><strong>secundo</strong></span> <span class='ocrx_word' id='word_1_382' title='bbox 2506 2607 2519 2632; x_wconf 94' lang='lat'><strong>,</strong></span> <span class='ocrx_word' id='word_1_383' title='bbox 2549 2567 2684 2620; x_wconf 89' lang='lat' dir='ltr'><strong>alios</strong></span> <span class='ocrx_word' id='word_1_384' title='bbox 2713 2564 2852 2621; x_wconf 82' lang='lat' dir='ltr'><strong>infra</strong></span> <span class='ocrx_word' id='word_1_385' title='bbox 2879 2567 2933 2621; x_wconf 89' lang='lat' dir='ltr'><strong>in</strong></span> <span class='ocrx_word' id='word_1_386' title='bbox 2969 2566 3378 2636; x_wconf 82' lang='lat' dir='ltr'><strong>participatione</strong></span> <span class='ocrx_word' id='word_1_387' title='bbox 3405 2567 3667 2622; x_wconf 83' lang='lat' dir='ltr'><strong>scientiae</strong></span> 
     </span>
    </p>
   </div>
   <div class='ocr_carea' id='block_1_59' title="bbox 2091 2646 3665 2729">
    <p class='ocr_par' dir='ltr' id='par_1_59' title="bbox 2091 2646 3665 2729">
     <span class='ocr_line' id='line_1_59' title="bbox 2091 2646 3665 2729; baseline -0.003 -16"><span class='ocrx_word' id='word_1_388' title='bbox 2091 2668 2144 2714; x_wconf 93' lang='lat' dir='ltr'><strong>et</strong></span> <span class='ocrx_word' id='word_1_389' title='bbox 2179 2646 2477 2729; x_wconf 72' lang='lat' dir='ltr'><strong>sapientiae</strong></span> <span class='ocrx_word' id='word_1_390' title='bbox 2498 2673 2638 2723; x_wconf 91' lang='lat' dir='ltr'><strong>esse,</strong></span> <span class='ocrx_word' id='word_1_391' title='bbox 2677 2672 2783 2712; x_wconf 92' lang='lat' dir='ltr'><strong>non</strong></span> <span class='ocrx_word' id='word_1_392' title='bbox 2815 2656 3038 2712; x_wconf 83' lang='lat' dir='ltr'><strong>deliniet</strong></span> <span class='ocrx_word' id='word_1_393' title='bbox 3062 2657 3185 2726; x_wconf 90' lang='lat' dir='ltr'><strong>quis</strong></span> <span class='ocrx_word' id='word_1_394' title='bbox 3215 2671 3405 2711; x_wconf 88' lang='lat' dir='ltr'><strong>errans</strong></span> <span class='ocrx_word' id='word_1_395' title='bbox 3429 2656 3665 2725; x_wconf 88' lang='lat' dir='ltr'><strong>idipsum</strong></span> 
     </span>
    </p>
   </div>
   <div class='ocr_carea' id='block_1_60' title="bbox 2092 2745 3668 2815">
    <p class='ocr_par' dir='ltr' id='par_1_60' title="bbox 2092 2745 3668 2815">
     <span class='ocr_line' id='line_1_60' title="bbox 2092 2745 3668 2815; baseline -0.004 -11"><span class='ocrx_word' id='word_1_396' title='bbox 2092 2752 2158 2804; x_wconf 90' lang='lat' dir='ltr'><strong>de</strong></span> <span class='ocrx_word' id='word_1_397' title='bbox 2186 2749 2438 2804; x_wconf 89' lang='lat' dir='ltr'><strong>omnibus</strong></span> <span class='ocrx_word' id='word_1_398' title='bbox 2473 2746 2673 2803; x_wconf 86' lang='lat' dir='ltr'><strong>divinis</strong></span> <span class='ocrx_word' id='word_1_399' title='bbox 2719 2745 3010 2801; x_wconf 86' lang='lat' dir='ltr'><strong>mentibus.</strong></span> <span class='ocrx_word' id='word_1_400' title='bbox 3056 2745 3309 2815; x_wconf 78' lang='lat' dir='ltr'><strong>Singulae</strong></span> <span class='ocrx_word' id='word_1_401' title='bbox 3347 2758 3591 2814; x_wconf 84' lang='lat' dir='ltr'><strong>quaeque</strong></span> <span class='ocrx_word' id='word_1_402' title='bbox 3613 2746 3668 2777; x_wconf 78' lang='lat'>“</span> 
     </span>
    </p>
   </div>
   <div class='ocr_carea' id='block_1_61' title="bbox 2092 2835 3667 2910">
    <p class='ocr_par' dir='ltr' id='par_1_61' title="bbox 2092 2835 3667 2910">
     <span class='ocr_line' id='line_1_61' title="bbox 2092 2835 3667 2910; baseline -0.005 -15"><span class='ocrx_word' id='word_1_403' title='bbox 2092 2841 2289 2910; x_wconf 88' lang='lat' dir='ltr'><strong>quippe</strong></span> <span class='ocrx_word' id='word_1_404' title='bbox 2314 2840 2529 2893; x_wconf 81' lang='lat' dir='ltr'><strong>divinae</strong></span> <span class='ocrx_word' id='word_1_405' title='bbox 2556 2846 2762 2892; x_wconf 88' lang='lat' dir='ltr'><strong>mentes</strong></span> <span class='ocrx_word' id='word_1_406' title='bbox 2783 2835 2831 2870; x_wconf 77' lang='grc'>⁸⁸</span> <span class='ocrx_word' id='word_1_407' title='bbox 2861 2850 2967 2890; x_wconf 88' lang='lat' dir='ltr'><strong>non</strong></span> <span class='ocrx_word' id='word_1_408' title='bbox 2993 2835 3289 2905; x_wconf 86' lang='lat' dir='ltr'><strong>aequaliter</strong></span> <span class='ocrx_word' id='word_1_409' title='bbox 3318 2835 3667 2905; x_wconf 83' lang='lat' dir='ltr'><strong>participant.</strong></span> 
     </span>
    </p>
   </div>
   <div class='ocr_carea' id='block_1_62' title="bbox 2092 2925 3667 3003">
    <p class='ocr_par' dir='ltr' id='par_1_62' title="bbox 2092 2925 3667 3003">
     <span class='ocr_line' id='line_1_62' title="bbox 2092 2925 3667 3003; baseline -0.006 -17"><span class='ocrx_word' id='word_1_410' title='bbox 2092 2932 2282 3003; x_wconf 89' lang='lat' dir='ltr'><strong>primis</strong></span> <span class='ocrx_word' id='word_1_411' title='bbox 2297 2930 2344 2964; x_wconf 72' lang='lat'>“</span> <span class='ocrx_word' id='word_1_412' title='bbox 2360 2929 2625 2998; x_wconf 90' lang='lat' dir='ltr'><strong>siquidem</strong></span> <span class='ocrx_word' id='word_1_413' title='bbox 2641 2927 2813 2982; x_wconf 82' lang='lat' dir='ltr'><strong>suis&quot;</strong></span> <span class='ocrx_word' id='word_1_414' title='bbox 2829 2926 3114 2980; x_wconf 79' lang='lat' dir='ltr'><strong>virtutibus</strong></span> <span class='ocrx_word' id='word_1_415' title='bbox 3135 2925 3180 2957; x_wconf 79' lang='lat'>“</span> <span class='ocrx_word' id='word_1_416' title='bbox 3200 2926 3395 2995; x_wconf 89' lang='lat' dir='ltr'><strong>primo,</strong></span> <span class='ocrx_word' id='word_1_417' title='bbox 3413 2925 3604 2979; x_wconf 88' lang='lat' dir='ltr'><strong>mediis</strong></span> <span class='ocrx_word' id='word_1_418' title='bbox 3617 2925 3667 2956; x_wconf 68' lang='grc' dir='ltr'><strong>’ν</strong></span> 
     </span>
    </p>
   </div>
   <div class='ocr_carea' id='block_1_63' title="bbox 2096 3012 3673 3085">
    <p class='ocr_par' dir='ltr' id='par_1_63' title="bbox 2096 3012 3673 3085">
     <span class='ocr_line' id='line_1_63' title="bbox 2096 3012 3673 3085; baseline -0.009 -7"><span class='ocrx_word' id='word_1_419' title='bbox 2096 3020 2352 3084; x_wconf 88' lang='lat' dir='ltr'><strong>secundo,</strong></span> <span class='ocrx_word' id='word_1_420' title='bbox 2385 3018 2588 3073; x_wconf 88' lang='lat' dir='ltr'><strong>ultimis</strong></span> <span class='ocrx_word' id='word_1_421' title='bbox 2615 3019 2661 3050; x_wconf 78' lang='grc'><strong>⁸⁸</strong></span> <span class='ocrx_word' id='word_1_422' title='bbox 2697 3014 2837 3070; x_wconf 87' lang='lat' dir='ltr'><strong>inl‘ra</strong></span> <span class='ocrx_word' id='word_1_423' title='bbox 2875 3016 2929 3070; x_wconf 94' lang='lat' dir='ltr'><strong>in</strong></span> <span class='ocrx_word' id='word_1_424' title='bbox 2969 3014 3383 3085; x_wconf 85' lang='lat' dir='ltr'><strong>participatione</strong></span> <span class='ocrx_word' id='word_1_425' title='bbox 3407 3012 3673 3067; x_wconf 78' lang='lat' dir='ltr'><strong>scientiae</strong></span> 
     </span>
    </p>
   </div>
   <div class='ocr_carea' id='block_1_64' title="bbox 407 3092 1989 3200">
    <p class='ocr_par' dir='ltr' id='par_1_64' title="bbox 407 3126 1989 3200">
     <span class='ocr_line' id='line_1_64' title="bbox 407 3126 1989 3200; baseline -0.006 -14"><span class='ocrx_word' id='word_1_426' title='bbox 407 3132 556 3186; x_wconf 80' lang='lat' dir='ltr'><strong>sicut</strong></span> <span class='ocrx_word' id='word_1_427' title='bbox 585 3130 800 3200; x_wconf 78' lang='lat' dir='ltr'><strong>proprie</strong></span> <span class='ocrx_word' id='word_1_428' title='bbox 825 3129 1172 3192; x_wconf 80' lang='lat' dir='ltr'><strong>transfertur,</strong></span> <span class='ocrx_word' id='word_1_429' title='bbox 1196 3126 1654 3181; x_wconf 84' lang='lat' dir='ltr'><strong>honorabiliorum</strong></span> <span class='ocrx_word' id='word_1_430' title='bbox 1681 3133 1989 3178; x_wconf 90' lang='lat' dir='ltr'><strong>ornatuum.</strong></span> 
     </span>
    </p>
   </div>
   <div class='ocr_carea' id='block_1_65' title="bbox 2089 3092 3672 3200">
    <p class='ocr_par' dir='ltr' id='par_1_65' title="bbox 2097 3103 3672 3180">
     <span class='ocr_line' id='line_1_65' title="bbox 2097 3103 3672 3180; baseline -0.008 -14"><span class='ocrx_word' id='word_1_431' title='bbox 2097 3120 2151 3166; x_wconf 89' lang='lat' dir='ltr'><strong>et</strong></span> <span class='ocrx_word' id='word_1_432' title='bbox 2172 3108 2467 3180; x_wconf 86' lang='lat' dir='ltr'><strong>sapientiae</strong></span> <span class='ocrx_word' id='word_1_433' title='bbox 2488 3115 2633 3162; x_wconf 89' lang='lat' dir='ltr'><strong>sunt.</strong></span> <span class='ocrx_word' id='word_1_434' title='bbox 2656 3103 2864 3160; x_wconf 85' lang='lat' dir='ltr'><strong>Etenim</strong></span> <span class='ocrx_word' id='word_1_435' title='bbox 2889 3105 3022 3159; x_wconf 85' lang='lat' dir='ltr'><strong>sicut</strong></span> <span class='ocrx_word' id='word_1_436' title='bbox 3041 3104 3195 3175; x_wconf 82' lang='lat' dir='ltr'><strong>primi</strong></span> <span class='ocrx_word' id='word_1_437' title='bbox 3222 3103 3546 3157; x_wconf 87' lang='lat' dir='ltr'><strong>abundanter</strong></span> <span class='ocrx_word' id='word_1_438' title='bbox 3571 3104 3672 3155; x_wconf 77' lang='lat' dir='ltr'><strong>ha-</strong></span> 
     </span>
    </p>
   </div>
   <div class='ocr_carea' id='block_1_66' title="bbox 411 3211 1996 3287">
    <p class='ocr_par' dir='ltr' id='par_1_66' title="bbox 411 3211 1996 3287">
     <span class='ocr_line' id='line_1_66' title="bbox 411 3211 1996 3287; baseline -0.006 -12"><span class='ocrx_word' id='word_1_439' title='bbox 411 3220 589 3275; x_wconf 72' lang='lat' dir='ltr'><strong>Media</strong></span> <span class='ocrx_word' id='word_1_440' title='bbox 611 3221 746 3273; x_wconf 88' lang='lat' dir='ltr'><strong>enim</strong></span> <span class='ocrx_word' id='word_1_441' title='bbox 771 3228 817 3271; x_wconf 88' lang='lat' dir='ltr'><strong>ct</strong></span> <span class='ocrx_word' id='word_1_442' title='bbox 839 3217 1273 3287; x_wconf 86' lang='lat' dir='ltr'><strong>proportionabili</strong></span> <span class='ocrx_word' id='word_1_443' title='bbox 1294 3215 1605 3284; x_wconf 82' lang='lat' dir='ltr'><strong>participant</strong></span> <span class='ocrx_word' id='word_1_444' title='bbox 1641 3216 1826 3268; x_wconf 77' lang='lat' dir='ltr'><strong>virtute</strong></span> <span class='ocrx_word' id='word_1_445' title='bbox 1852 3211 1893 3243; x_wconf 73' lang='grc' dir='ltr'><strong>⁸ο</strong></span> <span class='ocrx_word' id='word_1_446' title='bbox 1916 3212 1996 3266; x_wconf 88' lang='lat' dir='ltr'><strong>ul-</strong></span> 
     </span>
    </p>
   </div>
   <div class='ocr_carea' id='block_1_67' title="bbox 413 3301 1996 3375">
    <p class='ocr_par' dir='ltr' id='par_1_67' title="bbox 413 3301 1996 3375">
     <span class='ocr_line' id='line_1_67' title="bbox 413 3301 1996 3375; baseline -0.005 -12"><span class='ocrx_word' id='word_1_447' title='bbox 413 3308 534 3363; x_wconf 85' lang='lat' dir='ltr'><strong>ttmi</strong></span> <span class='ocrx_word' id='word_1_448' title='bbox 580 3316 835 3372; x_wconf 84' lang='lat' dir='ltr'><strong>ornatus;</strong></span> <span class='ocrx_word' id='word_1_449' title='bbox 871 3307 1100 3361; x_wconf 89' lang='lat' dir='ltr'><strong>mediam</strong></span> <span class='ocrx_word' id='word_1_450' title='bbox 1139 3306 1276 3358; x_wconf 83' lang='lat' dir='ltr'><strong>dixit</strong></span> <span class='ocrx_word' id='word_1_451' title='bbox 1319 3320 1416 3375; x_wconf 91' lang='lat' dir='ltr'><strong>pro</strong></span> <span class='ocrx_word' id='word_1_452' title='bbox 1456 3302 1768 3372; x_wconf 90' lang='lat' dir='ltr'><strong>particulari</strong></span> <span class='ocrx_word' id='word_1_453' title='bbox 1795 3319 1809 3367; x_wconf 91' lang='lat'><strong>;</strong></span> <span class='ocrx_word' id='word_1_454' title='bbox 1834 3301 1996 3371; x_wconf 78' lang='lat' dir='ltr'><strong>juxta</strong></span> 
     </span>
    </p>
   </div>
   <div class='ocr_carea' id='block_1_68' title="bbox 406 3392 2000 3464">
    <p class='ocr_par' dir='ltr' id='par_1_68' title="bbox 406 3392 2000 3464">
     <span class='ocr_line' id='line_1_68' title="bbox 406 3392 2000 3464; baseline -0.004 -15"><span class='ocrx_word' id='word_1_455' title='bbox 406 3412 580 3449; x_wconf 74' lang='lat' dir='ltr'><strong>.unam</strong></span> <span class='ocrx_word' id='word_1_456' title='bbox 604 3405 649 3448; x_wconf 89' lang='lat' dir='ltr'><strong>et</strong></span> <span class='ocrx_word' id='word_1_457' title='bbox 680 3395 1062 3464; x_wconf 84' lang='lat' dir='ltr'><strong>conjunctivum</strong></span> <span class='ocrx_word' id='word_1_458' title='bbox 1096 3394 1389 3447; x_wconf 86' lang='lat' dir='ltr'><strong>societatem</strong></span> <span class='ocrx_word' id='word_1_459' title='bbox 1411 3433 1425 3457; x_wconf 95' lang='lat'><strong>,</strong></span> <span class='ocrx_word' id='word_1_460' title='bbox 1458 3408 1564 3445; x_wconf 90' lang='lat' dir='ltr'><strong>una</strong></span> <span class='ocrx_word' id='word_1_461' title='bbox 1596 3392 1859 3460; x_wconf 84' lang='lat' dir='ltr'><strong>siquidem</strong></span> <span class='ocrx_word' id='word_1_462' title='bbox 1883 3405 2000 3445; x_wconf 85' lang='lat' dir='ltr'><strong>om-</strong></span> 
     </span>
    </p>
   </div>
   <div class='ocr_carea' id='block_1_69' title="bbox 406 3481 2001 3553">
    <p class='ocr_par' dir='ltr' id='par_1_69' title="bbox 406 3481 2001 3553">
     <span class='ocr_line' id='line_1_69' title="bbox 406 3481 2001 3553; baseline -0.001 -16"><span class='ocrx_word' id='word_1_463' title='bbox 406 3487 582 3541; x_wconf 81' lang='lat' dir='ltr'><strong>mibus</strong></span> <span class='ocrx_word' id='word_1_464' title='bbox 611 3494 695 3540; x_wconf 87' lang='lat' dir='ltr'><strong>est</strong></span> <span class='ocrx_word' id='word_1_465' title='bbox 719 3485 953 3539; x_wconf 84' lang='lat' dir='ltr'><strong>societas</strong></span> <span class='ocrx_word' id='word_1_466' title='bbox 979 3525 993 3550; x_wconf 95' lang='lat'><strong>,</strong></span> <span class='ocrx_word' id='word_1_467' title='bbox 1022 3485 1076 3539; x_wconf 89' lang='lat' dir='ltr'><strong>in</strong></span> <span class='ocrx_word' id='word_1_468' title='bbox 1104 3500 1208 3553; x_wconf 92' lang='lat' dir='ltr'><strong>qua</strong></span> <span class='ocrx_word' id='word_1_469' title='bbox 1237 3494 1412 3538; x_wconf 89' lang='lat' dir='ltr'><strong>tamen</strong></span> <span class='ocrx_word' id='word_1_470' title='bbox 1451 3483 1493 3515; x_wconf 78' lang='lat'>“</span> <span class='ocrx_word' id='word_1_471' title='bbox 1525 3481 1855 3536; x_wconf 86' lang='lat' dir='ltr'><strong>universales</strong></span> <span class='ocrx_word' id='word_1_472' title='bbox 1878 3481 1920 3513; x_wconf 84' lang='lat'>“</span> <span class='ocrx_word' id='word_1_473' title='bbox 1945 3489 2001 3536; x_wconf 86' lang='lat' dir='ltr'><strong>et</strong></span> 
     </span>
    </p>
   </div>
   <div class='ocr_carea' id='block_1_70' title="bbox 412 3571 2002 3650">
    <p class='ocr_par' dir='ltr' id='par_1_70' title="bbox 412 3571 2002 3650">
     <span class='ocr_line' id='line_1_70' title="bbox 412 3571 2002 3650; baseline -0.004 -19"><span class='ocrx_word' id='word_1_474' title='bbox 412 3577 781 3650; x_wconf 72' lang='lat' dir='ltr'><strong>particulares</strong></span> <span class='ocrx_word' id='word_1_475' title='bbox 819 3575 862 3607; x_wconf 77' lang='lat'>&quot;</span> <span class='ocrx_word' id='word_1_476' title='bbox 895 3583 1038 3630; x_wconf 88' lang='lat' dir='ltr'><strong>sunt.</strong></span> <span class='ocrx_word' id='word_1_477' title='bbox 1067 3573 1235 3639; x_wconf 78' lang='lat' dir='ltr'><strong>Quale</strong></span> <span class='ocrx_word' id='word_1_478' title='bbox 1255 3583 1330 3628; x_wconf 88' lang='lat' dir='ltr'><strong>est</strong></span> <span class='ocrx_word' id='word_1_479' title='bbox 1350 3614 1366 3639; x_wconf 94' lang='lat'><strong>,</strong></span> <span class='ocrx_word' id='word_1_480' title='bbox 1393 3583 1691 3628; x_wconf 85' lang='lat' dir='ltr'><strong>sanctorum</strong></span> <span class='ocrx_word' id='word_1_481' title='bbox 1723 3571 2002 3626; x_wconf 71' lang='lat' dir='ltr'><strong>(.herubim</strong></span> 
     </span>
    </p>
   </div>
   <div class='ocr_carea' id='block_1_71' title="bbox 419 3661 2003 3735">
    <p class='ocr_par' dir='ltr' id='par_1_71' title="bbox 419 3661 2003 3735">
     <span class='ocr_line' id='line_1_71' title="bbox 419 3661 2003 3735; baseline -0.004 -14"><span class='ocrx_word' id='word_1_482' title='bbox 419 3666 548 3721; x_wconf 87' lang='lat' dir='ltr'><strong>ordo</strong></span> <span class='ocrx_word' id='word_1_483' title='bbox 569 3666 846 3735; x_wconf 83' lang='lat' dir='ltr'><strong>participat</strong></span> <span class='ocrx_word' id='word_1_484' title='bbox 885 3663 1140 3732; x_wconf 85' lang='lat' dir='ltr'><strong>sapientia</strong></span> <span class='ocrx_word' id='word_1_485' title='bbox 1180 3674 1227 3717; x_wconf 87' lang='lat' dir='ltr'><strong>et</strong></span> <span class='ocrx_word' id='word_1_486' title='bbox 1266 3664 1482 3717; x_wconf 85' lang='lat' dir='ltr'><strong>scientia</strong></span> <span class='ocrx_word' id='word_1_487' title='bbox 1510 3661 1717 3726; x_wconf 86' lang='lat' dir='ltr'><strong>altiore,</strong></span> <span class='ocrx_word' id='word_1_488' title='bbox 1743 3661 1838 3714; x_wconf 87' lang='lat' dir='ltr'><strong>sub</strong></span> <span class='ocrx_word' id='word_1_489' title='bbox 1865 3661 2003 3730; x_wconf 89' lang='lat' dir='ltr'><strong>ipsos</strong></span> 
     </span>
    </p>
   </div>
   <div class='ocr_carea' id='block_1_72' title="bbox 421 3750 2004 3822">
    <p class='ocr_par' dir='ltr' id='par_1_72' title="bbox 421 3750 2004 3822">
     <span class='ocr_line' id='line_1_72' title="bbox 421 3750 2004 3822; baseline -0.003 -14"><span class='ocrx_word' id='word_1_490' title='bbox 421 3764 598 3809; x_wconf 85' lang='lat' dir='ltr'><strong>autem</strong></span> <span class='ocrx_word' id='word_1_491' title='bbox 619 3754 961 3807; x_wconf 84' lang='lat' dir='ltr'><strong>essentiarum</strong></span> <span class='ocrx_word' id='word_1_492' title='bbox 991 3752 1353 3822; x_wconf 77' lang='lat' dir='ltr'><strong>dispositiones</strong></span> <span class='ocrx_word' id='word_1_493' title='bbox 1378 3752 1691 3821; x_wconf 85' lang='lat' dir='ltr'><strong>participant</strong></span> <span class='ocrx_word' id='word_1_494' title='bbox 1725 3750 1931 3821; x_wconf 78' lang='lat' dir='ltr'><strong>quidem</strong></span> <span class='ocrx_word' id='word_1_495' title='bbox 1954 3758 2004 3803; x_wconf 89' lang='lat' dir='ltr'><strong>et</strong></span> 
     </span>
    </p>
   </div>
   <div class='ocr_carea' id='block_1_73' title="bbox 416 3822 2005 3914">
    <p class='ocr_par' dir='ltr' id='par_1_73' title="bbox 416 3822 2005 3914">
     <span class='ocr_line' id='line_1_73' title="bbox 416 3822 2005 3914; baseline -0.002 -16"><span class='ocrx_word' id='word_1_496' title='bbox 416 3847 565 3914; x_wconf 81' lang='lat' dir='ltr'><strong>ipsae</strong></span> <span class='ocrx_word' id='word_1_497' title='bbox 594 3845 851 3914; x_wconf 88' lang='lat' dir='ltr'><strong>sapientia</strong></span> <span class='ocrx_word' id='word_1_498' title='bbox 880 3853 927 3897; x_wconf 90' lang='lat' dir='ltr'><strong>et</strong></span> <span class='ocrx_word' id='word_1_499' title='bbox 955 3844 1171 3897; x_wconf 87' lang='lat' dir='ltr'><strong>scientia</strong></span> <span class='ocrx_word' id='word_1_500' title='bbox 1192 3883 1206 3906; x_wconf 95' lang='lat'><strong>,</strong></span> <span class='ocrx_word' id='word_1_501' title='bbox 1238 3842 1547 3913; x_wconf 85' lang='lat' dir='ltr'><strong>particulari</strong></span> <span class='ocrx_word' id='word_1_502' title='bbox 1564 3822 1742 3896; x_wconf 73' lang='lat' dir='ltr'><strong>tamen</strong></span> <span class='ocrx_word' id='word_1_503' title='bbox 1783 3842 1853 3896; x_wconf 88' lang='lat' dir='ltr'><strong>ad</strong></span> <span class='ocrx_word' id='word_1_504' title='bbox 1883 3840 2005 3895; x_wconf 89' lang='lat' dir='ltr'><strong>illos</strong></span> 
     </span>
    </p>
   </div>
   <div class='ocr_carea' id='block_1_74' title="bbox 423 3933 2005 4007">
    <p class='ocr_par' dir='ltr' id='par_1_74' title="bbox 423 3933 2005 4007">
     <span class='ocr_line' id='line_1_74' title="bbox 423 3933 2005 4007; baseline -0.003 -16"><span class='ocrx_word' id='word_1_505' title='bbox 423 3948 472 3992; x_wconf 86' lang='lat' dir='ltr'><strong>et</strong></span> <span class='ocrx_word' id='word_1_506' title='bbox 499 3938 751 4007; x_wconf 84' lang='lat' dir='ltr'><strong>subjecta.</strong></span> <span class='ocrx_word' id='word_1_507' title='bbox 778 3936 894 3992; x_wconf 87' lang='lat' dir='ltr'><strong>Non</strong></span> <span class='ocrx_word' id='word_1_508' title='bbox 923 3946 975 3991; x_wconf 92' lang='lat' dir='ltr'><strong>te</strong></span> <span class='ocrx_word' id='word_1_509' title='bbox 1001 3935 1571 3991; x_wconf 82' lang='lat' dir='ltr'><strong>moveatconstructio</strong></span> <span class='ocrx_word' id='word_1_510' title='bbox 1593 3948 1806 4005; x_wconf 80' lang='lat' dir='ltr'><strong>graeca,</strong></span> <span class='ocrx_word' id='word_1_511' title='bbox 1823 3933 1876 3987; x_wconf 90' lang='lat' dir='ltr'><strong>in</strong></span> <span class='ocrx_word' id='word_1_512' title='bbox 1901 3947 2005 4002; x_wconf 89' lang='lat' dir='ltr'><strong>qua</strong></span> 
     </span>
    </p>
   </div>
   <div class='ocr_carea' id='block_1_75' title="bbox 425 4021 2007 4097">
    <p class='ocr_par' dir='ltr' id='par_1_75' title="bbox 425 4021 2007 4097">
     <span class='ocr_line' id='line_1_75' title="bbox 425 4021 2007 4097; baseline -0.001 -19"><span class='ocrx_word' id='word_1_513' title='bbox 425 4028 652 4081; x_wconf 71' lang='lat' dir='ltr'><strong>avet-bum</strong></span> <span class='ocrx_word' id='word_1_514' title='bbox 676 4029 906 4097; x_wconf 73' lang='grc' dir='ltr'><strong>μετ-ἔχω,</strong></span> <span class='ocrx_word' id='word_1_515' title='bbox 950 4026 1100 4096; x_wconf 90' lang='lat' dir='ltr'><strong>quod</strong></span> <span class='ocrx_word' id='word_1_516' title='bbox 1131 4034 1215 4080; x_wconf 89' lang='lat' dir='ltr'><strong>est</strong></span> <span class='ocrx_word' id='word_1_517' title='bbox 1243 4022 1589 4095; x_wconf 77' lang='lat' dir='ltr'><strong>participe“,</strong></span> <span class='ocrx_word' id='word_1_518' title='bbox 1622 4031 1673 4078; x_wconf 87' lang='lat' dir='ltr'><strong>et</strong></span> <span class='ocrx_word' id='word_1_519' title='bbox 1712 4021 2007 4093; x_wconf 74' lang='lat' dir='ltr'><strong>genitivum</strong></span> 
     </span>
    </p>
   </div>
   <div class='ocr_carea' id='block_1_76' title="bbox 415 4115 2004 4190">
    <p class='ocr_par' dir='ltr' id='par_1_76' title="bbox 415 4115 2004 4190">
     <span class='ocr_line' id='line_1_76' title="bbox 415 4115 2004 4190; baseline -0.002 -20"><span class='ocrx_word' id='word_1_520' title='bbox 415 4117 595 4173; x_wconf 68' lang='lat' dir='ltr'><strong>trahit</strong></span> <span class='ocrx_word' id='word_1_521' title='bbox 621 4126 674 4173; x_wconf 89' lang='lat' dir='ltr'><strong>et</strong></span> <span class='ocrx_word' id='word_1_522' title='bbox 702 4118 1022 4182; x_wconf 89' lang='lat' dir='ltr'><strong>ablativum;</strong></span> <span class='ocrx_word' id='word_1_523' title='bbox 1047 4118 1256 4190; x_wconf 72' lang='grc' dir='ltr'><strong>μετέχω</strong></span> <span class='ocrx_word' id='word_1_524' title='bbox 1272 4138 1390 4182; x_wconf 80' lang='grc' dir='ltr'><strong>σου,</strong></span> <span class='ocrx_word' id='word_1_525' title='bbox 1406 4116 1673 4186; x_wconf 82' lang='lat' dir='ltr'><strong>participe</strong></span> <span class='ocrx_word' id='word_1_526' title='bbox 1690 4115 1766 4167; x_wconf 90' lang='lat' dir='ltr'><strong>tui</strong></span> <span class='ocrx_word' id='word_1_527' title='bbox 1791 4121 1846 4169; x_wconf 87' lang='lat' dir='ltr'><strong>et</strong></span> <span class='ocrx_word' id='word_1_528' title='bbox 1873 4122 1923 4168; x_wconf 89' lang='lat' dir='ltr'><strong>te</strong></span> <span class='ocrx_word' id='word_1_529' title='bbox 1940 4117 2004 4167; x_wconf 68' lang='grc' dir='ltr'><strong>ι’.</strong></span> 
     </span>
    </p>
   </div>
   <div class='ocr_carea' id='block_1_77' title="bbox 420 4205 2010 4277">
    <p class='ocr_par' dir='ltr' id='par_1_77' title="bbox 420 4205 2010 4277">
     <span class='ocr_line' id='line_1_77' title="bbox 420 4205 2010 4277; baseline -0.003 -15"><span class='ocrx_word' id='word_1_530' title='bbox 420 4209 712 4273; x_wconf 75' lang='lat' dir='ltr'><strong>Quale-est</strong></span> <span class='ocrx_word' id='word_1_531' title='bbox 739 4226 752 4262; x_wconf 87' lang='lat'><strong><em>:</em></strong></span> <span class='ocrx_word' id='word_1_532' title='bbox 786 4206 1091 4277; x_wconf 79' lang='lat' dir='ltr'><strong>huiusmodi</strong></span> <span class='ocrx_word' id='word_1_533' title='bbox 1122 4216 1206 4262; x_wconf 89' lang='lat' dir='ltr'><strong>est</strong></span> <span class='ocrx_word' id='word_1_534' title='bbox 1234 4208 1299 4269; x_wconf 79' lang='lat'><strong>“,</strong></span> <span class='ocrx_word' id='word_1_535' title='bbox 1328 4207 1503 4276; x_wconf 87' lang='lat' dir='ltr'><strong>inquit</strong></span> <span class='ocrx_word' id='word_1_536' title='bbox 1530 4223 1544 4271; x_wconf 91' lang='lat'><strong>;</strong></span> <span class='ocrx_word' id='word_1_537' title='bbox 1575 4205 1864 4269; x_wconf 87' lang='lat' dir='ltr'><strong>dico,ordo</strong></span> <span class='ocrx_word' id='word_1_538' title='bbox 1892 4219 2010 4258; x_wconf 87' lang='lat' dir='ltr'><strong>san-</strong></span> 
     </span>
    </p>
   </div>
   <div class='ocr_carea' id='block_1_78' title="bbox 418 4294 2008 4370">
    <p class='ocr_par' dir='ltr' id='par_1_78' title="bbox 418 4294 2008 4370">
     <span class='ocr_line' id='line_1_78' title="bbox 418 4294 2008 4370; baseline -0.004 -15"><span class='ocrx_word' id='word_1_539' title='bbox 418 4308 640 4355; x_wconf 80' lang='lat' dir='ltr'><strong>ctorum</strong></span> <span class='ocrx_word' id='word_1_540' title='bbox 663 4300 954 4355; x_wconf 84' lang='lat' dir='ltr'><strong>Cherubim</strong></span> <span class='ocrx_word' id='word_1_541' title='bbox 989 4299 1276 4370; x_wconf 89' lang='lat' dir='ltr'><strong>participat</strong></span> <span class='ocrx_word' id='word_1_542' title='bbox 1307 4297 1623 4368; x_wconf 88' lang='lat' dir='ltr'><strong>sapientiam</strong></span> <span class='ocrx_word' id='word_1_543' title='bbox 1646 4304 1700 4350; x_wconf 89' lang='lat' dir='ltr'><strong>et</strong></span> <span class='ocrx_word' id='word_1_544' title='bbox 1727 4294 2008 4351; x_wconf 89' lang='lat' dir='ltr'><strong>scientiam</strong></span> 
     </span>
    </p>
   </div>
   <div class='ocr_carea' id='block_1_79' title="bbox 432 4388 2006 4460">
    <p class='ocr_par' dir='ltr' id='par_1_79' title="bbox 432 4388 2006 4460">
     <span class='ocr_line' id='line_1_79' title="bbox 432 4388 2006 4460; baseline -0.001 -17"><span class='ocrx_word' id='word_1_545' title='bbox 432 4391 702 4445; x_wconf 85' lang='lat' dir='ltr'><strong>altiorem.</strong></span> <span class='ocrx_word' id='word_1_546' title='bbox 719 4392 978 4446; x_wconf 79' lang='lat' dir='ltr'><strong>Altiorem</strong></span> <span class='ocrx_word' id='word_1_547' title='bbox 997 4393 1175 4460; x_wconf 90' lang='lat' dir='ltr'><strong>posuit</strong></span> <span class='ocrx_word' id='word_1_548' title='bbox 1189 4406 1287 4460; x_wconf 91' lang='lat' dir='ltr'><strong>pro</strong></span> <span class='ocrx_word' id='word_1_549' title='bbox 1301 4391 1482 4445; x_wconf 86' lang='lat' dir='ltr'><strong>altius.</strong></span> <span class='ocrx_word' id='word_1_550' title='bbox 1500 4388 1612 4444; x_wconf 89' lang='lat' dir='ltr'><strong>Sub</strong></span> <span class='ocrx_word' id='word_1_551' title='bbox 1637 4389 1781 4458; x_wconf 89' lang='lat' dir='ltr'><strong>ipsos</strong></span> <span class='ocrx_word' id='word_1_552' title='bbox 1803 4395 2006 4452; x_wconf 86' lang='lat' dir='ltr'><strong>autem,</strong></span> 
     </span>
    </p>
   </div>
   <div class='ocr_carea' id='block_1_80' title="bbox 423 4475 2006 4552">
    <p class='ocr_par' dir='ltr' id='par_1_80' title="bbox 423 4475 2006 4552">
     <span class='ocr_line' id='line_1_80' title="bbox 423 4475 2006 4552; baseline -0.003 -18"><span class='ocrx_word' id='word_1_553' title='bbox 423 4480 481 4534; x_wconf 84' lang='lat' dir='ltr'><strong>id</strong></span> <span class='ocrx_word' id='word_1_554' title='bbox 503 4490 589 4535; x_wconf 90' lang='lat' dir='ltr'><strong>est</strong></span> <span class='ocrx_word' id='word_1_555' title='bbox 608 4480 708 4534; x_wconf 88' lang='lat' dir='ltr'><strong>sub</strong></span> <span class='ocrx_word' id='word_1_556' title='bbox 725 4482 962 4552; x_wconf 88' lang='lat' dir='ltr'><strong>ipsis,vel</strong></span> <span class='ocrx_word' id='word_1_557' title='bbox 977 4497 1035 4536; x_wconf 91' lang='lat' dir='ltr'><strong>se</strong></span> <span class='ocrx_word' id='word_1_558' title='bbox 1049 4482 1400 4536; x_wconf 82' lang='lat' dir='ltr'><strong>extendentes</strong></span> <span class='ocrx_word' id='word_1_559' title='bbox 1419 4479 1518 4535; x_wconf 91' lang='lat' dir='ltr'><strong>sub</strong></span> <span class='ocrx_word' id='word_1_560' title='bbox 1534 4475 2006 4549; x_wconf 83' lang='lat' dir='ltr'><strong>ipsosterubim,</strong></span> 
     </span>
    </p>
   </div>
   <div class='ocr_carea' id='block_1_81' title="bbox 2099 3192 3673 3264">
    <p class='ocr_par' dir='ltr' id='par_1_81' title="bbox 2099 3192 3673 3264">
     <span class='ocr_line' id='line_1_81' title="bbox 2099 3192 3673 3264; baseline -0.006 -11"><span class='ocrx_word' id='word_1_561' title='bbox 2099 3200 2215 3254; x_wconf 88' lang='lat' dir='ltr'><strong>bent</strong></span> <span class='ocrx_word' id='word_1_562' title='bbox 2260 3200 2521 3251; x_wconf 88' lang='lat' dir='ltr'><strong>minorum</strong></span> <span class='ocrx_word' id='word_1_563' title='bbox 2551 3205 2759 3250; x_wconf 88' lang='lat' dir='ltr'><strong>sanctas</strong></span> <span class='ocrx_word' id='word_1_564' title='bbox 2807 3194 3150 3264; x_wconf 80' lang='lat' dir='ltr'><strong>pulchrosque</strong></span> <span class='ocrx_word' id='word_1_565' title='bbox 3191 3192 3547 3263; x_wconf 86' lang='lat' dir='ltr'><strong>proprietates,</strong></span> <span class='ocrx_word' id='word_1_566' title='bbox 3593 3192 3673 3245; x_wconf 82' lang='lat' dir='ltr'><strong>sic</strong></span> 
     </span>
    </p>
   </div>
   <div class='ocr_carea' id='block_1_82' title="bbox 2098 3281 3674 3356">
    <p class='ocr_par' dir='ltr' id='par_1_82' title="bbox 2098 3281 3674 3356">
     <span class='ocr_line' id='line_1_82' title="bbox 2098 3281 3674 3356; baseline -0.007 -13"><span class='ocrx_word' id='word_1_567' title='bbox 2098 3289 2284 3343; x_wconf 79' lang='lat' dir='ltr'><strong>habent</strong></span> <span class='ocrx_word' id='word_1_568' title='bbox 2308 3287 2477 3341; x_wconf 86' lang='lat' dir='ltr'><strong>ultimi</strong></span> <span class='ocrx_word' id='word_1_569' title='bbox 2501 3303 2588 3341; x_wconf 89' lang='lat' dir='ltr'><strong>eas</strong></span> <span class='ocrx_word' id='word_1_570' title='bbox 2616 3287 2926 3356; x_wconf 87' lang='lat' dir='ltr'><strong>primorum,</strong></span> <span class='ocrx_word' id='word_1_571' title='bbox 2958 3300 3061 3338; x_wconf 87' lang='lat' dir='ltr'><strong>non</strong></span> <span class='ocrx_word' id='word_1_572' title='bbox 3085 3292 3257 3336; x_wconf 88' lang='lat' dir='ltr'><strong>tamen</strong></span> <span class='ocrx_word' id='word_1_573' title='bbox 3285 3281 3546 3345; x_wconf 85' lang='lat' dir='ltr'><strong>similiter,</strong></span> <span class='ocrx_word' id='word_1_574' title='bbox 3579 3281 3674 3333; x_wconf 80' lang='lat' dir='ltr'><strong>sed</strong></span> 
     </span>
    </p>
   </div>
   <div class='ocr_carea' id='block_1_83' title="bbox 2100 3373 3675 3450">
    <p class='ocr_par' dir='ltr' id='par_1_83' title="bbox 2100 3373 3675 3450">
     <span class='ocr_line' id='line_1_83' title="bbox 2100 3373 3675 3450; baseline -0.006 -16"><span class='ocrx_word' id='word_1_575' title='bbox 2100 3380 2262 3450; x_wconf 78' lang='lat' dir='ltr'><strong>infra.</strong></span> <span class='ocrx_word' id='word_1_576' title='bbox 2289 3379 2404 3434; x_wconf 83' lang='lat' dir='ltr'><strong>Hoc</strong></span> <span class='ocrx_word' id='word_1_577' title='bbox 2443 3379 2510 3434; x_wconf 91' lang='lat' dir='ltr'><strong>de</strong></span> <span class='ocrx_word' id='word_1_578' title='bbox 2554 3376 2824 3433; x_wconf 90' lang='lat' dir='ltr'><strong>communi</strong></span> <span class='ocrx_word' id='word_1_579' title='bbox 2861 3374 3270 3445; x_wconf 88' lang='lat' dir='ltr'><strong>participatione</strong></span> <span class='ocrx_word' id='word_1_580' title='bbox 3309 3373 3510 3427; x_wconf 89' lang='lat' dir='ltr'><strong>dictum</strong></span> <span class='ocrx_word' id='word_1_581' title='bbox 3545 3378 3629 3425; x_wconf 85' lang='lat' dir='ltr'><strong>est</strong></span> <span class='ocrx_word' id='word_1_582' title='bbox 3653 3388 3675 3425; x_wconf 84' lang='lat'><strong>:</strong></span> 
     </span>
    </p>
   </div>
   <div class='ocr_carea' id='block_1_84' title="bbox 2103 3464 3678 3541">
    <p class='ocr_par' dir='ltr' id='par_1_84' title="bbox 2103 3464 3678 3541">
     <span class='ocr_line' id='line_1_84' title="bbox 2103 3464 3678 3541; baseline -0.007 -14"><span class='ocrx_word' id='word_1_583' title='bbox 2103 3471 2251 3527; x_wconf 88' lang='lat' dir='ltr'><strong>Sicut</strong></span> <span class='ocrx_word' id='word_1_584' title='bbox 2289 3472 2434 3525; x_wconf 89' lang='lat' dir='ltr'><strong>enim</strong></span> <span class='ocrx_word' id='word_1_585' title='bbox 2471 3470 2634 3541; x_wconf 86' lang='lat' dir='ltr'><strong>primi</strong></span> <span class='ocrx_word' id='word_1_586' title='bbox 2677 3468 2896 3524; x_wconf 85' lang='lat' dir='ltr'><strong>ordines</strong></span> <span class='ocrx_word' id='word_1_587' title='bbox 2928 3468 2972 3501; x_wconf 71' lang='grc'><strong>³³</strong></span> <span class='ocrx_word' id='word_1_588' title='bbox 3010 3467 3369 3537; x_wconf 82' lang='lat' dir='ltr'><strong>proprietates</strong></span> <span class='ocrx_word' id='word_1_589' title='bbox 3404 3464 3678 3518; x_wconf 80' lang='lat' dir='ltr'><strong>minorum</strong></span> 
     </span>
    </p>
   </div>
   <div class='ocr_carea' id='block_1_85' title="bbox 2102 3554 3672 3631">
    <p class='ocr_par' dir='ltr' id='par_1_85' title="bbox 2102 3554 3672 3631">
     <span class='ocr_line' id='line_1_85' title="bbox 2102 3554 3672 3631; baseline -0.008 -11"><span class='ocrx_word' id='word_1_590' title='bbox 2102 3579 2162 3620; x_wconf 89' lang='lat' dir='ltr'><strong>se</strong></span> <span class='ocrx_word' id='word_1_591' title='bbox 2180 3606 2196 3631; x_wconf 97' lang='lat'><strong>,</strong></span> <span class='ocrx_word' id='word_1_592' title='bbox 2227 3564 2301 3619; x_wconf 90' lang='lat' dir='ltr'><strong>ita</strong></span> <span class='ocrx_word' id='word_1_593' title='bbox 2331 3562 2502 3617; x_wconf 89' lang='lat' dir='ltr'><strong>ultimi</strong></span> <span class='ocrx_word' id='word_1_594' title='bbox 2530 3576 2621 3616; x_wconf 87' lang='lat' dir='ltr'><strong>eas</strong></span> <span class='ocrx_word' id='word_1_595' title='bbox 2643 3560 2999 3631; x_wconf 86' lang='lat' dir='ltr'><strong>proprietates</strong></span> <span class='ocrx_word' id='word_1_596' title='bbox 3016 3558 3257 3628; x_wconf 86' lang='lat' dir='ltr'><strong>priorum</strong></span> <span class='ocrx_word' id='word_1_597' title='bbox 3284 3556 3329 3587; x_wconf 81' lang='grc'><strong><em>³⁸</em></strong></span> <span class='ocrx_word' id='word_1_598' title='bbox 3349 3569 3407 3610; x_wconf 89' lang='lat' dir='ltr'><strong>se</strong></span> <span class='ocrx_word' id='word_1_599' title='bbox 3433 3554 3672 3618; x_wconf 83' lang='lat' dir='ltr'><strong>habent;</strong></span> 
     </span>
    </p>
   </div>
   <div class='ocr_carea' id='block_1_86' title="bbox 2104 3646 3783 3717">
    <p class='ocr_par' dir='ltr' id='par_1_86' title="bbox 2104 3646 3783 3717">
     <span class='ocr_line' id='line_1_86' title="bbox 2104 3646 3783 3717; baseline -0.007 -8"><span class='ocrx_word' id='word_1_600' title='bbox 2104 3670 2213 3709; x_wconf 89' lang='lat' dir='ltr'><strong>non</strong></span> <span class='ocrx_word' id='word_1_601' title='bbox 2246 3663 2425 3708; x_wconf 88' lang='lat' dir='ltr'><strong>tamen</strong></span> <span class='ocrx_word' id='word_1_602' title='bbox 2450 3651 2719 3716; x_wconf 87' lang='lat' dir='ltr'><strong>similiter,</strong></span> <span class='ocrx_word' id='word_1_603' title='bbox 2746 3650 2838 3704; x_wconf 87' lang='lat' dir='ltr'><strong>sed</strong></span> <span class='ocrx_word' id='word_1_604' title='bbox 2864 3647 3025 3704; x_wconf 78' lang='lat' dir='ltr'><strong>inira.</strong></span> <span class='ocrx_word' id='word_1_605' title='bbox 3070 3647 3347 3717; x_wconf 84' lang='lat' dir='ltr'><strong>Siquidem</strong></span> <span class='ocrx_word' id='word_1_606' title='bbox 3396 3646 3682 3700; x_wconf 84' lang='lat' dir='ltr'><strong>universa-</strong></span> <span class='ocrx_word' id='word_1_607' title='bbox 3775 3659 3783 3665; x_wconf 86' lang='grc'><strong>·</strong></span> 
     </span>
    </p>
   </div>
   <div class='ocr_carea' id='block_1_87' title="bbox 2105 3735 3683 3814">
    <p class='ocr_par' dir='ltr' id='par_1_87' title="bbox 2105 3735 3683 3814">
     <span class='ocr_line' id='line_1_87' title="bbox 2105 3735 3683 3814; baseline -0.006 -14"><span class='ocrx_word' id='word_1_608' title='bbox 2105 3744 2234 3800; x_wconf 87' lang='lat' dir='ltr'><strong>liter</strong></span> <span class='ocrx_word' id='word_1_609' title='bbox 2273 3743 2434 3814; x_wconf 89' lang='lat' dir='ltr'><strong>primi</strong></span> <span class='ocrx_word' id='word_1_610' title='bbox 2468 3741 2844 3812; x_wconf 76' lang='lat' dir='ltr'><strong>“proprietates</strong></span> <span class='ocrx_word' id='word_1_611' title='bbox 2893 3738 3227 3802; x_wconf 89' lang='lat' dir='ltr'><strong>ultimorum,</strong></span> <span class='ocrx_word' id='word_1_612' title='bbox 3275 3735 3683 3806; x_wconf 82' lang='lat' dir='ltr'><strong>particulariter</strong></span> 
     </span>
    </p>
   </div>
   <div class='ocr_carea' id='block_1_88' title="bbox 2106 3826 3678 3902">
    <p class='ocr_par' dir='ltr' id='par_1_88' title="bbox 2106 3826 3678 3902">
     <span class='ocr_line' id='line_1_88' title="bbox 2106 3826 3678 3902; baseline -0.007 -12"><span class='ocrx_word' id='word_1_613' title='bbox 2106 3844 2284 3891; x_wconf 91' lang='lat' dir='ltr'><strong>autem</strong></span> <span class='ocrx_word' id='word_1_614' title='bbox 2364 3834 2539 3889; x_wconf 88' lang='lat' dir='ltr'><strong>ultimi</strong></span> <span class='ocrx_word' id='word_1_615' title='bbox 2616 3831 2981 3902; x_wconf 86' lang='lat' dir='ltr'><strong>proprietates</strong></span> <span class='ocrx_word' id='word_1_616' title='bbox 3059 3829 3300 3898; x_wconf 89' lang='lat' dir='ltr'><strong>priorum</strong></span> <span class='ocrx_word' id='word_1_617' title='bbox 3372 3826 3678 3896; x_wconf 87' lang='lat' dir='ltr'><strong>possident.</strong></span> 
     </span>
    </p>
   </div>
   <div class='ocr_carea' id='block_1_89' title="bbox 2105 3916 3684 3987">
    <p class='ocr_par' dir='ltr' id='par_1_89' title="bbox 2105 3916 3684 3987">
     <span class='ocr_line' id='line_1_89' title="bbox 2105 3916 3684 3987; baseline -0.008 -7"><span class='ocrx_word' id='word_1_618' title='bbox 2105 3925 2259 3981; x_wconf 80' lang='lat' dir='ltr'><strong>Nulla</strong></span> <span class='ocrx_word' id='word_1_619' title='bbox 2317 3924 2465 3979; x_wconf 89' lang='lat' dir='ltr'><strong>enim</strong></span> <span class='ocrx_word' id='word_1_620' title='bbox 2525 3923 2699 3976; x_wconf 87' lang='lat' dir='ltr'><strong>virtus</strong></span> <span class='ocrx_word' id='word_1_621' title='bbox 2749 3930 2833 3976; x_wconf 83' lang='lat' dir='ltr'><strong>est</strong></span> <span class='ocrx_word' id='word_1_622' title='bbox 2882 3921 2937 3975; x_wconf 92' lang='lat' dir='ltr'><strong>in</strong></span> <span class='ocrx_word' id='word_1_623' title='bbox 3007 3918 3196 3973; x_wconf 90' lang='lat' dir='ltr'><strong>ultimo</strong></span> <span class='ocrx_word' id='word_1_624' title='bbox 3244 3916 3474 3987; x_wconf 78' lang='lat' dir='ltr'><strong>angelo,</strong></span> <span class='ocrx_word' id='word_1_625' title='bbox 3539 3929 3684 3983; x_wconf 82' lang='lat' dir='ltr'><strong>quae</strong></span> 
     </span>
    </p>
   </div>
   <div class='ocr_carea' id='block_1_90' title="bbox 2109 4006 3686 4074">
    <p class='ocr_par' dir='ltr' id='par_1_90' title="bbox 2109 4006 3686 4074">
     <span class='ocr_line' id='line_1_90' title="bbox 2109 4006 3686 4074; baseline -0.008 -3"><span class='ocrx_word' id='word_1_626' title='bbox 2109 4032 2217 4071; x_wconf 91' lang='lat' dir='ltr'><strong>non</strong></span> <span class='ocrx_word' id='word_1_627' title='bbox 2289 4015 2361 4071; x_wconf 88' lang='lat' dir='ltr'><strong>sit</strong></span> <span class='ocrx_word' id='word_1_628' title='bbox 2433 4013 2487 4068; x_wconf 91' lang='lat' dir='ltr'><strong>in</strong></span> <span class='ocrx_word' id='word_1_629' title='bbox 2540 4010 2934 4074; x_wconf 77' lang='lat' dir='ltr'><strong>excelsissimo;</strong></span> <span class='ocrx_word' id='word_1_630' title='bbox 2990 4008 3195 4063; x_wconf 88' lang='lat' dir='ltr'><strong>multae</strong></span> <span class='ocrx_word' id='word_1_631' title='bbox 3237 4017 3412 4061; x_wconf 88' lang='lat' dir='ltr'><strong>autem</strong></span> <span class='ocrx_word' id='word_1_632' title='bbox 3452 4006 3686 4059; x_wconf 85' lang='lat' dir='ltr'><strong>virtutes</strong></span> 
     </span>
    </p>
   </div>
   <div class='ocr_carea' id='block_1_91' title="bbox 2110 4093 3681 4169">
    <p class='ocr_par' dir='ltr' id='par_1_91' title="bbox 2110 4093 3681 4169">
     <span class='ocr_line' id='line_1_91' title="bbox 2110 4093 3681 4169; baseline -0.009 -8"><span class='ocrx_word' id='word_1_633' title='bbox 2110 4114 2237 4161; x_wconf 85' lang='lat' dir='ltr'><strong>sunt</strong></span> <span class='ocrx_word' id='word_1_634' title='bbox 2277 4105 2330 4157; x_wconf 91' lang='lat' dir='ltr'><strong>in</strong></span> <span class='ocrx_word' id='word_1_635' title='bbox 2372 4101 2766 4166; x_wconf 80' lang='lat' dir='ltr'><strong>excelsissimo,</strong></span> <span class='ocrx_word' id='word_1_636' title='bbox 2819 4113 2959 4169; x_wconf 81' lang='lat' dir='ltr'><strong>quae</strong></span> <span class='ocrx_word' id='word_1_637' title='bbox 3005 4112 3111 4152; x_wconf 88' lang='lat' dir='ltr'><strong>non</strong></span> <span class='ocrx_word' id='word_1_638' title='bbox 3169 4105 3294 4151; x_wconf 89' lang='lat' dir='ltr'><strong>sunt</strong></span> <span class='ocrx_word' id='word_1_639' title='bbox 3348 4097 3402 4149; x_wconf 82' lang='lat' dir='ltr'><strong>in</strong></span> <span class='ocrx_word' id='word_1_640' title='bbox 3466 4093 3681 4148; x_wconf 82' lang='lat' dir='ltr'><strong>ultimo.</strong></span> 
     </span>
    </p>
   </div>
   <div class='ocr_carea' id='block_1_92' title="bbox 2110 4182 3686 4264">
    <p class='ocr_par' dir='ltr' id='par_1_92' title="bbox 2110 4182 3686 4264">
     <span class='ocr_line' id='line_1_92' title="bbox 2110 4182 3686 4264; baseline -0.01 -14"><span class='ocrx_word' id='word_1_641' title='bbox 2110 4195 2260 4251; x_wconf 81' lang='lat' dir='ltr'><strong>Nihil</strong></span> <span class='ocrx_word' id='word_1_642' title='bbox 2304 4211 2444 4264; x_wconf 83' lang='lat' dir='ltr'><strong>ergo,</strong></span> <span class='ocrx_word' id='word_1_643' title='bbox 2491 4202 2548 4246; x_wconf 87' lang='lat' dir='ltr'><strong>ut</strong></span> <span class='ocrx_word' id='word_1_644' title='bbox 2593 4192 2833 4254; x_wconf 84' lang='lat' dir='ltr'><strong>aestimo,</strong></span> <span class='ocrx_word' id='word_1_645' title='bbox 2859 4188 3236 4251; x_wconf 78' lang='lat' dir='ltr'><strong>inordinatum,</strong></span> <span class='ocrx_word' id='word_1_646' title='bbox 3262 4182 3373 4239; x_wconf 85' lang='lat' dir='ltr'><strong>siet</strong></span> <span class='ocrx_word' id='word_1_647' title='bbox 3392 4183 3686 4239; x_wconf 80' lang='lat' dir='ltr'><strong>secundum</strong></span> 
     </span>
    </p>
   </div>
   <div class='ocr_carea' id='block_1_93' title="bbox 2109 4275 3686 4350">
    <p class='ocr_par' dir='ltr' id='par_1_93' title="bbox 2109 4275 3686 4350">
     <span class='ocr_line' id='line_1_93' title="bbox 2109 4275 3686 4350; baseline -0.011 -8"><span class='ocrx_word' id='word_1_648' title='bbox 2109 4304 2203 4342; x_wconf 88' lang='lat' dir='ltr'><strong>nos</strong></span> <span class='ocrx_word' id='word_1_649' title='bbox 2239 4300 2500 4341; x_wconf 89' lang='lat' dir='ltr'><strong>summum</strong></span> <span class='ocrx_word' id='word_1_650' title='bbox 2538 4283 2860 4337; x_wconf 84' lang='lat' dir='ltr'><strong>sacerdotem</strong></span> <span class='ocrx_word' id='word_1_651' title='bbox 2906 4278 3147 4350; x_wconf 82' lang='lat' dir='ltr'><strong>angelum</strong></span> <span class='ocrx_word' id='word_1_652' title='bbox 3199 4275 3459 4346; x_wconf 81' lang='lat' dir='ltr'><strong>theologia</strong></span> <span class='ocrx_word' id='word_1_653' title='bbox 3508 4283 3686 4336; x_wconf 75' lang='lat' dir='ltr'><strong>vocat,</strong></span> 
     </span>
    </p>
   </div>
   <div class='ocr_carea' id='block_1_94' title="bbox 2104 4363 3688 4448">
    <p class='ocr_par' dir='ltr' id='par_1_94' title="bbox 2104 4363 3688 4448">
     <span class='ocr_line' id='line_1_94' title="bbox 2104 4363 3688 4448; baseline -0.01 -16"><span class='ocrx_word' id='word_1_654' title='bbox 2104 4379 2263 4448; x_wconf 76' lang='lat' dir='ltr'><strong>juxta</strong></span> <span class='ocrx_word' id='word_1_655' title='bbox 2311 4375 2552 4428; x_wconf 81' lang='lat' dir='ltr'><strong>virtutem</strong></span> <span class='ocrx_word' id='word_1_656' title='bbox 2613 4370 2878 4441; x_wconf 79' lang='lat' dir='ltr'><strong>propriam</strong></span> <span class='ocrx_word' id='word_1_657' title='bbox 2924 4369 3322 4437; x_wconf 82' lang='lat' dir='ltr'><strong>participantem</strong></span> <span class='ocrx_word' id='word_1_658' title='bbox 3376 4363 3688 4434; x_wconf 72' lang='lat' dir='ltr'><strong>angelorum</strong></span> 
     </span>
    </p>
   </div>
   <div class='ocr_carea' id='block_1_95' title="bbox 2036 4434 3689 4537">
    <p class='ocr_par' dir='ltr' id='par_1_95' title="bbox 2036 4434 3689 4537">
     <span class='ocr_line' id='line_1_95' title="bbox 2036 4434 3689 4537; baseline -0.011 -15"><span class='ocrx_word' id='word_1_659' title='bbox 2036 4434 2419 4537; x_wconf 58' lang='lat' dir='ltr'><strong>D“prophetica</strong></span> <span class='ocrx_word' id='word_1_660' title='bbox 2454 4462 2498 4494; x_wconf 83' lang='grc'><strong>³¹</strong></span> <span class='ocrx_word' id='word_1_661' title='bbox 2521 4434 2858 4531; x_wconf 77' lang='lat' dir='ltr'><strong>proprietate,</strong></span> <span class='ocrx_word' id='word_1_662' title='bbox 2874 4434 2934 4513; x_wconf 78' lang='lat' dir='ltr'><strong>et</strong></span> <span class='ocrx_word' id='word_1_663' title='bbox 2953 4457 3022 4511; x_wconf 91' lang='lat' dir='ltr'><strong>ad</strong></span> <span class='ocrx_word' id='word_1_664' title='bbox 3038 4434 3477 4526; x_wconf 74' lang='lat' dir='ltr'><strong>manifestativam</strong></span> <span class='ocrx_word' id='word_1_665' title='bbox 3502 4467 3689 4505; x_wconf 84' lang='lat' dir='ltr'><strong>eorum</strong></span> 
     </span>
    </p>
   </div>
   <div class='ocr_carea' id='block_1_96' title="bbox 1722 4574 2415 4640">
    <p class='ocr_par' dir='ltr' id='par_1_96' title="bbox 1722 4574 2415 4640">
     <span class='ocr_line' id='line_1_96' title="bbox 1722 4574 2415 4640; baseline -0.019 0"><span class='ocrx_word' id='word_1_666' title='bbox 1722 4584 1979 4640; x_wconf 77' lang='lat' dir='ltr'><strong>VARIAE</strong></span> <span class='ocrx_word' id='word_1_667' title='bbox 2013 4574 2415 4636; x_wconf 82' lang='lat' dir='ltr'><strong>LECTIONES.</strong></span> 
     </span>
    </p>
   </div>
   <div class='ocr_carea' id='block_1_97' title="bbox 508 4659 1574 4725">
    <p class='ocr_par' dir='ltr' id='par_1_97' title="bbox 508 4659 1574 4725">
     <span class='ocr_line' id='line_1_97' title="bbox 508 4659 1574 4725; baseline -0.002 -10"><span class='ocrx_word' id='word_1_668' title='bbox 508 4668 523 4698; x_wconf 87' lang='grc'>¹</span> <span class='ocrx_word' id='word_1_669' title='bbox 552 4660 707 4715; x_wconf 73' lang='lat' dir='ltr'><strong>Carr.</strong></span> <span class='ocrx_word' id='word_1_670' title='bbox 751 4659 843 4724; x_wconf 69' lang='grc' dir='ltr'><strong>θ’,</strong></span> <span class='ocrx_word' id='word_1_671' title='bbox 887 4660 985 4720; x_wconf 57' lang='grc' dir='ltr'><strong>,ΑΒ</strong></span> <span class='ocrx_word' id='word_1_672' title='bbox 1018 4661 1202 4715; x_wconf 85' lang='lat' dir='ltr'><strong>eadem</strong></span> <span class='ocrx_word' id='word_1_673' title='bbox 1230 4701 1244 4725; x_wconf 91' lang='lat'><strong>,</strong></span> <span class='ocrx_word' id='word_1_674' title='bbox 1280 4659 1322 4714; x_wconf 91' lang='lat' dir='ltr'><strong><em>C</em></strong></span> <span class='ocrx_word' id='word_1_675' title='bbox 1375 4660 1574 4714; x_wconf 85' lang='lat' dir='ltr'><strong>eodem.</strong></span> 
     </span>
    </p>
   </div>
   <div class='ocr_carea' id='block_1_98' title="bbox 433 4794 1825 4920">
    <p class='ocr_par' dir='ltr' id='par_1_98' title="bbox 433 4794 1825 4920">
     <span class='ocr_line' id='line_1_98' title="bbox 433 4794 1825 4920; baseline -0.004 -67"><span class='ocrx_word' id='word_1_676' title='bbox 433 4799 456 4829; x_wconf 90' lang='grc'><strong>⁸</strong></span> <span class='ocrx_word' id='word_1_677' title='bbox 496 4800 744 4864; x_wconf 84' lang='lat' dir='ltr'><strong>Emend.,</strong></span> <span class='ocrx_word' id='word_1_678' title='bbox 775 4800 864 4854; x_wconf 79' lang='lat' dir='ltr'><strong>AB</strong></span> <span class='ocrx_word' id='word_1_679' title='bbox 897 4798 1226 4868; x_wconf 86' lang='lat' dir='ltr'><strong>relinquitur.</strong></span> <span class='ocrx_word' id='word_1_680' title='bbox 1325 4802 1344 4833; x_wconf 81' lang='grc'><em>³</em></span> <span class='ocrx_word' id='word_1_681' title='bbox 1381 4814 1480 4920; x_wconf 65' lang='lat' dir='ltr'><strong>pro</strong></span> <span class='ocrx_word' id='word_1_682' title='bbox 1493 4794 1547 4851; x_wconf 84' lang='lat' dir='ltr'><strong>id</strong></span> <span class='ocrx_word' id='word_1_683' title='bbox 1576 4808 1650 4850; x_wconf 87' lang='lat' dir='ltr'><strong>est</strong></span> <span class='ocrx_word' id='word_1_684' title='bbox 1677 4796 1719 4851; x_wconf 88' lang='grc' dir='ltr'><strong>Β</strong></span> <span class='ocrx_word' id='word_1_685' title='bbox 1749 4794 1825 4848; x_wconf 88' lang='lat' dir='ltr'><strong>id.</strong></span> 
     </span>
     <span class='ocr_line' id='line_1_99' title="bbox 433 4866 1825 4920; baseline -0.003 0"><span class='ocrx_word' id='word_1_686' title='bbox 433 4869 476 4903; x_wconf 81' lang='lat'>“</span> <span class='ocrx_word' id='word_1_687' title='bbox 511 4869 552 4920; x_wconf 88' lang='grc' dir='ltr'><strong>Β</strong></span> <span class='ocrx_word' id='word_1_688' title='bbox 574 4869 627 4920; x_wconf 90' lang='lat' dir='ltr'><strong>in</strong></span> <span class='ocrx_word' id='word_1_689' title='bbox 651 4879 923 4920; x_wconf 78' lang='lat' dir='ltr'><strong>quantum.</strong></span> <span class='ocrx_word' id='word_1_690' title='bbox 1001 4870 1042 4901; x_wconf 81' lang='grc'><strong>⁸³</strong></span> <span class='ocrx_word' id='word_1_691' title='bbox 1075 4870 1114 4920; x_wconf 78' lang='grc' dir='ltr'>Α</span> <span class='ocrx_word' id='word_1_692' title='bbox 1141 4869 1375 4920; x_wconf 84' lang='lat' dir='ltr'><strong>universa</strong></span> <span class='ocrx_word' id='word_1_693' title='bbox 1400 4870 1568 4920; x_wconf 88' lang='lat' dir='ltr'><strong>itates.</strong></span> <span class='ocrx_word' id='word_1_694' title='bbox 1593 4866 1635 4920; x_wconf 98' lang='grc' dir='ltr'><strong>Β</strong></span> <span class='ocrx_word' id='word_1_695' title='bbox 1668 4866 1825 4919; x_wconf 70' lang='lat' dir='ltr'><strong>unice:</strong></span> 
     </span>
    </p>
   </div>
   <div class='ocr_carea' id='block_1_99' title="bbox 511 4869 1375 4939">
    <p class='ocr_par' dir='ltr' id='par_1_99' title="bbox 511 4869 1375 4939">
     <span class='ocr_line' id='line_1_100' title="bbox 511 4869 1375 4939; baseline 0 -17"><span class='ocrx_word' id='word_1_696' title='bbox 511 4869 552 4922; x_wconf 86' lang='grc' dir='ltr'><strong>Β</strong></span> <span class='ocrx_word' id='word_1_697' title='bbox 574 4869 627 4923; x_wconf 90' lang='lat' dir='ltr'><strong>in</strong></span> <span class='ocrx_word' id='word_1_698' title='bbox 651 4879 923 4939; x_wconf 87' lang='lat' dir='ltr'><strong>quantum.</strong></span> <span class='ocrx_word' id='word_1_699' title='bbox 1001 4870 1042 4901; x_wconf 82' lang='grc'><strong>⁸³</strong></span> <span class='ocrx_word' id='word_1_700' title='bbox 1075 4870 1114 4921; x_wconf 78' lang='grc' dir='ltr'>Α</span> <span class='ocrx_word' id='word_1_701' title='bbox 1141 4869 1375 4922; x_wconf 84' lang='lat' dir='ltr'><strong>universa</strong></span> 
     </span>
    </p>
   </div>
   <div class='ocr_carea' id='block_1_100' title="bbox 1712 4641 2615 4714">
    <p class='ocr_par' dir='ltr' id='par_1_100' title="bbox 1712 4641 2615 4714">
     <span class='ocr_line' id='line_1_101' title="bbox 1712 4641 2615 4714; baseline -0.019 -4"><span class='ocrx_word' id='word_1_702' title='bbox 1712 4655 1895 4710; x_wconf 82' lang='lat' dir='ltr'><strong>titulus</strong></span> <span class='ocrx_word' id='word_1_703' title='bbox 1936 4668 2047 4708; x_wconf 89' lang='lat' dir='ltr'><strong>om.</strong></span> <span class='ocrx_word' id='word_1_704' title='bbox 2078 4650 2146 4714; x_wconf 80' lang='grc' dir='ltr'><strong>Δ,</strong></span> <span class='ocrx_word' id='word_1_705' title='bbox 2205 4647 2329 4701; x_wconf 86' lang='lat' dir='ltr'><strong>add.</strong></span> <span class='ocrx_word' id='word_1_706' title='bbox 2362 4658 2440 4714; x_wconf 78' lang='lat' dir='ltr'><strong>ex</strong></span> <span class='ocrx_word' id='word_1_707' title='bbox 2473 4641 2615 4714; x_wconf 71' lang='lat' dir='ltr'><strong>conj.</strong></span> 
     </span>
    </p>
   </div>
   <div class='ocr_carea' id='block_1_101' title="bbox 430 4713 3469 4796">
    <p class='ocr_par' dir='ltr' id='par_1_101' title="bbox 430 4713 3469 4796">
     <span class='ocr_line' id='line_1_102' title="bbox 430 4713 3469 4796; baseline -0.006 -11"><span class='ocrx_word' id='word_1_708' title='bbox 430 4730 453 4761; x_wconf 78' lang='lat'><strong>&quot;</strong></span> <span class='ocrx_word' id='word_1_709' title='bbox 500 4713 724 4785; x_wconf 66' lang='lat' dir='ltr'><strong>Ernenii.</strong></span> <span class='ocrx_word' id='word_1_710' title='bbox 754 4768 769 4794; x_wconf 93' lang='lat'><strong>,</strong></span> <span class='ocrx_word' id='word_1_711' title='bbox 818 4713 907 4784; x_wconf 75' lang='grc' dir='ltr'><strong>ᾹΒ</strong></span> <span class='ocrx_word' id='word_1_712' title='bbox 936 4713 1306 4783; x_wconf 40' lang='lat' dir='ltr'><strong>nominantur;</strong></span> <span class='ocrx_word' id='word_1_713' title='bbox 1372 4713 1753 4796; x_wconf 15' lang='lat' dir='ltr'><strong>&#39;WBpossunt,</strong></span> <span class='ocrx_word' id='word_1_714' title='bbox 1786 4725 1846 4796; x_wconf 81' lang='grc' dir='ltr'><strong>Β⁴</strong></span> <span class='ocrx_word' id='word_1_715' title='bbox 1894 4738 2040 4796; x_wconf 66' lang='lat' dir='ltr'><strong>corr.</strong></span> <span class='ocrx_word' id='word_1_716' title='bbox 2092 4713 2382 4796; x_wconf 48' lang='grc' dir='ltr'><strong>ρᾲξξιξιηηβ</strong></span> <span class='ocrx_word' id='word_1_717' title='bbox 2427 4713 2609 4783; x_wconf 63' lang='grc' dir='ltr'><strong>νοιδίιο</strong></span> <span class='ocrx_word' id='word_1_718' title='bbox 2725 4713 3364 4796; x_wconf 31' lang='grc' dir='ltr'><strong>ίκ-ιξζιξῑίῆςξίιξέοωῖξ</strong></span> 
     </span>
    </p>
   </div>
   <div class='ocr_carea' id='block_1_102' title="bbox 1903 4771 3686 4851">
    <p class='ocr_par' dir='ltr' id='par_1_102' title="bbox 1903 4771 3686 4851">
     <span class='ocr_line' id='line_1_103' title="bbox 1903 4771 3686 4851; baseline 0.018 -59"><span class='ocrx_word' id='word_1_719' title='bbox 1903 4771 2276 4851; x_wconf 33' lang='lat' dir='ltr'><strong>“iv-ABG,</strong></span> <span class='ocrx_word' id='word_1_720' title='bbox 2298 4771 2361 4840; x_wconf 68' lang='grc' dir='ltr'><strong>Β.</strong></span> <span class='ocrx_word' id='word_1_721' title='bbox 2390 4771 2533 4840; x_wconf 51' lang='grc' dir='ltr'><strong>ώη..</strong></span> <span class='ocrx_word' id='word_1_722' title='bbox 2565 4771 3686 4851; x_wconf 49' lang='grc' dir='ltr'><strong>ηιράίρηιετρνοροιίὶοηαὺὶιθιιιτ-ιῂνεμιςπι.</strong></span> 
     </span>
    </p>
   </div>
   <div class='ocr_carea' id='block_1_103' title="bbox 1400 4852 2529 4930">
    <p class='ocr_par' dir='ltr' id='par_1_103' title="bbox 1400 4852 2529 4930">
     <span class='ocr_line' id='line_1_104' title="bbox 1400 4852 2529 4930; baseline -0.014 -10"><span class='ocrx_word' id='word_1_723' title='bbox 1400 4852 1568 4930; x_wconf 76' lang='lat' dir='ltr'><strong>itates.</strong></span> <span class='ocrx_word' id='word_1_724' title='bbox 1593 4866 1635 4921; x_wconf 94' lang='grc' dir='ltr'><strong>Β</strong></span> <span class='ocrx_word' id='word_1_725' title='bbox 1668 4860 2085 4919; x_wconf 73' lang='lat' dir='ltr'><strong>universalitates</strong></span> <span class='ocrx_word' id='word_1_726' title='bbox 2102 4862 2287 4926; x_wconf 90' lang='lat' dir='ltr'><strong>(punct</strong></span> <span class='ocrx_word' id='word_1_727' title='bbox 2311 4853 2396 4923; x_wconf 67' lang='lat' dir='ltr'><strong>ad}</strong></span> <span class='ocrx_word' id='word_1_728' title='bbox 2424 4852 2529 4922; x_wconf 86' lang='lat' dir='ltr'><strong>B‘).</strong></span> 
     </span>
    </p>
   </div>
   <div class='ocr_carea' id='block_1_104' title="bbox 2690 4630 3686 4703">
    <p class='ocr_par' dir='ltr' id='par_1_104' title="bbox 2690 4630 3686 4703">
     <span class='ocr_line' id='line_1_105' title="bbox 2690 4630 3686 4703; baseline -0.008 -11"><span class='ocrx_word' id='word_1_729' title='bbox 2690 4642 2834 4692; x_wconf 75' lang='lat' dir='ltr'><strong>‘nos</strong></span> <span class='ocrx_word' id='word_1_730' title='bbox 2870 4652 2981 4691; x_wconf 82' lang='lat' dir='ltr'><strong>om.</strong></span> <span class='ocrx_word' id='word_1_731' title='bbox 3030 4634 3095 4698; x_wconf 83' lang='grc' dir='ltr'><strong>Β,</strong></span> <span class='ocrx_word' id='word_1_732' title='bbox 3142 4632 3543 4703; x_wconf 43' lang='grc' dir='ltr'><strong>πιθηξηθάεεῖ.</strong></span> <span class='ocrx_word' id='word_1_733' title='bbox 3595 4630 3686 4685; x_wconf 67' lang='grc' dir='ltr'><strong>Βθ.</strong></span> 
     </span>
    </p>
   </div>
   <div class='ocr_carea' id='block_1_105' title="bbox 2684 4701 3685 4763">
    <p class='ocr_par' dir='ltr' id='par_1_105' title="bbox 2684 4701 3685 4763">
     <span class='ocr_line' id='line_1_106' title="bbox 2684 4701 3685 4763; baseline -0.01 0"><span class='ocrx_word' id='word_1_734' title='bbox 2684 4710 2704 4741; x_wconf 77' lang='grc'>⁸</span> <span class='ocrx_word' id='word_1_735' title='bbox 2725 4708 2768 4762; x_wconf 84' lang='grc' dir='ltr'><strong>Β</strong></span> <span class='ocrx_word' id='word_1_736' title='bbox 2802 4710 2857 4761; x_wconf 79' lang='lat' dir='ltr'><strong>in</strong></span> <span class='ocrx_word' id='word_1_737' title='bbox 2888 4704 3187 4763; x_wconf 77' lang='lat' dir='ltr'><strong>universali.</strong></span> <span class='ocrx_word' id='word_1_738' title='bbox 3262 4701 3281 4735; x_wconf 72' lang='grc'>⁷</span> <span class='ocrx_word' id='word_1_739' title='bbox 3321 4702 3364 4757; x_wconf 87' lang='grc' dir='ltr'><strong>Β</strong></span> <span class='ocrx_word' id='word_1_740' title='bbox 3401 4701 3685 4755; x_wconf 73' lang='lat' dir='ltr'><strong>malorum.</strong></span> 
     </span>
    </p>
   </div>
   <div class='ocr_carea' id='block_1_106' title="bbox 2606 4840 3688 4911">
    <p class='ocr_par' dir='ltr' id='par_1_106' title="bbox 2606 4840 3688 4911">
     <span class='ocr_line' id='line_1_107' title="bbox 2606 4840 3688 4911; baseline -0.013 -8"><span class='ocrx_word' id='word_1_741' title='bbox 2606 4849 2650 4881; x_wconf 86' lang='grc'>¹⁸</span> <span class='ocrx_word' id='word_1_742' title='bbox 2687 4846 2729 4902; x_wconf 86' lang='lat' dir='ltr'><strong>C</strong></span> <span class='ocrx_word' id='word_1_743' title='bbox 2758 4840 3111 4900; x_wconf 70' lang='lat' dir='ltr'><strong>uniuersitates</strong></span> <span class='ocrx_word' id='word_1_744' title='bbox 3141 4852 3195 4896; x_wconf 88' lang='lat' dir='ltr'><strong>et</strong></span> <span class='ocrx_word' id='word_1_745' title='bbox 3221 4840 3688 4911; x_wconf 87' lang='lat' dir='ltr'><strong>particularitates.</strong></span> 
     </span>
    </p>
   </div>
   <div class='ocr_carea' id='block_1_107' title="bbox 437 4925 3694 5040">
    <p class='ocr_par' dir='ltr' id='par_1_107' title="bbox 437 4925 3694 5040">
     <span class='ocr_line' id='line_1_108' title="bbox 437 4925 3694 5040; baseline -0.01 -28"><span class='ocrx_word' id='word_1_746' title='bbox 437 4958 481 4989; x_wconf 77' lang='lat'><strong>&quot;</strong></span> <span class='ocrx_word' id='word_1_747' title='bbox 518 4956 610 5011; x_wconf 89' lang='lat' dir='ltr'><strong>Sic</strong></span> <span class='ocrx_word' id='word_1_748' title='bbox 637 4925 700 5021; x_wconf 57' lang='lat' dir='ltr'><strong>ii;</strong></span> <span class='ocrx_word' id='word_1_749' title='bbox 727 4955 769 5009; x_wconf 82' lang='lat' dir='ltr'><strong>A</strong></span> <span class='ocrx_word' id='word_1_750' title='bbox 790 4956 1084 5026; x_wconf 82' lang='lat' dir='ltr'><strong>participio,</strong></span> <span class='ocrx_word' id='word_1_751' title='bbox 1110 4954 1152 5007; x_wconf 89' lang='grc' dir='ltr'><strong>Β</strong></span> <span class='ocrx_word' id='word_1_752' title='bbox 1172 4954 1445 5040; x_wconf 67' lang='lat' dir='ltr'><strong>participio</strong></span> <span class='ocrx_word' id='word_1_753' title='bbox 1469 4925 1656 5023; x_wconf 76' lang='lat' dir='ltr'><strong>(punct</strong></span> <span class='ocrx_word' id='word_1_754' title='bbox 1674 4949 1780 5019; x_wconf 88' lang='lat' dir='ltr'><strong>adj.</strong></span> <span class='ocrx_word' id='word_1_755' title='bbox 1826 4932 1967 5019; x_wconf 46' lang='lat' dir='ltr'><strong>B&#39;)...</strong></span> <span class='ocrx_word' id='word_1_756' title='bbox 1993 4932 2082 4981; x_wconf 47' lang='lat' dir='ltr'><strong>ﬂ&quot;</strong></span> <span class='ocrx_word' id='word_1_757' title='bbox 2110 4925 2200 5003; x_wconf 90' lang='lat' dir='ltr'><strong>Sic</strong></span> <span class='ocrx_word' id='word_1_758' title='bbox 2240 4944 2305 5011; x_wconf 89' lang='lat' dir='ltr'><strong>C,</strong></span> <span class='ocrx_word' id='word_1_759' title='bbox 2330 4944 2375 4999; x_wconf 78' lang='grc' dir='ltr'><strong>Δ</strong></span> <span class='ocrx_word' id='word_1_760' title='bbox 2400 4939 2674 5013; x_wconf 86' lang='lat' dir='ltr'><strong>participio</strong></span> <span class='ocrx_word' id='word_1_761' title='bbox 2704 4935 2849 5007; x_wconf 89' lang='lat' dir='ltr'><strong>potui</strong></span> <span class='ocrx_word' id='word_1_762' title='bbox 2874 4943 2925 4988; x_wconf 87' lang='lat' dir='ltr'><strong>et</strong></span> <span class='ocrx_word' id='word_1_763' title='bbox 2946 4942 3050 4998; x_wconf 89' lang='lat' dir='ltr'><strong>ate,</strong></span> <span class='ocrx_word' id='word_1_764' title='bbox 3089 4931 3131 4985; x_wconf 88' lang='grc' dir='ltr'><strong>Β</strong></span> <span class='ocrx_word' id='word_1_765' title='bbox 3166 4925 3440 5014; x_wconf 71' lang='lat' dir='ltr'><strong>participio</strong></span> <span class='ocrx_word' id='word_1_766' title='bbox 3466 4926 3613 5015; x_wconf 71' lang='lat' dir='ltr'><strong>potui</strong></span> <span class='ocrx_word' id='word_1_767' title='bbox 3640 4937 3694 4979; x_wconf 87' lang='lat' dir='ltr'><strong>et</strong></span> 
     </span>
    </p>
   </div>
   <div class='ocr_carea' id='block_1_108' title="bbox 435 5037 3691 5159">
    <p class='ocr_par' dir='ltr' id='par_1_108' title="bbox 435 5037 3691 5159">
     <span class='ocr_line' id='line_1_109' title="bbox 435 5037 3691 5159; baseline -0.01 -36"><span class='ocrx_word' id='word_1_768' title='bbox 435 5078 518 5159; x_wconf 67' lang='lat' dir='ltr'><strong>qte</strong></span> <span class='ocrx_word' id='word_1_769' title='bbox 548 5067 736 5138; x_wconf 90' lang='lat' dir='ltr'><strong>(punct</strong></span> <span class='ocrx_word' id='word_1_770' title='bbox 771 5067 879 5138; x_wconf 87' lang='lat' dir='ltr'><strong>adj.</strong></span> <span class='ocrx_word' id='word_1_771' title='bbox 919 5066 1026 5137; x_wconf 77' lang='lat' dir='ltr'><strong>B‘).</strong></span> <span class='ocrx_word' id='word_1_772' title='bbox 1108 5065 1152 5096; x_wconf 77' lang='lat'>&quot;</span> <span class='ocrx_word' id='word_1_773' title='bbox 1192 5063 1236 5117; x_wconf 87' lang='grc' dir='ltr'><strong>Β</strong></span> <span class='ocrx_word' id='word_1_774' title='bbox 1276 5073 1360 5152; x_wconf 67' lang='lat' dir='ltr'><strong>est</strong></span> <span class='ocrx_word' id='word_1_775' title='bbox 1390 5037 1598 5137; x_wconf 35' lang='lat' dir='ltr'><strong>-(pttnet</strong></span> <span class='ocrx_word' id='word_1_776' title='bbox 1624 5060 1733 5130; x_wconf 78' lang='lat' dir='ltr'><strong>adj.</strong></span> <span class='ocrx_word' id='word_1_777' title='bbox 1765 5058 1873 5131; x_wconf 83' lang='lat' dir='ltr'><strong>B‘).</strong></span> <span class='ocrx_word' id='word_1_778' title='bbox 1951 5058 1994 5091; x_wconf 83' lang='grc'><strong>¹¹¹</strong></span> <span class='ocrx_word' id='word_1_779' title='bbox 2034 5058 2430 5131; x_wconf 86' lang='lat' dir='ltr'><strong>participatione</strong></span> <span class='ocrx_word' id='word_1_780' title='bbox 2448 5070 2566 5109; x_wconf 90' lang='lat' dir='ltr'><strong>om.</strong></span> <span class='ocrx_word' id='word_1_781' title='bbox 2602 5052 2661 5107; x_wconf 89' lang='grc' dir='ltr'><strong>Β.</strong></span> <span class='ocrx_word' id='word_1_782' title='bbox 2700 5049 2813 5104; x_wconf 81' lang='grc' dir='ltr'><strong>¹⁸Β</strong></span> <span class='ocrx_word' id='word_1_783' title='bbox 2839 5062 2980 5102; x_wconf 88' lang='lat' dir='ltr'><strong>corr.</strong></span> <span class='ocrx_word' id='word_1_784' title='bbox 2998 5043 3357 5100; x_wconf 81' lang='lat' dir='ltr'><strong>intellectibus.</strong></span> <span class='ocrx_word' id='word_1_785' title='bbox 3431 5042 3477 5074; x_wconf 78' lang='grc'><strong>¹¹</strong></span> <span class='ocrx_word' id='word_1_786' title='bbox 3517 5039 3611 5093; x_wconf 89' lang='lat' dir='ltr'><strong>Sic</strong></span> <span class='ocrx_word' id='word_1_787' title='bbox 3626 5037 3691 5101; x_wconf 91' lang='lat' dir='ltr'><strong>C,</strong></span> 
     </span>
    </p>
   </div>
   <div class='ocr_carea' id='block_1_109' title="bbox 435 5147 3694 5244">
    <p class='ocr_par' dir='ltr' id='par_1_109' title="bbox 435 5147 3694 5244">
     <span class='ocr_line' id='line_1_110' title="bbox 435 5147 3694 5244; baseline -0.01 -9"><span class='ocrx_word' id='word_1_788' title='bbox 435 5147 491 5235; x_wconf 68' lang='lat' dir='ltr'><strong>et</strong></span> <span class='ocrx_word' id='word_1_789' title='bbox 504 5196 646 5235; x_wconf 88' lang='lat' dir='ltr'><strong>corr.</strong></span> <span class='ocrx_word' id='word_1_790' title='bbox 675 5174 762 5242; x_wconf 81' lang='lat' dir='ltr'><strong>B‘,</strong></span> <span class='ocrx_word' id='word_1_791' title='bbox 785 5178 873 5232; x_wconf 83' lang='lat' dir='ltr'><strong>AB</strong></span> <span class='ocrx_word' id='word_1_792' title='bbox 894 5179 1047 5231; x_wconf 85' lang='lat' dir='ltr'><strong>sicut.</strong></span> <span class='ocrx_word' id='word_1_793' title='bbox 1147 5176 1193 5208; x_wconf 83' lang='grc'><strong>¹⁰</strong></span> <span class='ocrx_word' id='word_1_794' title='bbox 1232 5147 1598 5244; x_wconf 44' lang='grc' dir='ltr'><strong>Β-ιίέπῑηὶιωη.</strong></span> <span class='ocrx_word' id='word_1_795' title='bbox 1675 5172 1735 5244; x_wconf 48' lang='grc'><strong>’[³-</strong></span> <span class='ocrx_word' id='word_1_796' title='bbox 1757 5169 1901 5244; x_wconf 76' lang='lat' dir='ltr'><strong>prius</strong></span> <span class='ocrx_word' id='word_1_797' title='bbox 1934 5170 2158 5244; x_wconf 82' lang='lat' dir='ltr'><strong>om._A.</strong></span> <span class='ocrx_word' id='word_1_798' title='bbox 2185 5169 2529 5244; x_wconf 75' lang='lat' dir='ltr'><strong>__&quot;_quaeque</strong></span> <span class='ocrx_word' id='word_1_799' title='bbox 2564 5159 2762 5244; x_wconf 59' lang='lat' dir='ltr'><strong>om._B.</strong></span> <span class='ocrx_word' id='word_1_800' title='bbox 2799 5238 2809 5244; x_wconf 28' lang='grc' dir='ltr'><strong><em>Α</em></strong></span> <span class='ocrx_word' id='word_1_801' title='bbox 2839 5157 2887 5192; x_wconf 78' lang='grc'><strong>⁸⁸</strong></span> <span class='ocrx_word' id='word_1_802' title='bbox 2920 5155 3171 5244; x_wconf 52' lang='lat' dir='ltr'><strong>Audi&#39;qini</strong></span> <span class='ocrx_word' id='word_1_803' title='bbox 3193 5152 3408 5244; x_wconf 51' lang='lat' dir='ltr'><strong>ruentis:</strong></span> <span class='ocrx_word' id='word_1_804' title='bbox 3433 5147 3694 5244; x_wconf 37' lang='lat' dir='ltr'><strong>(lingu-tis</strong></span> 
     </span>
    </p>
   </div>
   <div class='ocr_carea' id='block_1_110' title="bbox 437 5218 3693 5312">
    <p class='ocr_par' dir='ltr' id='par_1_110' title="bbox 437 5218 3693 5312">
     <span class='ocr_line' id='line_1_111' title="bbox 437 5218 3693 5312; baseline -0.01 -10"><span class='ocrx_word' id='word_1_805' title='bbox 738 5218 981 5307; x_wconf 48' lang='lat' dir='ltr'><strong>aitSic-.0.</strong></span> <span class='ocrx_word' id='word_1_806' title='bbox 1078 5243 1194 5299; x_wconf 87' lang='lat' dir='ltr'><strong>rad.</strong></span> <span class='ocrx_word' id='word_1_807' title='bbox 1225 5218 1386 5298; x_wconf 73' lang='lat' dir='ltr'><strong>corr.&quot;</strong></span> <span class='ocrx_word' id='word_1_808' title='bbox 1397 5244 1615 5312; x_wconf 87' lang='lat' dir='ltr'><strong>primae.</strong></span> <span class='ocrx_word' id='word_1_809' title='bbox 1690 5240 1737 5271; x_wconf 80' lang='lat'><em>“</em></span> <span class='ocrx_word' id='word_1_810' title='bbox 1757 5218 1884 5312; x_wconf 36' lang='lat' dir='ltr'><strong>Tsuis</strong></span> <span class='ocrx_word' id='word_1_811' title='bbox 1913 5253 2023 5312; x_wconf 71' lang='lat' dir='ltr'><strong>oin.</strong></span> <span class='ocrx_word' id='word_1_812' title='bbox 2046 5218 2157 5293; x_wconf 45' lang='lat' dir='ltr'><strong>B.“</strong></span> <span class='ocrx_word' id='word_1_813' title='bbox 2182 5236 2250 5312; x_wconf 44' lang='lat'><strong>&#39;1</strong></span> <span class='ocrx_word' id='word_1_814' title='bbox 2268 5218 2626 5312; x_wconf 40' lang='lat' dir='ltr'><strong>B:rad.&#39;hcorr.</strong></span> <span class='ocrx_word' id='word_1_815' title='bbox 2655 5234 2887 5311; x_wconf 71' lang='lat' dir='ltr'><strong>virtutes.</strong></span> <span class='ocrx_word' id='word_1_816' title='bbox 3048 5224 3088 5277; x_wconf 83' lang='grc' dir='ltr'><strong>Β</strong></span> <span class='ocrx_word' id='word_1_817' title='bbox 3121 5223 3255 5312; x_wconf 35' lang='lat' dir='ltr'><strong>rati}:</strong></span> <span class='ocrx_word' id='word_1_818' title='bbox 3281 5218 3693 5312; x_wconf 42' lang='lat' dir='ltr'><strong>coir._pt‘ediae.</strong></span> 
     </span>
    </p>
   </div>
   <div class='ocr_carea' id='block_1_111' title="bbox 436 5288 3692 5390">
    <p class='ocr_par' dir='ltr' id='par_1_111' title="bbox 436 5288 3692 5390">
     <span class='ocr_line' id='line_1_112' title="bbox 436 5288 3692 5390; baseline 0.001 -19"><span class='ocrx_word' id='word_1_819' title='bbox 436 5288 706 5375; x_wconf 52' lang='lat' dir='ltr'><strong>Nam.</strong></span> <span class='ocrx_word' id='word_1_820' title='bbox 736 5288 1194 5375; x_wconf 56' lang='lat' dir='ltr'><strong>conisu-ss.“</strong></span> <span class='ocrx_word' id='word_1_821' title='bbox 1219 5288 1662 5381; x_wconf 58' lang='lat' dir='ltr'><strong>:»&quot;&#39;s&#39;.s.&quot;;;.&quot;.&#39;.&#39;g.</strong></span> <span class='ocrx_word' id='word_1_822' title='bbox 1706 5288 1883 5363; x_wconf 63' lang='lat' dir='ltr'><strong>asa:</strong></span> <span class='ocrx_word' id='word_1_823' title='bbox 1920 5288 2131 5362; x_wconf 58' lang='lat' dir='ltr'><strong>una.</strong></span> <span class='ocrx_word' id='word_1_824' title='bbox 2209 5288 2383 5361; x_wconf 63' lang='lat' dir='ltr'><strong>&quot;sic</strong></span> <span class='ocrx_word' id='word_1_825' title='bbox 2404 5288 2517 5369; x_wconf 56' lang='lat' dir='ltr'><strong>ac,</strong></span> <span class='ocrx_word' id='word_1_826' title='bbox 2562 5301 2602 5355; x_wconf 71' lang='grc' dir='ltr'><strong>θ</strong></span> <span class='ocrx_word' id='word_1_827' title='bbox 2623 5299 2950 5390; x_wconf 46' lang='lat' dir='ltr'><strong>auri-orum</strong></span> <span class='ocrx_word' id='word_1_828' title='bbox 2982 5295 3168 5367; x_wconf 77' lang='grc' dir='ltr'><strong>(ρυιιει</strong></span> <span class='ocrx_word' id='word_1_829' title='bbox 3193 5290 3255 5345; x_wconf 61' lang='grc' dir='ltr'><strong>θ’</strong></span> <span class='ocrx_word' id='word_1_830' title='bbox 3290 5289 3396 5359; x_wconf 50' lang='lat' dir='ltr'><strong>aut.</strong></span> <span class='ocrx_word' id='word_1_831' title='bbox 3432 5288 3692 5357; x_wconf 43' lang='lat' dir='ltr'><strong>videtur).</strong></span> 
     </span>
    </p>
   </div>
   <div class='ocr_carea' id='block_1_112' title="bbox 439 5390 3357 5483">
    <p class='ocr_par' dir='ltr' id='par_1_112' title="bbox 439 5390 3357 5483">
     <span class='ocr_line' id='line_1_113' title="bbox 439 5390 3357 5483; baseline 0.004 -13"><span class='ocrx_word' id='word_1_832' title='bbox 439 5416 481 5448; x_wconf 76' lang='lat'><strong>&quot;</strong></span> <span class='ocrx_word' id='word_1_833' title='bbox 523 5415 673 5483; x_wconf 60' lang='grc' dir='ltr'><strong>(ζου).</strong></span> <span class='ocrx_word' id='word_1_834' title='bbox 700 5453 716 5478; x_wconf 93' lang='grc'><em>,</em></span> <span class='ocrx_word' id='word_1_835' title='bbox 762 5414 849 5466; x_wconf 80' lang='grc' dir='ltr'><strong>ΑΒ</strong></span> <span class='ocrx_word' id='word_1_836' title='bbox 887 5414 940 5466; x_wconf 89' lang='lat' dir='ltr'><strong>in</strong></span> <span class='ocrx_word' id='word_1_837' title='bbox 972 5410 1223 5481; x_wconf 77' lang='lat' dir='ltr'><strong>profetica</strong></span> <span class='ocrx_word' id='word_1_838' title='bbox 1957 5471 2121 5483; x_wconf 54' lang='lat' dir='ltr'><strong>mm</strong></span> <span class='ocrx_word' id='word_1_839' title='bbox 2149 5471 2182 5483; x_wconf 60' lang='grc' dir='ltr'><strong><em>η</em></strong></span> <span class='ocrx_word' id='word_1_840' title='bbox 3352 5390 3357 5395; x_wconf 13' lang='grc' dir='ltr'><strong><em>ἢ</em></strong></span> 
     </span>
    </p>
   </div>
   <div class='ocr_carea' id='block_1_113' title="bbox 1957 5471 3584 5539">
    <p class='ocr_par' dir='ltr' id='par_1_113' title="bbox 1957 5471 3584 5539">
     <span class='ocr_line' id='line_1_114' title="bbox 1957 5471 3584 5539; baseline 0.008 -13"><span class='ocrx_word' id='word_1_841' title='bbox 1957 5471 2203 5527; x_wconf 74' lang='lat' dir='ltr'><strong>NOTAE.</strong></span> <span class='ocrx_word' id='word_1_842' title='bbox 2459 5535 2485 5539; x_wconf 39' lang='grc' dir='ltr'><strong>λ</strong></span> <span class='ocrx_word' id='word_1_843' title='bbox 2622 5533 2667 5539; x_wconf 83' lang='lat'><strong>__</strong></span> <span class='ocrx_word' id='word_1_844' title='bbox 2798 5528 2838 5539; x_wconf 82' lang='grc'><strong>,,</strong></span> <span class='ocrx_word' id='word_1_845' title='bbox 3041 5524 3053 5539; x_wconf 93' lang='grc'><strong>.</strong></span> <span class='ocrx_word' id='word_1_846' title='bbox 3356 5516 3584 5539; x_wconf 53' lang='grc' dir='ltr'><strong>---η-τηε</strong></span> 
     </span>
    </p>
   </div>
   <div class='ocr_carea' id='block_1_114' title="bbox 490 5524 3700 5617">
    <p class='ocr_par' dir='ltr' id='par_1_114' title="bbox 490 5524 3700 5617">
     <span class='ocr_line' id='line_1_115' title="bbox 490 5524 3700 5617; baseline -0.007 -24"><span class='ocrx_word' id='word_1_847' title='bbox 490 5568 512 5593; x_wconf 67' lang='lat' dir='ltr'><strong>a</strong></span> <span class='ocrx_word' id='word_1_848' title='bbox 539 5554 630 5607; x_wconf 89' lang='lat' dir='ltr'><strong>Sic</strong></span> <span class='ocrx_word' id='word_1_849' title='bbox 650 5555 715 5617; x_wconf 78' lang='lat' dir='ltr'><strong>A;</strong></span> <span class='ocrx_word' id='word_1_850' title='bbox 732 5552 985 5606; x_wconf 73' lang='lat' dir='ltr'><strong>Blitteris</strong></span> <span class='ocrx_word' id='word_1_851' title='bbox 1006 5549 1242 5603; x_wconf 89' lang='lat' dir='ltr'><strong>miniatis</strong></span> <span class='ocrx_word' id='word_1_852' title='bbox 1260 5566 1271 5600; x_wconf 89' lang='lat'>:</span> <span class='ocrx_word' id='word_1_853' title='bbox 1292 5545 1590 5616; x_wconf 84' lang='lat' dir='ltr'><strong>Capitulum</strong></span> <span class='ocrx_word' id='word_1_854' title='bbox 1609 5524 2033 5617; x_wconf 21' lang='lat' dir='ltr'><strong>tertiodec&#39;mnm‘</strong></span> <span class='ocrx_word' id='word_1_855' title='bbox 2062 5524 2081 5526; x_wconf 12' lang='grc' dir='ltr'><strong>Β</strong></span> <span class='ocrx_word' id='word_1_856' title='bbox 2116 5524 2185 5617; x_wconf 64' lang='grc' dir='ltr'><strong>Βξ</strong></span> <span class='ocrx_word' id='word_1_857' title='bbox 2207 5540 2366 5617; x_wconf 80' lang='lat' dir='ltr'><strong>verba</strong></span> <span class='ocrx_word' id='word_1_858' title='bbox 2392 5554 2423 5590; x_wconf 88' lang='lat' dir='ltr'><strong>a</strong></span> <span class='ocrx_word' id='word_1_859' title='bbox 2448 5524 3333 5617; x_wconf 41' lang='lat' dir='ltr'><strong>Seruauit—{satas</strong></span> <span class='ocrx_word' id='word_1_860' title='bbox 3346 5524 3700 5617; x_wconf 38' lang='lat' dir='ltr'><strong>magnaque</strong></span> 
     </span>
    </p>
   </div>
   <div class='ocr_carea' id='block_1_115' title="bbox 441 5595 3536 5688">
    <p class='ocr_par' dir='ltr' id='par_1_115' title="bbox 441 5595 3536 5688">
     <span class='ocr_line' id='line_1_116' title="bbox 441 5595 3536 5688; baseline -0.013 -11"><span class='ocrx_word' id='word_1_861' title='bbox 441 5625 526 5688; x_wconf 62' lang='grc' dir='ltr'><strong>(ις’</strong></span> <span class='ocrx_word' id='word_1_862' title='bbox 561 5595 863 5676; x_wconf 75' lang='lat' dir='ltr'><strong>atramento</strong></span> <span class='ocrx_word' id='word_1_863' title='bbox 888 5637 968 5676; x_wconf 79' lang='lat' dir='ltr'><strong>cm</strong></span> <span class='ocrx_word' id='word_1_864' title='bbox 990 5637 1031 5672; x_wconf 92' lang='lat' dir='ltr'><strong>r.</strong></span> <span class='ocrx_word' id='word_1_865' title='bbox 1060 5595 1525 5688; x_wconf 51' lang='lat' dir='ltr'><strong>duodecimﬁzujus</strong></span> <span class='ocrx_word' id='word_1_866' title='bbox 1550 5614 1730 5688; x_wconf 83' lang='lat' dir='ltr'><strong>titulus</strong></span> <span class='ocrx_word' id='word_1_867' title='bbox 1752 5630 1770 5667; x_wconf 90' lang='lat'><strong><em>:</em></strong></span> <span class='ocrx_word' id='word_1_868' title='bbox 1792 5613 1966 5688; x_wconf 73' lang='lat' dir='ltr'><strong>Quare</strong></span> <span class='ocrx_word' id='word_1_869' title='bbox 1989 5629 2021 5662; x_wconf 82' lang='grc' dir='ltr'><em>α</em></span> <span class='ocrx_word' id='word_1_870' title='bbox 2122 5595 2298 5665; x_wconf 81' lang='lat' dir='ltr'><strong>adscr.</strong></span> <span class='ocrx_word' id='word_1_871' title='bbox 2330 5611 2461 5662; x_wconf 81' lang='lat' dir='ltr'><strong>haec</strong></span> <span class='ocrx_word' id='word_1_872' title='bbox 2486 5624 2497 5658; x_wconf 86' lang='lat'>:</span> <span class='ocrx_word' id='word_1_873' title='bbox 2531 5595 2795 5659; x_wconf 80' lang='lat' dir='ltr'><strong>hominum</strong></span> <span class='ocrx_word' id='word_1_874' title='bbox 2818 5595 3050 5652; x_wconf 85' lang='lat' dir='ltr'><strong>ierarche</strong></span> <span class='ocrx_word' id='word_1_875' title='bbox 3076 5602 3322 5647; x_wconf 75' lang='lat' dir='ltr'><strong>vocantur</strong></span> <span class='ocrx_word' id='word_1_876' title='bbox 3343 5595 3536 5657; x_wconf 76' lang='lat' dir='ltr'><strong>ungeti.</strong></span> 
     </span>
    </p>
   </div>
   <div class='ocr_carea' id='block_1_116' title="bbox 444 5681 2015 5762">
    <p class='ocr_par' dir='ltr' id='par_1_116' title="bbox 444 5681 2015 5762">
     <span class='ocr_line' id='line_1_117' title="bbox 444 5681 2015 5762; baseline -0.011 -15"><span class='ocrx_word' id='word_1_877' title='bbox 444 5681 720 5762; x_wconf 53' lang='lat' dir='ltr'><strong>Seraphitn</strong></span> <span class='ocrx_word' id='word_1_878' title='bbox 768 5690 961 5744; x_wconf 85' lang='lat' dir='ltr'><strong>dicitur</strong></span> <span class='ocrx_word' id='word_1_879' title='bbox 997 5698 1250 5759; x_wconf 71' lang='lat' dir='ltr'><strong>purgatus</strong></span> <span class='ocrx_word' id='word_1_880' title='bbox 1306 5681 1465 5755; x_wconf 74' lang='lat' dir='ltr'><strong>fuisse</strong></span> <span class='ocrx_word' id='word_1_881' title='bbox 1516 5686 1764 5755; x_wconf 77' lang='lat' dir='ltr'><strong>propheta</strong></span> <span class='ocrx_word' id='word_1_882' title='bbox 1818 5681 2015 5733; x_wconf 77' lang='lat' dir='ltr'><strong>i&#39;suias.</strong></span> 
     </span>
    </p>
   </div>
  </div>
