3952 6156
291 289 400 354 953

845 298 1336 360 EXI’OSITIONES
1376 306 1601 362 SUPER
1640 308 2056 365 IERARCHIAM
2091 310 2496 369 CAELESTEM
2535 316 2593 370 S.
2632 313 2965 371 DIONYSHI-

3540 349 3558 364 λ.

292 413 708 481 similitudinem,
749 429 1000 488 quantum
1056 421 1298 490 possibile
1341 423 1655 490 hominibus,
1683 435 1862 480 exten-
1888 430 1937 488 Α
1965 426 2358 485 tellectualibus
2403 437 2459 484 et
2495 430 2843 486 rationalibus
2884 431 3081 486 animis
3119 447 3170 485 Ill
3201 446 3259 486 se
3305 433 3523 487 univer-

292 516 426 557 sum.
456 502 535 569 Si,
567 505 757 574 inquit,
791 494 980 563 omnes
1027 511 1189 569 divini
1222 513 1389 567 animi
1441 515 1555 569 sive
1604 515 1863 571 caelestes

294 593 408 647 sive
452 593 672 648 humani
726 599 1103 665 communiter,
1127 604 1375 671 quamvis
1404 620 1508 658 non
1539 605 1862 673 aequaliter,

294 679 347 732 in
378 682 792 752 participatione
851 687 1147 755 sapientiae
1197 699 1254 745 et
1308 692 1564 747 scientiae
1590 693 1863 746 substituti

290 776 440 832 sunt,
466 786 572 825 non
588 782 675 826 est
702 773 1087 843 inordinatum,
1116 779 1159 833 si
1184 795 1425 836 summus
1448 781 1700 838 sacerdos
1722 782 1864 852 apud
1930 798 1934 802 ·

291 870 396 912 nos
431 861 654 930 angelus
695 863 1072 933 dicaturjuxta
1098 885 1248 924 suam
1280 872 1554 938 virtutem,
1580 888 1686 943 qua
1737 888 1864 942 par-

292 950 486 1018 ticipat
502 953 868 1023 prophetieam
896 958 1204 1026 angelorum
1227 964 1628 1030 proprietatem,
1652 972 1707 1018 et
1726 978 1831 1034 qua
1847 963 1864 994 ⁸

290 1047 607 1099 extenditur
652 1048 718 1101 ad
762 1051 1155 1107 manifestivam
1199 1055 1604 1112 similitudinem
1645 1072 1865 1121 eorum,

294 1140 561 1202 quantum
580 1140 836 1207 possibile
856 1152 938 1197 est
956 1142 1180 1199 homini.
1207 1145 1277 1200 Ut
1303 1131 1445 1200 enim
1475 1146 1680 1200 homini
1700 1147 1723 1179 ¹
1748 1160 1871 1217 pro-

293 1224 493 1292 phetae
540 1237 667 1280 sunt
720 1244 1054 1287 summorum
1100 1234 1270 1304 angeli
1318 1234 1339 1267 ⁸
1378 1236 1738 1300 sacerdotum,
1797 1237 1871 1292 ita

296 1316 494 1369 summi
526 1319 834 1374 sacerdotes
876 1321 1120 1379 homines
1158 1324 1472 1380 inferiorum
1499 1342 1556 1382 se
1577 1328 1871 1397 prophetae

297 1416 427 1461 sunt
453 1407 475 1438 ⁸
501 1408 997 1467 eerlesiasticorum
1036 1416 1306 1469 ordinum.
1329 1415 1395 1470 Et
1421 1417 1871 1485 quemadmodum

298 1499 474 1569 angeli
523 1501 703 1555 divina
754 1506 1010 1575 mysteria
1052 1509 1278 1563 summis
1296 1508 1668 1563 Sacerdotibus
1697 1510 1873 1564 mani-

299 1585 519 1652 feStant,
552 1589 603 1644 id
633 1601 717 1645 est
745 1595 1086 1657 annuntiant,
1117 1597 1304 1650 eodeni
1334 1597 1684 1655 similitudine
1727 1613 1875 1653 sum-

300 1677 371 1730 mi
401 1677 425 1708 ⁸
452 1681 765 1736 sacerdotes
794 1684 982 1738 eadem
1023 1687 1282 1755 mysteria
1312 1686 1665 1744 inferioribus
1695 1704 1754 1744 se
1774 1705 1873 1747 an-

302 1766 553 1820 nuntiare
581 1784 686 1822 non
707 1781 941 1827 cessant.

370 1853 400 1925 §
435 1852 492 1911 3.
518 1855 761 1912 Invenies
777 1872 972 1925 autem,
999 1865 1121 1933 quia
1136 1875 1184 1919 et
1220 1867 1342 1921 deos
1369 1866 1623 1938 theologia
1647 1877 1791 1923 vocat
1826 1878 1875 1923 et

302 1945 549 2000 caelestes
562 1957 610 2001 et
635 1966 887 2019 supernas
904 1953 925 1983 ⁸
942 1957 1191 2009 essentias
1203 1968 1250 2010 et
1264 1958 1403 2027 apud
1424 1975 1516 2013 nos
1533 1960 1878 2014 amicissimos

302 2032 400 2087 Dei
449 2046 498 2089 et
541 2038 808 2092 mirabiles
837 2043 993 2097 viros.
1023 2042 1137 2099 Non
1168 2047 1385 2111 mirum,
1420 2048 1613 2116 inquit,
1643 2050 1687 2103 si
1729 2064 1877 2104 sum-

304 2137 452 2176 mum
484 2127 823 2182 sacerdotem
855 2131 1117 2203 theologia
1157 2135 1404 2205 angelum
1452 2137 1543 2191 Dei
1584 2139 1874 2203 vocaverit,

306 2215 429 2281 quia
460 2216 706 2273 invenies
732 2222 961 2276 eandem
992 2223 1314 2295 theologiam
1358 2228 1485 2281 deos
1527 2243 1721 2284 vocare
1761 2244 1882 2285 cae-

308 2300 468 2357 lestes
488 2310 758 2363 essentias
786 2318 841 2364 et
869 2310 1136 2378 homines,
1167 2316 1293 2383 quia
1319 2317 1478 2371 amici
1514 2317 1609 2371 Dei
1637 2328 1782 2373 sunt.
1823 2316 1881 2374 Si

310 2409 439 2466 ergo
464 2397 716 2453 homines
749 2400 823 2454 dii
849 2413 1130 2467 vocantur,
1156 2405 1285 2474 quid
1309 2407 1525 2471 mirum,
1553 2408 1597 2462 si
1636 2408 1886 2463 dicantur

310 2487 503 2539 summi
526 2490 839 2544 sacerdotes
885 2492 1101 2562 angeli?
1127 2494 1194 2548 Et
1216 2496 1423 2565 quidem
1453 2498 1473 2529 "
1502 2498 1678 2552 divina
1704 2500 1884 2553 absono

311 2577 464 2629 ritate
483 2577 506 2609 ⁸
526 2583 1029 2648 superessentialiter
1065 2587 1222 2639 simul
1245 2589 1482 2642 omnibus
1516 2598 1564 2644 et
1589 2600 1785 2644 remota
1838 2601 1886 2645 et

310 2668 724 2734 supercollocota
762 2688 941 2725 eorum
973 2673 1166 2746 ’,φατε
1190 2686 1330 2741 sunt,
1356 2678 1556 2731 nullum
1592 2680 1760 2733 simile
1803 2696 1889 2734 va-

311 2757 380 2810 lct
403 2761 610 2829 proprie
631 2771 680 2814 et
726 2764 934 2817 omnino
964 2764 1008 2796 ⁸ο
1038 2766 1101 2818 ab
1143 2784 1203 2821 ea
1235 2767 1275 2800 “
1299 2770 1576 2823 nominari.
1605 2770 1667 2824 lnr
1685 2779 1889 2826 tantum

314 2851 460 2902 enim
479 2852 658 2905 divina
694 2854 904 2908 bonitas
923 2857 1132 2911 occulta
1147 2866 1230 2912 est
1246 2867 1299 2912 et
1326 2859 1608 2916 invisibilis
1627 2870 1682 2915 et
1706 2876 1894 2931 super-

312 2941 622 2997 essentialis
669 2953 725 2996 et
780 2946 847 2999 ab
903 2947 1156 3001 omnibus
1189 2957 1415 3013 remota,
1450 2957 1506 3002 ut
1553 2949 1758 3003 nullum
1789 2950 1894 3004 sibi

316 3032 496 3087 simile
517 3033 607 3097 sit,
639 3036 784 3102 quod
829 3037 897 3090 ab
953 3052 1015 3091 ea
1058 3040 1275 3109 proprie
1310 3034 1485 3095 valeat
1533 3040 1890 3106 denominari,

317 3133 376 3175 ut
400 3123 549 3179 Deus
579 3128 794 3194 proprie
814 3137 908 3181 aut
942 3130 1152 3185 bonitas
1184 3141 1276 3185 aut
1302 3133 1501 3188 veritas
1530 3134 1760 3189 dicatur.
1799 3133 1894 3189 Ve-

319 3228 615 3269 rumtamen
645 3235 979 3289 quaecunque
1005 3222 1047 3253 ¹²
1070 3233 1116 3275 et
1145 3222 1568 3278 intellectualium
1591 3236 1637 3280 et
1662 3226 1896 3280 rationa-

317 3303 452 3355 lium
482 3305 552 3357 ad
580 3308 826 3361 unitatem
878 3307 922 3342 "
944 3310 1057 3378 ejus
1086 3311 1459 3384 qualiscunque
1488 3314 1533 3345 “
1564 3315 1728 3369 virtus
1778 3316 1896 3369 uni-

318 3396 592 3449 rersaliter
644 3401 983 3465 convertitur,
1011 3411 1059 3455 et
1114 3404 1183 3455 ad
1228 3403 1431 3458 divinas
1470 3404 1897 3472 illuminationes,

320 3496 577 3553 quantum
606 3488 850 3555 possibile
880 3491 945 3555 ³⁸,
973 3492 1349 3547 incessabiliter
1373 3495 1689 3560 extenditur,
1717 3513 1901 3550 secun-

320 3576 449 3626 dum
468 3578 730 3642 virtutem,
756 3580 801 3633 si
809 3580 1014 3648 justum
1040 3592 1112 3635 est
1137 3582 1181 3615 ¹⁶
1201 3583 1392 3650 dicere,
1421 3585 1596 3638 divina
1619 3585 1903 3639 imitatione

324 3675 371 3718 et
400 3666 578 3719 divina
602 3670 957 3725 univocatione
981 3671 1023 3703 ¹⁷
1049 3672 1206 3743 digna
1234 3673 1375 3749 facta
1400 3683 1496 3727 est.
1525 3673 1799 3740 Quamvis,
1822 3675 1903 3757 ξιξ

324 3759 470 3825 quit,
506 3757 687 3811 divina
741 3760 1078 3816 invisibilitas
1114 3763 1476 3831 superexaltet
1526 3763 1737 3829 omnia,
1772 3772 1830 3817 ut
1857 3764 1902 3796 ⁸⁸

326 3847 473 3899 nulla
499 3858 750 3903 creatura
776 3852 843 3905 ab
874 3866 935 3905 ea
970 3853 1184 3922 proprie
1216 3852 1396 3907 valeat
1431 3855 1786 3919 denominari,
1811 3868 1906 3908 ve—

329 3947 635 3992 rumtamen
664 3953 1018 4010 quaecunque
1041 3951 1097 3996 et
1126 3943 1513 4014 qualiscunque
1545 3945 1715 3999 virtus
1743 3943 1903 3999 intel-

331 4025 577 4083 lectualis
615 4039 669 4084 et
703 4031 982 4086 rationalis
1017 4033 1086 4086 ad
1111 4033 1365 4088 unitatem
1391 4034 1506 4105 ejus
1532 4036 1907 4091 universaliter

328 4120 687 4183 convertitur,
714 4131 768 4174 et
796 4122 861 4176 ad
880 4122 1297 4178 illuminationes
1318 4122 1455 4191 ejus,
1472 4133 1732 4195 quantum
1755 4142 1908 4181 crea-

335 4220 491 4263 tnrae
518 4213 770 4279 possibile
793 4215 955 4280 “est,
988 4216 1353 4272 indesinenter
1366 4217 1690 4292 extenditur,
1721 4234 1910 4274 secun-

331 4303 463 4353 dum
491 4318 642 4357 suam
669 4305 948 4370 virtutem,
967 4307 1010 4360 si
1035 4305 1117 4361 l'as
1139 4316 1226 4361 est
1243 4308 1442 4372 dicere,
1476 4309 1631 4380 digna
1662 4309 1800 4363 facta
1828 4320 1912 4365 est

333 4393 518 4445 divina
573 4395 871 4451 imitatione
921 4407 976 4452 et
1016 4399 1192 4452 divina
1214 4399 1610 4464 univocatione,
1659 4402 1759 4456 hoc
1802 4410 1882 4455 est

334 4484 517 4537 divina
568 4484 919 4543 similitudine
973 4497 1027 4542 et
1086 4488 1269 4542 divino
1329 4489 1564 4544 nomine.
1619 4489 1908 4546 lnel’fabilis

336 4574 605 4643 siquidem
660 4578 871 4632 divinae
930 4578 1185 4634 bonitatis
1239 4578 1453 4649 largitas
1508 4581 1757 4636 omnibus
1822 4582 1905 4636 in-

1891 4441 1988 4502 ’D

1964 517 2147 572 saliter
2173 518 2446 573 conversis
2467 525 2523 573 et
2555 520 2756 588 absque
2804 520 3202 575 intermissione
3221 521 3453 576 extentis
3480 521 3526 555 ”

1963 617 2017 661 et
2077 608 2478 663 similitudinem
2539 625 2691 664 suam
2740 611 3042 681 imperiitur
3083 621 3139 666 et
3187 612 3524 667 vocabulum.

2396 732 3090 803 CAPITULUM‘XIH.

2472 852 2637 921 Cujus
2667 854 2853 909 titulus
2879 865 2961 911 est
2984 873 2998 909 :

2040 961 2215 1027 Quare
2240 979 2272 1017 a
2302 960 2574 1036 Seraphim
2828 975 3076 1075 ptzgatus
3101 969 3261 1038 fuisse
3286 970 3537 1039 propheta

2669 1051 2810 1087 satas
2833 1051 2859 1075 ⁸³
2881 1051 2945 1088 ’⁸.

2039 1143 2075 1214 ᾗ
2131 1184 2144 1197 .
2162 1148 2286 1213 Age,
2314 1145 2476 1199 ethoc
2500 1146 2784 1199 secundum
2809 1148 3046 1200 virtutem
3067 1148 3426 1216 inspiciamus,
3449 1159 3538 1203 ut-

1970 1232 2097 1302 quid
2121 1249 2151 1285 a
2182 1232 2429 1301 theologis
2461 1231 2729 1300 Seraphin:
2761 1235 2949 1286 missus
2972 1232 3131 1302 fuisse
3146 1235 3372 1288 dicatur.
3402 1235 3536 1305 Ago,

1972 1322 2163 1392 inquit,
2189 1322 2328 1390 quod
2358 1324 2407 1354 "
2445 1332 2663 1376 nostrae
2687 1322 3031 1392 disputationi
3060 1322 3216 1390 objiei
3267 1331 3464 1391 potest,
3494 1323 3539 1378 si

1975 1416 2205 1471 humana
2234 1415 2497 1470 ierarebia
2527 1430 2622 1484 per
2662 1416 3011 1469 novissimum
3061 1415 3309 1469 ordinem
3363 1415 3541 1470 caele—

1975 1505 2136 1560 stium
2161 1504 2436 1568 virtntum,
2459 1505 2548 1574 qui
2567 1504 2777 1573 proprie
2798 1502 3072 1573 angelicas
3092 1511 3336 1566 vocatur,
3361 1503 3543 1572 dispo-
3568 1532 3575 1538 -

1977 1597 2142 1660 nitur,
2175 1603 2235 1648 ut
2254 1593 2477 1666 praefati
2502 1610 2708 1660 sumus,
2729 1609 2895 1664 quare
2918 1593 3225 1664 Seraphim,
3244 1606 3382 1647 unus
3403 1592 3549 1646 vide-

1978 1685 2106 1740 licet
2141 1699 2205 1738 ex
2228 1699 2452 1738 numero
2486 1684 2694 1754 primae
2740 1682 3059 1747 ierareliiae,
3084 1692 3278 1753 purgat
3318 1680 3535 1750 prophe-

1906 1770 1953 1829 B
1983 1773 2125 1828 tam?
2146 1772 2279 1828 Illud
2298 1774 2440 1827 enim
2466 1772 2533 1826 ad
2558 1772 2776 1843 angelos
2805 1772 3053 1843 pertinet.
3077 1770 3190 1838 Qua
3212 1771 3421 1825 ratione
3446 1770 3548 1824 hoc

1976 1882 2006 1921 a
2037 1865 2297 1935 theologis
2326 1864 2525 1920 dictum
2543 1863 2636 1927 sit,
2654 1863 2811 1932 juxta
2833 1865 3089 1918 virtutem
3118 1871 3334 1917 nostrae
3354 1860 3550 1915 intelli-

1977 1957 2189 2025 gentiae
2227 1969 2569 2023 quaeramus.
2595 1953 2872 2024 Siquidem
2907 1970 3012 2007 non
3034 1960 3178 2007 esset
3199 1950 3465 2021 quaestio,
3503 1949 3550 2003 si

1978 2045 2480 2108 non'detiniremus,
2512 2060 2685 2115 neque
2715 2044 2998 2115 Seraphim
3021 2042 3304 2098 inferiores
3328 2041 3554 2096 virtutes

1979 2152 2135 2210 posse
2165 2138 2212 2171 ⁸³
2246 2138 2531 2203 nominari,
2564 2152 2740 2208 neque
2764 2137 2812 2169 ’θ
2840 2130 2942 2191 nisi
2970 2136 3017 2167 "
3043 2150 3139 2205 per
3164 2144 3435 2187 extremos
3460 2147 3555 2184 an-

1981 2226 2127 2302 gelos
2150 2237 2388 2284 nostram
2421 2228 2737 2283 ierarchiam
2767 2224 3156 2281 administrari.
3190 2223 3343 2290 Quod
3372 2234 3581 2277 cense--

1982 2332 2211 2392 quenter
2258 2320 2595 2389 subiungitur
2642 2334 2657 2372 :
2708 2316 2912 2373 Etenim
2950 2325 3229 2387 exponeret
3258 2316 3556 2385 quisquam,

1981 2414 2105 2483 quia
2137 2429 2237 2466 non
2258 2412 2637 2481 suppositarum
2657 2410 2773 2478 quis
2798 2408 3120 2478 angelorum,
3160 2404 3249 2459 sed
3287 2420 3422 2459 unus
3442 2403 3557 2473 qui-

1984 2503 2107 2556 dam
2134 2501 2374 2554 maximis
2410 2500 2457 2533 "
2483 2499 2715 2553 essentiis
2747 2500 2804 2552 in
2826 2497 3052 2550 numeris
3100 2503 3287 2563 purgat
3321 2491 3565 2546 sacerdos

1987 2604 2108 2648 tem.
2129 2590 2313 2647 Potest
2345 2599 2401 2645 et
2445 2591 2525 2645 sic
2551 2588 2893 2659 interpretari
2925 2605 2938 2641 :
2964 2587 3174 2641 Etenim
3213 2582 3564 2653 responderet

1990 2683 2380 2753 unusquisque,
2410 2682 2533 2749 quia
2565 2695 2672 2735 non
2690 2677 3058 2747 subjectorum
3077 2677 3201 2746 quis
3225 2673 3560 2744 angelorum,

1992 2774 2086 2829 sed
2117 2774 2230 2842 ipse
2262 2771 2565 2841 Seraphin),
2590 2769 2839 2825 videlicet
2857 2768 2951 2836 qui
2981 2767 3023 2798 "
3049 2773 3135 2821 est
3171 2765 3224 2819 in
3272 2760 3565 2818 honorabi-

1993 2864 2215 2918 lissimis
2266 2860 2642 2918 essentialibus
2691 2858 2952 2921 numeris,
2979 2864 3176 2925 purgat
3223 2853 3561 2923 prophetam.

1997 2955 2147 3010 Unus
2162 2963 2339 3007 tamen
2357 2950 2657 3005 intellectus
2668 2958 2753 3002 est
2772 2948 3053 3015 utriusque
3072 2940 3564 3012 interpretationis;

1998 3062 2122 3101 nam
2145 3049 2422 3120 ἀπορήσειε
2450 3042 2496 3073 ’⁸
2524 3048 2699 3111 potest
2726 3036 3072 3106 interpretari
3101 3044 3157 3088 et
3180 3040 3479 3102 exponeret
3514 3038 3569 3081 et

1999 3138 2348 3207 responderet
2374 3137 2440 3202 ”,
2464 3137 2725 3212 προφήτης
2752 3130 2796 3162 ³⁰
2825 3128 3073 3186 similiter
3115 3134 3171 3182 et
3218 3124 3473 3183 sacerdos
3514 3132 3569 3175 et

1996 3228 2279 3298 propheta.

2069 3316 2162 3387 §2.
2184 3314 2410 3381 Quidam
2423 3329 2544 3383 ergo
2560 3315 2730 3375 aiunt,
2751 3311 2873 3380 quia
2879 3308 3033 3378 juxta
3040 3315 3288 3389 Jampnte
3314 3305 3592 3358 redditam

1999 3417 2301 3460 cunctorum
2345 3401 2695 3455 intellectuum
2727 3396 2989 3453 societatis
3041 3395 3396 3463 definitionem
3419 3431 3432 3455 ,
3469 3408 3570 3443 non

2000 3512 2158 3549 unam
2185 3495 2325 3548 circa
2356 3493 2522 3546 Deum
2565 3492 2855 3560 primarum
2901 3488 3167 3542 mentium.
3196 3484 3430 3539 nominat
3468 3480 3575 3534 ειυ-

2000 3586 2182 3657 quium
2210 3585 2265 3637 in
2297 3581 2519 3651 theologi
2552 3580 2910 3651 purgationem
2936 3577 3148 3638 venisse,
3172 3572 3430 3644 quendam
3460 3586 3599 3624 vero,

2000 3674 2374 3745 praestantium
2397 3673 2540 3727 nobis
2554 3669 2880 3741 angelorum,
2904 3663 3589 3735 sacriﬁcantemprophetae,

2003 3766 2380 3836 purgationem,
2409 3762 2681 3832 Seraphint
2695 3761 2845 3831 aequi
2851 3761 3112 3815 vocatione
3128 3769 3365 3810 vocatum
3376 3796 3381 3803 .
3391 3754 3577 3839 fuisse,

2005 3866 2212 3928 propter
2242 3857 2446 3925 igneam
2468 3864 2513 3908 et
2539 3852 2811 3907 caelestem
2835 3848 3429 3929 dictorurn.oblationetit
3456 3862 3570 3915 pec-

2006 3958 2241 4002 catorum
2267 3958 2313 4000 et
2338 3944 2547 4015 purgati
2589 3944 2641 3995 in
2684 3938 3278 3995 divinamobedientiam
3303 3938 3570 3988 resuscita-

2007 4040 2216 4093 tionem.
2234 4035 2406 4097 llanc,
2420 4033 2569 4097 dicit,
2582 4031 2949 4100 quaestionem
2965 4029 3180 4097 quidam
3204 4025 3387 4079 volunt
3403 4024 3573 4091 expla-

2008 4141 2140 4181 nare
2175 4125 2434 4189 dicentes,
2467 4123 2589 4191 quia
2608 4120 2764 4189 juxta
2802 4117 3216 4173 ante-redditam
3250 4112 3315 4166 ab
3342 4112 3440 4173 eis,
3475 4114 3576 4164 non

2010 4233 2040 4271 a
2069 4215 2243 4279 nobis,
2273 4213 2510 4268 omnium
2559 4210 2873 4263 caelestium
2914 4206 3280 4261 intellectunm
3309 4201 3581 4255 deﬁnitio-

2012 4323 2134 4363 nem
2158 4306 2432 4361 societatis
2451 4331 2523 4343 -ο-
2546 4303 2727 4356 dicunt
2762 4300 2927 4363 enim,
2958 4298 3099 4367 quod
3127 4294 3302 4349 cuncti
3326 4293 3584 4348 caelestes

2014 4399 2316 4455 intellectus
2373 4405 2555 4449 tantae
2603 4390 2880 4446 societatis
2930 4395 3075 4450 sunt,
3108 4395 3165 4439 ut
3211 4394 3264 4439 et
3313 4400 3500 4438 otnnes
3530 4394 3586 4437 et

2017 4490 2207 4560 singuli
2255 4488 2493 4541 omnium
2545 4493 2599 4539 et
2650 4481 2982 4552 singulorum
3031 4477 3487 4533 nominationibus
3534 4486 3605 4530 ct.

2013 4579 2372 4638 communiter
2414 4575 2827 4648 appellentur—
2851 4584 2963 4627 non
2985 4585 3149 4625 unum
3180 4585 3244 4624 ex
3269 4568 3397 4639 ipsis
3429 4567 3587 4622 Sera

1611 4668 1868 4728 VARIAE
1903 4670 2311 4729 LECTIONES‘.

414 4760 431 4789 ¹
470 4756 561 4813 Sic
587 4756 697 4817 AC,
737 4756 794 4811 B‘

338 4918 537 4984 phe‘es.
650 4918 673 4949 ⁸
712 4918 755 4971 Α
798 4901 1242 4973 ’ἷείείςίᾶκιηηιὴ

341 4987 552 5058 dirinae
585 4988 889 5041 obscuritati
921 5006 1075 5058 quae.

344 5058 392 5088 ⁸³
428 5056 492 5109 B'
521 5072 664 5111 corr.
701 5056 1058 5110 unitationem.

336 5126 544 5196 justum
586 5138 659 5179 est
702 5125 790 5190 ΑΒ
823 5127 998 5196 juxta.
1107 5127 1146 5158 "
1190 5127 1231 5179 Β
1285 5125 1625 5181 invocatione;

1156 5058 1311 5130 "‘_B‘_.
1342 5073 1507 5130 supra
1565 5062 1746 5113 adscr.
1781 5069 1844 5130 _et
1890 5060 2294 5130 qualiscunque.
2370 5057 2728 5130 i‘iB"adscr.
2780 5064 2875 5130 est.

1705 5129 1746 5161 ⁸⁸
1774 5128 1863 5183 Sic
1909 5127 1961 5184 li.
1984 5140 2039 5185 et
2065 5127 2359 5183 radIcorr.
2411 5129 2483 5190 Β,
2515 5127 2603 5180 AB
2644 5137 2755 5180 aut.

837 4770 1061 4843 pro'qna
1086 4758 1150 4843 ad
1187 4775 1356 4831 marg.
1380 4761 1708 4843 corrkjuxt’a
1737 4780 1928 4843 quam._
1996 4764 2022 4797 ³
2058 4763 2134 4843 Βς.
2158 4777 2265 4843 pro.
2295 4760 2493 4814 homini
2514 4750 3262 4843 adlni‘a.rg.nadser.‘angeli;n
3298 4749 3319 4779 ³
3348 4745 3589 4843 gitti-ﬁ

350 4826 680 4896 tngelorum,
720 4826 762 4880 Β
797 4826 1098 4914 angelorum
1130 4826 1345 4899 (pauci.
1376 4828 1480 4896 adj.
1510 4826 1626 4900 B"),
1667 4831 1708 4886 C
1740 4826 1928 4886 summi
1964 4826 2191 4903 angeli,
2249 4832 2323 4886 ita
2363 4847 2408 4885 s.
2448 4846 2495 4884 s.

1340 4918 1430 4973 “A
1458 4936 1731 4986 supernos.
1799 4922 1849 4969 o"
1887 4920 2042 4976 Corr.
2087 4920 2172 4987 B',
2224 4921 2313 4974 AB
2359 4919 2505 4990 quid.

1150 4992 1170 5023 ⁹
1196 4988 1383 5057 Couj.,.
1405 5005 1505 5057 pro
1526 5005 1705 5042 eorum
1738 4989 1825 5044 AB
1860 5000 1955 5045 est.

2591 4827 2612 4859 ⁸
2645 4816 2759 4881 8ἰό
2788 4825 2829 4880 C
2888 4837 2943 4878 et
2999 4816 3142 4876 corr.
3202 4820 3290 4883 B‘,
3337 4816 3426 4870 AB
3472 4834 3585 4885 pro-

2582 4918 2604 4949 ⁸
2644 4916 2750 4971 Pro
2789 4914 2967 4969 diuina
3004 4910 3317 4965 obscuritate
3353 4906 3412 4960 Β·
3443 4922 3587 4961 corr.

2032 4992 2074 5023 "
2102 4977 2315 5043 omnino
2338 4977 2450 5044 oin.
2483 4988 2542 5043 Β.
2614 4989 2653 5020 ³¹
2673 4986 2805 5040 Beo.
2896 4981 3087 5064 "90:.
3118 4979 3201 5064 β’,
3226 4977 3312 5030 AB
3336 4993 3585 5064 quiieque.

2952 5052 2994 5083 “
3027 5050 3159 5103 Rad.
3197 5045 3456 5107 eorr.B',
3494 5060 3594 5112 pro

2854 5124 2896 5157 ⁸³
2933 5121 2975 5174 Β
3004 5117 3271 5189 possibile
3295 5125 3588 5189 creaturae.

342 5182 394 5227 ⁵⁸
424 5194 536 5267 Sic.
567 5196 608 5249 C
632 5182 849 5267 eteorr'.
875 5195 938 5259 Β,
967 5211 1063 5264 pro
1110 5197 1325 5267 extentis
1349 5197 1439 5249 AB
1472 5199 1660 5250 extenti
1688 5182 1857 5252 sunta
1901 5182 1944 5231 ’λ
1973 5182 2256 5260 ᾸῈδάἱαδ,
2283 5200 2361 5253 sic
2395 5182 2612 5267 ubique,
2640 5195 2679 5247 Β
2707 5194 2901 5267 Isaias,
2940 5182 3019 5245 sic
3040 5188 3150 5267 fere
3186 5187 3401 5267 qltijlye-
3448 5265 3453 5267 Α
3478 5182 3585 5267 ⁹²β

340 5264 614 5335 quoniam.
689 5264 738 5299 ⁸³
764 5265 900 5318 Rad.
928 5280 1069 5320 corr.
1112 5265 1175 5322 Β,
1204 5264 1291 5317 ΑΒ
1317 5275 1506 5334 posset,
1536 5266 1576 5318 C
1598 5268 1725 5335 ipse.
1800 5267 1847 5300 "‘
1870 5268 1909 5321 Β
1931 5286 2041 5323 nec.

2118 5269 2164 5300 ’⁸
2194 5252 2292 5321 nisi
2322 5252 2430 5321 om.
2457 5252 2521 5330 Βξ
2553 5252 2619 5319 ad
2645 5280 2813 5334 marg.
2838 5252 3013 5334 adscr.
3170 5254 3327 5334 n’ﬂB'
3363 5265 3499 5303 corr.
3527 5252 3590 5334 ΛΞ

346 5318 619 5411 maximis.
695 5336 739 5366 "’
766 5318 976 5405 Aquae.
1050 5336 1094 5365 ⁸⁸
1121 5318 1209 5387 ΑΒ
1224 5318 1512 5411 ἀπολορηὰηξ
1534 5335 1574 5389 C
1595 5318 1901 5408 ripe—physi:
1932 5318 2158 5393 ‘iS'SicC
2505 5318 2619 5388 ἈΒΫ
2647 5318 2982 5403 νεδρῖηαενὶι.
3056 5324 3101 5403 3"
3120 5323 3208 5375 AB
3244 5326 3528 5388 ὑποφητης,
3550 5318 3594 5372 C

344 5404 636 5472 arophytis.

424 5552 453 5581 ι
483 5539 571 5594 Sic
755 5541 796 5594 Β
838 5557 972 5629 om..
1007 5542 1219 5629 titulum.
1247 5584 1262 5603 ,
1318 5543 1374 5598 Β·
1434 5552 1735 5601 atramento
1801 5476 2247 5609 ntgngCfElxui,
2294 5547 2444 5616 cujus
2497 5544 2676 5598 titulus
2706 5552 2778 5596 est
2808 5557 2967 5612 quare
3011 5557 3040 5590 (ι
3089 5529 3357 5596 Sera-phiot
3404 5527 3590 5579 dicunt

348 5622 605 5678 vulgatus
634 5612 796 5679 fuisse
825 5613 1069 5681 propheta
1100 5611 1281 5666 Ysaias
1300 5652 1311 5665 .
