3952 6156
396 218 468 288 ss
1717 218 2001 289 iOANNts
2044 220 2237 290 scort

3506 222 3614 284 ειο

365 350 479 399 tum
508 351 752 413 penetrat
771 343 933 411 ablue
956 342 1201 398 calelicat
1221 342 1362 397 facili
1390 345 1721 412 operatione,
1746 346 1937 401 deinde
1966 350 2010 407 Α
2039 344 2468 415 explanationem
2493 342 2704 396 divinae
2732 330 2944 396 virtutis
2962 350 3016 395 et
3040 328 3464 397 illuminationis.
3498 343 3613 406 Εει,

364 449 461 504 per
491 432 809 490 calefactum
857 447 985 488 aera
1029 448 1222 502 aquam
1264 422 1533 502 frigidam,
1578 443 1671 487 aut
1708 434 1939 489 alterum

363 524 658 595 quippiam,
688 522 829 580 quod
862 537 966 576 non
1010 521 1166 576 facile
1207 529 1381 591 potest
1419 512 1674 587 caleﬁeri,
1703 525 1938 579 naturali

365 615 736 672 convenientia
765 608 1031 670 caleficat.
1057 611 1220 667 Plana
1255 616 1401 678 sunt,
1424 624 1564 682 quae
1596 622 1891 685 sequuntur
1921 624 1936 672 ':

365 709 528 763 Juxfa
565 708 700 761 lianc
741 706 902 776 igitur
965 705 1312 759 ordinationis
1356 706 1606 760 rationem
1640 698 1691 771 ί,
1729 707 1783 762 id
1822 717 1938 773 est,

368 797 518 863 iuxta
547 794 954 851 similitudinem
999 793 1133 849 lucis
1174 800 1229 849 et
1265 794 1491 861 caloris,
1528 798 1940 866 supernaluralis

366 887 477 953 ipsa
507 884 672 938 omnis
700 882 821 936 boni
841 881 864 914 ⁸
882 892 1098 936 ornatus
1136 882 1355 937 visibilis
1378 893 1427 936 et
1448 884 1718 939 invisibilis
1743 886 1943 940 laxior-

367 973 504 1033 c'ltia,
535 971 713 1026 divina
741 970 949 1027 scilicet
974 970 1172 1035 virtus,
1203 985 1342 1041 quae
1370 972 1534 1027 tutius
1558 974 1765 1029 ordinis
1793 975 1942 1043 prin—

366 1061 564 1129 cipium
613 1068 790 1125 estet
830 1061 1109 1131 princeps,
1139 1076 1399 1130 congruae
1426 1061 1860 1126 delucidationis,
1890 1063 1944 1117 id

367 1158 452 1205 est
495 1150 915 1221 proportionalis
961 1148 1389 1218 illuminationis,
1437 1151 1730 1207 claritatem
1775 1155 1944 1223 primo

372 1246 728 1308 apparentem,
754 1240 820 1295 ab
849 1240 1075 1296 ocCttltis
1097 1240 1351 1297 videlicet
1374 1242 1507 1306 suis,
1548 1243 1599 1297 in
1624 1242 1821 1313 quibus
1850 1249 1947 1309 per

366 1342 425 1383 se
470 1329 639 1397 ipsam
670 1328 1055 1386 inaccessibilis
1098 1339 1216 1397 est,
1257 1341 1626 1403 erumpentem
1672 1334 1725 1388 in
1765 1349 1945 1389 rerum

367 1426 650 1486 naturam,
684 1421 1084 1489 copiosissimis,
1128 1423 1229 1478 hoc
1252 1433 1367 1490 est,
1397 1434 1659 1494 quantum
1685 1427 1737 1481 in
1766 1428 1948 1496 copioi

368 1509 598 1566 sissimis
627 1511 1002 1580 eﬂ'usionibtts,
1029 1513 1423 1581 excelsissimis,
1462 1518 1725 1587 proximis
1765 1514 1944 1588 plane,

368 1599 667 1668 manifestat
709 1603 942 1655 essentiis
962 1642 976 1668 ,
1027 1613 1075 1657 et
1105 1621 1195 1673 per
1219 1621 1329 1670 eas,
1354 1622 1487 1676 quae
1522 1617 1636 1677 post
1662 1619 1785 1662 sunt
1814 1608 1836 1640 ³
1870 1625 1950 1662 es-

2044 434 2249 503 inqnit,
2277 444 2563 486 commune
2610 442 2663 485 et
2711 430 3014 485 universale
3053 430 3261 485 cunctis
3300 430 3618 487 illuminatis

2042 525 2124 578 vel
2144 512 2505 577 illuminandis
2517 551 2589 564 -
2604 529 2889 591 utrumque
2909 519 3050 575 enim
3068 528 3245 589 potest
3261 518 3535 575 transferri
3552 518 3621 574 ab

2042 626 2126 677 eo,
2155 614 2297 683 quod
2326 622 2409 668 est
2435 614 2802 686 φωτοζομένοις
2820 641 2890 650 -
2910 610 3231 681 principittm
3258 611 3615 665 illtuninan'di.

2037 702 2111 757 Et
2136 703 2280 773 quod
2323 711 2407 758 est
2448 702 2576 756 illud
2603 701 2963 771 principium?
2991 701 3129 755 Deus
3166 701 3376 771 quidem
3406 711 3619 765 natura,

2042 805 2090 849 et
2129 810 2261 858 vere,
2288 801 2339 847 et
2383 793 2607 862 proprie,
2649 803 2703 844 ut
2735 790 2782 824 ³⁸
2811 791 3022 847 luminis
3064 794 3319 857 essentia,
3363 801 3415 845 et
3457 793 3622 861 ipsius

2042 900 2152 941 esse
2169 894 2215 937 et
2236 882 2408 938 videre
2425 882 2660 936 causales
2682 881 2746 933 “.
2773 880 2913 935 Deus
2934 880 3075 935 enim
3098 881 3242 935 solus
3267 889 3457 935 natura
3482 881 3624 935 Dens

2043 984 2148 1036 est,
2176 982 2233 1027 et
2259 972 2405 1027 solus
2431 985 2559 1026 vere
2588 979 2640 1024 et
2667 972 2883 1041 proprie
2928 971 3070 1025 Deus
3107 980 3210 1026 est.
3241 971 3417 1025 Ceteri
3452 971 3620 1036 enim,

2044 1063 2137 1133 qui
2167 1064 2420 1118 dicuntur
2444 1062 2538 1124 dil,
2581 1071 2674 1115 aut
2701 1061 2816 1115 falsi
2841 1073 2997 1124 sunt,
3028 1071 3086 1115 ut
3114 1060 3184 1115 dii
3213 1062 3475 1129 gentium,
3499 1061 3625 1114 dae-

2046 1166 2253 1219 mones,
2282 1162 2375 1208 aut
2403 1154 2449 1207 si
2495 1154 2607 1207 veri
2644 1162 2798 1216 sunt,
2842 1168 2946 1206 non
2974 1168 3072 1224 per
3101 1161 3369 1216 naturam,
3408 1153 3499 1206 sed
3529 1167 3629 1219 per

2047 1243 2275 1315 gratiam
2306 1243 2381 1297 dii
2411 1250 2537 1296 sunt
2564 1240 2608 1274 "
2627 1282 2641 1304 ,
2671 1242 2865 1311 quibus
2905 1256 3002 1311 per
3031 1242 3347 1311 prophetam
3384 1241 3582 1294 dicitur
3610 1257 3624 1292 :

2054 1351 2072 1383 ι
2108 1331 2219 1401 Ego
2259 1331 2393 1396 dixi,
2423 1330 2496 1385 dii
2539 1331 2701 1393 estis,
2735 1337 2790 1385 et
2815 1328 2906 1383 lilii
2930 1330 3126 1384 excelsi
3157 1345 3345 1385 omnes
3379 1351 3422 1382 ι.
3450 1320 3517 1385 Ut
3548 1323 3632 1381 lu-

2050 1420 2211 1475 minis
2231 1422 2486 1485 essentia,
2511 1430 2566 1475 et
2590 1421 2758 1490 ipsius
2777 1435 2899 1474 esse
2921 1419 3183 1484 causalis;
3221 1439 3237 1470 ι
3260 1430 3319 1473 ut
3346 1439 3363 1471 ι
3381 1421 3429 1452 ⁸³
3451 1421 3501 1473 in
3525 1421 3632 1474 hoc

2050 1512 2169 1568 loco
2190 1513 2478 1585 apponitur
2502 1528 2600 1583 pro
2629 1511 2676 1543 ¹⁹
2698 1512 2899 1567 causali
2929 1511 3334 1580 conjunctione;
3367 1528 3429 1568 ac
3459 1515 3501 1568 si
3541 1513 3633 1566 di—

2052 1613 2200 1661 ceret
2238 1622 2250 1659 :
2280 1606 2440 1667 Deus,
2480 1604 2573 1673 qui
2600 1600 2744 1657 solus
2782 1611 2974 1657 natura
3000 1603 3140 1657 Deus
3167 1610 3278 1668 est,
3301 1619 3367 1657 ex
3397 1605 3496 1658 hoc
3536 1618 3632 1657 co-

364 1688 581 1753 sentiae,
619 1686 848 1743 diuinum
900 1689 922 1721 ⁸
957 1691 1274 1760 participant
1320 1694 1549 1749 radium.
1600 1695 1712 1749 Eae
1744 1696 1768 1729 ⁵
1810 1696 1947 1749 enim
1978 1685 2023 1749 Β
2050 1698 2329 1769 gnoscitur
2371 1694 2687 1751 illuminatis
2731 1694 3052 1763 principium
3097 1693 3429 1749 illuminandi
3474 1709 3632 1759 esse,

367 1775 567 1829 brimac
595 1786 957 1844 cognoscentes
986 1778 1184 1843 Deum,
1215 1790 1263 1835 et
1292 1782 1525 1838 divinam
1559 1786 1947 1852 supereminena

366 1876 446 1919 ter
465 1863 486 1897 ⁸
514 1866 866 1923 desiderantes
894 1868 1153 1933 virtutem,
1180 1880 1231 1925 et
1272 1876 1711 1942 praeoperatrices
1740 1875 1759 1907 τ
1810 1876 1950 1945 ﬁeri,

364 1964 621 2027 quantum
686 1958 931 2027 possibile
988 1960 1034 2025 ⁸,
1083 1960 1193 2016 Deo
1246 1963 1266 1997 ⁸
1333 1963 1493 2017 similt
1560 1966 1746 2020 virtute
1799 1969 1841 1998 ‘°
1902 1977 1951 2021 et

367 2049 572 2103 actione
600 2049 642 2081 ’ί
673 2050 862 2120 dignae
904 2052 1118 2121 effectae
1144 2062 1265 2107 sunt
1300 2052 1372 2119 ¹¹,
1400 2063 1453 2109 et
1486 2064 1602 2125 post
1636 2073 1692 2110 se
1714 2056 1759 2089 ¹³
1783 2074 1953 2112 esset»

380 2137 474 2193 tias
518 2139 663 2207 ipsae
699 2139 768 2193 ad
813 2139 1036 2195 similem
1080 2142 1341 2207 uirtutem,
1390 2153 1447 2197 ut
1484 2145 1672 2209 virtus,
1714 2146 1817 2200 hoc
1845 2155 1951 2210 est,

364 2236 632 2296 quantum
669 2228 842 2284 virtus
867 2230 1287 2301 uniuscujustme
1312 2234 1587 2289 essentiae
1614 2234 1776 2289 divini
1815 2234 1949 2288 radii

368 2333 542 2388 capax
569 2328 675 2385 est,
717 2320 1041 2389 deiformiter
1066 2323 1381 2386 extendunt,
1414 2325 1619 2392 copiose
1664 2325 1789 2391 ipsis
1837 2333 1950 2378 tra-

370 2412 551 2467 dentes
585 2428 651 2466 ca:
690 2414 1078 2483 superveniente
1103 2414 1159 2466 in
1185 2431 1275 2468 eas
1317 2413 1587 2476 claritate,
1625 2425 1672 2469 et
1710 2414 1833 2469 illae
1861 2414 1954 2469 ite-

372 2512 511 2566 rum,-
544 2501 597 2556 id
618 2509 720 2564 est,
744 2517 884 2572 quae
908 2513 1031 2571 post
1056 2504 1101 2535 η
1129 2504 1525 2560 excelsissimas
1545 2508 1810 2562 essentiae
1831 2522 1953 2561 con-

372 2589 597 2644 stitutae
632 2598 774 2653 sunt,
803 2591 1049 2662 subjectis
1087 2594 1206 2658 sibi,
1232 2597 1700 2664 supervenientem
1736 2596 1953 2650 tradunt

371 2679 701 2745 claritatem,
741 2690 790 2735 et
818 2697 926 2751 .per
968 2682 1199 2752 singulas
1232 2686 1402 2754 prima
1440 2686 1508 2749 ei,
1551 2702 1685 2755 quae
1710 2697 1785 2739 est
1837 2696 1952 2754 post

377 2779 513 2835 eant,
561 2766 742 2826 tradit.
775 2770 936 2827 Verbi
984 2773 1159 2843 gratia
1208 2775 1378 2845 prima
1418 2775 1682 2833 ierarchia
1721 2776 1947 2838 mediae,

379 2862 557 2916 media
600 2862 813 2928 tertiae,
845 2864 1004 2917 tertia
1046 2874 1293 2933 quartae,
1322 2879 1463 2936 quae
1510 2875 1596 2922 est
1633 2867 1688 2922 in
1723 2867 1953 2921 homini-

376 2951 503 3015 bus,
532 2950 741 3007 divinas
760 2953 951 3007 tribuit
978 2953 1414 3011 illnntiaationes.
1439 2953 1679 3011 Tertium
1707 2956 1953 3026 sequitur

2051 1789 2176 1862 quia
2206 1789 2426 1844 luminis
2467 1786 2716 1843 essentia
2745 1793 2846 1840 est.
2878 1785 2933 1839 In
2963 1785 3078 1855 ipso
3108 1785 3251 1845 enim
3283 1794 3337 1840 et
3366 1800 3524 1839 omne
3554 1784 3637 1837 ln-

2053 1892 2174 1933 men
2220 1891 2487 1947 omneque
2516 1877 2560 1909 ³⁸
2591 1876 2945 1931 illutninatum
2984 1876 3263 1939 subsistit,
3292 1875 3544 1945 quoniam
3579 1885 3636 1930 et

2050 1972 2220 2041 ipsius
2244 1970 2474 2025 essentia
2510 1970 2598 2023 lux
2624 1976 2728 2033 est,
2752 1977 2806 2024 et
2833 1969 3003 2038 ipsius
3030 1982 3150 2024 esse
3175 1981 3356 2022 causa.
3386 1964 3557 2022 Omne
3590 1960 3633 1999 ⁸¹

2052 2062 2341 2132 siquidem,
2381 2062 2522 2130 quod
2552 2068 2667 2122 est,
2695 2070 2799 2112 non
2846 2057 3059 2112 aliunde
3084 2057 3132 2111 ei
3159 2072 3275 2112 esse
3305 2066 3405 2119 est,
3436 2057 3534 2110 nisi
3565 2046 3636 2111 ab

2048 2166 2137 2215 eo,
2169 2152 2261 2221 qui
2308 2150 2779 2220 superesscntialis
2814 2157 2898 2204 est
2925 2146 2994 2215 κ,
3023 2159 3078 2204 et
3106 2148 3335 2203 causalis
3365 2148 3528 2217 ipsius
3556 2149 3639 2201 vi-

2051 2241 2200 2296 dere.
2229 2236 2497 2294 lnflnitiva
2519 2239 2567 2271 ⁸⁸
2594 2239 2711 2294 loco
2742 2238 3015 2292 nominum
3041 2237 3237 2307 posuit.
3268 2236 3368 2293 Ubi
3413 2231 3640 2307 pulchre

2053 2332 2213 2386 datur
2259 2329 2503 2399 intelligi,
2548 2329 2691 2399 quod
2736 2342 2841 2382 non
2886 2328 3031 2383 aliud
3084 2337 3247 2382 estet
3287 2327 3387 2397 ipsi
3440 2327 3547 2381 Deo
3582 2336 3641 2379 et

2054 2422 2201 2476 omni
2253 2419 2498 2474 ratitmali
2548 2427 2601 2473 et
2651 2416 2997 2473 intellectuali
3043 2427 3324 2472 creaturae
3375 2432 3529 2479 esse,
3582 2426 3640 2470 et

2055 2511 2200 2565 aliud
2245 2510 2332 2563 lux
2364 2523 2502 2571 esse,
2533 2518 2588 2562 et
2632 2506 2773 2562 aliud
2804 2508 3007 2570 videre,
3053 2508 3155 2562 hoc
3192 2517 3305 2572 est,
3335 2507 3642 2576 intelligere

2055 2601 2296 2672 gnostica
2333 2604 2556 2654 virtute.
2601 2598 2657 2653 id
2704 2599 2876 2668 ipsum
2914 2598 3094 2667 itaque
3138 2597 3270 2667 ipsis
3302 2605 3386 2651 est
3421 2609 3544 2650 esse
3583 2602 3643 2648 et

2054 2690 2237 2745 lucere
2267 2697 2321 2743 et
2344 2689 2544 2744 videre.
2583 2688 2710 2743 Esse
2732 2687 2876 2741 enim
2902 2687 3140 2758 ipsorum
3163 2687 3251 2739 lux
3276 2694 3359 2740 est
3393 2693 3448 2740 et
3473 2684 3637 2736 visio.

2060 2780 2174 2834 Hoc
2207 2780 2459 2850 deiforme
2501 2788 2549 2833 et
2594 2778 2703 2832 Deo
2737 2778 2905 2834 simile
2928 2786 3213 2847 permanet,
3249 2777 3387 2845 quod
3422 2775 3643 2845 proprie

2056 2869 2422 2926 transfertur:
2450 2869 2556 2924 hoc
2584 2866 2920 2923 deiformitcr
2962 2875 3018 2921 et
3070 2866 3175 2921 Deo
3220 2866 3473 2920 similiter
3508 2880 3642 2920 con-

2054 2962 2319 3026 stituens;
2365 2960 2479 3030 ipse
2520 2958 2768 3013 videlicet
2796 2958 2885 3029 qui
2931 2958 3161 3014 causalis
3186 2956 3233 2988 ³¹⁵
3256 2958 3501 3013 omnium
3534 2967 3644 3011 est.

376 3043 693 3115 paradigma
724 3059 740 3098 :
767 3044 895 3115 Ipsa
923 3062 1064 3118 aqua
1102 3062 1272 3102 nonne
1307 3057 1356 3102 et
1385 3048 1440 3101 in
1469 3064 1644 3103 omnes
1664 3050 1956 3119 proportio-
1983 3029 2027 3092 (ἶ
2057 3044 2125 3107 Et
2148 3051 2275 3120 quid
2300 3060 2384 3106 est
2422 3050 2586 3104 illud?
2616 3049 2957 3119 Superposita
2984 3049 3033 3104 ei
3059 3058 3169 3119 post
3199 3066 3255 3103 se
3301 3063 3647 3117 unaquaeque

380 3133 571 3189 nalitcr
608 3137 878 3206 pervenit?
904 3137 984 3193 Ae
1029 3138 1074 3193 si
1110 3138 1315 3193 diceret
1354 3154 1370 3192 :
1402 3138 1591 3195 Nonne
1630 3140 1747 3210 ipsa
1793 3156 1952 3209 aqua,

380 3226 832 3294 quemadmodum
863 3234 918 3282 et
947 3227 1142 3283 solaris
1187 3229 1388 3294 radius,
1416 3237 1471 3284 et
1509 3216 1752 3285 caliditas
1796 3231 1956 3299 ignis,

381 3318 857 3387 proportionaliter
890 3318 946 3372 in
980 3333 1170 3375 omnes
1199 3322 1442 3390 pervenit
1482 3324 1771 3378 materias?
1807 3322 1961 3378 Hune

380 3406 559 3463 locum
591 3416 812 3479 propter
851 3409 1233 3480 intelligentiae
1270 3410 1577 3467 facilitatem
1617 3414 1692 3467 ita
1723 3422 1961 3469 transtu-

312 3510 329 3525 ‘
382 3500 563 3555 limus.
594 3499 779 3555 Potest
808 3510 983 3555 tamen
1004 3500 1125 3571 plus
1147 3511 1398 3573 capresse
1424 3503 1490 3569 ¹⁸,
1522 3506 1767 3574 quamvis
1798 3506 1840 3538 “
1866 3506 1962 3561 ob-

383 3591 647 3657 strusius,
694 3591 1071 3661 interpretari,
1121 3593 1174 3647 in
1220 3594 1408 3649 eodem
1456 3594 1701 3663 profecto
1752 3610 1955 3650 sensu:

385 3696 526 3749 aqua
571 3696 677 3736 non
719 3681 934 3751 quidem
963 3696 1092 3753 ergo
1118 3691 1175 3737 et
1215 3683 1270 3737 in
1299 3682 1338 3714 "
1369 3698 1558 3738 omnes
1584 3683 1629 3715 ⁸³
1659 3684 1964 3753 proportio-

390 3772 585 3828 naliter
610 3772 927 3842 perveniens
950 3773 1030 3828 "2
1057 3774 1337 3846 Tanquam
1350 3774 1555 3831 diceret
1588 3791 1601 3828 :
1633 3775 1821 3831 Nonne
1846 3775 1963 3845 qui-

387 3866 507 3920 dem
551 3880 679 3935 ergo
707 3881 846 3935 aqua
887 3876 945 3921 et
989 3868 1043 3922 in
1087 3883 1275 3924 omnes
1328 3869 1582 3925 materias
1626 3870 1965 3925 distribuitur

386 3958 854 4027 proportionaliter
895 3962 1216 4031 perveniens
1242 3961 1310 4027 '°,
1343 3962 1447 4017 ltoe
1477 3968 1562 4016 est
1584 4002 1599 4025 ,
1634 3961 1968 4017 corrationa-

384 4049 567 4103 hilitcr
589 4059 644 4105 et
671 4051 921 4107 similiter
945 4053 1263 4122 perveniens
1288 4052 1331 4086 ¹¹
1370 4054 1531 4110 solari
1564 4053 1715 4109 radio
1755 4062 1810 4109 ct
1837 4052 1968 4108 cali-

386 4138 585 4192 ditati?
639 4138 799 4194 Humi
848 4142 1114 4211 siquidem
1161 4144 1418 4200 radicitus
1446 4145 1655 4199 occulte
1684 4144 1967 4199 arboribus

390 4224 680 4299 herbisque
709 4230 968 4298 illabitur,
1002 4234 1254 4303 deinceps
1280 4235 1544 4305 gradatim
1583 4236 1638 4289 in
1676 4236 1887 4304 stipites
1913 4243 1970 4290 et

387 4319 604 4388 thyrsos
627 4319 693 4385 ",
715 4334 916 4386 ramos,
939 4322 1090 4389 folia,
1113 4321 1289 4384 ﬂores,
1310 4325 1534 4379 fructus.
1558 4324 1648 4378 Est
1668 4340 1789 4394 ergo
1808 4324 1966 4377 simul

2056 3145 2233 3198 divina
2262 3142 2459 3197 lumina
2485 3158 2576 3212 per
2595 3158 2649 3197 sc
2671 3142 2717 3173 "
2748 3143 2802 3196 in
2828 3141 2974 3196 illam
3013 3140 3359 3221 transvehere.
3395 3139 3507 3195 Hoc
3536 3148 3645 3202 est,

2057 3233 2284 3288 causalis
2327 3232 2567 3287 omnium
2614 3233 2931 3298 constituit,
2968 3236 3027 3286 ut
3087 3232 3426 3305 superposita
3473 3246 3647 3299 quae-

2058 3334 2271 3387 cunque
2324 3321 2557 3375 essentia
2626 3322 2976 3392 subsequenti
3026 3336 3086 3376 se
3132 3322 3399 3375 essentiae
3455 3320 3643 3373 divina

2060 3408 2261 3462 lumina
2322 3424 2417 3479 per
2477 3422 2537 3464 se
2605 3410 2657 3463 in
2715 3408 2762 3442 “
2826 3409 2971 3463 illam
3031 3410 3344 3464 transvchat
3400 3408 3483 3463 vel
3551 3422 3648 3463 su-

2057 3498 2335 3567 pervehat.
2392 3498 2824 3571 Ὲποχετιῦισθαι
2879 3496 2924 3532 ³²
2981 3490 3239 3556 enimet
3289 3500 3648 3555 transvehere

2059 3604 2185 3656 eos,
2217 3592 2592 3661 superveltere,
2626 3602 2682 3645 et
2728 3594 2981 3648 invehere
3036 3602 3212 3664 potest
3268 3594 3643 3662 interpretari.

2063 3683 2207 3756 Ergo
2247 3684 2731 3754 excellentissiman;
2792 3686 3090 3740 caelestium
3162 3685 3457 3739 animorum
3535 3685 3650 3739 dis-

2060 3778 2369 3848 positionem
2413 3777 2570 3830 simul
2615 3777 2846 3831 omnium
2895 3777 3213 3848 reliquarum
3271 3776 3319 3809 ³⁸
3369 3777 3649 3841 essentiae,

2061 3868 2347 3927 secundum
2374 3864 2513 3937 quod
2548 3883 2861 3938 consequens
2891 3877 2966 3920 est
2990 3877 3103 3936 post
3134 3866 3298 3920 Deum
3330 3865 3650 3935 principium

2062 3962 2346 4025 mirantur,
2378 3961 2544 4014 omnis
2576 3975 2760 4014 sacrae
2786 3969 2834 4014 et
2856 3960 3063 4013 divinae
3092 3959 3337 4012 scientiae
3363 3968 3410 4011 et
3439 3957 3651 4011 divinae

2064 4054 2393 4117 imitationis,
2427 4064 2695 4125 tamquam
2721 4070 2814 4125 per
2845 4054 2965 4109 illas
2993 4055 3046 4108 in
3070 4067 3245 4108 omnes
3274 4062 3322 4106 et
3345 4069 3435 4105 nos
3465 4052 3650 4105 divitt‘t

2065 4142 2451 4199 illuminatione
2485 4142 2764 4198 distributa
2809 4145 2874 4198 ³⁸.
2921 4142 3066 4200 Ordo
3108 4154 3165 4198 et
3210 4158 3404 4199 sensus
3441 4159 3455 4195 :
3504 4141 3653 4211 Ergo

2064 4233 2355 4298 mirantur,
2385 4234 2469 4289 vel
2503 4235 2866 4300 arbitrantur;
2896 4237 3133 4308 ἡγοῦνται
3161 4235 3303 4289 enim
3342 4242 3395 4287 et
3440 4232 3651 4286 miran-

2067 4332 2157 4377 tur
2177 4332 2233 4378 et
2256 4323 2302 4355 ‘°
2327 4324 2661 4378 arbitrantur
2695 4332 2874 4394 potest
2917 4325 3291 4394 interpretari;
3319 4323 3440 4393 plus
3468 4332 3651 4377 tamen

388 4412 585 4464 cunctis
644 4411 953 4467 illuminatts
994 4413 1042 4446 "
1095 4415 1410 4483 principium
1453 4393 1807 4469 illuminandi.
1838 4414 1966 4469 Post
1998 4393 2045 4451 θ
2070 4414 2322 4469 convenit
2362 4412 2545 4467 sensui
2590 4413 2643 4466 in
2680 4393 2784 4468 hoc
2810 4413 2928 4469 loco
2957 4393 3244 4476 mirantur,
3279 4413 3403 4481 quia
3434 4412 3502 4466 ad
3528 4410 3653 4464 lau-

390 4503 699 4574 paradigma
726 4507 791 4559 ad
820 4505 1157 4576 propositum
1188 4508 1508 4563 revertimur
1533 4508 1602 4572 ",
1632 4508 1737 4563 hoc
1768 4515 1869 4571 est,
1899 4507 1966 4562 ad

2071 4505 2192 4559 dem
2230 4504 2482 4575 pertinet.
2525 4503 2667 4573 Ergo
2711 4503 2976 4586 mirantur
3017 4502 3176 4558 simul
3225 4502 3491 4558 essentiae
3525 4514 3653 4555 ont-

1677 4615 1932 4670 VARIAE
1969 4611 2371 4670 LECTIONES.

468 4768 481 4797 '
539 4764 580 4821 Β
634 4766 887 4820 rationem
945 4768 1310 4822 ordinationis.

391 4853 489 4908 p'o
528 4848 640 4907 post
670 4846 790 4908 sunt
817 4838 906 4890 AB
948 4849 1181 4908 possunt.

390 4906 690 4970 eminentes,
725 4906 788 4959 B'
822 4906 956 4960 rad.‘
977 4923 1117 4961 corr.
1162 4910 1637 4976 supereminentem.

394 4976 438 5008 "
481 4978 527 5031 A
560 4978 822 5038 virtutem,
878 4977 920 5030 Β
972 4978 1209 5030 rit-tatem
1254 4978 1467 5047 (punct.
1519 4978 1625 5045 adj.
1656 4977 1773 5048 B‘).

391 5069 575 5137 «γίγαρτα
611 5085 684 5121 es.
775 5053 1189 5133 "Cor.B‘,AB.
1249 5074 1317 5118 te.

1412 4764 1431 4799 ἱ
1483 4768 1573 4799 Ch.
1630 4766 1669 4799 τ’
1726 4778 1779 4799 Δ.
1834 4770 1926 4799 ...ιιι
2003 4785 2127 4799 ΛΑ-ιιι
2200 4766 2259 4799 ηδ
2351 4765 2431 4799 an
2487 4767 2604 4799 Ιυηςὶ

1277 4786 1310 4821 ς.
1412 4765 1431 4799 ⁵
1483 4768 1573 4823 Sic
1630 4766 1670 4824 C
1726 4778 1783 4823 et
1834 4770 1946 4824 rad.
2001 4785 2144 4826 corr.
2200 4766 2298 4828 ηδ.
2344 4765 2432 4821 AB
2485 4767 2650 4820 bonis.
2750 4765 2770 4796 ³
2832 4766 2924 4821 Sic
2974 4765 3015 4819 C
3070 4773 3126 4818 et
3174 4765 3290 4817 rad.
3341 4776 3484 4817 corr.
3546 4765 3650 4826 B’;

1277 4838 1297 4869 ’⁵
1325 4840 1478 4893 Corr.
1532 4838 1615 4902 B',
1654 4840 1743 4893 AB
1771 4840 1966 4895 diuino.
2043 4839 2193 4893 'Pro
2222 4834 2334 4889 Eae
2382 4838 2440 4888 B'
2486 4851 2653 4904 marg.
2697 4835 2874 4890 adscr.
2904 4834 3040 4888 Hae.
3115 4834 3136 4864 ⁸
3170 4832 3325 4887 Corr.
3374 4833 3414 4883 A
3464 4847 3657 4898 supcr—

1277 4910 1637 4961 trcminentem.
1740 4909 1761 4940 '
1800 4909 1841 4961 B
1905 4911 2288 4961 oueratrices.”
2347 4906 2370 4937 ⁸
2402 4905 2463 4958 Β⁶
2493 4920 2651 4961 supra
2682 4905 2856 4958 adscr.
2886 4914 2979 4957 est.
3051 4905 3075 4936 ’
3106 4904 3283 4960 Corn,
3322 4899 3411 4954 AB
3460 4898 3653 4955 Deum.

1937 4925 2078 4978 perat
2088 4925 2232 4960 rtces.

2750 4765 2770 4796 ³
2832 4766 2924 4821 Sic
2974 4762 3015 4819 C
3070 4773 3126 4818 et
3174 4764 3290 4817 rad.
3341 4776 3484 4817 corr.
3546 4754 3650 4826 B‘;

2347 4906 2370 4937 ⁸
2402 4905 2463 4958 Β⁶
2493 4898 2651 4973 supra
2682 4905 2856 4958 adscr.
2886 4914 2993 4973 est.
3046 4905 3075 4973 ξ
3106 4904 3283 4973 Corn,
3318 4899 3411 4973 AB
3460 4898 3653 4973 Deum.

1851 4979 1891 5008 “
1924 4969 1967 5031 Ᾱ
1997 4980 2272 5039 actionem,
2298 4976 2338 5029 Β
2360 4969 2614 5028 actionem
2662 4975 2867 5044 (punct.
2910 4971 3017 5040 adj.
3044 4971 3149 5042 B').
3226 4974 3269 5002 "
3304 4970 3455 5025 Corr.
3490 4969 3576 5033 ις’,
3610 4971 3653 5024 Α

1439 5063 1482 5094 ¹⁸
1523 5075 1636 5133 post
1694 5045 1804 5120 om.
1851 5065 1915 5130 Β,
1964 5067 2029 5119 ad
2081 5081 2252 5132 marg.
2290 5064 2468 5117 adscr.
2496 5045 2585 5133 B':

2683 5061 2727 5091 ⁸³
2757 5058 2934 5128 Conj.,
2959 5057 3046 5111 AB
3069 5058 3381 5126 expressius.
3500 5070 3654 5128 corr.

394 5125 811 5209 depressusque.
889 5139 931 5170 ¹⁶
962 5125 1137 5207 Conj.,
1159 5138 1247 5193 AB
1273 5150 1429 5209 quam
1459 5125 1564 5209 ros.
1597 5205 1607 5209 _
1643 5137 1682 5168 ³⁷
1714 5138 1770 5189 in
1803 5125 1911 5209 om.
1958 5125 2257 5209 AB,_supra
2288 5133 2465 5209 adscr.
2493 5131 2577 5186 B'.
2596 5130 2779 5209 ,βξ-ΙΨ
2804 5125 3065 5209 ad'marg.
3093 5125 3268 5209 adscr.
3297 5125 3658 5209 distribuitur.

397 5209 437 5241 ¹⁹
470 5208 647 5270 Coni.,
689 5208 780 5262 AB
821 5210 1190 5278 pervenientes.

389 5281 757 5345 pervenientes.
824 5277 829 5278 ⁷
860 5279 905 5309 ³⁸
929 5277 1017 5333 AB
1041 5280 1211 5331 tirsos.

1288 5272 1333 5305 ⁸³
1356 5271 1509 5327 Corr.
1546 5274 1626 5336 η’,
1652 5271 1745 5329 AB
1779 5275 2142 5328 illuminantis.
2217 5272 2263 5303 ”
2288 5273 2344 5324 B'
2377 5271 2491 5324 rad.
2524 5286 2665 5325 corr.
2685 5271 2969 5321 revertitur.

1289 5193 1335 5276 "f
1366 5201 1624 5276 90tlj.._A
1652 5206 2027 5276 provenicntes,
2057 5193 2109 5256 ’Β
2153 5193 2517 5276 peruenientes.
2595 5201 2637 5231 "
2683 5198 2862 5276 Conj.,_
2889 5198 2978 5251 AB
3015 5193 3348 5276 peccent'cnti,
3406 5193 3659 5276 B'_cort'.

3073 5266 3121 5297 ⁸⁸
3151 5265 3228 5318 Ex
3257 5278 3399 5318 vers.
3430 5272 3487 5316 et
3516 5271 3661 5316 test.

392 5330 474 5411 ξπ.
492 5330 627 5408 ξΑΒ
652 5330 754 5401 et:
797 5347 842 5379 ⁸³
866 5346 907 5399 Β
929 5330 1179 5406 casualis,
1208 5346 1269 5399 Β·
1296 5358 1438 5399 corr.
1466 5330 1711 5399 causalis.
1787 5347 1830 5375 ³⁷
1861 5346 1898 5397 B
1922 5353 2041 5397 sunt
2067 5343 2162 5395 dii.
2238 5342 2284 5373 ³⁸
2307 5341 2365 5393 B'
2395 5355 2537 5393 corr.
2570 5350 2636 5392 et.
2712 5339 2755 5371 "
2782 5338 2945 5411 Qor_r_.
2966 5330 3188 5411 BZHAB
3228 5348 3322 5403 pro
3374 5333 3461 5411 ιιξὶ
3486 5346 3663 5404 appo-

397 5396 748 5500 ἱῖξιίνῖῖξῖλ
778 5396 1175 5487 0θηῖιεῖτῆἇῖίῦ
1208 5396 1745 5500 διηῆειῃφιενίριιὴὲι.
1783 5396 1888 5485 adj.
1918 5396 2025 5484 B‘).
2100 5410 2142 5446 3‘
2188 5413 2228 5466 B
2265 5425 2467 5465 onmem
2497 5410 2701 5481 (punct.
2741 5408 2847 5475 adj.
2870 5407 2976 5475 B').
3036 5396 3097 5436 ⁷³³
3138 5396 3459 5500 cubum-ii,
3489 5396 3669 5469 supra

395 5490 573 5545 adscr.
596 5490 679 5546 B‘.

399 5559 577 5616 adscr.
604 5561 678 5618 B‘.

778 5506 824 5538 "
854 5507 1102 5569 Emend,
1152 5506 1239 5559 AB
1263 5491 1487 5574 inﬁnita.
1564 5507 1609 5537 “
1638 5505 1677 5558 B
1704 5506 1951 5559 casualis.
2029 5505 2075 5537 ³⁸
2114 5520 2166 5558 sc
2189 5517 2296 5558 om.
2326 5503 2382 5564 ll,
2409 5502 2474 5556 ad
2503 5516 2673 5574 marg.
2706 5496 2993 5574 δεμες-τμη.
3134 5495 3195 5574 in_
3218 5510 3334 5574 om:
3359 5491 3464 5574 ΑΒ.
3488 5506 3668 5574 διΨξίι

769 5575 913 5630 “AB
939 5580 1329 5648 ὲποχετευσῡαι.
1373 5575 1503 5646 ’³⁸11⁸
1529 5577 1592 5632 ad
1611 5593 1777 5647 marg.
1810 5576 1985 5631 adscr.
2008 5574 2422 5643 dispositionum.

2501 5571 2544 5603 ³⁸
2561 5562 2901 5626 (λοννικΒκΛΒ
2934 5566 3214 5620 distributi.
3294 5562 3335 5592 ”
3373 5573 3420 5613 ct
3450 5578 3538 5615 om
3592 5567 3653 5620 Β,
