3952 6156
261 260 358 329 ΞΗ

788 270 1283 327 EXPOSITIONES
1325 260 1549 326 SUPER
1584 254 2008 326 IERARCIHA.“
2046 251 2449 321 CAELESTEM
2490 261 2547 316 S.
2590 246 2901 317 DlONYSli.

3402 251 3505 315 ΞΗ
3570 294 3577 300 ς

259 388 415 441 niam
472 381 795 448 reliquarum
849 381 1155 436 caelestium
1210 383 1565 435 eSSt‘tltial'llm
1613 382 1837 450 disposi-
1867 387 1911 441 Λ
1942 385 2065 432 sunt
2112 378 2351 445 primae,
2406 372 2728 443 participant
2770 371 2983 439 quidem
3027 369 3249 426 inferius
3300 372 3505 443 igneam

260 472 491 527 tiones‘.
520 470 656 536 Quid
680 471 967 523 mirantur?
989 471 1500 526 Excellentissimam
1520 473 1829 526 caelestium

256 562 562 614 animorum
616 560 1058 626 dispositionem,
1114 564 1406 615 seetindum
1454 562 1595 632 quod
1646 577 1834 616 conse-

256 664 432 719 quens
458 649 478 678 ⁸
508 655 608 712 est,
664 660 785 717 post
814 649 1000 702 Deum.
1034 649 1099 703 Et
1130 651 1255 717 quid
1287 652 1352 705 de
1392 667 1454 704 ea
1485 651 1748 704 mirantur
1789 649 1830 713 ³,

258 736 359 794 huc
409 748 493 792 est
542 738 794 791 laudant?
836 737 988 803 Quod
1030 739 1101 792 sit
1138 739 1459 807 principium
1502 748 1622 808 post
1665 738 1832 792 Deum

255 831 437 885 omnis
482 843 671 883 sacrae
712 838 765 883 et
793 830 1004 883 divinae
1042 830 1297 886 scientiae
1337 841 1390 886 et
1418 833 1628 887 divinae
1656 832 1836 909 imita-

259 923 443 985 tionis,
484 931 737 989 tanquam
764 937 864 991 per
900 922 1036 986 illas,
1065 923 1547 979 excellentissimae
1586 924 1835 979 videlicet

256 1009 627 1079 dispositionis
668 1010 955 1073 essentias,
985 1012 1037 1064 in
1061 1024 1251 1066 omnes
1300 1022 1507 1067 ceteras
1551 1010 1831 1078 caelestes,

255 1112 309 1154 et
333 1102 388 1153 in
409 1115 507 1153 nos
531 1100 793 1161 homines,
820 1102 911 1169 qui
936 1101 1222 1155 humanam
1251 1103 1632 1172 participamus
1651 1116 1836 1156 essen-

259 1187 415 1251 tiam,
458 1191 639 1243 divina
665 1190 688 1222 δ
719 1190 1110 1246 illuminatione
1129 1191 1433 1255 distributa,
1461 1193 1713 1262 quoniam
1739 1206 1836 1262 per

258 1277 377 1331 illas
420 1279 600 1332 divina
650 1280 968 1334 illuminatio
1008 1280 1362 1345 distribuitur,
1409 1296 1473 1335 ac
1510 1280 1674 1335 veluti
1716 1287 1835 1350 post

256 1382 425 1419 unum
461 1377 513 1421 et
549 1369 777 1437 primum
822 1370 1062 1422 omnium
1108 1369 1455 1439 principium.
1485 1369 1654 1422 Deum
1689 1368 1832 1426 dico.

254 1469 307 1510 et
356 1460 662 1527 proximum
712 1462 1036 1515 substitutae
1077 1462 1186 1515 sint
1225 1452 1267 1513 ⁸.
1332 1454 1553 1530 Propter
1607 1460 1745 1530 quod
1786 1468 1834 1513 et

257 1563 461 1601 omnem
497 1566 701 1601 sacram
737 1561 784 1603 et
819 1551 925 1603 Deo
952 1550 1171 1604 similent
1202 1551 1548 1621 operationem
1584 1551 1638 1603 in
1670 1549 1832 1602 Deum

255 1640 462 1706 quidem
492 1642 644 1707 quasi
664 1639 925 1692 causalcm
954 1639 1203 1708 referunt.
1230 1639 1579 1702 Subauditur,
1615 1638 1785 1708 angeli
1816 1655 1827 1690 :

256 1728 450 1780 deinde
488 1730 689 1794 primos
716 1727 754 1789 ‘,
801 1730 902 1782 hoc
927 1738 1029 1793 est,
1059 1730 1110 1782 in
1139 1730 1342 1798 primos
1372 1728 1650 1797 deiformes
1684 1727 1834 1781 intel—
1865 1720 1905 1777 Β

256 1816 419 1868 lectus
444 1826 691 1886 tanquam
711 1819 904 1885 primos
927 1827 1222 1887 aperatores
1237 1811 1550 1883 divinorum,
1574 1817 1830 1870 Itlminum

256 1905 539 1967 vitelicet,
589 1916 638 1959 et
685 1907 982 1975 magistros.
1032 1908 1111 1961 Ac
1156 1908 1200 1961 si
1256 1908 1458 1961 diceret
1502 1924 1516 1959 :
1566 1907 1831 1973 Quoniam

256 1995 709 2051 excellentissima
758 1998 1006 2051 caelestis
1052 1998 1331 2065 dispositio
1381 1998 1689 2051 immediate
1714 2003 1835 2065 post

258 2082 427 2138 Deum
454 2095 558 2151 est,
585 2095 868 2155 propterea
898 2086 1179 2141 inferiores
1205 2086 1426 2141 virtutes
1448 2094 1660 2140 omnem
1683 2090 1834 2139 suam

257 2189 465 2227 sacram
522 2176 739 2244 Deoque
792 2176 1020 2231 similem
1071 2178 1436 2247 operationem
1488 2178 1541 2231 in
1587 2192 1646 2231 se
1694 2177 1835 2245 ipsas

256 2264 516 2317 referunt.
557 2264 664 2319 Sed
702 2267 877 2335 primo
927 2268 977 2321 in
1029 2269 1212 2332 Deum,
1254 2278 1309 2323 et
1350 2277 1740 2336 consequenter
1779 2267 1832 2319 in

257 2357 460 2422 primos
517 2356 851 2421 intellectus,
898 2358 988 2427 qui
1043 2359 1202 2429 primi
1245 2368 1556 2430 operatores
1605 2366 1729 2413 sunt
1779 2365 1834 2412 et

256 2448 496 2516 magistri
529 2448 855 2513 divinorum,
888 2465 981 2504 seu
1006 2443 1266 2506 luminum
1290 2452 1372 2507 vis
1400 2452 1708 2513 subaudire,
1738 2466 1831 2505 seu

258 2550 337 2605 my
346 2545 635 2590 steriorum
649 2579 661 2602 ,
684 2554 777 2593 seu
796 2556 1113 2595 arcanorum
1130 2548 1539 2611 ceterarumque
1553 2541 1828 2597 similium.

255 2627 512 2698 Sequitur
533 2632 906 2700 recapitulatio
932 2634 1390 2705 interpretationis
1418 2634 1690 2688 nominum
1710 2630 1830 2701 pri-

256 2734 375 2771 mae
396 2720 712 2775 icrarchiae.
757 2723 879 2778 Non
904 2726 925 2756 '
954 2742 1073 2796 ergo
1098 2728 1266 2790 prima
1293 2734 1591 2779 sanctorum
1622 2721 1831 2791 angelo-

255 2825 369 2862 rum
425 2811 693 2880 dispositio
742 2818 908 2880 magis
947 2815 1101 2869 simul
1126 2817 1362 2869 omnibus
1390 2816 1542 2869 habet
1584 2812 1830 2884 igneam‘

254 2901 661 2968 proprietatem?
683 2903 763 2957 Ac
783 2905 829 2958 si
856 2905 1058 2960 diceret
1088 2916 1101 2959 ξ
1136 2906 1341 2970 Nonne,
1369 2909 1615 2975 quamvis
1641 2918 1828 2958 omnes

254 2992 518 3045 caelestes
552 2993 778 3047 virtutes
801 2992 824 3026 ⁸
859 2994 1089 3048 habeant
1113 2995 1323 3063 igneum
1356 2995 1398 3025 ¹⁶
1420 2994 1826 3064 proprietatem,

255 3080 357 3133 hoc
369 3091 476 3143 est,
490 3085 825 3150 purgativam
837 3084 1229 3151 operationem,
1248 3083 1418 3151 magis
1441 3091 1613 3136 tamen
1628 3083 1825 3157 ceteris
1855 3065 1897 3126 Ο

256 3171 428 3239 prima
447 3173 731 3239 ierarchia,
750 3174 901 3243 cujus
913 3175 1115 3243 primus
1127 3176 1259 3227 ordo
1281 3174 1560 3244 Seraphiin
1590 3175 1829 3227 nomina~

258 3270 360 3323 tur,
391 3262 445 3315 id
474 3273 575 3325 est,
610 3265 959 3319 incendentes
984 3265 1066 3319 vel
1095 3265 1508 3321 calefacientes?
1530 3265 1595 3319 Et
1610 3261 1829 3335 elfusam

262 3349 472 3403 dir-inae
492 3355 782 3421 sapientiae
802 3355 1153 3419 traditionem,
1177 3365 1225 3409 et
1247 3357 1521 3427 mysticum
1547 3356 1833 3410 excelsissi-

256 3456 370 3494 mae
396 3443 684 3497 divinarum
718 3444 1157 3500 illuminationum
1181 3447 1425 3502 scientiae
1452 3465 1469 3512 ;
1495 3448 1829 3509 subauditur,

260 3535 431 3601 magis
486 3536 739 3589 omnibus
788 3537 952 3591 habet
997 3538 1167 3606 prima
1200 3524 1499 3608 dispositio,
1526 3538 1677 3605 cujus
1700 3541 1832 3591 ordo

260 3626 525 3681 secundus
547 3626 836 3683 Cberubim
865 3630 1084 3694 dicitur,
1114 3630 1163 3683 id
1194 3639 1297 3693 est,
1345 3629 1629 3683 multitudo
1654 3630 1830 3683 scien-

259 3716 383 3777 tiae,
410 3716 524 3771 sive
545 3716 732 3772 eﬁ‘usio
761 3719 1077 3788 sapientiae.
1108 3721 1177 3773 Et
1201 3721 1444 3774 sessivam
1469 3721 1832 3788 proprietatem

260 3816 539 3871 gestantem
564 3807 794 3877 dipinam
823 3810 1202 3879 susceptionem
1237 3810 1648 3879 signiﬁcantem;
1676 3809 1831 3864 simi-

263 3893 382 3948 liter
402 3898 738 3961 subauditur,
765 3901 934 3969 magis
962 3902 1210 3955 omnibus
1253 3901 1413 3956 habet
1458 3901 1670 3955 divinae
1689 3900 1833 3956 sedis

261 3988 658 4056 proprietatem,
695 4005 838 4058 quae
872 3991 1038 4045 Deum
1069 4000 1258 4062 gestat,
1279 3992 1619 4061 divinumque
1650 4005 1832 4060 recepo

264 4079 457 4131 tionem
484 4079 771 4145 signiﬁcat,
797 4082 969 4150 prima
997 4081 1281 4147 ierarcbia,
1310 4083 1461 4150 cujus
1488 4081 1675 4136 tertius
1697 4082 1831 4137 ordo

264 4168 563 4220 nominatur
588 4168 815 4235 Throni,
846 4171 895 4224 id
918 4179 1024 4235 cst,
1053 4172 1229 4226 sedes.
1246 4170 1444 4226 Omnes
1470 4172 1633 4240 igitur
1656 4170 1830 4225 caele-

260 4264 371 4309 stes
393 4258 618 4313 virtutes
664 4261 923 4316 habent“
952 4264 1162 4332 igneam
1191 4264 1299 4316 vim
1321 4272 1376 4318 et
1395 4261 1707 4317 eﬁ‘usionem
1735 4278 1828 4317 sa-

262 4347 490 4414 piemiae
527 4361 583 4405 et
614 4354 926 4423 mysterium
948 4355 1207 4410 scientiae
1246 4364 1301 4410 et
1328 4355 1540 4409 divinae
1568 4356 1825 4411 sessionis

262 4441 637 4507 nceptionem,
681 4447 852 4514 magis
900 4455 1079 4500 tamen
1127 4446 1323 4501 ceteris
1364 4446 1613 4501 omnibus
1647 4447 1832 4516 prima-

262 4526 537 4582 ierarchia.
584 4533 742 4602 Ipsae
770 4548 890 4588 vero
927 4537 1311 4605 suppositarum
1348 4535 1709 4604 dispositiones
1747 4553 1825 4591 es-

261 4621 535 4674 sentiarum
565 4626 718 4693 ignea
764 4629 983 4696 sapienti
1025 4639 1070 4682 et
1098 4630 1279 4683 scienti
1304 4628 1345 4659 “
1386 4629 1483 4682 Dei
1505 4632 1824 4699 susceptoria

261 4709 442 4763 virtute
467 4714 506 4745 ⁸⁸
534 4718 847 4785 participant
885 4722 1092 4789 quidem
1112 4723 1272 4792 infra.
1302 4723 1679 4793 lpsae,inquit,
1706 4724 1820 4777 dis-

261 4801 462 4865 positae
485 4809 748 4863 essentiae
777 4813 984 4867 mediae
1013 4813 1330 4879 icrarchiae,
1353 4829 1490 4884 quae
1518 4816 1823 4884 suppositae

1932 469 2184 521 virtutem
2225 464 2531 532 Seraphim,
2579 463 2872 530 sapientein
2902 462 3267 531 scientemquc
3307 463 3509 517 Cheru-

1932 550 2039 613 bim
2090 558 2366 619 virtutem,
2413 555 2505 608 Dei
2535 554 2918 623 susceptoriam
2966 555 3218 609 virtutem
3257 553 3507 610 Throno—
3577 537 3582 542 ’

1935 668 2074 705 rtnn.
2109 650 2173 703 Et
2202 650 2269 702 ad
2296 647 2491 717 primas
2533 648 2832 715 aspicientes
2857 646 2924 711 “,
2955 656 3003 701 et
3029 663 3121 716 per
3144 665 3255 713 eas,
3285 650 3508 718 primas.

1935 753 1989 795 ut
2021 741 2066 773 "
2092 739 2378 792 imitatione
2403 737 2575 788 divina
2604 734 2648 766 "
2674 737 3054 805 praecperative
3078 737 3230 805 digne
3264 737 3427 806 factas
3454 739 3509 792 in

1933 828 2297 900 deiformitatis
2331 824 2575 898 possibile
2615 825 2857 880 reductae
2886 841 2904 879 :
2944 827 3047 881 hac
3074 836 3174 890 est,
3208 813 3272 882 ad
3306 829 3506 898 primas

1933 921 2196 977 essentias
2227 918 2434 972 mediae
2455 923 2860 979 convertuntur,
2902 925 2956 970 et
2997 932 3093 987 per
3136 932 3249 981 eas,
3279 920 3498 989 primas,

1933 1010 2129 1064 merito
2155 1008 2313 1078 digne
2339 1005 2508 1060 factas
2537 1005 2589 1058 in
2614 1000 2962 1060 similitudine
2992 1004 3170 1061 divina
3192 1021 3506 1077 praeopera-

1936 1101 2098 1161 trices
2146 1099 2196 1151 in
2247 1096 2663 1152 deiiormitatcm
2710 1095 3019 1164 possibilcm
3054 1098 3402 1163 reducuntur,
3454 1092 3507 1151 id

1932 1200 2034 1251 est,
2063 1197 2274 1243 sursum
2307 1188 2572 1241 ducuntur
2608 1179 2651 1216 ι’
2692 1186 2976 1240 secundae.
3011 1184 3089 1239 Re
3128 1187 3269 1240 enim
3308 1189 3506 1257 saepis-

1933 1282 2067 1335 sime
2120 1293 2219 1349 pro
2262 1276 2470 1331 rursttm
2500 1277 2735 1346 ponitur.
2769 1278 2843 1330 De
2892 1278 3077 1331 ultima
3119 1288 3296 1331 autem
3336 1279 3507 1334 caele-

1933 1373 2096 1425 stium
2120 1368 2405 1430 ierarchia,
2437 1362 2610 1436 deque
2639 1367 2871 1420 humana
2904 1367 3403 1435 subintelligendum
3425 1384 3508 1424 re-

1935 1463 2107 1530 liquit.
2145 1456 2213 1515 Ut
2251 1461 2392 1514 enim
2424 1459 2655 1512 secunda
2692 1458 2980 1527 participat
3008 1458 3234 1513 virtutes
3280 1458 3507 1527 primae,

1933 1556 2005 1609 ita
2035 1552 2189 1607 tertia
2239 1551 2467 1605 virtutes
2498 1549 2787 1614 secundae,
2816 1557 2869 1603 et
2900 1556 3092 1619 Quarta
3132 1551 3344 1614 tertiae,
3377 1568 3439 1607 ac
3462 1552 3508 1606 si

1935 1646 2087 1716 ignea
2111 1654 2164 1699 et
2187 1643 2398 1712 sapiens
2419 1651 2468 1696 et
2494 1642 2671 1695 sciens
2694 1641 2894 1710 Deique
2920 1644 3247 1712 susceptoria
3275 1644 3316 1675 ¹⁸
3342 1634 3531 1698 τῖε-[ηδ’

1933 1736 2163 1804 primum
2194 1748 2225 1786 a
2268 1733 2377 1787 Deo
2418 1731 2469 1785 in
2506 1732 2761 1801 primam,
2793 1733 3028 1786 secundo
3065 1748 3160 1802 per
3196 1734 3423 1801 primam
3456 1734 3511 1788 in

1936 1825 2265 1890 secundam,
2308 1822 2467 1878 tertio
2496 1838 2592 1891 per
2633 1823 2922 1877 secundam
2968 1823 3022 1877 in
3050 1824 3286 1888 tertiam,
3316 1835 3511 1893 quarto

1935 1931 2032 1986 per
2060 1914 2274 1971 tertiam
2314 1915 2365 1967 in
2394 1920 2641 1983 quartam
2679 1913 2957 1967 descendit
2987 1914 3307 1968 ierarchiam
3334 1930 3347 1979 ;
3386 1930 3511 1984 gra-

1935 2008 2104 2063 datim
2151 2007 2413 2077 siquidem
2451 2005 2516 2071 ",
2541 2020 2645 2059 non
2673 2012 2848 2059 tamen
2872 2003 3185 2073 aequaliter.
3227 2004 3292 2059 Et
3315 2005 3508 2059 iterum

1934 2092 2183 2169 quarta'o
2210 2113 2304 2167 per
2320 2096 2549 2159 tertiam,
2575 2096 2729 2148 tertia
2752 2110 2848 2165 per
2877 2095 3191 2159 secundam,
3218 2097 3447 2148 secunda
3461 2095 3508 2128 “

1933 2203 2030 2257 per
2073 2189 2336 2256 primam,
2375 2187 2547 2256 prima
2592 2200 2690 2253 per
2719 2185 2893 2254 ipsum
2944 2185 3110 2239 Deum
3155 2183 3206 2236 in
3236 2183 3510 2254 praelatus

1933 2280 2207 2334 reducitur
2240 2278 2484 2331 virtutes.
2535 2276 2711 2329 Dictas
2750 2290 2869 2344 ergo
2909 2284 3117 2328 sanctas
3144 2259 3503 2344 proprietates.

1931 2384 2155 2440 quarum
2194 2367 2521 2437 participatio
2565 2381 2654 2435 per
2679 2367 2876 2434 primas
2912 2374 3023 2433 post
3054 2381 3141 2418 cas
3175 2365 3508 2419 subsistentes

1930 2463 2084 2531 ﬁunt,
2114 2460 2238 2531 ipsis
2273 2457 2378 2511 illis
2412 2458 2457 2489 “
2488 2465 2599 2526 post
2644 2455 2806 2508 Deum
2847 2465 3093 2524 tanquam
3135 2455 3403 2508 ierarchiis
3434 2473 3508 2509 rea

1929 2560 2145 2622 ponunt.
2173 2550 2479 2604 Praedictas
2503 2563 2650 2616 ergo,
2677 2547 2869 2614 inquit,
2894 2558 3107 2601 sanctas
3123 2548 3507 2629 proprietates;

1930 2643 2203 2713 proprium
2253 2641 2395 2693 enim
2446 2638 2670 2709 angelici
2719 2638 2942 2700 ordinis,
2997 2637 3088 2707 qui
3141 2638 3362 2693 ultimus
3401 2650 3505 2702 est,

1929 2733 2270 2803 purgationes
2291 2730 2338 2763 "
2379 2730 2754 2799 prophetarum
2790 2736 3107 2796 ceteraeque
3146 2727 3507 2796 operationes,

1929 2838 2068 2893 quae
2098 2821 2273 2876 divina
2296 2819 2535 2873 bonitate
2563 2817 2820 2887 largiente
2841 2816 2890 2869 in
2922 2817 3155 2869 humana
3179 2826 3510 2885 peraguntur

1929 2924 2122 2970 natura
2142 2912 2208 2965 "’.
2234 2912 2469 2977 Quarum
2499 2910 2881 2979 pmprietatum
2910 2923 3005 2977 per
3023 2909 3225 2977 primas
3246 2908 3508 2962 essentias

1929 3005 2282 3059 subsistentes
2305 3001 2353 3033 ⁸⁸
2385 3011 2501 3068 post
2527 3015 2621 3053 eas
2649 3000 2781 3052 liunt
2806 2999 3162 3068 participatio.
3200 2998 3504 3066 Reponuut,

1930 3096 1980 3150 id
2010 3104 2111 3152 est.
2146 3091 2384 3146 referunt
2414 3091 2458 3121 ²⁶
2487 3091 2615 3160 ipsis
2657 3090 2760 3144 illis
2799 3090 3096 3152 ierarchiis,
3115 3099 3362 3157 tanquam
3390 3097 3509 3155 po~t

1933 3186 2120 3248 Deum,
2170 3185 2272 3237 hoc
2326 3192 2426 3245 cst,
2474 3180 2725 3249 quoniam
2776 3187 2894 3248 post
2940 3178 3103 3232 Deum
3152 3184 3294 3232 sunt.
3354 3176 3507 3243 Quod

1931 3275 2166 3330 breviter
2193 3287 2476 3342 possumus
2503 3270 2754 3339 colligere
2785 3267 3094 3338 :angelicus
3126 3268 3259 3321 ordo
3293 3276 3507 3321 sanctas

1929 3367 2177 3438 proprias
2221 3364 2559 3435 Operationcs
2589 3375 2692 3414 non
2741 3361 2793 3413 in
2834 3360 3092 3428 seipsum,
3125 3357 3216 3411 scd
3262 3356 3315 3410 in
3362 3356 3507 3424 ipsas

1932 3455 2241 3519 ierarchias,
2270 3467 2405 3523 quae
2446 3460 2569 3522 post.
2601 3450 2766 3503 Deum
2806 3456 2951 3509 sunt,
2983 3447 3233 3516 quoniam
3280 3445 3346 3500 ab
3376 3445 3508 3514 ipsis

1930 3546 2158 3615 accepit,
2189 3545 2370 3598 refert.
2401 3541 2631 3596 Pulchre
2664 3548 2840 3593 autem
2884 3536 3013 3591 dicit
3045 3552 3059 3589 :
3109 3551 3335 3604 quarum
3385 3550 3507 3604 par-

1934 3635 2171 3704 tieipatio
2198 3632 2550 3687 subsistentes
2574 3629 2730 3692 liunt,
2759 3627 3013 3696 quoniam
3052 3626 3229 3680 omnis
3257 3625 3508 3679 caelestis

1931 3728 2160 3781 essentia
2186 3724 2574 3796 proprietatum
2615 3736 2833 3776 suarum
2864 3729 2917 3775 et
2954 3718 3012 3772 lit
3039 3728 3091 3771 et
3112 3717 3312 3771 dicitur
3339 3719 3507 3786 parti-

1931 3818 2146 3887 cipatio.
2182 3817 2363 3871 Potest
2404 3823 2581 3869 tamen
2623 3810 2833 3866 facilius
2885 3810 3230 3879 interpretari
3272 3828 3285 3863 :
3334 3810 3507 3865 dictas

1931 3922 2058 3977 ergo
2093 3914 2305 3961 sanctas
2339 3903 2714 3973 proprietates,
2741 3902 2792 3953 in
2824 3915 3050 3970 quarum
3096 3898 3509 3969 participatione

1931 4014 2025 4067 per
2052 3998 2250 4066 primas
2288 4005 2409 4066 post
2441 4009 2534 4049 cas
2580 3992 2622 4025 ’⁷
2658 3992 3010 4046 subsistentes
3055 3989 3201 4043 liunt.
3235 3987 3503 4054 Quoniam

1930 4087 2070 4141 enim
2095 4083 2145 4140 in
2174 4084 2380 4141 Graeco
2406 4092 2488 4139 est
2511 4080 2575 4137 ὧν
2600 4084 3112 4153 μετουσία,‹ιιιεη·ηιη
3136 4077 3500 4148 participatio,

1928 4187 1981 4232 et
2004 4179 2056 4232 in
2081 4194 2306 4248 quarum
2334 4175 2744 4246 participatione
2770 4182 2945 4243 potest
2976 4171 3225 4239 intelligi;
3254 4172 3500 4240 μετουσία

1927 4272 2121 4341 quippe
2159 4280 2212 4325 et
2261 4268 2620 4324 nominativus
2666 4282 2825 4322 casus
2873 4265 3153 4334 accipitur,
3199 4272 3253 4316 ct
3287 4261 3498 4315 dativus

1926 4375 2023 4430 pro
2045 4359 2273 4415 ablativo
2296 4358 2513 4426 ponitur
2538 4355 2606 4408 ".

1997 4452 2025 4524 ς
2051 4452 2106 4505 4.
2147 4453 2231 4504 Ait
2270 4466 2388 4518 ergo
2425 4449 2550 4502 haec
2578 4447 2776 4512 dicens,
2798 4461 2882 4501 vet
2920 4452 3060 4500 Sicut
3088 4440 3303 4513 proprie
3330 4437 3495 4493 inter-

1923 4556 2164 4619 pretatur
2200 4564 2213 4597 :
2245 4546 2380 4599 dixit
2407 4559 2534 4614 ergo
2558 4543 2646 4612 qui
2677 4543 2811 4596 haec
2838 4540 2934 4604 ait,
2966 4540 3070 4593 hoc
3100 4548 3201 4601 est,
3235 4537 3324 4605 qui
3357 4538 3495 4591 hunc

1924 4653 2139 4693 sensum
2163 4634 2384 4705 protulit
2400 4633 2465 4689 de
2481 4632 2793 4703 purgatione
2814 4630 3106 4700 prophetae
3131 4645 3159 4682 a
3187 4626 3492 4697 Seraphitu,

1926 4731 2176 4784 uisionem
2220 4729 2283 4781 ab
2329 4726 2441 4791 illa,
2468 4720 2649 4779 divina
2697 4722 2901 4779 scilicet
2934 4722 3159 4784 virtute,
3208 4730 3493 4787 susceptam

1926 4821 2087 4891 fuisse
2111 4806 2342 4889 thcolago
2369 4834 2460 4888 per
2484 4832 2645 4870 unum
2676 4812 2998 4884 operantium
3026 4812 3170 4867 nobis
3200 4821 3491 4865 sanctarum

1520 4947 1774 5004 VARIAE
1810 4948 2208 5006 LECTIONES.
2851 4970 2890 5007 η

337 5056 351 5080 ¹
511 5053 616 5106 ΑΒ.
694 5057 725 5130 ’_
850 5072 901 5110 a.
941 5073 1014 5110 m.
1045 5074 1313 5128 superscr.
1330 5078 1659 5130 consequens.

260 5117 352 5201 β’,
380 5121 621 5201 Adsunt.
707 5127 728 5156 ⁶
754 5127 812 5178 B'
845 5143 1003 5201 supra
1044 5117 1216 5201 adscr.
1248 5133 1301 5185 in
1337 5117 1546 5200 primos.

259 5187 408 5241 testes
442 5192 647 5246 rirtutes
673 5212 869 5249 omnes.

256 5330 393 5379 riam
414 5331 665 5383 virtutem.

256 5395 305 5466 ξ’
337 5395 502 5466 conj"
536 5398 628 5453 ΑΒ
678 5404 945 5457 dicuntur.

260 5463 303 5533 θ’
339 5463 461 5521 “ad.
481 5484 619 5523 corr.
655 5471 845 5533 B‘,AB
882 5479 1179 5530 secundum.

258 5600 304 5652 Β
326 5608 534 5667 positus.

1762 5062 1782 5093 ³
1816 5060 1856 5113 Β
1901 5076 2041 5114 corr.
2086 5075 2136 5113 ει.
2194 5073 2266 5111 m.
2312 5056 2398 5108 AB
2453 5056 2693 5109 miratur.

1623 5129 1643 5161 θ
1684 5131 1720 5183 Β
1746 5147 1886 5185 corr.
1920 5129 2125 5182 Nonne.

948 5199 989 5228 ¹⁰
1037 5199 1239 5266 igneam
1289 5217 1422 5258 out.,
1460 5201 1631 5255 addidi
1668 5217 1733 5253 ex
1763 5200 1902 5261 coni.

258 5272 361 5336 pro
392 5263 604 5336 sapienti
655 5275 701 5316 et
746 5267 929 5336 scienti
971 5278 1018 5320 et
1058 5263 1146 5321 ἉΒ
1196 5271 1450 5336 sapiencie
1478 5271 1695 5322 scienrie
1742 5271 1800 5322 B'
1834 5284 1975 5321 corr.
2021 5280 2068 5320 et
2115 5265 2791 5336 sapientemscientcngue.

766 5334 810 5365 ιδ
839 5336 909 5386 lix
940 5352 1076 5389 veta.
1109 5348 1160 5391 et
1202 5334 1328 5397 test.
1360 5341 1660 5405 graec..Alt
1686 5340 1958 5407 sapientes.

1021 5407 1063 5438 ¹⁸
1084 5407 1259 5477 Conj.,
1296 5408 1383 5460 AB
1428 5411 1838 5462 subsistcntoria.
1919 5411 1960 5443 ²⁹
1985 5408 2023 5462 Λ

1271 5479 1315 5508 ¹¹
1347 5479 1480 5534 Had.
1506 5494 1645 5531 corr.
1682 5479 1763 5540 B‘,
1796 5479 1883 5531 AB
1904 5479 2064 5530 illius.

259 5532 353 5615 ρ’,
379 5537 458 5615 ΑΒ
502 5532 741 5596 naturae.
797 5545 864 5581 -"
906 5546 1058 5599 Corr.
1090 5546 1173 5609 B',
1219 5546 1303 5601 AB
1330 5532 1668 5602 subsistentia.
1743 5532 1789 5579 ίθ
1822 5550 1860 5601 Λ
1901 5548 2137 5615 refertur.

2797 5054 2820 5084 ⁸
2846 5050 2890 5105 Α
2928 5053 3176 5106 divinam.
3283 5050 3307 5080 "
3331 5048 3487 5103 Corr.

2233 5127 2253 5158 ⁸
2277 5125 2318 5178 Β
2344 5127 2547 5194 igneam
2581 5125 2731 5176 habet
2757 5123 3141 5194 proprietatem.
3195 5191 3230 5194 __
3249 5118 3347 5194 ’_B
3375 5136 3490 5194 cae-

1992 5199 2031 5229 ¹¹
2063 5195 2249 5250 habent
2280 5188 2386 5248 om'.
2419 5194 2607 5253 AB,ad
2634 5188 2800 5262 marg.
2831 5188 3007 5246 adscr.
3032 5192 3112 5244 B'.
3192 5191 3232 5220 η
3266 5188 3486 5242 Emend.

2867 5262 2908 5293 “
2936 5263 2993 5315 Β·
3046 5275 3186 5314 corr.
3225 5267 3485 5323 susceptov

2058 5337 2101 5368 ¹⁸
2132 5336 2187 5388 Β·
2213 5349 2354 5388 corr.
2401 5335 2475 5386 in.
2580 5332 2620 5361 ¹⁸
2662 5332 2795 5384 Rud.
2823 5347 2962 5385 corr.
2989 5331 3052 5391 Β,
3101 5329 3187 5381 AB
3234 5328 3464 5380 divinam

2063 5405 2288 5478 quidem.
2364 5403 2410 5434 ¹⁰
2430 5405 2582 5478 Corr.
2631 5403 2712 5466 B‘,
2766 5416 2862 5470 pro
2896 5410 3082 5478 quarta
3142 5399 3227 5450 AB
3254 5396 3485 5478 ieiune.

2163 5474 2207 5504 ’³³
2235 5475 2292 5525 lt‘
2318 5488 2474 5541 supra
2503 5474 2676 5525 adscr.
2701 5464 2785 5523 est
2820 5464 3191 5541 purgationem
3254 5466 3298 5494 ’δ
3331 5464 3485 5541 liorr.

2243 5543 2284 5575 ’⁷
2331 5535 2572 5603 Ειῐιρηίιη
2608 5542 2643 5593 Δ
2678 5535 2882 5603 eum,“
2902 5535 2980 5592 ea.
3087 5538 3130 5569 ’⁸
3155 5536 3304 5590 Corr.
3335 5535 3418 5597 B‘,
3444 5536 3484 5587 Α
