3952 6156
402 217 509 276 943

1768 228 2057 306 ποΑΝΝιε
2089 233 2293 295 scort

3550 232 3651 294 ΞΗ

402 345 453 387 ct
479 332 745 390 beatorum
779 333 1101 409 ungelB‘rum,
1134 347 1182 394 et
1206 352 1326 394 ante
1358 338 1758 399 illuminat‘iunm
1795 349 1977 417 ipsius,
2011 359 2052 414 Α
2081 348 2262 419 plane,
2295 360 2344 403 et
2368 365 2479 405 esse
2501 359 2551 404 et
2594 348 2719 405 bene
2743 366 2871 414 esse,
2895 352 3052 406 etiam
3103 352 3227 421 ipsis
3254 366 3452 406 summe
3489 358 3664 410 muni-

405 425 605 495 angeli,
638 428 1116 493 manuductionem,
1154 447 1257 499 qua
1294 432 1445 486 duxit
1499 435 1513 464 ¹
1555 435 1881 507 theologum,
1928 441 1983 493 in

403 513 554 567 illam
585 526 839 581 sanctam,
895 520 1113 574 visionis
1155 521 1334 589 plane,
1382 524 1865 595 contemplationem
1911 546 1985 583 rc-

356 668 363 675 ,
403 605 659 672 posuisse,
689 608 789 662 hoc
822 618 904 663 est
949 611 1214 675 retulisse,
1250 613 1301 666 in
1331 616 1504 682 ipsum
1529 616 1777 673 videlicet
1817 621 1981 675 Sera-

407 694 575 761 phim,
609 711 638 749 a
671 712 779 766 quo
819 707 874 752 et
913 715 1009 767 per
1034 716 1193 768 quem
1238 703 1262 734 ³
1289 703 1437 759 visus
1489 714 1574 761 est
1601 687 1985 780 purgare'pro-

406 783 644 849 pbetam.
694 785 759 837 Et
805 787 983 843 sedere
1023 790 1155 844 uidet
1200 792 1579 849 excelsissimus
1613 801 1882 864 essentias,
1932 801 1983 855 id

404 878 511 960 est,
559 875 1115 941 superexcelsissimas
1156 883 1440 948 essentias,
1464 896 1718 952 quantum
1752 890 1807 942 in
1845 907 1985 960 sym-

406 958 536 1014 bolis
570 962 868 1031 direndum,
904 967 1008 1023 hoc
1040 977 1145 1034 est,
1188 982 1447 1041 quantum
1476 991 1574 1044 per
1610 980 1849 1047 symbols
1875 958 1982 1036 dici

404 1056 617 1113 potest,
673 1054 816 1120 quod
873 1054 1141 1113 ineffabile
1186 1068 1307 1125 est,
1354 1072 1470 1131 post
1521 1063 1687 1118 Deum
1744 1077 1792 1121 et
1844 1070 1983 1124 circa

403 1131 574 1189 Deum
640 1139 921 1198 collocatas
951 1184 965 1209 ,
1024 1151 1523 1221 super-principalem
1584 1159 1933 1214 summitatem
1965 1201 1985 1227 ,

404 1231 909 1292 superessentialem
975 1234 1228 1291 videlicet
1290 1238 1619 1308 bonitatem,
1695 1246 1749 1300 in
1810 1231 1982 1303 medio

404 1314 930 1383 super/imitaturum
975 1322 997 1354 ³
1031 1326 1281 1380 virtutum
1331 1333 1813 1400 supercollocatam.
1856 1338 1984 1394 Bre-

403 1402 546 1493 viter
588 1418 975 1465 commemorat
1023 1413 1281 1469 visionem
1337 1419 1665 1488 prophetae,
1723 1439 1861 1493 quae
1904 1428 1984 1482 sic

405 1488 491 1585 in-
532 1493 784 1551 hebraica
852 1500 1081 1555 veritate
1151 1505 1352 1575 scripta
1430 1518 1556 1575 est;
1633 1488 1983 1585 Septuaginta

406 1582 550 1675 enim
579 1600 710 1655 prae
734 1590 982 1646 manibus
1008 1609 1114 1650 non
1160 1595 1443 1664 habemus,
1488 1616 1623 1671 quos
1673 1602 1695 1633 ⁸
1741 1582 1985 1675 sequitur

2084 436 2150 489 tis
2185 436 2229 466 “
2247 446 2323 490 est
2350 438 2643 493 uirtutibus.
2676 438 2828 506 Quod
2859 454 2988 509 ergo
3024 440 3280 510 propheta
3312 441 3452 497 videt
3479 442 3659 498 Domi-

2084 540 2213 581 num
2240 527 2429 583 sedere
2455 542 2618 599 super
2661 530 3055 585 excelsissimas
3086 532 3365 595 essentias,
3396 543 3656 590 remetam

2082 615 2151 669 ab
2189 618 2440 673 omnibus
2485 619 2654 690 ipsius
2689 620 2731 651 ³⁷
2777 620 3401 690 superessentialitatem,
3433 630 3486 676 et
3513 627 3657 692 quod

2084 708 2463 764 universaliter
2505 711 2746 764 omnium
2795 711 3286 785 excelsissimorum
3314 722 3366 767 et
3409 714 3477 768 ab
3510 717 3653 770 omni

2084 796 2354 853 intellectu
2380 802 2866 857 remotissimorum
2897 804 3293 859 remotissimus
3325 805 3415 871 sit,
3443 813 3500 859 et
3514 806 3657 877 quod

2085 904 2258 958 neque
2280 891 2486 959 primae
2514 895 2780 948 essentiae
2825 895 3029 949 similes
3058 895 3107 949 ei
3142 895 3271 959 sint,
3320 896 3463 950 oinni
3493 897 3659 966 siqui.

2084 979 2206 1034 dem
2227 980 2579 1038 similitudine
2607 983 2948 1054 relinquitur,
2976 985 3244 1055 quamvis,
3291 995 3350 1039 ut
3398 987 3462 1040 de
3490 1001 3553 1041 eo
3579 987 3663 1042 di‘

2085 1079 2240 1125 catur
2264 1070 2487 1140 aliquid,
2515 1087 2580 1127 ex
2610 1082 2859 1128 creatura
2889 1073 3270 1130 similitudines
3295 1076 3346 1129 ei
3371 1076 3664 1130 adhibean—

2086 1167 2190 1224 tur,
2223 1160 2529 1231 signilicat;
2561 1163 2704 1231 quod
2741 1172 2920 1219 autem
2951 1164 3272 1234 principium
3302 1165 3375 1219 sit
3418 1165 3665 1220 muniunt

2084 1262 2139 1309 et
2185 1270 2348 1309 causa
2382 1255 2766 1310 substantilica
2806 1266 3183 1324 secretumque
3235 1266 3290 1312 et
3332 1256 3668 1311 immutabile

2084 1352 2140 1398 et
2177 1344 2448 1413 singulare
2476 1343 2904 1408 fundamentum,
2954 1359 3050 1413 per
3078 1346 3145 1377 ἠ
3175 1346 3426 1400 cardines
3456 1346 3666 1414 templi,

2085 1436 2228 1490 circa
2255 1450 2392 1504 quos
2416 1436 2616 1497 omnia,
2668 1449 2808 1505 quae
2851 1445 3154 1499 moventur,
3184 1435 3493 1499 volvuntur,
3536 1435 3665 1488 dum

2087 1526 2139 1597 in
2172 1526 2364 1595 seipsis
2399 1526 2763 1581 immutabiles
2789 1533 3164 1595 permaneant,
3213 1526 3438 1595 mystice
3467 1525 3669 1595 liguru-

2090 1623 2192 1668 tur.
2224 1614 2425 1669 Deinde
2447 1615 2658 1668 easdem
2683 1616 3130 1669 sanctissimorum
3151 1612 3424 1675 Serurltim
3453 1616 3669 1682 edogtus

406 1672 736 1774 Dionysius:
786 1699 805 1732 ι
838 1680 956 1737 Vidi
980 1685 1262 1742 Dominum
1307 1692 1583 1747 sedentem
1612 1710 1776 1764 super
1796 1699 1988 1754 solium
2020 1697 2063 1755 Β
2090 1716 2164 1759 est
2194 1705 2472 1774 deiformes
2505 1706 2754 1770 virtutes;
2784 1722 2937 1760 sacra
2972 1705 3179 1773 quidem
3220 1705 3448 1773 ipsorum
3477 1721 3675 1774 cogno-

406 1770 679 1860 excelsum
709 1782 765 1829 et
807 1774 1096 1843 elevatum,
1131 1791 1188 1836 et
1212 1798 1298 1849 ea,
1340 1800 1480 1855 quae
1509 1787 1609 1841 sub
1656 1789 1773 1860 ipso
1814 1801 1987 1857 erant,

408 1858 699 1929 implebant
729 1867 1007 1937 templum.
1060 1870 1344 1943 Seraphim
1396 1879 1614 1932 stabant
1655 1858 1818 1950 super
1841 1881 1988 1949 illud,

403 1965 503 2004 rex
525 1954 643 2009 alae
672 1957 763 2010 uni
794 1958 833 2023 ",
870 1975 963 2014 sex
994 1961 1111 2018 alae
1144 1964 1318 2019 alteri.
1355 1968 1570 2025 Duabus
1620 1971 1871 2026 velabant
1916 1972 1991 2027 la-

406 2056 544 2095 ctem
574 2044 713 2113 ejus,
744 2056 798 2102 et
832 2050 1041 2106 duabus
1071 2053 1321 2110 velabant
1350 2058 1513 2127 pedes
1535 2059 1670 2129 ejus,
1703 2071 1759 2116 et
1785 2063 1992 2118 duabus

410 2132 661 2188 volabant
685 2145 739 2190 et
768 2130 1075 2196 clamaban’t
1103 2144 1240 2199 alter
1265 2148 1332 2201 ad
1357 2148 1585 2203 alterum
1617 2161 1669 2206 et
1696 2151 1948 2208 dicebant
1974 2173 1986 2208 :

408 2217 657 2289 Sanetus,
691 2224 943 2293 Sanctus,
977 2229 1206 2287 Sanctus
1247 2233 1505 2292 Dominus
1548 2238 1688 2293 Deus
1732 2240 1754 2270 ⁸
1784 2243 1993 2295 exerci-

409 2317 555 2363 tuum
581 2328 597 2377 ;
625 2313 779 2382 plena
807 2326 886 2372 est
915 2321 1094 2375 omnis
1125 2331 1264 2376 terra
1287 2325 1455 2395 gloria
1476 2327 1611 2396 ejus.
1638 2331 1704 2383 Et
1722 2340 1990 2386 commota

407 2410 535 2455 sunt
585 2407 1017 2475 superliminaria
1049 2414 1327 2468 cardinum
1381 2433 1410 2471 a
1442 2434 1573 2474 voce
1601 2420 1907 2489 clamantis,
1936 2431 1994 2478 et

406 2489 600 2546 donus
650 2493 866 2562 impleta
919 2508 1002 2552 est
1049 2498 1197 2554 fumo
1233 2503 1597 2574 thymiamatis
1632 2509 1673 2561 ".
1702 2508 1771 2562 Et
1818 2511 1985 2563 dixit:

409 2575 522 2631 Vae
570 2581 723 2647 mihi,
755 2584 880 2652 quia
932 2589 1095 2650 tacui,
1142 2589 1266 2657 quia
1307 2591 1389 2643 vir
1430 2593 1660 2660 pollutus
1687 2595 1845 2650 labiis
1890 2612 1990 2667 ego

407 2682 551 2758 sum,
590 2671 717 2723 etin
748 2673 922 2727 medio
948 2677 1127 2745 populi
1160 2679 1358 2746 polluta
1391 2680 1528 2735 labia
1572 2684 1593 2715 ⁸
1621 2686 1869 2740 habentis
1889 2702 1989 2758 ego

409 2757 614 2827 habito,
645 2772 700 2815 et
751 2778 932 2835 regem
980 2767 1264 2824 Dominum
1319 2775 1653 2830 exercituum
1686 2779 1792 2832 vidi
1820 2782 1991 2837 oculis

411 2851 568 2906 meis.
620 2852 687 2908 Et
727 2855 928 2912 volavit
977 2861 1043 2914 ad
1093 2878 1179 2917 me
1233 2879 1372 2919 unus
1416 2866 1484 2921 de
1508 2867 1816 2939 Seraphim,
1847 2879 1901 2927 et
1932 2871 1985 2926 in

409 2962 570 3001 manu
600 2947 714 3017 ejus
735 2950 990 3018 calcuulus,
1041 2971 1200 3023 quem
1230 2956 1433 3028 forcipe
1465 2960 1661 3015 tulerat
1703 2961 1771 3017 de
1807 2963 1986 3028 altari,

2094 1794 2397 1859 minutione,
2422 1795 2560 1863 quod
2585 1804 2660 1847 est
2700 1795 2942 1864 ignitum,
2986 1794 3048 1847 de
3076 1810 3177 1862 quo
3202 1793 3360 1861 paulo
3386 1805 3497 1856 post
3525 1797 3673 1847 dice-

2091 1899 2228 1948 mus,
2258 1892 2513 1953 quantum
2561 1884 2804 1952 possibile
2844 1885 3271 1939 subintroducere
3311 1888 3370 1937 in
3413 1885 3673 1952 dciforme

2090 1971 2284 2040 ignitae
2312 1973 2516 2026 uirtutis
2560 1987 2844 2042 anugogas.
2886 1973 3147 2041 Ipsorum,
3179 1974 3349 2041 inquit
3377 1974 3434 2035 ⁸³,
3469 1988 3675 2059 (ιορω-

2092 2064 2391 2117 minutione
2418 2093 2487 2104 -
2519 2065 2735 2133 utrique
2756 2065 2899 2118 enim
2921 2065 3203 2133 Scrapbim
3234 2067 3577 2118 nominantur
3599 2094 3675 2104 --

2090 2168 2232 2222 quae
2256 2161 2340 2208 εει
2368 2155 2615 2225 ignitum,
2648 2156 2714 2209 de
2740 2171 2847 2223 quo
2878 2156 3046 2224 ignita
3073 2154 3342 2224 paululum
3376 2156 3677 2225 posterius,

2090 2250 2350 2310 quantum
2402 2243 2557 2297 nobis
2609 2242 2864 2312 possibile
2914 2252 2998 2297 est
3048 2243 3512 2304 subintroducere.
3570 2260 3678 2296 nos

2091 2331 2352 2386 dicemus.
2403 2331 2642 2387 Edoctus
2692 2341 2776 2387 est
2828 2334 3407 2402 propheta'anagogas,
3434 2335 3537 2389 hoc
3565 2342 3676 2398 est,

2091 2421 2432 2475 ascensiones
2457 2435 2643 2475 eorum
2670 2421 2949 2491 Seraphim
2982 2422 3034 2474 in
3064 2421 3321 2476 deiformc
3345 2421 3544 2491 ignitae
3565 2423 3682 2474 vir-

2093 2514 2241 2566 tutis.
2267 2512 2541 2566 intellectu
2568 2514 2764 2584 quippe
2815 2515 3196 2570 nominationis
3236 2516 3481 2569 eruditus
3505 2526 3587 2569 est
3617 2516 3680 2568 in

2091 2603 2494 2657 ascensionibus
2521 2594 2708 2658 eorum
2732 2604 2784 2657 in
2807 2603 3121 2660 deilormem
3151 2606 3372 2677 ignitum
3396 2608 3676 2660 virtutem.

2089 2693 2248 2761 Ignea
2270 2693 2531 2763 siquidem
2563 2695 2732 2749 virtus
2774 2695 2881 2751 Deo
2910 2696 3103 2751 similis
3127 2707 3227 2761 est,
3258 2708 3513 2767 quantum
3545 2714 3678 2751 seu-

2091 2786 2335 2839 sibilibus
2362 2786 2626 2840 creaturis
2661 2786 2955 2842 similitudo
2982 2788 3099 2857 ejus
3143 2789 3485 2856 imprimitur.
3536 2786 3683 2842 Hinc

2090 2889 2145 2934 ct
2178 2880 2292 2949 ipse
2325 2882 2438 2933 ait:
2467 2897 2484 2930 ι
2523 2879 2636 2948 Ego
2661 2894 2779 2933 sum
2807 2880 2945 2949 ignis
2995 2895 3318 2935 consumens
3360 2899 3405 2931 ν.
3452 2878 3686 2934 Alarum

2091 2984 2207 3021 vero
2233 2985 2462 3038 expansa
2486 2985 2639 3021 sacra
2670 2969 2982 3039 formatione
3009 2970 3063 3022 in
3114 2969 3344 3023 divinant
3390 2971 3444 3023 iu
3467 2971 3684 3038 primis,

410 3050 466 3093 et
494 3042 669 3114 tetigit
697 3059 759 3099 os
791 3060 969 3100 meum
996 3056 1050 3113 et
1103 3049 1275 3103 dixit:
1331 3051 1468 3105 Ecce
1497 3053 1644 3121 tetigi
1701 3054 1801 3108 hoc
1846 3055 1987 3109 labia
2017 3039 2060 3100 (ἶ
2093 3061 2147 3112 in
2176 3060 2219 3090 ’θ
2265 3061 2472 3124 mediis,
2512 3061 2566 3113 in
2591 3060 2634 3090 ’ί
2673 3059 2869 3114 ultimis
2923 3059 3265 3114 intellectibus
3305 3061 3596 3115 absolutam
3626 3070 3682 3114 et

412 3141 500 3187 tua
529 3144 583 3188 et
610 3135 889 3191 auferetur
916 3140 1175 3208 iniquitas
1205 3150 1351 3195 tua».
1385 3143 1578 3197 Didicit
1605 3147 1810 3214 igitur'
1837 3149 1992 3201 risio-

413 3224 563 3277 nibus
592 3227 700 3293 ipse
721 3227 1012 3296 theologus,
1055 3231 1180 3299 quia
1199 3231 1360 3300 juxta
1412 3248 1616 3287 omnem
1661 3252 1991 3304 superessen-

412 3313 590 3366 tialem
633 3318 1120 3385 supereminentiam
1149 3319 1627 3390 incomparabiliter
1671 3326 1991 3395 supercollo-

412 3412 587 3456 catum
608 3414 682 3458 est
725 3406 956 3460 divinum
985 3410 1145 3462 simul
1187 3413 1327 3466 omni
1358 3413 1552 3467 uisibili
1580 3416 1926 3489 inuisibilique
1950 3420 1992 3451 ¹⁰

412 3494 619 3546 virtute.
656 3494 870 3560 Didicit,
903 3498 1094 3568 inquit,
1124 3501 1290 3556 Isaias
1319 3502 1359 3534 ¹¹
1390 3502 1683 3562 visionibus
1708 3508 1837 3573 suis,
1868 3510 1993 3578 quia

413 3583 560 3638 solus
596 3586 738 3642 Deus
783 3592 1248 3658 supercssentialis
1297 3604 1462 3649 estet
1509 3600 1914 3667 supereminens
1941 3611 1997 3657 et

414 3674 908 3745 incomparabiliter
934 3682 1388 3749 supercollocatus
1430 3688 1578 3743 omni
1627 3689 1822 3746 visibili
1852 3693 1993 3760 invi-

414 3767 665 3837 sibilique
715 3770 758 3801 "
791 3771 1006 3827 virtute.
1049 3773 1235 3830 Potest
1284 3777 1448 3832 etiam
1495 3780 1881 3850 interpretari:
1915 3785 1996 3840 in-

413 3860 849 3928 comparabiliter
896 3865 1376 3933 super-collocatum
1431 3878 1517 3924 est
1560 3870 1800 3925 divinum
1847 3877 1995 3931 omni

414 3952 611 4006 \‘isibili
664 3954 1025 4026 invisibilique
1053 3959 1270 4015 virtute.
1331 3960 1578 4016 Divinum
1627 3974 1807 4019 autem
1858 3968 1997 4023 dixit

414 4044 589 4114 ipsum
640 4045 830 4111 Deum,
885 4050 1240 4107 usitatissimo
1285 4052 1616 4109 Graecorum
1667 4073 1836 4114 more.
1890 4058 1995 4128 Ipsi

411 4136 558 4190 enim
583 4137 768 4192 dicunt
788 4139 914 4200 Θεὸς
946 4150 1000 4193 ει
1029 4145 1178 4206 θεῖον,
1207 4143 1309 4197 hoc
1339 4152 1452 4208 est,
1481 4145 1622 4200 Deus
1646 4157 1702 4202 et
1731 4149 1990 4204 divinum.

412 4224 570 4296 Atqui
599 4226 664 4292 ι’,
705 4228 790 4284 vel
814 4238 868 4284 et
909 4231 1148 4301 quidem,
1178 4248 1210 4288 a
1244 4235 1613 4304 superioribus
1638 4240 1992 4296 subauditur:

414 4315 600 4370 didicit
643 4317 711 4383 “,
767 4320 893 4388 quia
944 4322 1175 4375 omnium
1223 4330 1298 4375 est
1347 4325 1848 4393 remotissimorum,
1908 4329 1992 4384 vel

418 4404 462 4435 "
487 4405 994 4473 excelsissimorum,
1026 4413 1435 4481 supereminens
1475 4416 1726 4481 subaudi,
1776 4428 1833 4472 ut
1865 4419 1987 4472 uni-

414 4497 632 4562 versale,
662 4499 918 4554 subaudis
946 4501 1210 4565 divinum,
1238 4521 1400 4575 neque
1425 4506 1608 4574 primis
1632 4523 1836 4573 eorum,
1858 4527 1990 4580 quae

414 4598 556 4652 sunt,
586 4592 820 4644 essentiis
861 4592 1050 4646 simile.
1096 4596 1245 4659 Quae
1276 4597 1420 4651 enim
1448 4600 1687 4653 essentia
1744 4615 1993 4669 superes-

414 4678 628 4732 scutiali
654 4679 845 4736 similis
873 4696 993 4737 esse
1021 4685 1237 4752 potest?
1266 4686 1453 4740 Adhuc
1471 4698 1518 4741 et
1539 4690 1769 4744 omnium
1797 4691 1991 4760 ipsum,

415 4768 655 4823 divinum
694 4770 972 4835 videlicet;
1015 4776 1326 4846 principium
1360 4788 1406 4831 et
1443 4795 1657 4833 causam
1704 4780 1991 4834 substanti-

415 4860 567 4928 ﬁcum
590 4878 700 4915 esse
721 4862 928 4926 didicit,
961 4874 1008 4918 et
1034 4881 1233 4932 eorum,
1260 4884 1393 4936 quae
1432 4879 1574 4930 sunt,
1596 4880 1791 4923 secreta
1816 4870 1997 4937 singu-

415 4951 626 5007 laritate
671 4953 993 5010 immutabile
1021 4956 1467 5026 fundamentum,-
1513 4976 1579 5013 ea:
1625 4975 1747 5029 quo,
1796 4959 1976 5012 divino

2019 4378 2069 4437 D

2090 3150 2402 3204 altissimam
2429 3152 2801 3213 extensionem,
2852 3151 2953 3205 hoc
2985 3160 3090 3215 est,
3116 3166 3216 3220 per
3241 3166 3533 3221 expansum
3584 3167 3681 3205 sa-

2090 3253 2239 3293 cram
2268 3238 2642 3295 formationem
2694 3241 2739 3270 "
2765 3239 2972 3294 alarum
2998 3258 3014 3306 ;
3044 3256 3313 3310 expausas
3342 3241 3536 3311 quippe
3583 3241 3686 3296 Se-

2092 3330 2303 3398 raphim
2355 3329 2469 3384 alas
2520 3330 2781 3400 propheta
2837 3331 2971 3385 vidit
2997 3331 3220 3386 edoctus
3246 3332 3574 3396 absolutam,
3629 3332 3685 3387 id

2091 3433 2195 3485 est,
2236 3421 2509 3476 citivolam
2538 3430 2594 3477 et
2640 3422 2958 3479 altissimam
2989 3425 3380 3489 extensionem,
3431 3433 3686 3479 ciuilem—

2092 3513 2329 3583 platione
2351 3512 2603 3568 videlicet
2628 3515 2680 3567 in
2714 3515 2903 3579 Deum,
2957 3514 3010 3568 in
3046 3515 3254 3585 primis,
3291 3516 3342 3569 in
3375 3514 3593 3579 mediis,
3627 3516 3687 3570 in

2093 3603 2298 3658 ultimis
2322 3602 2718 3668 intellectibus;
2751 3618 3103 3673 unaquaeque
3142 3605 3285 3659 enim
3316 3604 3566 3658 caelestis
3590 3620 3686 3660 cs.

2094 3695 2289 3761 sentia,
2327 3704 2386 3750 ut
2415 3695 2468 3749 in
2491 3696 2861 3766 superioribus
2883 3705 3169 3751 tractatum
3197 3706 3297 3762 est,
3324 3699 3529 3768 primas
3560 3699 3609 3728 ”
3630 3705 3689 3752 et

2095 3791 2301 3846 medias
2327 3799 2382 3847 et
2432 3789 2652 3847 ultimas
2683 3790 2908 3845 virtutes
2935 3791 3116 3847 habet.
3180 3790 3308 3845 Alae
3354 3792 3535 3859 itaque
3581 3806 3687 3846 ex-

2095 3898 2298 3953 pansae
2327 3882 2664 3938 altitudinem
2691 3883 3076 3954 intelligentiae
3101 3883 3474 3954 symbolizant.
3506 3882 3617 3938 Sed
3637 3893 3689 3936 et

2094 3987 2276 4025 eorum
2296 3971 2608 4039 multiﬁcum
2635 3980 2683 4024 et
2718 3969 3039 4038 multiforme
3082 3972 3262 4025 videns
3312 3971 3690 4051 intellectualis

2096 4063 2387 4133 theologus,
2409 4072 2458 4117 et
2485 4061 2585 4116 alis
2610 4062 2885 4132 distingui,
2913 4078 3028 4116 eam
3059 4063 3241 4117 subtus
3285 4063 3436 4133 pedes
3477 4071 3525 4115 et
3562 4079 3689 4116 eum

2093 4153 2274 4207 subtus
2300 4153 2461 4221 facies
2488 4153 2753 4216 visionem,
2793 4161 2987 4206 etcum
3028 4154 3085 4207 in
3121 4153 3306 4207 mediis
3338 4152 3438 4206 alis
3478 4168 3692 4223 semper

2095 4254 2314 4298 motum.
2366 4243 2480 4298 liae
2520 4242 2748 4297 trilormi
2785 4242 2991 4298 alarum
3039 4242 3386 4298 distinctione
3439 4244 3510 4298 ab
3564 4244 3690 4312 ipsa

2096 4338 2253 4407 plane
2285 4336 2487 4390 visione
2513 4335 2757 4389 reductus
2791 4344 2867 4389 est
2896 4335 3181 4405 propheta,
3227 4334 3281 4389 id
3328 4342 3432 4398 est,
3458 4349 3689 4388 sursum

2094 4429 2285 4483 ductus
2311 4427 2367 4480 in
2388 4442 2592 4489 eorum,
2621 4442 2756 4496 quae
2804 4428 2914 4481 uisa
2939 4436 3083 4491 sunt,
3113 4425 3477 4496 cognitionem,
3508 4427 3694 4479 maui-

2096 4521 2285 4590 festata
2311 4519 2359 4573 ci
2383 4518 2757 4572 altissimorum
2779 4516 3132 4572 intellectuum
3164 4518 3401 4572 multicia
3421 4526 3470 4570 et
3499 4518 3694 4570 multi-

2095 4613 2216 4667 vida
2262 4611 2495 4674 uirtute;
2549 4610 2652 4665 hoc
2702 4619 2825 4675 est,
2859 4609 3003 4680 _dum
3062 4608 3402 4677 manifestata
3466 4616 3552 4662 est
3606 4623 3692 4672 et,

2095 4704 2408 4774 prophetae,
2439 4699 2826 4755 altissimorum
2877 4698 3242 4754 intellectumn
3295 4697 3571 4767 multiplex
3629 4698 3692 4754 in

2096 4792 2201 4846 viis
2252 4790 2387 4851 suis,
2426 4800 2481 4843 et
2529 4789 2583 4843 in
2642 4788 2940 4844 visionibus
2998 4789 3112 4843 suis
3157 4787 3433 4857 multiplex
3484 4787 3697 4843 virtus.

2096 4880 2234 4948 Quid
2304 4889 2481 4934 autem
2560 4878 2833 4949 tripartita
2892 4877 3104 4931 alarum
3174 4878 3450 4932 distinctio
3497 4878 3695 4931 subsi-

2090 4981 2221 5026 nuat
2248 4971 2315 5033 ",
2343 4978 2742 5041 cotisequenter
2787 4969 3030 5040 adjungit
3055 4969 3276 5024 dicens:
3316 4968 3382 5021 Et
3413 4968 3461 4999 “
3497 4983 3699 5022 eorum

1712 5068 1965 5125 VARIAE
2005 5060 2386 5120 LECTIONES

489 5179 505 5210 ¹
533 5179 591 5233 Β⁸
619 5181 731 5235 rad.
774 5196 915 5235 corr.
942 5181 1095 5233 dixit.
1194 5184 1215 5211 ⁸
1244 5185 1398 5235 Carr.
1429 5180 1511 5239 B'.
1541 5180 1629 5233 AB
1647 5170 1823 5250 quoolf
1910 5177 1930 5207 ³
1971 5175 2124 5228 Corr.
2168 5174 2261 5237 B‘,
2312 5171 2402 5226 AB
2438 5173 2879 5253 super/innatum.

489 5250 625 5300 her
680 5250 866 5300 alieni.
918 5252 989 5300 B‘
1044 5265 1185 5300 corr.
1248 5266 1338 5300 sca:
1384 5250 1499 5300 ulne
1548 5252 1658 5300 uni.
1765 5248 1786 5279 '
1834 5247 1972 5300 Deus
2017 5260 2127 5299 om.
2177 5244 2242 5296 A.
2335 5242 2354 5272 "
2415 5242 2504 5297 AB
2543 5243 2865 5295 ttmiamatis.

418 5248 625 5303 'Bsex
680 5250 867 5308 alieni.
918 5252 989 5304 B'
1044 5265 1185 5304 corr.
1248 5266 1338 5303 sca:
1384 5250 1499 5302 alue
1548 5252 1658 5303 uni.

415 5320 435 5390 1
484 5320 529 5390 Β
550 5337 689 5390 ergo.
768 5322 809 5351 “’
842 5320 882 5372 Β
917 5320 1182 5390 invisibili
1221 5319 1527 5390 visibilique.

418 5458 507 5511 ΑΒ
553 5460 695 5511 dicit.

419 5528 512 5587 pli.

796 5460 839 5490 ⁸⁵
864 5459 906 5512 Β
937 5469 1004 5511 et.

596 5530 634 5561 ⁸³
660 5528 821 5597 inquit
863 5544 971 5581 om.
1008 5527 1065 5580 Β.

1085 5457 1228 5508 “Ii‘
1276 5462 1369 5511 rad
1426 5475 1570 5512 corr.
1625 5460 1796 5512 inviis.

1144 5527 1190 5557 ²⁰
1229 5529 1281 5580 in
1316 5545 1446 5587 nun.
1472 5529 1672 5582 addidi.
1703 5542 1764 5580 ex
1790 5525 1928 5591 conj.

1632 5320 1672 5349 “
1720 5320 1758 5371 Α
1815 5319 1983 5370 esuias
2017 5355 2031 5377 ,

419 5385 691 5457 bilique'A
739 5390 980 5444 invisibili
1012 5389 1386 5456 iuvisibiiique,
1427 5390 1464 5440 Β
1517 5388 1761 5442 invisibili
1803 5385 2106 5454 visibilique.
2187 5385 2229 5414 ¹³
2277 5385 2316 5436 Β

419 5458 507 5504 ΑΒ
553 5460 695 5504 dicit-
796 5460 839 5490 ⁸⁵
867 5459 906 5504 Β
937 5469 1004 5504 et-
1085 5457 1129 5489 ¹⁶
1156 5458 1228 5504 Ii'
1276 5462 1368 5504 rml
1426 5475 1569 5504 ρειγν-
1625 5460 1796 5504 inviis-
1873 5456 1914 5487 ³⁷
1960 5455 2119 5504 iusius
2157 5468 2265 5504 (un.
2295 5452 2334 5504 Β

1960 5470 2119 5507 τυειιιε
2157 5468 2265 5506 Olli.
2295 5468 2355 5504 υ.

1978 5471 2119 5523 ρειωι
2157 5471 2265 5506 Ol".
2295 5471 2355 5504 Ι).
2457 5471 2500 5483 ⁸⁹
2533 5471 2571 5503 ι)
2675 5471 2844 5522 ιιιςιτε.
2872 5471 3020 5505 atlSCl

2004 5525 2046 5554 "
2074 5523 2136 5576 Β·
2176 5538 2336 5592 Sltpl‘a
2370 5523 2546 5575 adscr.
2568 5531 2615 5574 et
2643 5521 2827 5592 mediis
2855 5532 2903 5592 et
2923 5522 3020 5592 _in.

3010 5168 3033 5201 ⁸
3056 5170 3252 5242 *θοι-τη
3287 5170 3347 5222 ε’
3368 5212 3400 5242 ,Δ
3420 5169 3533 5242 ῨΑΒ
3570 5174 3695 5242 qui.

2335 5242 2354 5272 "
2415 5235 2511 5297 AB"
2543 5235 2865 5295 timiamatis.
2968 5240 2991 5273 ⁸
3040 5239 3192 5297 Corr.
3236 5241 3320 5302 B',
3368 5235 3457 5294 ΑΒ
3502 5235 3698 5295 labiis.

2102 5312 2179 5366 B‘
2249 5328 2392 5367 corr.
2454 5310 2649 5381 ysaias.
2727 5312 2769 5344 ³²
2819 5311 3079 5374 Emend.,
3120 5327 3215 5380 pro
3256 5311 3701 5381 uisibiliﬂiuvisi—

2187 5383 2229 5414 ¹³
2277 5384 2353 5436 Β*
2395 5380 2554 5451 supra
2600 5382 2777 5437 adscr.
2834 5397 2979 5436 corr.
3023 5381 3090 5434 At
3130 5384 3276 5451 quia.
3317 5380 3423 5451 _‘f
3450 5380 3699 5434 Emend.

2457 5452 2500 5483 ¹⁸
2533 5450 2571 5503 Β
2592 5455 2611 5472 '
2675 5468 2844 5522 marg.
2872 5453 3048 5505 adscr.
3096 5449 3525 5522 (ιε-(ςανᾱὶιιίὁειευ
3546 5459 3708 5522 tem-

3094 5521 3139 5575 ².¹
3171 5520 3420 5584 ﬁniendi,
3447 5519 3536 5573 ΛΒ
3578 5520 3680 5588 [ar

425 5589 734 5650 nutricum";
809 5599 853 5630 ’³
879 5598 1102 5653 Emend.
1135 5596 1174 5650 Ii
1196 5600 1235 5663 ⁸,
1260 5598 1346 5651 ΑΒ
1372 5599 1560 5667 prima.
1638 5596 1684 5629 “
1721 5598 1762 5650 ll
1785 5598 1796 5615 ‘
1830 5589 1971 5650 corr.
1995 5589 2260 5647 insinuntf
2321 5593 2370 5623 ’τ’
2398 5592 2531 5646 liud.
2574 5607 2716 5646 corr.
2742 5590 2782 5644 Β
2804 5594 2845 5658 ⁸,
2872 5589 2959 5645 AB
2987 5600 3060 5644 ut.
