3952 6156
267 256 376 318 145

805 256 1306 317 EXPOSlTlONES
1345 260 1568 319 SUPER
1605 264 2031 324 lERABClllAM
2068 268 2470 329 CAELESTEM
2512 274 2571 330 S.
2613 268 2927 333 DlONYSll.
3012 320 3015 321 ν

3415 282 3521 340 2V3

261 412 419 453 sacra
469 392 770 464 fomiame,
812 411 967 464 quam
1030 396 1046 426 ¹
1094 395 1738 470 habent_supermundane
1788 401 1836 456 in

1950 383 2069 441 alae
2098 396 2193 441 aut
2218 389 2461 444 caritatis
2512 390 2797 446 biformem
2846 392 3147 457 rationem,
3208 404 3311 462 qua
3349 393 3523 453 Deum

261 486 512 540 uitiorum
543 495 591 539 et
635 485 932 556 graviorum
970 486 1247 556 superbam
1276 499 1322 541 et
1378 491 1632 544 audacem
1657 502 1702 545 et
1745 493 1844 547 im-

260 579 558 648 possibilem
586 581 955 631 scrutationem
980 596 998 641 ;
1023 594 1053 632 a
1080 580 1451 648 superioribus
1487 583 1803 638 subauditur
1826 603 1839 639 :

260 676 315 720 et
356 666 587 720 edoctus
613 673 694 720 est
746 665 886 720 idem
932 667 954 698 ³
992 670 1250 736 propheta
1294 684 1501 733 eorum,
1534 669 1841 742 Seraphim,

261 770 416 810 sacra
444 755 756 820 formidine,
788 757 892 811 hoc
909 765 1009 820 est,
1045 760 1133 828 pio
1163 769 1421 831 castoque
1445 763 1656 825 timore.
1680 781 1843 835 quam

259 844 601 904 formidinem
631 846 652 880 ⁸
687 849 889 904 habent
940 864 1100 919 supra
1148 853 1293 907 hunc
1329 855 1637 910 sensibilem
1682 872 1840 912 mun-

259 940 386 992 dum
415 938 469 992 in
492 939 721 1009 superba
750 948 805 993 et
843 942 1031 995 audaci
1068 951 1123 995 et
1163 942 1479 1012 impossibili
1510 948 1841 1004 scrutatione

257 1026 533 1092 uitiorum,
578 1042 670 1082 seu
718 1026 1023 1083 divinorum
1074 1032 1433 1087 archanorum
1464 1074 1480 1099 ,
1514 1037 1655 1104 quod
1686 1036 1711 1068 ‘
1744 1054 1843 1109 per

254 1119 386 1171 duas
412 1115 530 1172 alas
564 1117 728 1172 facies
767 1118 1004 1174 velantes
1032 1122 1296 1187 innuitur,
1327 1134 1381 1178 et
1400 1126 1630 1194 superba
1660 1137 1715 1183 et
1741 1143 1841 1182 au-

255 1204 370 1262 daci
408 1219 463 1263 et
490 1210 809 1280 impossibili
846 1213 1177 1266 scrutatione
1206 1215 1540 1285 graviorum,
1595 1233 1687 1273 seu
1718 1235 1841 1289 pro-

255 1291 586 1367 fundiornm,
631 1317 722 1356 seu
782 1303 1029 1358 videlicet
1086 1303 1390 1361 divinorum
1438 1312 1839 1380 mysteriorum,

253 1391 392 1458 quod
448 1407 546 1460 per
599 1392 730 1445 duas
771 1392 884 1446 alas
920 1395 1084 1463 pedes
1124 1403 1361 1466 legentes
1418 1397 1439 1428 ⁸
1482 1399 1836 1468 signiﬁcatur.

256 1478 353 1534 Ubi
394 1491 577 1534 autem
614 1484 891 1552 posuimus
933 1488 1220 1556 superbam
1268 1487 1309 1553 ',
1344 1490 1417 1543 ibi
1444 1491 1494 1544 in
1521 1493 1729 1548 Graeco
1756 1502 1839 1549 est

253 1572 479 1637 αὐθάδη,
512 1587 613 1641 pro
658 1590 765 1643 quo
792 1591 1080 1645 possumus
1137 1579 1318 1635 dicere
1374 1583 1685 1650 superbam,
1751 1585 1836 1638 vel

254 1670 580 1730 promptam,
630 1663 713 1717 vel
769 1664 1152 1731 voluntariam,
1208 1669 1293 1723 vel
1342 1669 1573 1736 libitam,
1642 1673 1728 1727 vel
1778 1689 1837 1729 se

1947 493 2125 543 suum,
2189 489 2248 562 et.
2303 485 2484 536 omnia
2551 500 2693 553 quae
2750 484 2893 539 facta
2944 494 3090 551 sunt,
3155 487 3409 555 quoniam
3450 493 3520 546 ab

1946 584 2012 623 eo
2076 570 2217 625 facta
2271 585 2433 636 sunt,
2500 575 2746 646 diligunt,
2799 579 3055 646 insinuat,
3114 592 3207 637 aut
3253 586 3518 641 actionem

1943 668 1999 713 et
2046 661 2092 692 “
2140 664 2647 732 contemplationem
2700 683 2885 734 suam,
2916 680 3009 724 aut
3046 674 3315 742 geminam
3371 677 3523 731 theo-

1945 753 2114 823 logiae
2171 766 2420 825 partem,
2469 768 2694 827 quarum
2742 774 2846 814 una
2895 773 2978 817 est
3024 764 3379 832 alllrmativa,
3435 769 3518 822 al-

1944 857 2058 902 tera
2086 850 2363 920 negativa,
2411 864 2515 905 una
2573 852 2737 907 Deum
2783 854 2992 920 induit,
3044 858 3402 925 praedicando
3450 861 3520 914 de

1942 954 2009 994 eo
2060 943 2240 995 omnia
2279 956 2418 1010 quae
2461 953 2606 1008 sunt,
2658 944 3040 1011 alterarexuit,
3097 952 3343 1020 negando
3393 966 3517 1006 eum

1943 1045 2064 1087 esse
2087 1034 2216 1101 quid
2262 1046 2467 1096 eorum,
2502 1049 2641 1105 quae
2691 1045 2815 1090 sunt
2841 1046 2897 1091 et
2933 1052 3071 1107 quae
3116 1040 3221 1096 dici
3269 1051 3514 1111 possunt.

1940 1123 2147 1179 Ambae
2193 1134 2372 1180 tamen
2406 1138 2567 1183 verae
2609 1129 2757 1193 sunt,
2800 1129 2957 1198 idque
2989 1130 3159 1199 ipsum
3200 1132 3513 1197 coniiciunt,

1942 1214 2190 1281 quamvis
2225 1213 2507 1269 videantur
2528 1218 2998 1273 contradictoriae.
3032 1217 3136 1273 Sed
3168 1228 3215 1273 et
3248 1220 3393 1274 illam
3435 1222 3518 1274 die

1943 1305 2115 1358 vinam
2135 1314 2184 1358 et
2226 1304 2448 1359 multum
2481 1309 2763 1376 pretiosam
2796 1308 3052 1379 ὕμνωδὶαν
3080 1310 3122 1341 ²²
3155 1311 3388 1363 eruditus
3417 1321 3515 1375 est,

1943 1393 2202 1461 formante
2226 1396 2470 1449 visionem
2505 1396 2688 1466 angelo
2711 1400 2994 1453 secundum
3019 1397 3068 1431 "
3094 1400 3329 1453 virtutem
3353 1401 3399 1432 ⁸³
3420 1402 3519 1470 ipsi

1940 1478 2249 1553 theologo,et
2264 1491 2498 1539 tradente
2517 1489 2778 1558 propriam
2794 1505 2997 1542 sacram
3019 1490 3309 1544 scienliam.
3325 1502 3516 1563 Ὗμνω-

1941 1570 2052 1628 δίαν
2074 1573 2205 1630 dicit
2235 1594 2253 1626 ι
2279 1572 2531 1641 Sanetus,
2562 1579 2814 1645 Sanctus,
2841 1579 3072 1635 Sanctus
3088 1580 3348 1635 Dominus
3376 1582 3518 1635 Deus
3555 1622 3563 1629 .

1940 1665 2333 1719 exercituum».
2363 1669 2417 1721 ln
2440 1683 2547 1735 quo
2574 1666 2774 1739 hymno
2801 1684 3007 1723 summa
3029 1670 3242 1724 bonitas
3266 1669 3518 1727 intribus

256 1750 424 1819 ipsam
448 1752 874 1821 promittentem.
931 1753 998 1809 Et
1025 1758 1080 1811 in
1122 1763 1628 1816 commensumtione
1667 1761 1832 1818 Deum
1870 1777 1911 1835 Β
1941 1756 2260 1811 substantiis
2295 1756 2560 1812 laudatur.
2604 1759 2695 1813 Est
2719 1759 2862 1814 enim
2891 1775 2993 1813 una
3008 1759 3318 1840 essentiain
3345 1759 3517 1813 tribus

255 1842 577 1896 imitantium
602 1847 867 1899 actionum
893 1848 1198 1904 incessabile
1221 1860 1271 1904 et
1324 1851 1592 1907 altivolum
1641 1872 1843 1927 semper

254 1933 519 1986 motionis.
559 1932 659 1988 Hic
711 1936 906 1990 iterum
941 1936 965 1971 ν
994 1939 1329 2006 subauditur,
1360 1944 1581 1999 edoctus
1615 1954 1735 2011 est;
1786 1954 1843 2001 et

255 2032 336 2076 est
360 2038 589 2079 sensus:
622 2043 718 2095 per
739 2028 875 2083 duas
909 2029 1040 2094 alas,
1070 2033 1267 2101 quibus
1295 2049 1509 2106 semper
1530 2037 1838 2105 volabant“,

256 2116 522 2173 intellexit
544 2123 807 2191 propheta
838 2124 1211 2182 incessabilem
1233 2136 1287 2182 et
1315 2128 1593 2184 altivolum
1624 2147 1840 2201 semper

257 2221 458 2262 motum
511 2210 568 2262 in
596 2226 850 2266 mensura
876 2215 1169 2291 actionum,
1201 2232 1339 2287 quae
1367 2219 1390 2253 ⁸
1430 2220 1596 2274 Deum
1630 2237 1841 2291 semper

256 2299 552 2354 imitantur.
585 2301 780 2358 Facies
821 2303 1004 2374 itaque
1035 2286 1248 2362 Domini
1277 2319 1360 2364 est
1412 2311 1649 2367 sedentis
1678 2286 1841 2382 super

253 2391 466 2456 solium,
500 2392 605 2446 hoc
629 2403 734 2459 est,
758 2409 919 2464 super
944 2397 1343 2453 excelsissimas
1371 2400 1635 2456 caelestes
1655 2418 1841 2458 esseu-

255 2481 353 2535 tias
380 2484 855 2552 superessentialis
880 2486 1045 2556 ipsius
1067 2487 1313 2553 altitudo,
1338 2505 1443 2559 qua
1468 2507 1630 2560 super
1655 2493 1839 2547 omnia

254 2581 305 2625 et
330 2574 401 2625 ab
453 2574 703 2629 omnibus
743 2586 982 2631 remotus
1032 2580 1409 2647 cognoscitur,
1469 2597 1633 2649 quam
1679 2580 1840 2636 Scra-

254 2663 401 2730 phim
435 2675 756 2734 ceteraeque
797 2666 1059 2722 caelestes
1081 2658 1310 2723 virtutes
1340 2670 1382 2701 ¹⁰
1407 2673 1839 2741 aspiceretrepi-

253 2755 381 2807 dant
410 2755 477 2818 “,
504 2771 573 2809 ne
602 2755 740 2811 forte
766 2757 931 2811 veluti
962 2759 1193 2828 superbo
1223 2769 1278 2813 et
1303 2758 1502 2815 audaci
1536 2771 1591 2815 et
1640 2763 1837 2832 impos-

253 2846 394 2899 sibili
424 2848 664 2901 contuitu
695 2849 911 2905 incaute
957 2850 1024 2905 de
1070 2867 1132 2906 ea
1164 2852 1365 2922 aliquid
1398 2855 1440 2886 ¹¹
1489 2865 1834 2921 scrutentur;

256 2957 275 2988 ι
311 2940 683 2995 inscrutabilia
706 2942 850 2996 enim
881 2952 1008 2996 sunt
1034 2942 1234 3011 judicia
1275 2943 1410 3012 ejus,
1442 2954 1497 3002 et
1551 2946 1838 3018 investiga-

253 3028 388 3084 biles
411 3031 532 3084 viae
554 3029 673 3106 ejus
693 3030 749 3084 in
771 3032 917 3084 omni
956 3042 1247 3101 tempore».
1277 3032 1379 3099 Qui
1424 3035 1670 3091 videlicet
1698 3035 1835 3089 divi-

1944 1848 2279 1902 substantiis.
2323 1844 2571 1918 ⁶Υμνωδέα
2619 1861 2794 1903 autem
2824 1850 2870 1882 "
2912 1852 3267 1920 compositum
3317 1864 3526 1904 nomen

1942 1949 2025 1995 est
2053 1941 2121 1993 ab
2162 1941 2302 2010 ὗμνῶ
2342 1951 2398 1997 et
2428 1941 2549 2004 ὠδή,
2604 1942 2707 1997 hoc
2743 1953 2847 2008 est,
2880 1960 2908 1996 a
2940 1943 3098 1997 laude
3150 1953 3205 1996 et
3231 1951 3394 1997 cantu
3442 1942 3514 1995 “.

1941 2029 2185 2101 Ὓμνωδία
2231 2032 2375 2085 enim
2420 2041 2503 2086 est
2544 2031 2662 2087 laus
2706 2047 2825 2087 cum
2880 2041 3062 2087 cantu.
3089 2033 3187 2087 -De
3219 2049 3321 2103 qua
3355 2031 3511 2089 laude

1939 2123 2182 2177 eruditus
2205 2133 2285 2178 est
2306 2123 2606 2194 theologus,
2625 2124 2749 2178 dum
2773 2108 2968 2178 format
2989 2124 3209 2195 angelus
3228 2125 3513 2188 visionem,

1941 2219 1996 2267 et
2026 2214 2321 2267 secundum
2373 2215 2627 2270 virtutem
2683 2215 2849 2284 ipsius
2907 2216 3136 2285 theologi
3178 2216 3352 2270 laudis
3402 2230 3514 2287 my-

1940 2304 2166 2358 sterium
2194 2305 2375 2359 tradit.
2408 2305 2598 2373 Docuit
2622 2323 2743 2376 ergo
2768 2322 2885 2359 eum
2917 2315 2964 2360 et
2988 2307 3104 2369 bac,
3154 2306 3206 2359 id
3235 2314 3318 2360 est
3345 2306 3413 2371 ",
3445 2306 3513 2360 de

1940 2409 2005 2450 eo
2039 2395 2182 2463 quod
2210 2396 2455 2465 sequitur
2474 2438 2490 2461 ,
2519 2399 2643 2467 quia
2669 2396 2910 2467 purgatio
2937 2406 3011 2450 est
3039 2406 3512 2466 quantumcumque

1938 2487 2192 2558 purgatis,
2223 2488 2336 2558 ipsa
2366 2489 2571 2542 divinae
2613 2487 2871 2542 claritatis
2921 2489 3234 2557 incognitae,
3256 2497 3509 2558 quantum

1937 2580 2199 2647 possibile,
2230 2580 2580 2650 participatio.
2628 2580 2730 2636 Est
2772 2581 2935 2649 igitur
2976 2581 3222 2651 purgatio
3248 2581 3507 2645 omnium,

1937 2673 2029 2743 qui
2069 2672 2421 2743 spiritualiter
2441 2682 2763 2743 purgantur,
2787 2674 3165 2743 quoquomodo
3189 2680 3508 2743 purgantur,

1936 2762 2281 2833 participatio
2308 2763 2523 2817 divinae
2561 2764 2826 2819 claritatis
2875 2764 3200 2832 incognitae,
3256 2763 3357 2816 hoc
3398 2768 3506 2823 est,

1940 2853 2152 2907 divinae
2181 2852 2583 2921 intelligentiae,
2634 2869 2771 2923 quae
2801 2863 3019 2921 superat
3053 2866 3266 2908 onmem
3308 2850 3512 2906 intelle~

1939 2950 2106 3005 ctum,
2138 2952 2395 3011 quantum
2428 2942 2681 3012 possibile
2709 2952 2793 3019 est
2841 2941 3142 2994 rationabili
3193 2948 3247 2993 et
3303 2939 3511 2993 intelle«

1938 3033 2103 3088 ctuali
2152 3045 2434 3087 creaturae
2477 3048 2596 3087 eam
2645 3033 2992 3102 participare.
3048 3030 3191 3085 Haec
3232 3042 3404 3084 autem
3448 3046 3514 3084 ea:

255 3133 355 3174 nae
398 3118 695 3175 altitudinis
723 3120 916 3176 faciem
961 3124 1136 3177 territi
1166 3122 1447 3193 Seraphim
1490 3125 1696 3181 duabus
1724 3127 1837 3181 suis
1864 3140 1908 3201 (ς
1940 3126 2104 3194 ipsius
2137 3123 2434 3177 Divinitatis
2470 3123 2679 3176 remotis
2733 3123 2928 3186 causis,
2975 3122 3029 3173 in
3076 3137 3181 3188 qua
3231 3136 3405 3173 omnes
3426 3138 3511 3173 su-

255 3209 352 3263 aiis
382 3208 662 3281 obtegunt,
696 3210 951 3266 timentes
1000 3226 1119 3266 eam
1170 3213 1385 3267 intueri.
1433 3213 1605 3270 Pedes
1653 3224 1831 3271 autem

257 3300 496 3354 sedentis
523 3316 683 3371 super
713 3302 966 3354 thronum
1022 3310 1149 3356 sunt
1197 3302 1614 3371 profundissima
1669 3305 1836 3374 ipsius

257 3390 378 3444 in"
428 3392 715 3448 universali
766 3401 1037 3456 creatura,
1068 3407 1229 3462 quam
1279 3395 1534 3456 condidit,
1587 3395 1832 3465 vestigia.

256 3482 398 3548 Quos
426 3482 632 3537 duabus
679 3482 781 3537 alis
830 3491 1124 3552 contegunt
1158 3484 1446 3539 caelestes
1484 3484 1732 3549 virtutes,
1772 3486 1837 3538 ti-

259 3583 465 3629 mentes
488 3574 745 3636 scrutari,
777 3575 1048 3642 quomodo
1073 3574 1353 3640 Dominus,
1378 3591 1542 3645 qtuim
1570 3576 1639 3629 sit
1675 3591 1837 3646 super

258 3666 455 3728 omnia,
482 3664 799 3720 dill‘unditur
824 3666 875 3719 in
903 3667 1103 3730 omnia,
1133 3677 1188 3720 et
1219 3667 1415 3737 ubique
1438 3676 1542 3733 est,
1579 3669 1697 3724 sine
1727 3685 1834 3739 quo

261 3756 528 3811 nihilesse
550 3764 752 3825 potest,
780 3756 1032 3824 quoniam
1055 3770 1263 3820 eorum,
1298 3772 1436 3825 quae
1476 3768 1624 3822 sunt,
1656 3772 1836 3812 essen-

260 3849 328 3901 tia
355 3858 410 3901 et
430 3850 731 3902 substantia
761 3848 874 3918 ipse
897 3857 999 3910 est,
1026 3864 1148 3903 cum
1180 3849 1248 3904 sit
1274 3849 1747 3918 superessentialis
1779 3859 1837 3903 et

260 3936 806 4006 supersubstantialis.
850 3937 1066 3992 Duabus
1108 3946 1285 3991 tamen
1325 3937 1425 3992 alis
1463 3953 1674 4008 semper
1707 3938 1835 3992 voli-

261 4035 371 4082 tant
394 4027 438 4059 ⁸⁸
463 4039 717 4084 aeternae
747 4043 876 4082 suae
908 4029 1138 4083 actionis
1166 4030 1634 4084 commensurabili
1663 4038 1829 4093 motu,

259 4122 507 4190 quoniam
538 4121 590 4175 in
644 4136 768 4175 eum
799 4134 1015 4190 semper
1049 4120 1317 4189 inspicere
1344 4122 1746 4190 concupiscunt,
1778 4130 1834 4175 et

262 4222 562 4267 reverenter
588 4212 635 4245 "
663 4228 788 4266 eum
824 4221 1111 4281 quaerunt,
1159 4226 1224 4265 ne
1267 4210 1319 4264 in
1359 4208 1475 4279 ejus
1504 4211 1833 4278 contempla-

263 4303 401 4358 tione
426 4304 556 4358 ullos
578 4303 863 4357 incurrant
902 4316 1137 4365 errores,
1161 4301 1358 4371 quibus
1381 4302 1447 4354 ah
1471 4298 1754 4355 inell'abilis
1779 4309 1833 4354 et

261 4393 813 4463 incomprehensibilis
840 4393 1105 4447 claritatis
1149 4392 1266 4462 ejus
1304 4390 1545 4445 contuitu
1576 4390 1722 4460 digni
1752 4391 1831 4444 vi-

1937 3231 2055 3270 cros
2074 3214 2121 3248 "
2164 3213 2455 3268 intellectus
2508 3211 3003 3282 superessentialiter
3029 3209 3372 3263 occultatione
3389 3227 3511 3279 per.

1937 3305 2133 3374 ﬁciens,
2158 3304 2425 3359 altissimis
2445 3304 2582 3358 circa
2602 3320 2656 3357 se
2683 3303 2953 3357 virtutibus
2976 3300 3303 3370 manifestior
3319 3301 3368 3333 ⁸⁸
3388 3316 3506 3370 φασι

1938 3400 2092 3450 modo
2119 3407 2213 3460 est,
2266 3406 2313 3451 et
2342 3397 2507 3466 magis
2535 3396 2860 3463 semetipsum
2893 3393 3192 3463 manifestat
3238 3400 3286 3445 et
3330 3392 3514 3446 distri—

1937 3484 2066 3539 buit.
2114 3482 2221 3539 Sed
2279 3485 2419 3538 unde
2466 3495 2525 3537 se
2553 3481 2860 3536 manifestat
2891 3488 2945 3535 et
2976 3480 3398 3534 manifestiorcm
3452 3494 3511 3533 se

1936 3573 2169 3628 facit”?
2194 3574 2327 3628 Dum
2384 3573 2496 3641 ipsa
2528 3574 2596 3625 ab
2647 3571 2874 3626 occultis
2903 3571 3014 3625 suis
3059 3570 3295 3640 erumpit
3341 3569 3408 3632 ³ο,
3441 3585 3509 3623 ex

1937 3666 2105 3733 ipsius
2130 3665 2290 3734 plane
2315 3662 2618 3717 Divinitatis
2641 3662 2862 3716 remotis
2888 3661 3066 3715 causis
3086 3660 3336 3715 omnibus
3368 3659 3511 3713 inco-

1936 3759 2120 3828 gnitis.
2151 3757 2208 3831 _ln
2236 3772 2338 3826 qua
2365 3755 2723 3810 occultatione
2747 3753 3057 3808 Divinitatis
3083 3766 3271 3808 omnes
3288 3760 3505 3806 sanctos

1937 3847 2237 3902 intellectus
2262 3845 2604 3900 invisibiliter
2631 3845 2746 3914 ipsa
2796 3844 3018 3899 claritas
3045 3843 3273 3914 perlicit.
3317 3843 3372 3896 ln
3406 3842 3506 3895 hac

1934 3938 2201 3994 sententia
2221 3936 2441 4006 pulchre
2460 3936 2618 3989 datur
2638 3934 2883 4006 intelligi,
2900 3949 3005 3989 non
3028 3934 3187 3988 aliam
3203 3935 3504 3988 claritatem

1935 4029 2154 4092 dixisse,
2183 4026 2284 4081 nisi
2316 4027 2547 4081 Verbum
2580 4027 2763 4089 Deum,
2803 4025 3054 4079 videlicet
3097 4024 3284 4085 illium,
3313 4025 3407 4094 qui
3453 4025 3504 4078 in

1933 4118 2311 4175 secretissimis
2333 4119 2414 4172 sui
2438 4116 2509 4171 Pa
2520 4118 2618 4172 tris
2631 4117 2839 4171 sinibus
2852 4130 3042 4171 omnes
3064 4116 3279 4171 sanctos
3293 4114 3503 4185 perlicit

1935 4211 2239 4266 intellectus
2268 4210 2310 4241 ³⁸
2334 4211 2386 4263 in
2409 4208 2846 4279 primordialibus
2888 4208 3000 4263 suis
3034 4208 3232 4270 causis,
3256 4222 3323 4261 ac
3340 4206 3504 4261 veluti

1932 4317 1997 4354 ex
2020 4300 2137 4355 luce
2158 4299 2463 4354 Divinitatis
2488 4298 2849 4354 inaccessibili
2874 4299 3043 4352 instar
3060 4294 3344 4350 clarissimi
3366 4295 3506 4351 radii

1931 4394 2193 4461 procedit,
2233 4390 2544 4460 priusquam
2581 4390 2816 4459 seipsum
2862 4386 3124 4457 proximis
3160 4386 3262 4441 sibi
3293 4387 3508 4441 virtuti-

259 4485 479 4538 deantur
504 4484 740 4539 excludi.
768 4483 1033 4543 Senarum
1064 4493 1241 4536 autem
1279 4481 1484 4536 alarum
1532 4498 1717 4536 eorum
1745 4484 1823 4537 di-
1850 4491 1902 4551 Β
1926 4484 2026 4541 bus
2041 4484 2457 4539 manifestioreni
2472 4481 2633 4557 [se]ﬂ
2649 4480 3317 4551 facit”,etquomodocst,
3334 4481 3386 4535 id
3402 4490 3507 4541 est,

260 4574 550 4629 stinctionis
580 4574 624 4605 "
673 4575 727 4629 in
758 4575 857 4628 has
882 4573 1041 4627 binas
1080 4581 1189 4628 tres
1219 4574 1260 4605 ⁸⁷
1306 4573 1596 4627 divisiones
1640 4572 1823 4627 multi-

261 4662 375 4730 plex
402 4664 771 4733 interpretatio
817 4673 919 4719 est.
965 4664 1098 4718 Nam
1124 4664 1267 4733 quod
1317 4678 1479 4718 senae
1530 4665 1639 4717 sint
1682 4663 1744 4728 ³³,
1775 4671 1831 4718 et

262 4761 478 4805 naturae
504 4753 782 4823 angelicae
812 4754 1335 4823 intelligibiliumque
1381 4753 1548 4822 ipsius
1584 4764 1825 4806 motuum

262 4840 636 4906 perfectionem
686 4842 1062 4897 incunctanter
1089 4841 1377 4913 signiﬁcat.
1422 4841 1588 4897 Binae
1625 4841 1668 4873 “
1699 4857 1826 4896 vero

1936 4577 2203 4648 quomodo
2232 4576 2595 4630 manifestatio
2621 4574 2788 4645 ipsius
2815 4582 2990 4644 potest
3016 4572 3152 4635 lieri,
3179 4580 3236 4625 et
3259 4570 3304 4603 “
3337 4572 3509 4641 magis

1936 4685 1995 4726 se
2023 4670 2200 4739 ipsum
2239 4667 2434 4723 ceteris
2457 4667 2505 4699 ³⁵
2531 4665 2838 4721 manifestat
2869 4673 2917 4719 ct
2952 4662 3243 4718 distribuit.
3279 4662 3343 4715 Et
3373 4662 3509 4716 haec

1935 4767 2017 4814 est
2046 4758 2158 4826 ipsa
2200 4756 2448 4826 purgatio
2487 4767 2542 4811 et
2580 4756 2897 4811 illuminatio
2930 4765 2985 4809 et
3020 4751 3298 4822 perfectio,
3342 4751 3510 4821 ipsius

1934 4848 2182 4902 videlicet
2200 4847 2558 4917 participatio.
2581 4846 2764 4902 Potest
2781 4852 2835 4901 ct
2854 4845 2933 4899 sic
2953 4844 3290 4912 interpretari
3323 4861 3334 4895 :
3369 4844 3510 4897 llaec

1539 4975 1792 5030 VARIAE
1826 4975 2228 5033 LECTIONES.

330 5086 349 5117 ¹
378 5085 525 5139 Corr.
549 5086 591 5140 B
610 5088 655 5151 ’,
684 5086 774 5140 AB
799 5086 911 5156 qui.
986 5084 1185 5156 ’ACorr.
1214 5086 1313 5147 B',
1348 5086 1434 5140 AB
1455 5086 1616 5156 idest.
1692 5086 1714 5118 ³
1732 5087 1887 5156 Corr.
1906 5087 1946 5140 Β
1965 5091 2006 5149 ',
2033 5088 2077 5141 Α
2104 5088 2420 5156 Bformidet.

261 5165 352 5208 tes.
426 5157 446 5186 ⁸
467 5156 508 5209 A
530 5157 772 5225 superba.
811 5152 821 5156 ⁷
847 5156 867 5187 ⁷
895 5152 1073 5225 Conj.,
1102 5155 1192 5208 AB
1210 5157 1404 5225 itaque.
1478 5155 1501 5182 ⁸
1531 5157 1573 5208 Α
1591 5154 2007 5224 supervolabaut.
2083 5160 2103 5190 '
2125 5152 2297 5223 Conj.,
2323 5158 2413 5211 AB
2427 5157 2536 5228 qui.

261 5225 407 5277 dent.
480 5228 523 5257 “
557 5226 616 5280 Β.
648 5225 850 5280 aliauid
876 5225 942 5278 de
966 5242 1048 5278 ea.
1124 5225 1245 5278 "in
1283 5241 1392 5279 om.
1429 5225 1541 5280 AB.
1592 5241 1752 5280 supra
1782 5226 1958 5280 adscr.
2002 5227 2042 5280 B
2066 5229 2104 5279 ‘.
2185 5227 2225 5257 “
2252 5227 2289 5278 Β
2331 5243 2536 5280 sunervt

1189 5242 1245 5278 tn
1283 5241 1392 5279 om.
1429 5241 1541 5287 tus,
1592 5241 1752 5294 supra
1782 5241 1958 5280 anser.
2002 5241 2042 5280 υ
2068 5241 2104 5279 ‘.
2185 5241 2225 5257 ι’
2252 5241 2289 5278 η
2331 5241 2724 5298 supervomam,

1189 5296 1317 5349 Iorr.
1376 5295 1463 5348 AB
1505 5295 1790 5348 distinctio.
1896 5297 1937 5327 ¹⁷
1969 5297 2011 5350 A
2057 5304 2154 5351 ter.
2232 5296 2378 5348 ¹⁸Β⁶
2431 5312 2573 5351 corr.
2603 5304 2746 5349 sunt.

1837 5366 1882 5397 “
1920 5366 2074 5420 Carr.
2113 5368 2151 5418 ll
2175 5368 2214 5431 θ,
2242 5365 2329 5421 ΑΒ
2350 5366 2651 5420 secundam.
2728 5363 2774 5396 ³³
2800 5363 2880 5417 Ad
2906 5379 3058 5431 marg

1163 5436 1208 5466 ”
1255 5433 1501 5520 ‘l‘p-mBia
1527 5463 1600 5474 -—
1629 5445 1784 5513 cantu
1807 5451 1915 5515 oin.
1960 5438 2014 5489 ll.
2091 5436 2139 5518 ’ξ
2164 5437 2413 5518 Emend,
2460 5436 2547 5488 AB
2580 5435 2733 5489 idem.

1206 5507 1250 5538 ²⁹
1280 5508 1433 5557 (sorr.
1463 5504 1505 5555 Β
1534 5508 1575 5567 ⁸,
1623 5504 1712 5557 ΑΒ
1743 5510 1881 5570 lecti.
1921 5538 1935 5549 -
1960 5507 2002 5538 ⁸⁰
2042 5507 2085 5560 Α
2112 5517 2375 5570 trrumptt.
2450 5506 2492 5536 ³⁸
2530 5505 2664 5558 llud.
2690 5521 2733 5558 Ct

265 5524 311 5533 "’
340 5524 381 5555 Ι)
465 5524 528 5559 an
567 5524 738 5574 marg.
798 5524 975 5558 adscr.
1025 5524 1104 5572 lu.
1206 5524 1250 5538 "
1280 5524 1433 5557 hOl'l'.
1463 5524 1505 5555 Ι)
1560 5544 1575 5567 ι,
1623 5524 1712 5557 AD
1743 5524 1881 5570 [86”.
1921 5538 1935 5549 -
1960 5524 2002 5538 ’ν
2042 5524 2085 5560 Α
2112 5524 2375 5576 trrumptt.
2450 5524 2492 5536 ’⁸³
2530 5524 2698 5558 natm

264 5569 978 5646 fusupervacaneumesse
1002 5574 1227 5646 videtur.
1271 5574 1327 5646 λ³³
1341 5576 1492 5629 Carr.
1514 5573 1594 5639 B‘,
1612 5574 1696 5627 All
1716 5575 1877 5641 [coitu
1900 5575 2122 5632 “ctum.
2140 5577 2396 5642 AB,infra
2421 5577 2596 5632 adscr.
2618 5575 2698 5627 ις’.

261 5225 407 5277 dent.
480 5228 523 5257 “
557 5226 616 5281 B.
648 5225 850 5293 aliquid
876 5225 942 5278 de
966 5242 1048 5278 ea.

332 5296 522 5367 ‘Conjw
552 5296 642 5350 AB
669 5305 990 5367 reverentur.
1067 5293 1137 5367 ﬂ“
1163 5296 1317 5367 (Sorr.
1376 5295 1463 5367 AB
1505 5293 1790 5367 distinctio.

263 5362 309 5437 ’ξ
331 5363 407 5437 B'
443 5362 633 5437 marg.“
661 5366 838 5437 adscr.
876 5365 1203 5437 rypmodiami
1228 5364 1265 5417 i.
1303 5380 1347 5417 e.
1394 5365 1511 5437 laus
1541 5365 1738 5418 divina.

263 5434 520 5490 visionem.
562 5433 645 5468 Ἰδ
672 5436 826 5489 Corr.
857 5433 947 5487 AB
974 5444 1086 5488 aut.

264 5502 413 5574 ξῗΒ⁹
465 5506 529 5559 ad
567 5521 738 5574 marg.
798 5507 975 5558 adscr.
1025 5505 1104 5572 ﬁt.

266 5640 412 5698 Carr.
439 5640 475 5700 ll
505 5650 594 5718 qui
625 5646 807 5698 ceteris
834 5644 1034 5714 (punct.
1065 5643 1171 5711 ad}.
1204 5644 1305 5715 ll‘).

2498 5086 2519 5118 ‘
2544 5086 2697 5143 Corr.
2720 5084 2760 5138 B
2779 5088 2821 5156 ξ,
2860 5086 2949 5139 AB
2975 5101 3151 5156 quam.
3214 5085 3248 5156 7'
3278 5084 3317 5138 Β
3339 5085 3509 5139 uelau-

2614 5156 2655 5187 '°
2678 5154 2917 5209 caelestes
2939 5154 3045 5209 out.
3068 5154 3130 5207 B.
3209 5155 3248 5187 “
3279 5157 3320 5207 A
3350 5157 3508 5221 trapi-

2185 5227 2225 5257 “
2252 5224 2724 5298 B_supervolitant,
2752 5225 2790 5277 Β
2810 5227 2825 5244 ⁴
2852 5240 3000 5298 corr.
3028 5240 3252 5298 semper
3264 5224 3505 5298 uolitant.

2848 5295 2889 5328 ¹⁹
2934 5296 2979 5347 Α
3019 5293 3163 5347 bene.
3236 5294 3281 5325 ¹⁰
3308 5293 3344 5344 Α
3390 5304 3503 5346 aut.

3063 5402 3075 5414 .
3114 5378 3257 5416 corr.
3290 5360 3331 5412 B
3353 5364 3391 5427 ‘,
3420 5363 3506 5416 AB

2821 5434 2865 5465 ’7
2895 5430 3142 5495 Ειιιθὶιιί.ν
3174 5430 3261 5485 AB
3304 5448 3504 5485 sacras.

2450 5506 2492 5536 ³⁸
2530 5505 2664 5558 llud.
2690 5520 2855 5565 cum,
2889 5502 2928 5554 B
2950 5506 2992 5564 ',
3045 5501 3087 5555 Α
3142 5503 3502 5555 intellectibus.

2775 5575 2822 5605 ³⁵
2847 5573 2949 5627 l‘ro
2973 5572 3153 5626 ceteris
3169 5574 3204 5625 Α
3222 5573 3309 5642 qui
3327 5575 3507 5627 ceteris
3563 5596 3575 5607 -

3462 5644 3477 5667 ι
