3952 6156
426 277 527 338 ’247

1773 261 2054 333 ioANNts
2091 261 2289 330 Scott

3571 256 3699 319 Μ,

426 406 603 450 autem
629 411 694 449 ex
730 395 897 464 ipsius
933 392 1236 447 Divinitatis
1277 389 1498 445 remotis
1533 388 1714 443 causis
1745 387 1787 452 ',
1811 387 2003 456 cujus’
2035 400 2079 451 Α
2110 394 2202 437 aut
2228 382 2523 437 sacerdotes
2553 397 2784 451 purgans
2828 389 2920 433 aut
2973 378 3297 443 illuminans,
3339 365 3451 447 ipse
3502 370 3691 455 dicitur

424 500 614 539 omnes
652 500 837 538 sacros
876 483 1177 537 intellectus
1217 477 1740 549 snperessentialiter
1766 476 1996 546 perficit.

425 573 480 627 In
512 573 653 627 nullo
675 574 695 603 ³
729 583 902 626 tamen
932 573 1094 625 distat
1112 585 1322 625 sensus.
1342 568 1537 623 Deinde
1551 584 1616 622 ea:
1641 567 1880 621 secundis
1909 573 2000 618 aut

422 662 714 715 novissimis
735 671 823 713 aut
849 660 1035 712 nostris
1060 658 1493 713 intellectualibus
1518 657 1815 725 virtutibus,
1839 668 2003 725 quan-

422 765 530 804 tum
561 752 625 804 ab
659 752 770 818 ipsa
814 765 1153 818 unaquaeque
1193 748 1479 802 secundum
1517 746 1771 814 deiforme
1811 744 2000 808 extitit,

421 842 496 894 sic
524 840 857 921 manifestqm
890 855 1040 892 suam
1066 837 1500 891 illuminationem
1528 834 1769 890 conducit
1792 830 1862 887 ad
1882 849 2003 903 pro-

420 946 565 999 priae
588 929 952 984 occultationis
980 930 1003 960 ⁸
1051 928 1376 983 laudandum
1403 929 1659 999 ignotum.
1686 925 2002 993 Postquam,

418 1017 613 1086 inquit,
651 1018 829 1071 divina
852 1018 1069 1072 claritas
1096 1030 1160 1072 ex
1200 1016 1426 1071 secretis
1459 1015 1569 1070 suis
1590 1013 1823 1083 erumpit
1847 1012 1892 1078 ',
1939 1026 2003 1066 ac

419 1105 595 1174 primo
623 1106 862 1161 omnium
888 1105 1272 1162 excelsissimis
1293 1104 1501 1174 sibique
1521 1102 1782 1174 proximis
1798 1102 2005 1171 primae

419 1196 721 1253 ierarcliiae
742 1198 1022 1252 ordinibus
1045 1197 1465 1252 mauifestiorem
1491 1212 1551 1259 se
1584 1196 1774 1265 aperit,
1816 1208 2007 1249 conse-

420 1290 650 1357 quenter
688 1288 769 1341 sic
811 1287 1152 1345 manifestam
1200 1301 1351 1342 suam
1393 1287 1860 1350 illuminationem,
1900 1284 2005 1338 hoc

418 1376 573 1438 est‘,
609 1377 660 1430 in
694 1376 1034 1431 manifestam
1080 1389 1234 1433 suam
1266 1376 1707 1433 illuminationem
1732 1374 2003 1438 conducit,

420 1465 525 1527 vel,
558 1474 613 1519 ut
646 1467 884 1535 apertius
907 1465 1252 1532 transfertur,
1274 1475 1585 1537 Congregat.
1610 1466 1763 1523 Unde
1783 1480 2006 1535 congre-

421 1558 546 1629 gat?
569 1558 646 1611 Ex
670 1559 922 1613 secundis
941 1566 1036 1614 aut
1056 1559 1387 1625 novissimis,
1407 1561 1508 1616 hoc
1526 1567 1630 1626 est,
1655 1575 1722 1615 ex
1739 1560 2007 1616 secundae

421 1659 516 1704 aut
543 1650 734 1705 tertiae
754 1648 1009 1705 caelestis
1033 1650 1341 1705 ierarchiae
1364 1643 1385 1683 ν
1406 1650 1705 1714 ordinibus,
1721 1657 1892 1705 autex
1910 1664 2006 1704 nol-

2100 489 2326 544 purgare
2363 483 2410 527 et
2447 472 2763 534 illuminare,
2796 486 2889 539 per
2919 471 3085 539 ipsum
3128 467 3361 537 purgatis
3394 464 3543 519 ordin
3573 473 3685 544 bus:

2100 579 2192 632 per
2219 579 2273 616 se
2296 563 2353 615 in
2387 562 2614 629 seipsum
2646 559 3005 630 reponentibus
3032 558 3271 627 proprias
3300 571 3479 610 sacras
3504 537 3691 624 Opera;

2101 658 2300 723 tiones;
2358 656 2459 711 hoc
2505 666 2612 721 est,
2666 657 2790 710 dum
2843 655 3052 725 purgati
3103 655 3319 709 ordines
3366 669 3463 723 per
3512 652 3689 721 ipsum

2101 763 2374 804 summum
2401 749 2737 803 sacerdotem
2765 740 2861 817 per
2884 762 2943 801 se
2964 747 3016 800 in
3038 746 3209 815 ipsum
3237 744 3481 814 preprias
3505 753 3694 797 sacras

2102 838 2442 908 Operationes
2490 837 2753 903 referunt,
2791 837 2941 908 quasi
2975 838 3088 906 ipse
3117 836 3306 891 fecerit
3339 837 3384 868 "
3414 836 3553 905 quod
3587 833 3690 905 ipsi

2104 926 2344 982 faciunt:
2375 927 2449 981 sic
2473 938 2520 980 et
2553 922 2820 997 propriam
2855 926 3182 996 purgativam
3211 926 3480 980 scientiam
3510 934 3557 979 et
3586 926 3694 979 vir-

2104 1022 2287 1081 tutem,
2316 1017 2423 1086 ipse
2442 1017 2802 1086 purgationem
2832 1014 3057 1085 theologi
3078 1015 3348 1084 perﬁciens
3370 1014 3600 1085 angelus,
3632 1015 3693 1070 in

2104 1102 2274 1161 Deum
2296 1106 2509 1176 quidem
2539 1105 2697 1159 veluti
2721 1105 2984 1159 causalem
3002 1145 3017 1170 ,
3050 1105 3234 1159 deinde
3263 1106 3313 1159 in
3342 1106 3509 1175 ipsum
3534 1103 3695 1159 Sera-

2103 1198 2264 1269 pnim,
2299 1207 2548 1267 tanquam
2591 1196 2759 1266 primo
2802 1207 3036 1268 agentem
3069 1214 3327 1251 summum
3369 1198 3692 1251 sacerdotem

2104 1287 2328 1358 reponit.
2380 1286 2688 1342 Similitudo
2741 1288 2988 1357 sequitur
3030 1306 3044 1340 :
3085 1285 3240 1341 relati
3287 1287 3525 1356 fortassis
3574 1287 3693 1359 quis

2104 1367 2319 1443 dixerit,
2364 1393 2482 1431 cum
2523 1376 2757 1448 angelica
2802 1378 3084 1432 reuerentia
3111 1387 3390 1447 purgatum
3434 1377 3693 1443 edocens;

2106 1469 2211 1524 hoc
2231 1467 2425 1535 est,lta
2454 1467 2691 1538 loquitur
2715 1468 2934 1539 angelus
2964 1468 3032 1522 ad
3061 1468 3399 1541 prophetam,
3429 1475 3691 1537 tanquam

2106 1563 2153 1618 si
2178 1561 2304 1632 quis
2331 1561 2571 1632 angelica
2602 1561 2902 1615 reverentia
2925 1561 3118 1632 dignus
3145 1568 3427 1630 purgatum
3458 1558 3696 1628 aliquem

2109 1654 2346 1719 doceret,
2374 1652 2663 1723 quomodo,
2689 1638 2796 1722 quo
2826 1651 3016 1707 ordine
3054 1659 3315 1721 purgatus
3344 1649 3432 1703 sit.
3466 1648 3601 1715 Quia
3634 1648 3698 1702 in

420 1742 548 1796 atris
578 1737 1026 1821 intellectualibus
1056 1742 1362 1805 virtutibus,
1394 1756 1462 1797 ex
1502 1742 1735 1796 humana
1757 1740 2006 1796 videlicet
2034 1762 2081 1821 Β
2108 1754 2177 1809 te,
2215 1761 2244 1799 ο
2294 1753 2510 1814 purgate
2545 1761 2578 1797 a
2627 1759 2707 1797 me
2730 1782 2745 1808 ,
2815 1742 2905 1811 qui
2950 1750 3005 1796 te
3053 1739 3301 1809 purgavi,
3349 1738 3700 1808 perﬁciendae

420 1832 710 1897 ierarcbia,
733 1841 992 1902 quantum
1019 1833 1221 1897 extitit,
1257 1833 1360 1887 hoc
1379 1840 1484 1898 est,
1514 1843 1776 1903 quantum
1803 1832 2003 1887 substi-

420 1931 534 1977 tuta
571 1930 655 1977 est
694 1922 764 1976 ab
792 1923 906 1992 ipsa
944 1922 1126 1977 divina
1165 1922 1413 1977 claritate
1452 1910 1803 1996 unaquaeque
1830 1922 2004 1978 virtus

417 2012 504 2067 uel
528 2012 815 2076 ierarcbia,
849 2013 1142 2066 secundum
1184 2010 1446 2067 deiforme
1467 2013 1509 2076 ⁸,
1534 2011 1587 2067 id
1612 2020 1716 2076 est,
1738 2011 1891 2082 juxta
1918 2010 2002 2066 di-

424 2108 599 2160 vinam
640 2102 1066 2157 similitudinem.
1098 2102 1179 2157 Ad
1223 2102 1351 2173 quid
1389 2102 1717 2174 congregat?
1752 2101 1835 2156 Ad
1881 2116 2005 2172 pro-

416 2192 570 2260 piae
616 2192 773 2262 plane
819 2191 1194 2248 occultationis
1239 2192 1564 2248 laudandum
1606 2193 1862 2262 ignotum,
1902 2193 2006 2248 hoc

384 2290 387 2291 '
420 2291 523 2348 est,
554 2291 611 2336 ut
629 2283 991 2338 secretissima
1012 2283 1368 2353 omnibusque
1387 2283 1567 2354 ignota
1592 2284 1762 2351 ipsius
1787 2282 2007 2339 laudent

422 2376 699 2445 mysteria.
734 2373 894 2428 Lucet
922 2384 1117 2440 autem,
1145 2376 1259 2445 ipsa
1299 2375 1478 2429 divina
1510 2374 1750 2440 claritas,
1784 2390 1875 2444 per
1902 2375 2007 2427 sin-

422 2465 546 2535 gula
575 2466 918 2536 generaliter,
934 2467 1027 2522 sed
1046 2483 1154 2536 quo
1176 2469 1479 2538 modo,quo
1501 2466 1718 2522 ordine?
1742 2467 2003 2530 secundis,

423 2557 624 2626 inquit,
645 2575 735 2627 per
762 2559 954 2627 prima,
977 2568 1023 2612 et
1054 2559 1100 2613 si
1119 2569 1315 2628 oportet
1338 2559 1556 2612 breviter
1591 2559 1780 2623 dicere,
1803 2558 2009 2627 primo.

423 2665 491 2703 ea:
518 2649 741 2713 occulto,
765 2658 977 2704 secreto
1006 2649 1256 2704 videlicet
1283 2666 1414 2715 suo,
1443 2650 1512 2703 ad
1542 2649 1875 2715 manifestum
1904 2651 2007 2704 du-

423 2743 562 2794 citur
606 2756 697 2810 per
738 2740 934 2809 primas
964 2739 1003 2771 ¹⁰
1032 2742 1259 2805 virtutes,
1292 2741 1714 2797 subaudiendum
1745 2741 1963 2812 reliquit
1991 2760 2003 2795 :

423 2829 700 2895 secundis,
748 2843 845 2899 per
883 2830 1147 2884 secundas
1182 2831 1222 2862 “
1255 2846 1383 2887 vero
1432 2832 1635 2897 tertiis,
1675 2848 1774 2903 per
1822 2834 2010 2888 tertias

427 2919 634 2986 quartis
662 2918 714 2972 in
742 2917 786 2950 ⁸⁸
813 2916 1158 2987 manifestum
1184 2920 1418 2975 ducitur.
1451 2919 1567 2975 Hoc
1592 2938 1713 2991 ergo
1740 2921 2010 2992 theologus

425 3011 608 3064 didicit
656 3027 719 3064 ex
748 3009 1083 3065 luceducente
1114 3010 1158 3042 “
1185 3028 1303 3065 eum
1333 3012 1535 3081 angelo.
1570 3012 1649 3067 Ac
1677 3013 1723 3067 si
1751 3013 1955 3069 diceret
1991 3032 2004 3067 :

2103 1834 2430 1904 purgationis
2454 1833 2766 1903 principium
2790 1832 2998 1903 quidem
3028 1840 3100 1884 est
3135 1827 3416 1888 excelsum,
3446 1829 3526 1880 vel
3555 1828 3703 1881 sicut

2105 1925 2318 1995 proprie
2362 1922 2686 1987 transfertur
2735 1920 3177 1984 remotissimum,
3214 1928 3263 1973 et
3311 1918 3530 1973 essentia
3559 1916 3608 1950 "
3641 1923 3699 1969 et

2104 2026 2325 2083 creator,
2350 2025 2396 2068 et
2423 2012 2672 2077 causalis,
2699 2014 2993 2083 primasque
3020 2012 3270 2065 essentias
3293 2008 3361 2062 ad
3386 2025 3494 2062 esse
3522 2008 3700 2061 addu-

2106 2082 2246 2170 cens,
2279 2115 2327 2158 et
2362 2105 2500 2159 circa
2530 2121 2585 2157 se
2620 2101 2670 2137 ³³
2702 2102 3038 2156 collocatione
3066 2101 3114 2132 ’⁵
3140 2100 3406 2153 continens
3440 2107 3486 2151 et
3512 2097 3697 2150 obser-

2110 2212 2236 2251 uans
2264 2193 2696 2249 inconversabiles
2726 2203 2773 2247 et
2825 2209 2949 2246 casu
2977 2202 3227 2254 carentes,
3256 2199 3304 2243 et
3332 2188 3555 2257 seipsum
3582 2203 3703 2240 mo-

2106 2305 2226 2344 vens
2248 2290 2303 2342 in
2333 2288 2529 2358 primas
2556 2287 2603 2318 "
2626 2285 2956 2357 propriarum
2982 2282 3316 2354 providerunt
3341 2281 3704 2350 operationum

2105 2381 2551 2451 participationes.
2596 2376 2712 2431 Hoc
2750 2378 2882 2430 enim
2917 2377 3042 2429 haec
3077 2391 3157 2428 me
3204 2373 3394 2426 docens
3434 2372 3507 2424 ait
3530 2370 3704 2439 ipsius

2110 2468 2384 2538 Seraphin:
2421 2466 2761 2535 manifestare
2790 2466 3107 2518 missionem.
3144 2462 3277 2524 lloc,
3310 2459 3484 2528 inquit
3512 2473 3707 2512 exem-

2106 2558 2252 2630 plum
2286 2558 2443 2612 veluti
2480 2557 2749 2627 loquentis
2775 2555 2821 2586 “
2847 2556 2911 2609 ad
2942 2562 3224 2625 purgatum
3268 2550 3583 2622 prophetam
3632 2549 3708 2602 de

2108 2648 2268 2703 eausa
2295 2658 2347 2702 et
2367 2646 2559 2701 ordine
2588 2644 2922 2715 purgationis
2948 2659 3097 2705 suae,
3129 2642 3219 2711 qui
3243 2654 3329 2694 me
3355 2639 3541 2694 docuit
3565 2638 3709 2691 haec

2109 2739 2175 2792 de
2198 2728 2515 2807 purgatione
2536 2734 2848 2804 prophetae,
2877 2731 3184 2785 missionem
3213 2729 3380 2798 ipsius
3412 2726 3711 2796 Serapliim

2109 2824 2455 2886 manifestare
2492 2826 2586 2879 ait.
2629 2827 2708 2878 Ac
2743 2824 2786 2878 si
2828 2823 3032 2877 diceret
3068 2839 3081 2875 :
3120 2819 3235 2873 Non
3279 2834 3379 2891 ego
3408 2817 3710 2888 Dionysius

2112 2922 2250 2975 hanc
2273 2916 2675 2973 similitudinem
2702 2912 2997 2975 introduxi,
3020 2912 3114 2966 sed
3138 2911 3246 2973 ille,
3269 2910 3359 2979 qui
3384 2923 3467 2962 me
3485 2907 3701 2972 docuit,

2111 3010 2236 3080 quid
2261 3009 2442 3063 missio
2458 3007 2738 3077 Serapliim
2753 3007 2799 3038 ’⁷
2816 3003 3223 3075 signiﬁcaret".
3244 3004 3311 3057 Et
3331 3017 3452 3057 mox
3476 3004 3522 3035 ’θ
3543 3001 3707 3070 quasi

426 3117 494 3157 ex
523 3102 736 3172 angelo,
764 3102 857 3169 qui
885 3116 1009 3156 eum
1043 3101 1097 3155 in
1128 3101 1302 3156 lucem
1338 3102 1738 3173 intelligentiae,
1781 3103 2007 3159 visionis
2034 3108 2078 3170 ρ
2109 3103 2174 3157 ad
2203 3100 2363 3155 verba
2388 3100 2430 3131 ³ο
2463 3097 2727 3168 loquentis
2753 3097 2924 3167 angeli
2961 3094 3005 3127 ⁸¹
3037 3096 3101 3149 ad
3130 3095 3442 3164 prophetam
3474 3092 3713 3144 reverti-

428 3193 749 3248 iutroduxit.
781 3190 896 3247 Hoc
934 3202 1020 3247 est
1055 3192 1455 3262 :purgationem
1489 3202 1537 3246 et
1580 3210 1753 3248 omnes
1803 3194 2009 3250 divinas

426 3283 774 3352 operationes,
796 3297 889 3349 per
913 3282 1111 3351 primas
1140 3281 1389 3335 essentias
1416 3281 1719 3346 relucentes,
1751 3282 1805 3336 in
1834 3300 2010 3339 omnes

426 3373 675 3443 reliquias
709 3372 951 3425 distribui
971 3372 1255 3425 secundum
1280 3372 1691 3443 uniuscujusque
1709 3374 1776 3426 ad
1796 3374 2010 3442 deiﬁcas

423 3464 847 3534 purticipationes
876 3463 920 3494 ¹⁸
942 3462 1264 3533 analogiam.
1296 3464 1699 3532 Explanationis
1727 3479 1832 3520 non
1869 3466 2010 3521 indi-

422 3565 533 3624 get.
579 3554 799 3624 Propter
831 3556 970 3626 quod
1002 3566 1050 3608 et
1088 3555 1246 3626 ignite
1285 3557 1611 3626 purgativam
1643 3551 2011 3626 proprietatem

422 3651 559 3718 ipsis
592 3646 866 3718 Seraphim
896 3657 1264 3719 consequenter
1318 3656 1431 3717 post
1478 3645 1648 3700 Deum
1686 3647 1731 3678 ¹⁸
1761 3647 2007 3716 reposuit.

422 3741 719 3806 Quoniam,
748 3740 945 3809 inquit,
986 3754 1084 3808 per
1124 3740 1328 3809 primas
1361 3739 1587 3794 virtutes
1618 3739 1794 3794 omnis
1829 3738 2010 3793 divina

426 3832 671 3903 operatio
697 3831 917 3902 reliquis
942 3832 1304 3895 distribuitur,
1336 3840 1617 3901 propterea
1648 3827 2011 3898 ipse'angelus

424 3926 801 4000 purgationem
835 3925 1152 3995 prophetae,
1180 3938 1343 3992 quam
1371 3923 1541 3977 instar
1573 3920 1711 3991 ignis
1743 3919 1858 3989 ipse
1885 3933 2008 3988 pro-

425 4019 543 4089 prie
582 4018 822 4087 peregit,
859 4014 989 4085 ipsis
1021 4014 1066 4046 “
1099 4012 1380 4082 Serapliim
1426 4019 1549 4080 post
1591 4011 1760 4064 Deum
1806 4007 2009 4067 retulit.

424 4110 680 4180 quoniam
716 4124 745 4161 a
776 4108 882 4161 Deo
912 4122 1008 4176 per
1036 4104 1322 4174 Serapliim
1353 4104 1499 4158 visus
1518 4110 1606 4157 est
1639 4099 1861 4171 angelus
1887 4114 2013 4166 pur-

423 4217 554 4272 gare
568 4201 908 4270 prophetam.
942 4197 1093 4252 Nihil
1116 4212 1239 4266 ergo
1260 4196 1640 4255 inordinatum,
1669 4193 1714 4245 si
1734 4192 2013 4259 "purgare

420 4297 717 4366 theologum
743 4297 939 4349 dicitur
967 4292 1263 4362 Serapltint.
1295 4290 1385 4346 Sic
1413 4290 1549 4344 enim
1573 4288 1713 4341 Deus
1752 4285 1797 4319 ¹⁶
1825 4292 2013 4352 purgat

423 4403 623 4449 omnes,
646 4388 895 4457 quoniam
916 4385 958 4419 ¹⁰
989 4385 1148 4438 totius
1162 4381 1488 4452 purgationis
1508 4388 1582 4433 est
1603 4394 1785 4431 causa.
1810 4373 2013 4429 Deinde

2115 3200 2219 3247 tur.
2255 3188 2499 3245 Summus
2543 3198 2717 3241 autem
2760 3186 3002 3241 sacerdos
3037 3195 3083 3239 et
3113 3194 3226 3256 post
3258 3183 3421 3237 Deum
3451 3183 3563 3234 dux
3596 3181 3712 3250 ipse

2110 3279 2488 3353 praestantium
2525 3279 2870 3332 essentiarum
2895 3287 3131 3339 ornatus,
3163 3293 3194 3328 a
3228 3290 3329 3345 quo
3354 3289 3445 3342 ego
3478 3288 3713 3342 purgare

2111 3371 2434 3440 deiformiter
2470 3368 2705 3424 eruditus
2744 3384 2880 3421 sum.
2931 3365 3186 3421 Ordinem
3215 3363 3500 3432 Serapliim
3537 3370 3713 3430 atque

2110 3476 2359 3523 ornatum
2393 3464 2551 3520 veluti
2584 3478 2746 3518 unum
2770 3477 3037 3516 summum
3063 3459 3398 3515 sacerdotem
3429 3464 3484 3510 et
3507 3463 3635 3526 post
3658 3452 3709 3486 “

2112 3559 2283 3613 Deum
2332 3558 2523 3613 ducem
2579 3553 2851 3619 nominat;
2894 3568 2998 3606 non
3046 3551 3205 3606 aliam
3248 3550 3317 3604 ob
3356 3563 3599 3610 causam,
3644 3558 3713 3601 ut

2110 3649 2321 3720 opinor,
2354 3647 2457 3701 nisi
2491 3645 2615 3716 quia
2651 3652 2797 3697 tanta
2834 3642 3014 3696 unitas
3047 3649 3129 3695 est
3161 3639 3207 3671 ³³
3234 3638 3550 3693 caelestium
3591 3635 3718 3689 ani-

2112 3755 2322 3796 morum
2361 3736 2428 3801 “,
2473 3745 2553 3800 ut,
2595 3734 2735 3804 quod
2773 3750 2914 3787 uitus
2952 3734 3081 3801 agit,
3131 3745 3322 3784 omnes
3369 3728 3720 3783 unanimiter

2117 3846 2280 3902 agere
2308 3828 2678 3897 intelligantur
2702 3825 2768 3879 ³⁸.
2799 3825 2918 3895 Ipse
2947 3825 3105 3895 igitur
3128 3831 3222 3886 est,
3261 3833 3503 3874 summus
3526 3831 3722 3872 sacer-

2112 3921 2210 3976 dos
2234 3918 2485 3973 videlicet
2508 3915 2793 3985 Seraphim
2820 3922 3067 3975 ornatus,
3092 3928 3183 3980 per
3207 3927 3308 3972 me,
3329 3923 3363 3964 o
3390 3908 3524 3963 Isaia
3558 3905 3629 3971 “,
3659 3915 3717 3960 te

2112 4027 2364 4082 purgans,
2407 4025 2500 4078 per
2537 4022 2688 4077 quem
2729 4005 2967 4076 proprias
3014 4001 3255 4072 providus
3287 4000 3333 4032 ³⁷
3363 4001 3595 4054 actiones
3643 4014 3719 4052 ex

2113 4101 2314 4154 occulto
2342 4109 2389 4153 et
2407 4099 2523 4167 jam
2550 4097 2604 4149 in
2630 4113 2745 4153 nos.
2773 4094 2864 4163 qui
2891 4093 3064 4162 angeli
3089 4106 3297 4152 sumus,
3320 4090 3567 4159 produxit
3590 4087 3717 4156 ipsa

2114 4191 2271 4246 totius
2305 4205 2465 4243 causa
2508 4197 2555 4241 et
2606 4186 2781 4257 opifex
2826 4183 3193 4255 purgationis,~
3220 4181 3271 4236 id
3312 4190 3413 4243 est,
3462 4179 3718 4233 omnium

2115 4280 2533 4351 intelligibiliuin
2561 4287 2613 4333 et
2641 4275 3041 4331 rationabilium
3075 4273 3354 4326 virtutum.
3384 4269 3535 4324 Finis
3559 4269 3722 4322 solu-

2118 4381 2204 4426 tae
2232 4370 2566 4441 quaestionis
2595 4386 2607 4422 2
2636 4366 2781 4421 Haec
2798 4366 2884 4420 ille
2898 4365 3105 4435 quidem
3123 4363 3168 4394 ³⁸
3188 4362 3362 4415 docuit
3390 4377 3492 4425 me,
3518 4359 3570 4412 id
3598 4368 3715 4423 est,

423 4448 1066 4545 exemplumintroducit:
1089 4448 1468 4544 magisautem,
1491 4469 1810 4525 subauditur
1833 4465 2016 4520 dicen-
2045 4453 2092 4511 D
2118 4461 2260 4530 quod
2290 4460 2334 4494 ³⁸
2366 4459 2432 4513 de
2461 4459 2563 4511 hac
2594 4457 2913 4526 quaestione
2953 4453 3101 4515 dixi,
3142 4450 3230 4505 ille
3266 4449 3479 4519 quidem
3521 4448 3721 4502 docuit

421 4573 580 4634 dum;
610 4570 842 4638 proxime
866 4568 1003 4621 enim
1029 4579 1234 4621 utemur
1255 4564 1507 4634 exemplo,
1534 4564 1639 4617 hoc
1677 4572 1782 4622 est,
1810 4556 1998 4627 proxi-

425 4676 516 4714 mo
547 4674 765 4722 causae,
805 4658 871 4712 de
915 4672 1020 4727 qua
1065 4658 1261 4727 agitur,
1299 4665 1515 4710 utemur
1550 4651 1815 4720 exemplo.
1854 4646 2001 4700 Sicut

422 4750 708 4805 secundum
740 4764 831 4803 nos
860 4748 905 4782 ³⁸
938 4763 1174 4802 summus
1198 4746 1442 4800 sacerdos
1469 4759 1561 4814 per
1596 4758 1719 4797 suos
1742 4738 2004 4793 ministros

2107 4568 2214 4607 me.
2268 4551 2401 4618 Quis
2444 4561 2621 4604 autem
2646 4548 2767 4610 ille,
2794 4548 3142 4617 ignoramus;
3174 4550 3621 4612 argumentemur
3664 4538 3723 4571 ⁸ο

2110 4654 2293 4697 tamen
2372 4651 2463 4694 aut
2536 4640 2578 4671 “
2624 4640 2796 4709 ipsum
2875 4636 3097 4691 Paulum
3168 4633 3500 4703 apostolum,
3553 4626 3723 4697 cujus

2114 4745 2233 4791 erat
2262 4734 2574 4803 discipulus,
2602 4743 2691 4787 aut
2721 4732 3056 4794 Jerotbeum,
3087 4744 3245 4799 quem
3275 4728 3326 4781 in
3365 4727 3501 4780 libro
3529 4724 3595 4779 de
3623 4724 3721 4777 di-

1692 4853 1777 4909 VA
1788 4852 1948 4907 [ΒΑΕ
1986 4847 2389 4905 LECTIONES.

500 4984 514 5014 ⁸
546 4982 587 5036 Β
621 4981 794 5035 causis
842 4978 1071 5033 remotis.
1171 4977 1193 5008 '
1220 4974 1325 5029 Pro
1394 4990 1420 5026 ε

425 5069 569 5107 corr.
613 5050 996 5104 occultationis.

423 5124 533 5177 δι’(ιὶ
584 5121 764 5192 forma.
839 5121 862 5154 ⁸
900 5118 962 5172 Β*
1003 5133 1156 5192 corr.
1202 5113 1449 5192 primum.

425 5194 511 5247 AB
541 5180 653 5245 (tice
675 5192 895 5244 dicente.
999 5186 1045 5219 ιι
1067 5188 1109 5240 Α
1134 5180 1569 5255 ραὴιὶσὶρηιίυ-ηἱε.

424 5266 602 5318 adscr.
633 5262 713 5315 B‘.
813 5261 856 5291 ¹³
888 5258 948 5311 Β⁸
979 5250 1145 5326 supra
1170 5254 1347 5326 adscr.
1368 5261 1419 5326 et
1452 5250 1614 5303 Deus.
1657 5319 1668 5326 _
1710 5250 1752 5281 ¹⁹
1782 5250 1832 5314 Ct

422 5316 586 5401 supra
619 5335 793 5386 adscr.
822 5343 966 5401 co_rr.
1002 5316 1213 5401 fecerit._
1276 5321 1397 5401 "‘A
1419 5319 1704 5401 etesscntia
1731 5316 1921 5401 om.

423 5389 702 5456 talionem.
777 5401 824 5432 ’⁸
861 5389 1017 5452 Corr.
1066 5396 1154 5457 B‘,
1188 5392 1230 5446 A
1268 5389 1516 5459 prima,B
1543 5390 1698 5458 prim.

425 5473 471 5503 "‘
497 5474 542 5526 A
570 5469 904 5540 signiﬁcarit.
980 5468 1024 5500 ¹⁹
1049 5465 1154 5540 Pro
1180 5460 1369 5540 mong
1398 5477 1520 5540 n_qn.

422 5558 533 5594 om.
597 5526 720 5617 Al}:
747 5540 1006 5617 admarg.
1041 5532 1337 5617 atl'SCl'.nB'.
1418 5530 1463 5561 ³³
1492 5540 1567 5584 cst
1596 5545 1718 5611 οιιι..
1754 5526 1815 5579 Β.

421 5628 539 5663 meo
568 5601 761 5675 esains,
793 5609 834 5662 Β
860 5624 940 5660 me
955 5601 1199 5675 'oysaias,
1224 5603 1263 5657 Β
1292 5616 1436 5675 corr.
1466 5618 1546 5654 me
1571 5601 1772 5669 oysaia.

427 5681 470 5714 ³⁸
501 5681 657 5736 Carr.
689 5674 775 5743 B",
808 5678 848 5731 A
878 5677 987 5747 qui,
1015 5674 1217 5746 Bquid.

1545 5108 1685 5161 ιοΒ

1676 5173 1831 5230 “AB
1856 5192 1994 5233 eum.
2029 5174 2073 5227 Β
2117 5188 2260 5226 corr.
2297 5173 2471 5225 deum.

1710 5250 1752 5281 ¹⁹
1782 5247 1935 5312 Corr.
1975 5245 2062 5305 B‘,
2097 5243 2186 5296 AB
2214 5258 2456 5312 quorum.

1998 5297 2112 5366 “se
2139 5297 2247 5365 om'.
2281 5312 2343 5372 Β,
2383 5325 2541 5377 supra
2572 5310 2749 5362 adscr.
2779 5307 2861 5360 B‘.
2893 5306 2938 5337 “
2973 5305 3106 5377 Rud.
3139 5320 3293 5377 corr.
3316 5301 3378 5361 Β,
3550 5297 3734 5377 collo-

1775 5387 1826 5419 ¹⁶
1866 5385 1907 5438 Β
1933 5385 2187 5453 loquentis
2209 5381 2382 5453 veluti.

1596 5460 1643 5491 ”
1668 5456 1802 5512 Rad.
1827 5470 1969 5510 corr.
1994 5446 2078 5517 B‘,
2108 5468 2207 5520 pro
2227 5451 2298 5504 ad
2322 5451 2497 5504 verba.
2518 5448 2606 5501 AB
2626 5446 2891 5500 adverbia.

1596 5545 1704 5577 om.
1754 5526 1815 5577 Β.
1895 5525 1937 5555 ³⁵
1970 5525 2031 5577 Β⁸
2069 5522 2246 5575 adscr.
2289 5530 2383 5573 est.
2461 5518 2506 5550 ³⁸
2540 5518 2581 5571 Β
2611 5515 2891 5577 intelligunt

2016 5529 2031 5544 ‘
2069 5529 2246 5575 adscr.
2289 5530 2383 5573 est.

1850 5596 1894 5627 ⁸⁷
1931 5594 1973 5646 Β
2006 5593 2247 5661 providos
2277 5589 2532 5659 proprias.

1299 5672 1344 5704 ⁸ο
1377 5669 1434 5723 Β·
1468 5687 1608 5726 corr.
1628 5675 2070 5735 argumentamus.

1486 4987 1545 5025 us
1596 4968 1655 5022 Β·
1693 4983 1834 5022 corr.
1897 4974 1971 5019 cst
2025 4980 2179 5030 quae.
2282 4962 2481 5016 'Gorr.
2531 4960 2630 5021 B‘,
2683 4960 2770 5012 ΑΒ
2830 4957 3034 5030 nulla._
3090 4957 3112 4989 ⁸
3155 4956 3197 5010 Β
3246 4951 3589 5030 occultionis,
3650 4949 3729 5030 η’

1172 4991 1193 5008 ³⁵
1220 4991 1325 5029 ιινο
1394 4991 1545 5073 (radius
1596 4991 1637 5022 ι)
1693 4991 1834 5022 υυιϊ.
1897 4991 1969 5019 (Ξδῑ
2025 4991 2179 5030 quae.
2286 4991 2300 4994 '
2326 4991 2393 5016 uu

1072 5047 1092 5078 ⁸
1124 5046 1214 5101 Sic
1256 5042 1366 5097 AB.
1509 5049 1582 5094 est
1615 5054 1721 5093 om.
1757 5035 1866 5100 AB,
1897 5051 2056 5105 supra
2102 5034 2279 5105 adscr.
2309 5033 2393 5086 B‘.

1724 5097 1920 5177 primas
1964 5097 2070 5177 per.
2149 5104 2189 5134 “
2225 5104 2381 5177 Corr.
2417 5102 2504 5164 B‘,
2548 5097 2944 5177 secundis.

2497 5030 2518 5062 "
2566 5020 2855 5083 ierarchiae
2924 5027 3179 5080 caelestis.
3253 5025 3277 5058 ⁸
3324 5023 3476 5077 Corr.
3520 5020 3608 5078 B'.
3675 5020 3730 5072 Α

3025 5098 3066 5128 ¹¹
3096 5098 3148 5150 in
3193 5111 3302 5149 om.
3340 5093 3400 5147 Β.
3477 5091 3522 5121 ¹³
3551 5088 3725 5156 Con].

3286 5165 3324 5194 "
3355 5160 3400 5216 si
3453 5175 3563 5213 om.
3597 5159 3728 5222 AB,

2568 5169 2614 5202 “
2633 5170 2787 5222 Corr.
2823 5168 2906 5229 B',
2938 5166 3021 5220 AB
3057 5167 3183 5233 ipse.
3286 5166 3324 5194 "
3355 5166 3400 5216 si
3453 5175 3563 5213 om.
3597 5166 3727 5222 AB,

2568 5239 2596 5269 ιο
2622 5240 2777 5284 Carr.
2816 5238 2896 5284 η’-
2938 5235 3024 5284 ΑΒ
3054 5252 3176 5284 non.
3259 5234 3301 5265 ¹¹
3338 5232 3376 5284 Β
3406 5230 3622 5284 dixerit.
3652 5227 3727 5280 B'

2550 5239 2596 5270 ¹⁰
2622 5240 2777 5293 Corr.
2816 5238 2897 5294 η’.
2936 5235 3024 5289 AB
3054 5252 3176 5288 non.

2459 5368 2501 5410 ³⁷
2544 5379 2602 5430 Β·
2637 5378 2700 5430 ad
2734 5393 2905 5445 marg.
2954 5376 3129 5428 adscr.
3196 5374 3362 5438 ipsius
3395 5368 3721 5468 Seraphim.
3796 5419 3807 5429 _

2459 5448 2606 5494 [ΑΒ
2626 5446 2891 5494 adverbia.
2968 5445 3011 5476 ³¹
3051 5442 3356 5494 anacliom.
3384 5440 3426 5492 A
3520 5438 3540 5467 ³
3598 5446 3731 5494 post

2461 5467 2497 5503 π.
2518 5448 2606 5501 AB
2626 5446 2891 5500 adverbia.
2968 5446 3011 5476 ³¹
3051 5446 3221 5511 angeli
3247 5458 3356 5495 om.
3384 5446 3426 5492 A
3520 5446 3566 5468 "
3597 5446 3731 5503 post

2461 5518 2506 5550 ³⁸
2540 5518 2581 5571 Β
2611 5515 2991 5591 intelliguntur.
3069 5512 3114 5544 ³⁸
3130 5513 3233 5591 Pro
3260 5528 3365 5591 me,
3387 5526 3425 5591 2
3454 5507 3637 5591 Ysaia,

2151 5593 2262 5712 :i‘ns‘
2277 5589 2532 5659 proprias.
2613 5587 2656 5618 ³³
2684 5574 2837 5641 Carr.
2864 5582 2947 5647 B‘,
2974 5599 3069 5652 pro
3095 5582 3304 5652 quidem
3339 5574 3425 5634 AB
3456 5575 3587 5647 quid
3611 5586 3727 5631 est.

2223 5684 2241 5714 ι
2294 5670 2488 5713 autem.
