3952 6156
235 310 318 368 ω
779 297 1273 357 EXPOSITIONES
1311 296 1536 352 SUPER
1582 290 2004 350 lEllARClllAM
2044 286 2453 344 CAELESTEM
2495 286 2554 342 S.
2598 285 2917 342 DlON‘ISll.

3353 286 3462 342 25d

232 418 349 473 vinis
382 410 687 468 nominibus
732 410 941 480 magnis
973 409 1221 463 laudibus
1257 408 1477 462 exultat.
1523 406 1778 476 Quisquis
1808 406 1853 462 Λ
1884 399 1975 452 Dei
2001 397 2265 459 videlicet,
2288 397 2453 466 magis
2477 395 2750 450 amabilem
2770 396 3253 466 contemplationem
3274 396 3340 460 ’⁸,
3365 398 3465 451 hoc

230 516 384 564 autem
412 503 603 567 fuerit,
647 502 739 571 qui
769 510 974 555 tantum
1013 500 1187 552 virum
1219 499 1463 563 edocuit,
1492 500 1788 568 sapientem

229 604 370 657 luisse
389 613 490 652 non
512 596 877 652 dubitabimus
899 595 937 647 ¹.
964 591 1223 661 Sequitur
1246 609 1260 644 :
1283 589 1394 644 Tibi
1422 600 1618 655 autem,
1639 608 1669 644 ο
1695 590 1789 645 Τι-

230 690 422 751 ntotltee,
463 703 555 755 ego
604 687 781 749 trado,
811 697 950 753 quae
989 682 1058 737 ab
1085 681 1177 735 illo
1207 680 1388 735 didici.
1424 680 1535 734 Tua
1561 682 1580 714 ³
1615 690 1792 735 autem

232 783 544 838 concesserim
569 776 905 833 intellectuali
925 787 971 830 et
994 775 1267 828 discretiva
1292 775 1528 835 scientia,
1552 782 1644 827 aut
1667 772 1790 827 alte-

232 889 324 926 rum
355 880 549 940 partem
588 869 848 922 dicturum
887 879 1167 918 causarum
1205 862 1401 916 absolvi
1444 862 1786 928 dubitatione,

229 975 268 1016 et
289 962 495 1015 eandem
525 962 785 1013 honorare
797 968 917 1025 ante
938 954 1178 1019 alteram,
1198 963 1453 1023 tanquam
1473 968 1788 1021 consequens

226 1064 266 1106 et
294 1050 592 1103 rationabile
634 1060 684 1101 et
735 1062 895 1116 aeque
944 1060 1121 1099 verum
1166 1044 1458 1098 habentem.
1500 1043 1785 1108 Queniam,

229 1141 396 1209 inquit,
424 1146 771 1207 praesentem
801 1135 1172 1204 quaestionem
1199 1133 1409 1189 duobus
1438 1133 1612 1187 modis
1640 1146 1786 1186 rese—

227 1230 317 1283 rari
367 1242 523 1297 posse
553 1226 807 1281 diximus.
839 1226 948 1278 Aut
983 1224 1130 1278 enim
1177 1238 1413 1293 purgans
1468 1223 1788 1291 prophetam

225 1323 421 1392 angelus
461 1319 746 1388 Seraphim
802 1317 1019 1373 nomine
1066 1325 1353 1386 propterea
1407 1325 1628 1370 vocatus
1680 1323 1787 1378 est,

228 1413 457 1482 quoniam
488 1410 616 1463 illud
645 1423 840 1463 nomen
869 1406 1121 1461 omnibus
1147 1405 1466 1460 caelestibus
1498 1404 1788 1458 virtutibus

224 1518 491 1557 commune
515 1501 569 1566 ⁸;
601 1501 740 1554 inest
758 1499 903 1553 enim
925 1498 1178 1552 omnibus
1200 1496 1578 1560 communiter,
1601 1510 1791 1564 quam-

225 1593 456 1646 vis‘nou
502 1588 797 1657 aequaliter
827 1628 842 1652 ,
894 1589 1048 1657 ignea
1099 1586 1381 1657 purgativa
1427 1586 1530 1649 vis,
1592 1598 1731 1652 quae
1766 1581 1789 1614 ⁸

226 1681 487 1750 Seraphim
517 1679 825 1750 signiﬁcare
856 1678 970 1746 ipsa
1005 1677 1238 1731 nominis
1266 1674 1639 1744 interpretatio
1670 1688 1787 1737 ma-

1891 497 1976 544 est
2003 529 2019 552 ,
2069 501 2165 556 per
2210 486 2716 556 contemplationem
2773 487 3075 554 praesentis
3104 486 3460 556 quaestionis,

1890 596 2030 650 quae
2055 581 2134 635 eis
2161 579 2332 651 magis
2357 578 2557 633 ceteris
2583 578 2832 633 amabilis
2860 587 2964 633 est.

2334 668 2821 725 CAPITULUM
2859 668 3023 725 XIV.

2415 757 2578 826 Cujus
2608 759 2790 812 titulus
2826 768 2911 813 est
2933 777 2946 813 :

2133 847 2274 912 Quid
2320 848 2578 917 signiﬁcat
2610 849 2874 918 angelicas
2916 866 3161 905 numerus
3186 863 3233 905 α.

1964 941 1993 1013 §
2029 939 2097 994 Et
2126 942 2223 994 hoc
2251 950 2424 994 autem
2462 940 2697 1009 dignum,
2746 950 2801 993 ut
2835 941 3082 1007 aestimo,
3127 940 3468 997 intellectuali

1889 1033 2200 1102 cognitione,
2228 1033 2351 1103 quia
2376 1031 2417 1062 ⁸³
2446 1030 2767 1101 eloquiorunt
2800 1030 2862 1083 de
2886 1032 3084 1100 angelis
3112 1032 3325 1087 traditio
3343 1034 3466 1087 mil-

1889 1128 1982 1181 lies
2009 1126 2053 1158 ¹⁶
2080 1126 2248 1179 millia
2276 1142 2385 1178 esse
2413 1125 2507 1187 ait,
2556 1135 2603 1178 et
2635 1124 2810 1178 decem
2848 1123 3014 1178 millia
3051 1126 3218 1179 decies
3258 1127 3470 1191 millies,

1887 1219 2174 1271 secundum
2201 1232 2293 1269 nos
2338 1213 2739 1268 sublimissimos
2783 1230 3116 1268 numerorum
3151 1215 3202 1269 in
3232 1232 3286 1268 se
3304 1216 3473 1283 ipsam

1890 1308 2148 1362 revolvens
2164 1317 2211 1360 et
2239 1305 2611 1375 multiplicans.
2638 1305 2867 1376 Dignum
2891 1314 2972 1360 est
2989 1347 3003 1370 ,
3031 1307 3226 1376 inquit,
3267 1307 3475 1363 intelle-

1888 1398 2051 1453 ctuali
2076 1398 2403 1467 cognitione,
2438 1396 2488 1450 id
2515 1405 2597 1450 est
2622 1396 3059 1451 intellectualiqu
3084 1412 3264 1451 rerum
3297 1399 3475 1452 scien-

1864 1478 1964 1541 tia
1995 1488 2060 1552 ³³,
2088 1487 2217 1556 quid
2246 1488 2311 1540 de
2348 1486 2606 1555 angelicis
2636 1488 2876 1541 numeris
2910 1487 3087 1541 divina
3134 1488 3296 1541 tradit
3331 1486 3478 1542 Scri-

1890 1589 2066 1649 ptura.
2106 1580 2224 1647 lpsa
2275 1577 2539 1645 siquidem
2585 1577 2799 1645 traditio
2831 1577 3095 1632 maximos
3126 1592 3475 1630 numerorum

1892 1673 2152 1727 terminos
2199 1670 2494 1725 secundum
2541 1686 2640 1726 nos
2688 1672 2743 1724 in
2778 1672 3009 1742 seipsam
3043 1670 3286 1733 revolvit,
3319 1679 3374 1724 et
3422 1671 3477 1724 in

224 1748 439 1823 nifestat.
466 1768 545 1821 lla
565 1748 766 1836 quippe
789 1766 1008 1835 quidam
1038 1773 1376 1833 praesentem
1415 1764 1786 1831 quaestionem
1821 1748 1859 1806 Β
1889 1763 2122 1830 seipsam
2176 1761 2515 1831 multiplicat.
2549 1761 2666 1816 Non
2706 1763 2850 1816 enim
2888 1764 3000 1832 ipsa
3036 1763 3255 1817 traditio
3302 1761 3480 1817 inlini-

224 1862 408 1916 solvere
444 1870 736 1915 conantur.
767 1858 843 1912 Ac
880 1857 901 1887 ‘
931 1856 1060 1926 quid
1102 1856 1234 1909 mihi
1277 1854 1609 1925 probabilius
1636 1839 1787 1906 vide-

232 1961 323 2014 tur,
350 1951 436 2018 qui
468 1949 963 2003 excelsissimorum
997 1944 1367 2001 intellectuum
1401 1944 1670 2013 propriam
1704 1956 1793 2011 ap-

225 2042 551 2110 pellationem
585 2039 938 2109 propriasque
967 2037 1196 2092 virtutes
1234 2036 1436 2090 ultimis
1464 2034 1669 2104 angelis
1698 2048 1792 2086 no-

227 2132 389 2199 bisque
416 2130 859 2199 praesidentibus
885 2129 904 2159 ⁷
932 2128 1077 2183 nullo
1115 2127 1273 2181 modo
1306 2125 1598 2181 convenire
1624 2123 1792 2177 disse-

232 2221 316 2272 rui.
367 2219 658 2288 Propterea
711 2218 963 2289 angelus,
1011 2218 1103 2287 qui
1149 2217 1402 2289 purgavit
1452 2216 1790 2286 prophetam,

230 2310 487 2378 Serapliinl
514 2309 778 2365 vocabulo
804 2308 1113 2364 nominatus
1138 2317 1224 2363 est
1248 2325 1278 2361 a
1319 2307 1606 2377 theologia,
1655 2321 1793 2376 quo-

228 2401 353 2453 niam
388 2401 505 2469 ipse
541 2415 696 2454 suam
727 2401 1001 2470 propriam
1030 2400 1420 2469 operationem,
1462 2414 1566 2467 qua
1596 2413 1793 2467 purga-

237 2489 298 2540 vit
322 2491 633 2559 prephetam
654 2490 699 2553 ⁸,
747 2487 903 2558 cujus
931 2488 1072 2544 labia
1103 2489 1330 2560 mystico
1358 2488 1534 2559 tetigit
1567 2487 1790 2551 calculo,

225 2593 315 2630 non
356 2579 407 2632 in
452 2581 696 2648 seipsum
750 2578 959 2643 retulit,
1008 2578 1102 2633 sed
1149 2578 1202 2632 in
1244 2578 1418 2646 ipsum
1460 2579 1652 2642 Deum,
1701 2578 1792 2645 qui

226 2670 369 2724 totius
392 2670 731 2740 purgationis
757 2685 919 2725 causa
940 2681 1025 2725 est
1047 2678 1098 2724 et
1122 2669 1473 2739 principium,
1499 2678 1554 2724 et
1583 2669 1794 2738 ipsum’

220 2764 358 2829 quasi
390 2778 662 2816 summum
693 2762 1030 2836 sacerdotem
1047 2760 1332 2831 Serapbim
1353 2800 1369 2825 ,
1399 2776 1495 2830 per
1528 2775 1687 2829 quem
1720 2759 1795 2814 vi-

225 2866 307 2904 sus
332 2866 410 2906 est
433 2853 752 2923 prophetica
781 2852 923 2907 labia
960 2852 1245 2907 mundare.
1279 2851 1649 2906 Concesserim
1674 2866 1793 2921 ego,

220 2950 302 2993 tua
343 2941 695 2996 intellectuali
744 2950 800 2996 et
848 2940 1137 2996 discretiva
1181 2940 1405 2994 scientia
1446 2949 1537 2992 aut
1570 2940 1795 2993 alteram

222 3045 411 3100 partem
447 3034 716 3089 dicturum
753 3048 1039 3087 causarum
1070 3031 1135 3096 ³ο,
1179 3026 1233 3080 id
1265 3040 1378 3096 est,
1410 3031 1633 3086 alteram
1661 3032 1796 3087 dua-

225 3136 326 3174 rum
370 3123 771 3191 pmedictarum
812 3122 1145 3177 solutionum‘
1176 3123 1245 3177 ab
1276 3124 1426 3177 omni
1463 3121 1799 3177 dubitatione

226 3214 434 3277 absolvi,
470 3224 691 3283 tamque
731 3214 1110 3267 incunctanter
1143 3211 1413 3275 roborari,
1457 3219 1516 3265 et
1554 3210 1799 3269 eandem.

226 3300 596 3356 absolutionem
628 3302 901 3366 videlicet,
918 3316 1058 3371 quae
1073 3310 1162 3355 tua
1175 3301 1553 3355 intellectualis
1577 3299 1804 3355 scientia

225 3401 276 3443 et
297 3393 583 3447 absolverit
609 3401 664 3448 et
694 3393 1053 3455 rohoraverit,
1083 3393 1352 3448 honorare
1384 3402 1513 3446 ante
1551 3390 1801 3455 alteram,

226 3489 275 3531 et
295 3481 332 3511 “
366 3497 528 3536 unam
572 3491 665 3535 aut
692 3483 909 3551 penitus
938 3496 1162 3552 respuas
1191 3490 1284 3536 aut
1315 3482 1368 3536 in
1398 3481 1805 3552 comparatione

226 3572 426 3627 alterius
472 3575 853 3644 parvipendas,
877 3582 1129 3644 tanquam
1153 3573 1297 3643 quod
1323 3586 1660 3644 consequens
1685 3574 1727 3604 ¹²
1750 3580 1807 3627 et

232 3663 533 3717 ratiotiahile
556 3671 611 3717 et
632 3678 826 3732 aeque,
852 3664 953 3717 hoc
968 3673 1070 3730 est,
1088 3664 1132 3694 ¹³
1154 3670 1301 3718 recte
1324 3678 1511 3717 verum
1534 3662 1802 3718 habuerit.

234 3752 344 3816 Aut,
369 3755 411 3807 si
452 3763 655 3810 neutra
677 3752 722 3785 “
745 3753 958 3808 illatum
976 3755 1072 3809 tibi
1097 3752 1297 3809 sullicit
1317 3754 1385 3818 ⁸³,
1410 3771 1443 3807 a
1470 3764 1520 3808 te
1542 3755 1652 3824 ipso
1679 3753 1805 3824 quid

230 3857 327 3895 me
355 3860 470 3898 rem
504 3843 549 3876 ¹⁶
576 3843 793 3898 vicinius
812 3845 853 3877 "
878 3845 1109 3898 invenire
1134 3845 1518 3910 concesserim,
1539 3855 1628 3898 aut
1645 3844 1709 3899 ab
1731 3844 1808 3898 al-

229 3942 345 3997 tera,
370 3933 527 4002 cujus
550 3932 906 4005 intelligentia
935 3942 990 3989 et
1021 3948 1196 3988 meam
1222 3943 1279 3988 et
1304 3945 1450 3988 tuam
1480 3944 1701 4004 superat
1726 3934 1808 3989 in-

231 4025 534 4090 tentionem,
549 4026 743 4089 dicere,
761 4023 869 4078 Deo
892 4024 1125 4079 videlicet
1148 4024 1328 4088 dante,
1346 4026 1459 4080 sive
1485 4024 1576 4078 tibi
1604 4024 1716 4078 sive
1731 4024 1809 4078 al-

229 4115 369 4173 teri,a
382 4132 493 4187 quo
508 4115 720 4171 discere
734 4115 1041 4179 volucris,et
1054 4118 1201 4185 prius
1210 4116 1571 4185 recipientibus
1583 4117 1781 4185 angelis
1793 4156 1806 4180 ,

232 4204 294 4256 ab
317 4205 428 4273 ipso
459 4205 715 4261 videlicet
742 4205 875 4271 Deo,
902 4206 993 4276 qui
1026 4206 1266 4260 omnium
1298 4206 1807 4277 contemplationum

228 4290 309 4345 lux
341 4303 424 4348 est
467 4305 527 4349 et
568 4310 732 4351 causa
771 4304 826 4350 et
868 4295 1113 4360 ellectus,
1158 4306 1206 4350 et
1254 4296 1559 4366 angelorum
1601 4297 1806 4359 amicis,

1892 1863 1976 1906 tae
1998 1853 2402 1908 numerositatis
2426 1853 2740 1923 angelorum
2764 1854 3024 1911 terminos
3048 1854 3101 1909 in
3130 1854 3215 1909 his
3239 1854 3479 1909 numeris

1890 1941 2343 2012 comprehendit,
2412 1956 2586 2009 neque
2650 1942 2874 2006 deﬁnit;
2949 1942 3282 2011 perspiciens
3349 1956 3481 1996 vero

1891 2042 2108 2087 nostrae
2136 2030 2360 2085 rationis
2390 2031 2567 2085 adhuc
2600 2030 2812 2084 mortali
2856 2030 3160 2086 habitaculo
3200 2038 3476 2085 coartatae

1892 2122 2257 2177 inﬁrmitatem
2280 2161 2295 2185 ,
2347 2121 2421 2175 ita
2454 2129 2513 2175 ut
2542 2120 2681 2196 ultra
2709 2120 2912 2175 denarii
2941 2121 3153 2177 numeri
3202 2120 3370 2176 cubes
3398 2121 3442 2151 "
3461 2160 3478 2184 ,

1890 2228 2092 2283 eosque
2137 2227 2231 2281 per
2275 2214 2483 2283 seipsos
2530 2211 2930 2281 multiplicatos,
2979 2212 3081 2266 hoc
3129 2224 3246 2275 est,
3284 2211 3480 2266 millies

1893 2301 2081 2367 millia,
2103 2300 2451 2371 ejusdemque
2493 2302 2687 2355 iterum
2713 2302 2916 2356 denarii
2940 2302 2993 2356 in
3017 2302 3253 2357 millibus
3267 2302 3477 2363 decem,

1892 2391 2019 2460 quia
2059 2390 2126 2444 ab
2165 2406 2229 2445 eo
2275 2400 2573 2446 nascuntur
2617 2390 2683 2454 ³³,
2732 2407 2828 2460 per
2869 2392 3103 2459 seipsum
3137 2391 3479 2463 multiplicati

1893 2481 2285 2552 quantitatem,
2337 2482 2440 2535 hoc
2480 2489 2565 2534 est
2616 2480 2800 2535 decem
2845 2480 3010 2533 millia
3058 2481 3238 2535 decies
3285 2481 3480 2536 millies

1897 2589 2000 2626 non
2028 2573 2196 2641 possit
2222 2574 2547 2636 ascendere,
2583 2572 2837 2642 quoniam
2870 2571 3189 2626 inﬁnitatem
3223 2572 3478 2628 altiorum

1895 2680 2242 2718 numerorum
2283 2678 2455 2732 neque
2493 2663 2633 2716 valet
2672 2663 2993 2731 perspicere,
3025 2678 3124 2717 nec
3173 2665 3473 2733 nominare.

1898 2755 2068 2809 Tanta
2102 2756 2245 2808 enim
2277 2757 2356 2809 vis
2389 2769 2737 2809 numerorum
2767 2763 2882 2817 est,
2917 2761 2974 2806 ut
3003 2754 3195 2809 ductus
3236 2755 3481 2811 inﬁnitus

1895 2848 2251 2901 existimetur.
2298 2846 2402 2900 Per
2439 2847 2537 2899 hos
2579 2846 2721 2898 enim
2746 2846 2794 2887 ιδ
2823 2846 3088 2898 humanae
3118 2846 3484 2900 ratiocinatio-

1899 2940 1951 2993 n-i
1983 2937 2495 3006 comprehcnsibiles
2544 2945 2601 2990 et
2626 2936 2985 2989 nominabiles
3015 2951 3269 2990 numeros
3297 2937 3480 2990 inlini-

1905 3040 2010 3083 tam
2040 3031 2353 3084 caelestium
2382 3028 2775 3084 multitudinem
2801 3027 2964 3082 voluit
2985 3027 3308 3096 signiﬁcare.
3343 3026 3483 3082 Usus

1901 3121 2168 3191 siquidem
2225 3119 2696 3188 frequentissimus
2746 3118 2910 3172 divini
2957 3117 3153 3187 eloquii
3208 3126 3328 3181 est,
3386 3132 3484 3187 per

1902 3212 2053 3265 ﬁnita
2088 3212 2297 3269 inﬁnita
2343 3211 2587 3265 innuere.
2628 3208 2740 3264 Hoc
2782 3218 2960 3262 autem
2997 3209 3258 3277 scriptum
3301 3217 3387 3262 est
3426 3208 3482 3261 in

1905 3303 2123 3358 Daniele
2167 3304 2423 3373 propheta
2456 3343 2470 3366 ,
2523 3302 2613 3356 ubi
2656 3303 2732 3355 ait
2771 3316 2785 3354 :
2836 3321 2853 3351 ι
2888 3301 3259 3369 Aspieieham,
3313 3301 3485 3355 donec

1905 3394 2080 3447 throni
2097 3392 2254 3461 positi
2272 3401 2398 3446 sunt
2417 3410 2463 3444 ι.
2483 3392 2579 3447 Et:
2602 3409 2619 3441 ι
2641 3391 2906 3460 Antiquus
2922 3391 3129 3445 dierum
3145 3389 3300 3451 sedit,
3320 3389 3484 3443 vesti-

1903 3494 2145 3541 mentum
2173 3484 2289 3553 ejus
2317 3483 2474 3551 quasi
2504 3484 2597 3537 nix
2626 3484 2937 3545 camlidum,
2994 3491 3050 3535 et
3087 3480 3265 3549 capilli
3293 3480 3485 3549 capitis

1903 3576 2022 3646 ejus
2066 3576 2222 3645 quasi
2273 3576 2392 3628 lana
2445 3575 2640 3628 munda
2666 3613 2681 3637 ,
2731 3576 2958 3631 thronus
2992 3574 3039 3611 ³⁸
3074 3573 3192 3641 ejus
3233 3572 3485 3629 ﬂammae

1905 3668 2065 3739 ignis,
2112 3675 2264 3720 rotae
2318 3665 2363 3696 “
2406 3664 2526 3733 ejus
2556 3664 2695 3735 ignis
2736 3678 3024 3728 accensus;
3057 3662 3250 3717 ﬂuvius
3297 3662 3517 3732 igneus.

1906 3760 2230 3828 rapidusque
2255 3756 2633 3827 egrediebatur
2657 3770 2690 3811 a
2723 3755 2861 3809 facie
2893 3754 3030 3822 ejus,
3063 3754 3228 3808 millia
3259 3755 3485 3808 millium

1907 3851 2286 3906 ministrabant
2333 3848 2424 3913 ei,
2471 3857 2527 3902 et
2572 3846 2754 3902 decies
2798 3845 2993 3901 millies
3037 3853 3263 3899 centena
3318 3843 3487 3899 millia

1906 3942 2237 3998 assistebant
2273 3943 2322 3996 ei
2360 3960 2404 3994 ι.
2446 3939 2524 3995 lla
2563 3933 2748 3992 beatus
2792 3937 3150 4007 Hieronymus
3192 3935 3483 3996 transtulit.

1908 4035 2142 4089 Sanctus
2170 4043 2348 4088 autem
2395 4032 2679 4103 Dionysms
2702 4028 2976 4098 antiquam
3023 4042 3243 4082 secums
3278 4034 3363 4081 est
3404 4024 3487 4085 iu-
3540 4061 3545 4067 .

1907 4124 2370 4194 terpretationem.
2406 4121 2471 4175 Et
2501 4137 2593 4190 per
2619 4121 2737 4185 hos,
2766 4133 3042 4182 numeros,
3065 4127 3238 4187 aperte
3278 4114 3486 4186 signi/i-

1888 4222 2055 4279 'eans,
2080 4216 2195 4285 ipsa
2217 4213 2456 4278 traditio,
2480 4210 2883 4265 innumerabiles
2910 4208 3210 4263 caelestium
3231 4210 3487 4264 essentia-

1912 4324 2027 4362 rum
2073 4305 2449 4360 ordinationes.
2502 4302 2675 4357 Multa
2709 4303 2847 4356 enim
2879 4310 2999 4354 sunt
3041 4299 3221 4355 beatae
3267 4301 3486 4357 militiae

233 4386 446 4439 surumis
514 4386 765 4442 videlicet
809 4387 1151 4452 hominibus,
1201 4401 1296 4456 per
1339 4403 1474 4457 quos
1529 4388 1807 4459 mysteria,
1837 4391 3085 4480 Dgupemundah'umintellectuum,inﬁrmam
3111 4400 3158 4445 et
3193 4402 3484 4451 coartatum

225 4484 353 4539 quae
376 4491 408 4526 a
439 4475 550 4553 Deo
578 4476 866 4546 recipiunt,
897 4476 1074 4546 angeli
1104 4476 1453 4532 inferioribus
1476 4492 1534 4531 se
1562 4478 1816 4547 aperitin-
1842 4475 1874 4480 ⁷
1912 4497 2213 4564 “pq-ames
2265 4482 2620 4541 materialiunt
2664 4483 2949 4537 secundum
2994 4500 3087 4538 nos
3152 4500 3488 4539 numerorum

228 4571 320 4625 tur,
336 4567 482 4621 nobis
508 4567 742 4625 revelare
776 4569 1100 4626 subauditur
1130 4570 1515 4633 concesserim,
1545 4586 1639 4639 per
1667 4569 1801 4640 ejus,

1912 4576 2471 4634 commensuritionem.
2520 4572 2635 4629 Hoc
2659 4581 2838 4630 autem
2863 4574 2997 4630 dicit
3061 4588 3169 4633 non
3203 4574 3356 4645 quod
3386 4575 3491 4651 ipsi

1512 4683 1765 4741 V'ARIAE
1801 4686 2203 4745 LECTlONES.

293 4768 490 4837 ‘Conj.
547 4769 595 4826 Δ
656 4770 1005 4824 dubitanmus
1070 4772 1110 4825 Β
1159 4771 1524 4861 dubitarinms.
1586 4772 1806 4843 (punct.
1873 4778 1979 4847 adj.
2050 4777 2157 4847 B‘).

229 4876 257 4953 ‘_
517 4881 649 4953 BA',_
686 4882 777 4953 AB
840 4883 977 4953 quis.

1105 4884 1126 4915 ³
1180 4885 1405 4940 Emend.
1432 4925 1447 4945 .

227 4948 473 5005 dentibus.

230 5016 269 5095 ’ξ
314 5020 401 5073 Sic
442 5021 555 5085 All,
578 5019 728 5095 forte
768 5033 871 5095 ut."
919 5016 1015 5095 A"’A
1040 5016 1194 5079 Cori.
1228 5016 1313 5086 ll‘,
1349 5026 1435 5078 AB
1471 5042 1710 5095 sequens.

560 4885 615 4943 η’,
686 4885 777 4936 AB
840 4885 977 4953 quis.
1105 4885 1126 4915 ³
1180 4885 1447 4945 Emend.
1527 4885 1613 4941 AB
1676 4889 1873 4957 nisque.
1993 4889 2014 4920 ⁸
2063 4888 2101 4941 Β
2150 4888 2231 4940 Αι.
2340 4888 2360 4917 ⁷
2411 4886 2431 4939 Ι

560 4950 782 5028 ε-νετιη
821 4953 1452 5028 “waiting—prophetam
1499 4972 1608 5008 Olli.
1633 4955 1694 5011 Β.
1770 4961 1789 4991 ⁹
1833 4961 1991 5015 Forte
2021 4958 2120 5028 leg.
2162 4959 2215 5010 in
2235 4957 2431 5028 ipsum.

1809 5031 1851 5061 "
1895 5041 1969 5085 est
2017 5026 2128 5082 oin.
2182 5026 2291 5087 AB,
2338 5026 2404 5080 ad
2444 5041 2527 5079 ma

2264 4776 2467 4830 'Corr.
2519 4775 2608 4841 B',
2666 4775 2758 4829 AB
2797 4786 2873 4833 tu.
2985 4776 3007 4808 '
3064 4776 3126 4830 B‘
3177 4779 3349 4832 adscr.
3388 4789 3485 4835 est.

1993 4889 2014 4920 ⁸
2063 4888 2101 4941 Β
2150 4888 2231 4940 At.
2340 4888 2360 4917 ⁷
2411 4886 2451 4939 Β
2501 4888 2897 4954 praesentibus,
2984 4885 3043 4938 Β⁶
3096 4901 3237 4941 corr.
3289 4888 3487 4954 praesiv

2513 4957 2554 4987 ¹⁰
2578 4956 2619 5009 Β
2648 4973 2926 5013 causarum
2978 4956 3237 5010 dictarunt
3264 4968 3485 5025 partem.

2537 5041 2612 5095 rg.
2648 5028 2795 5080 adse.
2829 5026 2916 5079 B'.
3015 5025 3058 5059 “
3088 5027 3242 5082 Corr.
3282 5027 3366 5087 B',
3397 5027 3486 5079 AB

223 5089 325 5141 sine
353 5101 497 5144 utra.
574 5091 619 5122 “
641 5091 748 5146 I’ro
767 5093 968 5164 snﬂicit,
993 5093 1036 5149 A
1071 5111 1174 5149 non
1208 5096 1416 5165 stt/ﬁcit,
1449 5096 1489 5148 Β
1533 5089 1633 5183 non
1670 5100 1854 5167 suﬁicit
1902 5103 2107 5170 (punct.
2140 5097 2248 5167 adj.
2278 5098 2384 5164 ll').
2465 5097 2508 5126 “
2531 5089 2683 5149 σοι-ι’.
2716 5096 2799 5159 Β“,
2834 5111 2931 5165 pro
2954 5096 3079 5165 quid
3107 5112 3219 5149 cere
3240 5112 3358 5149 vero
3398 5096 3487 5147 ΑΒ

322 5220 464 5277 erere
491 5221 623 5277 cere.
701 5205 746 5239 η
785 5206 842 5259 Β·
874 5208 941 5260 ad
964 5222 1134 5277 marg.
1164 5208 1341 5261 adscr.
1362 5209 1446 5261 sit.

223 5355 452 5399 senatur.
529 5344 585 5377 ³⁵⁷
604 5347 740 5401 enim
778 5361 887 5399 om.
941 5348 1007 5400 A.
1082 5346 1129 5379 ⁸⁸
1174 5348 1261 5401 All
1290 5360 1487 5402 tronus.

247 5218 464 5286 [laetere
491 5221 623 5286 cere.
701 5209 857 5286 "AB:
874 5209 941 5260 ad
964 5222 1134 5286 marg.
1164 5209 1466 5286 adscr._sit._
1528 5210 1569 5242 ³⁸
1594 5209 1771 5276 (Ioni,
1794 5211 2504 5286 ABincontemplationem.

242 5276 332 5335 iss,
356 5276 439 5328 sic
462 5276 684 5349 ubique.
756 5283 800 5316 ἰ
832 5276 876 5329 Α
903 5278 1197 5349 scientiam,
1228 5278 1266 5349 Β
1286 5279 1574 5331 scientiam.
1603 5292 1807 5348 (punct.
1840 5283 1945 5343 adi.
1976 5282 2079 5349 B').

1522 5356 1532 5368 '
1569 5350 1612 5385 ’θ
1636 5350 1789 5405 Corr.
1822 5351 1929 5404 AB.
1963 5356 2113 5405 recte.

2585 5211 2628 5244 "
2663 5211 2700 5264 Β
2724 5226 2863 5265 corr.
2909 5226 3089 5279 (piare.
3192 5208 3237 5248 8°
3268 5208 3356 5279 ΑΒ
3390 5208 3488 5259 mi-
3540 5248 3545 5253 .

2179 5282 2225 5316 “
2248 5284 2401 5338 Corr.
2440 5282 2520 5347 B‘,
2550 5281 2637 5335 AB
2665 5282 2822 5335 cibos.
2910 5277 2954 5318 έ³
2988 5280 3209 5336 Emend.
3262 5277 3352 5330 AB
3387 5293 3483 5330 no-

1723 5442 1971 5500 NOTAE.

288 5529 599 5600 fAlitterts
618 5530 857 5585 miniatis
894 5530 1189 5600 Capitulnm
1230 5541 1471 5600 quartum
1519 5533 1797 5596 dcc'mmn,

228 5598 584 5672 gaius‘titulus
624 5611 698 5653 est
751 5610 874 5665 cet.,
900 5601 941 5653 Β
973 5598 1194 5672 titulum
1222 5598 1435 5672 oin._ll’
1468 5603 1655 5655 litteris
1696 5623 1804 5655 ma-

228 5668 446 5725 ius-uiis
486 5678 790 5724 atramento
813 5674 990 5725 adscr.
1018 5668 1221 5723 Titulus
1248 5670 1322 5723 XI
1343 5669 1380 5721 V
1398 5675 1609 5735 Cit/titu'i
1629 5690 1643 5724 .'
1664 5675 1801 5731 Onfd

1907 5537 2168 5619 signiﬁcat
2189 5536 2458 5619 angelicas
2488 5552 2733 5619 numerus
2758 5536 3005 5619 traditus,
3049 5532 3347 5619 litterisque
3386 5531 3486 5614 mi-

1912 5601 2073 5662 niatis
2099 5601 2338 5663 addidit:
2381 5608 2415 5662 i.
2442 5622 2490 5662 e.
2522 5607 2678 5661 datus
2722 5606 2797 5660 vel
2836 5607 3080 5674 diﬂinitns
3106 5622 3135 5657 ιι
3173 5601 3483 5674 Scriptum.
