3952 6156
431 301 527 356 ⁸2ῗί1

1813 290 2093 377 ιοΑΝΝιξ
2132 291 2326 347 soon

3576 292 3685 347 2‘52

400 456 405 461 .
434 413 666 476 numeri,
700 410 824 463 dum
851 409 959 462 sint
987 408 1069 463 cui
1094 409 1159 462 ici
1189 416 1230 469 ί,
1280 415 1333 461 ct
1365 406 1415 458 in
1438 405 1547 458 sola
1579 404 1785 459 ratione
1812 404 2009 459 substi-
2036 418 2082 472 Α
2111 411 2291 456 autem
2323 402 2403 454 vel
2453 403 2498 437 *τ
2553 401 2889 469 requiescere
2936 401 3172 455 volentes
3219 403 3285 458 ad
3308 402 3575 458 dividuam
3628 418 3685 460 et

434 504 553 565 tuti,
586 499 892 557 materiales
914 499 1108 551 fuerim
1135 500 1173 560 ’,
1208 496 1299 549 sed
1329 497 1469 564 quod
1499 510 1596 549 nos
1634 494 1686 560 ³,
1718 495 1808 562 qui
1830 494 2005 548 adhuc

434 591 743 648 materiales
788 597 843 643 et
891 587 1145 642 mortales
1189 601 1393 650 sumus,
1434 600 1528 640 eos
1582 585 1723 639 intra
1764 592 2005 639 nosmet-

437 687 581 749 ipsos
604 689 658 733 et
690 677 987 747 cogitamus
1009 682 1067 728 et
1108 675 1446 729 nominamus
1474 674 1518 728 ⁸.
1571 673 1863 743 Propterea
1893 688 2008 727 ma-

436 770 652 824 teriales
673 768 957 830 dicuntur,
989 764 1074 819 vel
1105 772 1251 818 certe
1294 763 1418 819 ideo
1470 764 1778 820 materiales
1816 780 2006 819 nume-

435 859 480 911 ri
533 859 780 911 dicuntur
810 896 825 917 ,
876 855 1000 923 quia
1055 863 1147 909 aut
1195 855 1284 908 vix
1310 862 1402 908 aut
1438 870 1710 924 nunquam
1760 855 1874 910 sine
1896 870 2009 909 ma-

436 947 702 1001 terialium
719 962 894 999 rerum
916 946 1388 1015 imaginationibus
1411 948 1463 1000 in
1486 947 1667 1002 animo
1685 956 2004 1002 tractantur.

435 1039 504 1092 Et
533 1055 565 1093 a
614 1040 727 1093 sola
768 1039 999 1109 gnostica
1028 1037 1053 1070 ³
1085 1038 1361 1107 deﬁnitae,
1413 1039 1515 1093 hoc
1577 1048 1700 1103 est,
1755 1040 2008 1094 deﬁnitae

434 1137 558 1181 sunt
585 1128 775 1182 beatae
806 1128 1027 1182 militiae
1073 1127 1383 1181 caelestium
1439 1127 1800 1181 iutellectuum
1831 1144 1860 1182 a
1892 1129 2005 1182 sola

433 1217 699 1286 gnostica,
753 1217 866 1286 ipsa
899 1216 1149 1272 videlicet
1182 1218 1465 1286 sapientia,
1498 1233 1636 1284 quae
1665 1232 1758 1272 eas
1802 1228 1856 1272 et
1884 1218 2009 1272 fecit

433 1316 489 1359 et
516 1306 851 1360 ordinavit‘.
908 1306 1096 1359 Divina
1134 1314 1310 1359 autem
1358 1305 1619 1375 sapientia
1648 1306 1769 1359 ideo
1809 1306 2009 1360 dicitur

433 1395 696 1463 gnostica,
731 1396 782 1448 id
814 1404 920 1458 est,
970 1395 1262 1464 cognitiva,
1293 1394 1417 1462 quia
1460 1394 1637 1447 omnia
1668 1433 1682 1457 ,
1736 1409 1874 1463 quae
1911 1410 2008 1464 per

434 1490 604 1557 ipsum
634 1499 727 1542 aut
751 1489 804 1542 in
826 1489 938 1558 ipsa
955 1487 1091 1543 facta
1110 1497 1251 1551 sunt,
1283 1488 1393 1541 sola
1423 1487 1668 1558 intelligit
1692 1496 1747 1541 et
1772 1489 2006 1541 circum-

434 1579 641 1633 scribit.
675 1578 972 1633 Secundum
1000 1581 1166 1649 ipsam
1202 1579 1651 1647 supermundanae
1691 1590 1737 1632 et
1775 1579 2007 1633 caelestis

435 1668 806 1738 intelligentiae
825 1679 873 1722 et
898 1670 1167 1732 scientiae,
1190 1685 1323 1737 quae
1347 1669 1697 1738 copiosissime
1717 1671 1790 1723 eis
1811 1670 2005 1723 donata

2109 492 2516 561 multipartitam
2564 492 2609 523 “
2638 489 2977 546 latitudinem
2998 533 3012 556 ,
3050 492 3151 546 lioc
3183 502 3265 547 est
3292 532 3308 559 ,
3336 494 3687 563 multiplicem

2108 599 2287 637 rerum
2313 583 2601 638 visibilium
2662 582 3003 651 superﬁciem
3051 582 3094 614 ¹⁹
3150 582 3492 638 multiformis
3521 587 3564 616 ³³
3595 600 3689 639 va-

2108 673 2316 727 rietatis
2343 672 2702 740 angelicarum
2734 671 3133 727 formationum.
3170 672 3246 726 Ea
3288 673 3576 741 siquidem,
3618 674 3690 729 de

2107 763 2302 832 quibus
2324 765 2436 832 jam
2487 762 2835 817 tractavimus
2862 803 2877 825 ,
2927 762 3040 817 solo
3079 762 3276 816 mentis
3323 762 3478 818 oculo
3522 780 3692 833 super

2108 867 2269 907 omne
2319 854 2395 917 ³³,
2431 853 2573 923 quod
2617 854 2661 885 ¹²
2699 852 2861 907 dividi
2897 862 2951 906 et
2983 852 3327 922 multiplicari
3356 863 3551 923 potest,
3593 869 3693 907 sn-

2108 958 2206 1013 per
2222 944 2268 975 ³⁸
2290 959 2504 999 omnem
2539 959 2718 997 rerum
2741 943 3028 998 visibilium
3052 944 3454 999 similitudinem
3478 957 3535 1013 et
3552 946 3692 998 izna-

2096 1033 2434 1102 ginationem
2473 1032 2822 1101 contemplari
2852 1034 3123 1101 sapientes
3156 1044 3400 1103 possunt.
3430 1034 3503 1086 Ea
3532 1048 3688 1098 vero,

2109 1122 2176 1176 ad
2200 1138 2340 1191 quae
2370 1120 2420 1160 i“
2447 1121 3091 1177 intellectualemoculum
3120 1124 3395 1178 reﬂectere
3416 1123 3689 1188 volumus,

2110 1212 2471 1286 latitudinem,
2496 1214 2548 1268 id
2576 1224 2681 1279 est,
2709 1214 3046 1281 superficiem
3072 1223 3127 1269 et
3150 1216 3539 1285 apparitionem
3581 1230 3687 1268 an-

2108 1301 2402 1371 gelicarum
2430 1301 2723 1358 formarum
2755 1304 3067 1367 ostendunt,
3099 1319 3237 1372 quae
3261 1304 3570 1373 superﬁcies
3599 1303 3691 1357 di-

2108 1392 2268 1446 vidua
2315 1402 2397 1446 est
2453 1398 2508 1447 et
2559 1392 2927 1463 multipliciter
2984 1395 3206 1463 partita,
3262 1393 3314 1447 in
3362 1394 3558 1463 quibus
3603 1404 3692 1446 ta-

2109 1498 2233 1537 men
2290 1484 2433 1538 acies
2490 1485 2687 1538 mentis
2747 1483 2913 1537 veluti
2959 1484 3062 1538 sibi
3107 1484 3342 1554 cognitis
3406 1492 3461 1538 et
3521 1483 3689 1537 lanii-

2109 1571 2331 1627 liaribus
2398 1574 2739 1642 requiescere
2812 1574 3062 1640 videtur,
3134 1588 3201 1628 ac
3268 1574 3429 1628 veluti
3494 1575 3694 1629 remis—

2109 1663 2242 1726 sius,
2314 1679 2475 1732 quam
2511 1665 2558 1696 “
2598 1666 2651 1719 in
2725 1665 3045 1721 caelestibus
3106 1665 3380 1729 essentiis,
3454 1666 3506 1720 in
3563 1681 3693 1720 cor-

434 1767 529 1811 est.
565 1757 640 1810 Ita
695 1757 838 1812 enim
877 1758 1231 1821 definiuntur,
1264 1759 1711 1826 quemadmodum
1757 1757 2007 1813 caelestis
2038 1752 2079 1810 Β
2109 1756 2379 1826 poralibus
2425 1757 2657 1812 laborat.
2718 1756 2833 1814 lloc
2892 1769 3073 1813 autem
3137 1757 3406 1822 facimus,
3461 1758 3694 1811 descen-

434 1847 783 1917 intelligentia
830 1857 886 1902 et
935 1848 1156 1903 scientia
1214 1851 1293 1903 eis
1337 1848 1497 1902 insita
1548 1858 1651 1901 est.
1696 1846 2008 1902 Substantia

434 1938 695 2007 siquidem
730 1952 916 1992 eorum
968 1947 1023 1992 et
1070 1954 1325 1991 numerus
1396 1937 1745 2008 intelligentia
1817 1948 1901 1994 est
1955 1948 2010 1993 et

433 2026 681 2080 scientia.
733 2026 869 2082 Hinc
901 2042 998 2097 per
1022 2027 1365 2081 Psalmistam
1416 2027 1656 2081 dicitur:
1696 2046 1713 2077 ι
1751 2027 2010 2093 Qui-feei-

434 2115 504 2167 sti
542 2115 561 2146 '
617 2114 794 2171 caelos
843 2116 897 2170 in
945 2115 1214 2170 intellectu
1254 2136 1298 2180 1,,
1352 2117 1453 2170 hoc
1497 2124 1599 2180 est,
1642 2116 1813 2170 fecisti
1862 2115 1884 2149 ⁸
1918 2131 2010 2170 eos

437 2206 760 2262 intellectus.
823 2206 1060 2262 Sanitate
1114 2207 1309 2269 diuina,
1352 2207 1405 2260 id
1455 2216 1554 2269 est,
1590 2206 1658 2258 ab
1706 2206 2011 2275 integritate

438 2297 616 2349 divina
644 2338 659 2359 ,
688 2296 883 2351 multae
921 2299 1166 2351 scientiae
1196 2297 1583 2366 sapienti/ioue,
1623 2311 1759 2366 quae
1800 2312 1894 2351 eas
1925 2311 2011 2349 sa-

437 2389 644 2457 pientes
663 2392 684 2422 θ
708 2389 851 2442 tacit.
889 2387 1136 2457 Et-cujus
1155 2392 1238 2443 est
1258 2388 1346 2442 illa
1370 2388 1533 2441 multa
1557 2387 1779 2442 scientia
1794 2386 2009 2455 sapien-

440 2479 622 2533 tilica?
669 2479 896 2544 Nullius,
931 2481 1033 2534 nisi
1090 2480 1355 2534 eatistentis
1409 2479 1651 2548 principii
1715 2488 1762 2531 et
1823 2493 2012 2532 causae

437 2571 826 2638 substantiﬁcae
867 2581 914 2625 et
944 2572 1254 2625 continentis
1283 2572 1485 2624 virtutis
1516 2570 2010 2636 consummationis,

438 2678 503 2718 ex
532 2679 637 2733 qua
671 2664 919 2719 caelestis
945 2663 1294 2733 intelligentia
1322 2670 1377 2717 et
1397 2663 1621 2717 scientia
1643 2661 2013 2732 copiosissime

437 2755 943 2826 supermundalibus
976 2754 1339 2809 intellectibus
1368 2753 1564 2807 donata
1591 2761 1694 2808 est.

893 2917 1373 2975 CAPITULUM
1411 2916 1537 2973 XV.

956 3028 1122 3098 Citius
1159 3029 1343 3084 titulus
1365 3040 1448 3085 est
1476 3048 1489 3083 :

440 3188 587 3254 Quae
615 3189 715 3242 sint
747 3187 1055 3257 formatione
1076 3187 1432 3257 angelicorum
1461 3188 1710 3257 uirtutum
1736 3188 2010 3257 imagines,

674 3267 721 3309 et
760 3273 893 3326 quae
930 3256 1262 3319 deinde,’ltoc
1299 3266 1372 3309 est
1415 3266 1461 3309 et
1493 3256 1690 3325 reliqua
1717 3270 1763 3309 ει.

492 3387 584 3457 §l.
607 3384 764 3439 Fer"
778 3387 916 3456 quod
938 3395 1113 3450 restat,
1138 3387 1448 3440 remittentes
1464 3397 1720 3451 nostrum,
1736 3388 1781 3443 si
1793 3389 2013 3455 videtur,

437 3474 839 3528 intellectualem
864 3474 1070 3529 oculum
1099 3477 1239 3529 circa
1274 3476 1519 3530 sublimes
1558 3477 2015 3548 contemplationes

437 3563 672 3633 angelico
693 3572 736 3604 ιι
763 3566 936 3633 vigore
960 3565 1029 3617 ad
1057 3565 1324 3617 dividuum
1347 3576 1394 3618 et
1418 3566 1876 3634 multipartitamu
1890 3567 2017 3623 lati-

437 3655 667 3708 tudinem
696 3654 1031 3725 multiformis
1068 3657 1423 3726 angelicarum
1463 3658 1905 3726 speciﬁcationum
1927 3678 2016 3713 ua-

437 3742 662 3807 rietatis,
683 3745 1043 3797 descendentes
1060 3745 1248 3797 iterant
1267 3747 1320 3798 in
1342 3746 1465 3814 ipsis
1490 3757 1741 3811 tanquam
1757 3747 1811 3802 in
1831 3764 2011 3803 conse-

437 3831 711 3901 quentibus
724 3833 778 3884 in
793 3832 1173 3902 simplicitatem
1194 3833 1493 3887 caelestium
1511 3837 1806 3889 animorum
1829 3839 2012 3907 analy-

436 3922 536 3972 tice
557 3920 601 3951 ⁸³
617 3920 838 3989 reﬂexis.
864 3920 974 3975 Sibi
992 3920 1090 3991 ipsi
1105 3921 1333 3990 imperat
1347 3924 1429 3976 vel
1444 3922 1745 3988 Timotheo,
1770 3924 1854 3978 cui
1884 3925 2015 3980 haec

438 4011 684 4080 seripsit:
717 4011 823 4066 Fer
855 4012 998 4080 quod
1027 4021 1213 4076 restat,
1262 4012 1364 4067 hoc
1389 4021 1494 4077 est,
1544 3998 1658 4066 lare
1693 4013 1834 4080 quod
1859 4028 2015 4082 prac-

436 4104 607 4158 sentis
652 4104 830 4173 opcris
866 4113 948 4159 est
990 4105 1280 4159 residuum.
1317 4104 1675 4159 ltemittentes
1723 4105 1790 4171 ⁸⁸,
1818 4106 1924 4169 vel,
1957 4114 2015 4159 ut

436 4185 653 4267 proprie
682 4197 1024 4261 transfertur,
1055 4198 1398 4268 requiescere
1438 4199 1702 4253 facientes
1726 4207 1970 4252 nostrum
1995 4238 2011 4263 ,

437 4287 483 4340 si
522 4288 615 4341 tibi
670 4288 904 4353 videtur,
930 4303 964 4344 ο
994 4288 1038 4320 ⁸⁸
1074 4287 1384 4351 Timotheo,
1430 4288 1843 4343 intellectualem
1880 4304 2007 4344 ocu-

436 4378 549 4431 lum
572 4378 640 4431 ab
667 4380 909 4449 angelico
935 4379 1116 4450 vigore
1144 4380 1211 4444 ³⁸,
1242 4379 1311 4434 ab
1336 4378 1579 4448 angelica
1601 4378 1757 4448 plane
1783 4378 2011 4441 theoria,

2110 1847 2299 1902 dentes
2330 1849 2547 1914 iterum,
2589 1850 2691 1905 hoc
2715 1859 2823 1913 est,
2869 1851 2994 1906 dum
3018 1859 3139 1921 post
3166 1850 3476 1910 sublimium
3503 1864 3692 1904 rerum

2110 1939 2624 2007 contemplationem
2693 1941 2889 1995 iterum
2966 1941 3341 1996 descendimus
3402 1942 3455 1994 in
3529 1942 3689 2009 ipsis,

2110 2032 2367 2101 angelicis
2409 2033 2657 2088 videlicet
2702 2033 2944 2104 mysticis
2972 2031 3400 2096 formationibus,
3433 2042 3693 2100 tanquam

2109 2120 2164 2175 in
2193 2123 2668 2192 consequentibus,
2699 2121 2801 2179 hoc
2835 2132 2937 2190 est,
2971 2139 3075 2179 non
3104 2124 3542 2178 convenientibus
3572 2125 3696 2176 lmi-

2109 2228 2281 2284 geque
2311 2214 2661 2270 dissimilibus
2687 2216 2988 2270 divinorum
3022 2216 3387 2271 intellectuum
3416 2216 3691 2271 altitudini

2110 2313 2164 2358 et
2193 2302 2545 2358 uniformitati
2570 2344 2586 2369 ,
2635 2304 2847 2361 reﬂexis
2867 2306 2914 2346 ³⁸
2952 2315 3129 2361 tamen
3168 2307 3459 2363 tlieoretica
3484 2308 3694 2364 virtute

2096 2391 2405 2463 'analytice,
2444 2392 2546 2448 hoc
2573 2402 2688 2458 est,
2730 2408 2827 2462 per
2854 2394 3174 2464 analyticam
3203 2395 3257 2449 in
3287 2395 3692 2466 simplicitatem

2110 2481 2422 2536 caelestium
2451 2483 2773 2538 animorum.
2797 2485 3088 2546 Ἀναλυτική
3101 2484 3245 2540 enim
3273 2493 3357 2539 est
3381 2486 3689 2554 disciplina,

2108 2584 2249 2638 quae
2296 2570 2586 2626 visibilium
2632 2572 2926 2642 imaginum
2979 2572 3476 2643 interpretationem
3528 2577 3572 2607 "’
3630 2576 3689 2629 in

2112 2662 2462 2718 invisibilium
2529 2664 2900 2719 intellectuum
2969 2663 3395 2721 uniformitatem
3446 2666 3686 2729 resolvit,

2111 2755 2258 2808 omni
2288 2752 2459 2809 forma
2488 2755 2806 2809 carentium.
2845 2754 2911 2809 Ut
2943 2754 3088 2809 enim
3146 2755 3438 2825 symbolice
3492 2756 3691 2810 visibi-

2111 2848 2243 2903 lium
2308 2863 2485 2904 rerum
2548 2848 2869 2918 imaginibus
2919 2848 3033 2903 sive
3082 2848 3329 2904 discretis
3380 2858 3434 2903 et
3482 2864 3694 2904 conve-

2112 2938 2406 3003 nientibus,
2456 2939 2572 2993 sive
2633 2937 2870 2992 confusis
2918 2946 2973 2991 et
3017 2937 3517 2992 inconvenientibus
3544 2939 3690 2993 diri-

2115 3042 2214 3083 nos
2262 3029 2433 3083 induit
2462 3028 2788 3093 intellectus,
2837 3027 2911 3082 ita
2969 3030 3185 3082 eosdem
3230 3027 3494 3099 analytice
3536 3032 3693 3084 omni

2042 3097 2086 3159 ο
2118 3134 2375 3189 corporea
2455 3119 2806 3174 similitudine
2889 3097 3422 3188 conformationeqoe
3509 3122 3690 3173 exuit.

2116 3205 2289 3262 Unum
2337 3220 2509 3263 autem
2557 3212 2623 3264 sit
2665 3210 2759 3264 tibi
2804 3209 3217 3279 praecognitum,
3255 3209 3511 3281 quomodo
3538 3226 3694 3264 sacre

2114 3301 2463 3370 {armatarum
2489 3299 2777 3369 imaginum
2804 3298 3142 3352 resolutiones
3168 3299 3375 3352 easdem
3401 3299 3697 3369 aliquando

2112 3389 2412 3444 caelestium
2439 3389 2779 3443 essentiarum
2810 3390 3174 3459 dispositiones
3203 3390 3593 3456 sanctiﬁcantcs
3614 3394 3697 3444 si-

2113 3481 2381 3551 gniﬁcant,
2414 3493 2461 3534 et
2500 3482 2689 3534 iterum
2717 3480 3095 3549 sanctiﬁcatas,
3140 3490 3187 3535 et
3227 3481 3533 3534 novissimus
3558 3498 3697 3536 san-

2113 3571 2426 3639 ctiﬁcantes,
2474 3571 2929 3642 sanctificatasque
2975 3573 3201 3642 primas,
3250 3580 3299 3624 et
3342 3571 3580 3636 easdem,
3632 3584 3697 3625 ut

2113 3663 2309 3715 dictum
2337 3671 2433 3726 est,
2477 3663 2673 3730 primas
2714 3671 2761 3715 et
2801 3662 2997 3715 medias
3043 3669 3092 3715 et
3138 3660 3413 3714 ultimas"
3442 3662 3697 3716 habentes

2111 3751 2348 3814 virtutes,
2388 3750 2536 3803 nulla
2565 3750 2868 3804 inordinata
2901 3750 3105 3803 ratione
3132 3748 3455 3813 introducta,
3495 3765 3692 3803 secum

2112 3843 2238 3896 dum
2263 3842 2566 3912 hujusmodi
2597 3842 2969 3896 reserationum
3002 3842 3046 3875 ’ν
3076 3841 3307 3893 modum.
3355 3840 3492 3894 Prae
3544 3849 3697 3896 cete-

2113 3932 2221 3997 ris,
2251 3932 2457 4001 inquit,
2495 3931 2566 3985 sit
2594 3930 2690 3984 tibi
2718 3930 2819 3985 boc
2874 3944 3038 3984 unum
3066 3928 3488 3998 autecogoitum,
3520 3937 3583 3982 ut
3608 3930 3695 3983 in-

2115 4023 2342 4093 telligas,
2401 4022 2668 4092 quomodo
2739 4030 3047 4075 sanctarum
3098 4019 3391 4086 imaginum
3422 4059 3439 4084 ,
3491 4020 3700 4088 quibus

2112 4112 2373 4168 caelestes
2396 4111 2693 4167 intellectus
2716 4110 3034 4182 ﬁgurantur,
3057 4108 3432 4173 resolutiones,
3459 4109 3561 4163 hoc
3581 4118 3698 4173 est,

2113 4204 2602 4274 interpretationes,
2637 4202 2742 4266 vel,
2772 4201 2911 4255 sicut
2935 4200 3152 4271 proprie
3181 4199 3246 4254 de
3272 4196 3482 4253 Graeco
3509 4207 3699 4253 trans-

2114 4296 2305 4360 fertur,
2339 4294 2746 4364 repurgaliones
2779 4291 2862 4346 vel
2897 4291 3248 4346 discretiones
3275 4304 3370 4344 seu
3406 4288 3699 4345 iudicatio-

2114 4401 2211 4441 nes
2241 4386 2547 4457 signillcant
2568 4384 2614 4416 ”
2643 4384 2859 4438 eosdem
2894 4381 3126 4443 ordines,
3159 4395 3295 4449 quos
3319 4388 3477 4432 vocat
3507 4377 3698 4447 dispo-

437 4484 578 4536 quae
617 4470 876 4525 hactenus
903 4472 1048 4526 circa
1094 4471 1352 4525 sublimes
1402 4469 1713 4525 caelestium
1744 4470 2010 4547 essentia-
2041 4447 2088 4506 ί)
2117 4447 2342 4529 sitiones
2369 4472 2683 4528 caelestium
2721 4472 3076 4538 essentiarum
3113 4468 3534 4537 sanctiﬁcantes,
3587 4467 3699 4521 hoc

440 4575 561 4613 rum
615 4562 1092 4632 contemplationes
1143 4564 1314 4618 aciem
1364 4578 1516 4616 suam
1568 4564 1839 4627 exercuit;
1872 4577 2014 4615 nunc

2118 4570 2201 4617 est
2226 4563 2294 4626 ",
2323 4577 2382 4617 se
2412 4560 2693 4617 inferiores
2714 4561 3050 4626 ordinantes,
3078 4568 3133 4614 et
3157 4559 3354 4615 iterum
3377 4559 3421 4591 ⁸³
3449 4557 3703 4613 sanctiﬁ-

1711 4697 1963 4753 VARIAE
1998 4697 2395 4754 LECTIONES.

512 4807 530 4839 ⁸
563 4805 715 4862 Corr.
747 4806 832 4870 B‘,
857 4806 946 4860 AB
970 4808 1138 4861 cibici.

441 4891 612 4948 marg.
649 4877 1136 4948 adsertsapicntia.

1236 4814 1255 4846 ²
1278 4808 1321 4861 Δ
1348 4808 1575 4876 fuerunt.

440 5016 531 5071 AB
553 5013 801 5070 remittes.
878 5015 923 5047 ¹⁸
948 5013 991 5068 0
1021 5031 1130 5068 Olli.
1158 5018 1223 5071 A.

1673 4810 1699 4881 ξ
1725 4808 1900 4879 Conj.,
1919 4826 2016 4881 pro
2039 4827 2130 4864 nos
2154 4810 2243 4881 AB
2272 4829 2305 4864 a
2330 4810 2496 4881 nobis.
2573 4808 2597 4842 ⁸
2624 4809 2666 4863 Β
2686 4811 3101 4881 etnominamus,
3126 4808 3502 4881 AAcggitanms.

1213 4877 1235 4908 ‘
1262 4877 1303 4930 Β
1325 4880 1588 4950 o_rnavit.__
1624 4879 1644 4910 '
1672 4878 1732 4932 B‘
1765 4877 1935 4950 cofr.‘
1953 4879 2094 4948 fecit.
2166 4882 2192 4913 ⁸
2212 4880 2272 4933 B‘
2302 4895 2447 4950 corr.
2471 4880 2611 4950 fecit.
2687 4880 2771 4950 ἈΒ
2798 4880 3101 4950 sapienter_._
3151 4878 3195 4911 ³⁸
3224 4877 3285 4930 Β·
3312 4891 3476 4950 supra
3506 4881 3699 4950 adscr.

440 4947 548 5018 Fer
569 4945 684 5016 age.
762 4952 803 4985 ιι
827 4945 1079 5018 Bf_sqpra
1103 4949 1280 5002 adscr.
1310 4947 1374 5018 ab
1417 4945 1679 5014 angelico.
1755 4951 1800 5018 ff
1824 4947 1886 5001 Β·
1914 4945 2330 5018 multipertitam.

1304 5015 1347 5047 ⁸⁸
1389 5011 1564 5086 uigore
1601 5032 1710 5070 om.
1753 5011 1815 5080 Β,
1857 5020 1923 5071 ad
1971 5011 2140 5086 marg.
2175 5018 2352 5073 adscr.
2383 5018 2447 5072 Β·
2522 5019 2566 5054 ⁸⁷
2590 5018 2650 5071 Β·
2689 5032 2832 5072 corr.
2849 5015 3035 5086 ueluti.

3582 4810 3700 4864 UB-

2423 4944 2582 5003 “AB
2608 4944 2873 5010 analilice,
2909 4948 2988 5003 sic
3014 4946 3232 5015 ubique.
3309 4944 3356 4978 “
3382 4944 3546 4999 L‘orr.
3605 4949 3700 5011 [Γ.

2423 5021 2447 5065 ι’
2522 5019 2566 5054 ⁸⁷
2590 5018 2650 5071 Β·
2689 5032 2832 5071 corr.
2861 5015 3035 5070 veluti.
3114 5017 3160 5048 ³⁸
3184 5016 3228 5071 Β
3272 5014 3697 5071 multiuertitam.

3272 5031 3668 5078 mutttpermant
3679 5059 3697 5073 .

443 5087 488 5119 "
515 5089 669 5141 Corr.
701 5086 781 5148 B',
812 5085 903 5138 AB
937 5087 1301 5154 superfaciem.
1375 5084 1455 5118 ⁸ο*
1494 5085 1649 5141 Corr.
1679 5086 1765 5149 B‘,
1797 5086 1889 5141 AB
1903 5084 2229 5155 multiformi.
2309 5089 2351 5120 “
2377 5089 2425 5140 A
2448 5103 2671 5142 omnem.
2754 5087 2799 5119 "
2831 5084 3009 5154 Conj.,
3035 5084 3127 5139 AB
3154 5102 3330 5156 quam.
3380 5084 3451 5115 "‘
3472 5086 3706 5173 Bsxper

443 5176 651 5259 (punct.
814 5175 919 5238 B').
996 5174 1326 5259 'Lllnorrill‘;
1344 5176 1526 5259 proad
1549 5193 1682 5259 quae
1700 5177 1991 5259 Ali-atque.
2066 5177 2113 5207 ’⁸
2141 5175 2181 5229 Α
2208 5175 2819 5259 qui.m!"(l‘.prr._l.3',AB
2847 5177 3067 5259 refecit.
3130 5245 3146 5259 ι
3166 5175 3211 5208 ³⁷
3245 5175 3401 5231 Carr.
3430 5176 3539 5259 .B‘,

441 5244 944 5317 interpretationum.
1022 5246 1134 5317 “ull
1164 5244 1373 5298 ultimas
1399 5254 1448 5317 et
1475 5244 1690 5317 medias.
1715 5315 1723 5317 _
1766 5247 1813 5278 ³⁸
1838 5244 1916 5299 Ad
1945 5261 2111 5315 marg.
2132 5244 2295 5317 _corr.
2326 5248 2406 5309 B‘,
2437 5246 2525 5300 ΑΒ
2554 5246 2835 5301 rationum.
2914 5246 2957 5277 '°
2984 5246 3048 5299 B‘
3079 5245 3147 5300 ad
3174 5260 3349 5317 marg.
3375 5246 3558 5300 adscr.
3584 5246 3706 5300 ali-

442 5314 670 5387 quando.
749 5315 791 5346 ³⁸
815 5325 889 5370 est
925 5330 1034 5368 om.
1062 5314 1121 5377 Β,
1154 5328 1318 5383 supra
1346 5315 1520 5368 adscr.
1550 5314 1635 5369 B'.
1709 5315 1754 5347 ”
1777 5317 1965 5369 iterum
1993 5314 2102 5369 om.
2131 5314 2191 5368 Β.

1954 5424 2204 5481 NOTAE.

518 5545 731 5599 l‘SicA
793 5542 986 5599 litteris
1035 5540 1293 5596 miniatis.
1347 5538 1644 5599 B,titulum
1678 5540 1894 5604 omittit,
1955 5539 2015 5592 Β·

2122 5542 2210 5613 qui
2247 5551 2357 5613 est:
2387 5558 2521 5613 quae
2548 5542 2655 5613 sint
2693 5539 2998 5613 formatione
3044 5541 3393 5613 angelicorum
3438 5548 3703 5601 inflatum

449 5632 615 5682 marg.
642 5617 818 5670 adscr.
839 5614 897 5669 C.
940 5611 1041 5666 XV
1090 5611 1555 5683 Incipittractatus
1602 5610 1666 5663 de
1707 5611 1859 5663 titulo
1915 5608 2018 5662 XV

2126 5612 2394 5680 imagines,
2432 5612 2556 5681 quid
2583 5613 2647 5665 sit
2689 5612 2893 5682 igneum
2923 5620 3021 5665 cet.
