3952 6156
292 323 408 384 253
818 321 1315 380 EXPOSITIONES
1354 319 1577 375 SUPER
1615 316 2040 374 ll‘ZRABCHlAM
2076 316 2487 373 CAELESTEM
2526 316 2586 373 S.
2629 317 2945 374 DIONYSII.

299 454 451 496 catos
485 443 527 504 ¹,
555 454 585 494 a
611 439 978 509 superioribus
1003 436 1247 493 videlicet
1266 436 1641 498 ordinatos,ut
1664 442 1718 486 et
1740 446 1879 486 unus
1908 440 1951 494 Λ
1974 441 2031 483 et
2072 424 2398 498 sn'nctiﬁcari
2440 429 2664 483 dicimus
2690 428 2756 495 ⁸⁸,
2789 444 3052 500 nunquam
3078 427 3120 460 "
3152 438 3324 482 autem
3351 446 3544 485 carun-

298 536 551 603 idemquc
579 533 714 586 ordo
740 530 1084 587 sanctiﬁcans
1119 529 1191 583 sit
1236 544 1294 583 se
1351 525 1631 580 inferiores
1673 525 1728 590 ³,
1754 533 1810 579 et
1846 540 1876 578 a

1974 520 2093 573 dem
2116 520 2162 551 ³⁸
2184 560 2199 584 ,
2240 529 2331 572 aut
2366 519 2431 572 ab
2456 520 2684 584 eisdem,
2723 523 2811 573 sed
2844 536 2931 573 eas
2967 519 3200 590 singulas
3228 523 3547 587 sancti/icon

300 621 570 691 superiori
602 636 663 675 se
688 619 1086 683 sanetiﬁcatus;
1130 625 1183 670 et
1211 616 1476 685 quomodo
1502 613 1809 683 signiﬁcant
1858 612 1879 644 ³
1975 610 2184 679 quidem
2226 626 2260 662 a
2302 611 2584 678 prioribus,
2630 611 2962 679 sancti/icore
2997 620 3172 665 autem
3218 613 3542 676 norissiums,

296 712 521 766 eaedem
548 709 905 764 resolutiones
939 707 961 739 ⁵
980 706 1307 762 novissimos
1328 705 1543 760 ordines
1564 696 1878 759 caelestium

297 800 660 855 essentiamm
687 798 1106 860 sanctificantes,
1137 797 1341 864 primos
1369 811 1520 859 vero,
1551 795 1640 863 qui
1670 804 1795 849 sunt
1822 795 1878 848 in

297 890 473 961 prima
511 890 810 953 ierarchia,
840 888 1221 943 sanetiiicatos.
1257 886 1416 941 Verbi
1447 886 1619 956 gratia
1648 901 1786 939 unus
1813 901 1879 940 ex

297 981 597 1034 novissimo
644 981 836 1034 ordine
883 977 1239 1033 sanctiﬁcavit
1285 976 1478 1029 lsaiam
1524 977 1878 1045 prophetam,

299 1067 587 1138 Seraphim
619 1082 766 1132 vero,
811 1068 898 1121 cu‘l
942 1063 1190 1136 purgatio
1235 1064 1532 1133 prophetae
1569 1064 1874 1131 deputatur,

298 1156 372 1211 ab
398 1160 513 1227 ipso
540 1157 1030 1212 sanctiﬁcationum
1053 1154 1292 1210 onmium
1323 1154 1583 1223 principio
1609 1163 1664 1209 et
1690 1167 1877 1219 causa,

300 1247 415 1300 Deo
445 1230 689 1310 scilicet,
715 1244 1043 1300 sanctiﬁcari
1070 1243 1291 1298 dubium
1323 1257 1427 1295 non
1459 1251 1560 1297 est.
1609 1242 1814 1297 Medios
1853 1240 1878 1275 ⁸

288 1346 480 1391 autem
511 1337 734 1391 ordines
776 1343 831 1388 et
874 1350 903 1387 a
935 1332 1384 1403 praecedentibus
1413 1330 1735 1385 sanctiﬁcari
1758 1372 1773 1396 ,
1822 1339 1879 1385 et

290 1432 589 1494 sequentes
618 1422 976 1487 sanctiﬁcare,
1010 1420 1307 1488 theologica
1337 1418 1577 1473 declarat
1605 1419 1762 1473 ratio.
1813 1420 1880 1474 Et

296 1516 548 1576 easdem,
579 1522 640 1568 ut
667 1514 870 1569 dictum
895 1520 1011 1577 est,
1040 1510 1421 1580 dispositiones
1447 1508 1754 1578 signiﬁcant
1784 1510 1879 1563 ha-

297 1606 511 1668 bentes,
544 1605 647 1658 hoc
674 1613 778 1669 est,
812 1603 1012 1657 habere
1038 1602 1241 1672 primas
1264 1610 1323 1655 et
1351 1601 1570 1655 ultimas
1594 1610 1648 1655 et
1674 1602 1877 1657 medias

292 1697 556 1750 virtutes.
596 1694 751 1762 Quod
779 1693 1063 1764 dupliciter
1091 1691 1561 1761 intelliginotest;
1586 1700 1679 1745 aut
1705 1691 1872 1757 enim,

1976 715 2080 752 non
2106 698 2532 768 inconsequenter
2558 699 2797 766 fortassis
2833 699 2946 770 quis
2984 701 3197 765 dixerit,
3236 703 3292 755 in
3329 703 3545 774 eloquiis

1975 802 2124 840 sacre
2150 785 2320 859 {actas
2349 785 2547 852 formas
2575 803 2663 840 eas
2687 787 2731 827 ι’
2772 786 3055 857 aliquando
3090 806 3238 858 posse
3277 800 3325 843 et
3363 793 3545 860 primis

1970 888 2023 931 et
2051 876 2245 931 ultimis
2279 886 2328 931 et
2356 876 2540 931 mediis
2569 878 2845 933 virtutibus
2874 880 3086 948 pulchre
3112 892 3158 934 et
3187 899 3299 937 cere
3325 884 3549 936 circum-

1972 969 2125 1023 dare.
2163 969 2244 1034 Si,
2274 970 2468 1038 inquit,
2499 970 2759 1035 diximus,
2787 973 3002 1027 easdem
3033 974 3292 1030 caelestes
3320 978 3551 1045 disposi-

1953 1058 2152 1113 ‘tiones
2200 1068 2260 1114 et
2303 1058 2643 1114 sanctiﬁcare
2686 1070 2737 1115 et
2785 1062 3145 1127 sanctiﬁcari,
3195 1079 3466 1135 nunquam
3501 1066 3545 1099 ”

1977 1156 2177 1211 autem,
2204 1148 2306 1213 vel,
2334 1149 2476 1203 sicut
2497 1150 2711 1218 proprie
2739 1149 3080 1213 transfertur,
3105 1151 3337 1207 nondum
3367 1163 3545 1207 autem

1976 1242 2269 1295 earundem
2318 1243 2767 1297 sanctiﬁcatrices
2786 1242 3033 1308 dicimus,
3088 1252 3181 1297 aut
3230 1246 3297 1305 ab
3342 1246 3544 1299 eisdem

1974 1332 2360 1397 sanctiﬁcatas,
2410 1334 2668 1401 quoniam
2713 1334 2879 1403 gignit
2928 1336 3307 1404 amphiboliam
3333 1336 3401 1401 “,
3450 1339 3544 1392 sed

1977 1433 2073 1473 eas
2094 1421 2334 1486 singulas
2356 1421 2585 1475 dicimus
2604 1422 2932 1476 sanetiﬁcari
2953 1424 3166 1491 quidem
3194 1440 3223 1477 a
3244 1426 3541 1492 prioribus;

1976 1523 2140 1562 nemo
2168 1510 2311 1563 enim
2338 1510 2441 1564 nisi
2471 1526 2501 1563 a
2528 1513 2871 1579 praecedenti
2899 1527 2957 1567 se
2982 1513 3309 1568 sanctiﬁeari
3338 1525 3544 1583 potest;

1971 1600 2313 1657 sanetiﬁcare
2368 1613 2547 1657 autem
2613 1604 2974 1669 novissimas;
3039 1621 3469 1676 unamquamque
3501 1615 3547 1647 ιι

1976 1694 2172 1762 quippe
2200 1694 2655 1748 sanctiﬁcatarum
2687 1709 2717 1748 a
2748 1695 3016 1765 prioribus
3059 1695 3402 1753 sanctificare
3445 1712 3543 1753 no-

298 1793 359 1837 ut
404 1785 429 1816 ⁶
470 1784 852 1839 universaliter
896 1785 962 1838 de
1008 1783 1181 1837 tribus
1222 1781 1550 1837 caelestibus
1594 1781 1879 1836 ierarchiis
1910 1770 1953 1829 Β
1979 1782 2229 1836 vissimas
2270 1785 2406 1837 ordo
2451 1799 2632 1838 rerum
2679 1784 2847 1854 exigit
2883 1803 2895 1837 :
2935 1785 2978 1840 si
3015 1800 3145 1857 ergo
3181 1788 3259 1842 sic
3292 1788 3544 1855 dicimus,

298 1873 505 1926 dictum
536 1874 643 1936 sit,
681 1882 742 1926 ut
775 1873 946 1942 prima
972 1872 1196 1941 primas,
1224 1870 1402 1925 media
1432 1869 1658 1935 medias,
1688 1869 1875 1925 ultima

299 1964 520 2017 ultimas
550 1964 864 2032 possideant
905 1964 927 1995 ⁷
958 1964 1203 2027 virtutes,
1244 1971 1338 2015 aut
1369 1972 1519 2017 certe
1552 1962 1621 2016 de
1655 1961 1879 2031 singulis

298 2052 637 2122 singularum
670 2052 1051 2107 ierarchiarum
1082 2050 1386 2115 ordinibus,
1427 2051 1599 2120 deque
1635 2050 1877 2120 ipsorum

296 2144 552 2197 ordinum
581 2144 808 2217 singulis
835 2145 1210 2207 intellectibus,
1236 2144 1290 2199 in
1318 2143 1514 2215 quibus
1540 2145 1807 2214 tripartita
1854 2145 1877 2178 ⁸

298 2237 474 2290 virtus
494 2216 834 2306 intelligitur,
858 2250 997 2307 quae
1022 2236 1214 2291 iterum
1237 2232 1501 2288 trifariam
1528 2235 1873 2289 discernitur.

304 2326 587 2395 Siquidem
613 2328 983 2396 unusquisque
1006 2327 1223 2381 divinus
1248 2327 1380 2381 ordo
1403 2335 1458 2381 et
1479 2326 1691 2381 animus
1714 2326 1880 2381 habet

299 2418 613 2482 essentiam,
645 2427 696 2472 et
725 2418 997 2481 virtutem,
1022 2425 1075 2471 et
1095 2417 1485 2485 operationem.
1519 2415 1690 2469 Habet
1712 2414 1876 2469 etiam

301 2508 557 2562 virtutem
605 2507 1016 2571 sanetiﬁcari',
1064 2507 1158 2562 sed
1204 2522 1234 2560 a
1286 2506 1652 2576 superioribus
1713 2504 1876 2558 veluti

299 2595 533 2661 primam
557 2637 573 2658 ,
624 2594 788 2649 habet
814 2595 1068 2649 virtutem
1109 2592 1553 2649 sanctiﬁcationis
1594 2607 1747 2655 suae,
1770 2607 1876 2661 qua

299 2692 524 2737 sanctus
544 2683 589 2716 ⁸ο
616 2680 729 2748 est,
768 2683 933 2738 veluti
954 2691 999 2725 ιι
1029 2683 1317 2739 secundam
1348 2722 1362 2747 ,
1406 2682 1566 2737 habet
1622 2682 1876 2737 virtutem

304 2774 653 2829 sanctiﬁeare
703 2783 990 2842 sequentes
1041 2788 1142 2838 se,
1189 2772 1359 2853 ,veluti
1411 2773 1644 2827 tertiam.
1717 2771 1876 2827 Aliud

299 2863 502 2933 quippe
540 2872 625 2918 est
666 2863 1030 2927 sanctiﬁcari,
1062 2863 1205 2918 aliud
1254 2862 1734 2919 sanctiﬁcationcm
1774 2854 1873 2918 ha-

296 2950 470 3016 bere,
538 2951 684 3005 aliud
764 2951 1124 3015 sanctiﬁaare.
1205 2950 1364 3005 Nuila
1416 2950 1723 3005 inordinata
1780 2966 1874 3006 ra-

303 3041 454 3095 tione
484 3042 816 3105 introdueta,
869 3042 924 3097 id
976 3050 1089 3106 est,
1143 3041 1294 3095 nulla
1354 3042 1494 3096 ratio
1543 3040 1875 3097 confusionis

1975 1888 2083 1927 non
2139 1874 2430 1942 incongrue
2468 1873 2712 1930 fortassis
2748 1875 3056 1946 quicunque
3095 1879 3312 1944 dixerit,
3364 1894 3544 1936 sacre-

1979 1963 2148 2018 factas
2178 1963 2382 2020 formas
2414 1968 2467 2035 in
2496 1965 2792 2035 Scripturis
2822 1981 2882 2022 se
2910 1982 3068 2036 posse
3089 1969 3312 2037 pulchre
3339 1979 3395 2026 et
3419 1985 3548 2027 vero

1977 2053 2315 2109 circumdare
2340 2070 2433 2109 eas
2461 2063 2513 2110 et
2538 2057 2727 2125 primis
2755 2065 2811 2111 et
2838 2056 3042 2113 ultimis
3071 2069 3126 2114 et
3160 2062 3350 2117 mediis
3378 2063 3549 2116 virtu-

1979 2141 2150 2207 tibus,
2200 2144 2305 2198 hoc
2331 2154 2446 2210 est,
2494 2146 2710 2200 easdem
2750 2146 2953 2203 formas
2998 2149 3286 2220 aliquando
3321 2152 3543 2221 primis,

1977 2222 2265 2300 aliquando
2278 2233 2502 2299 ultimis,
2519 2235 2802 2303 aliquando
2821 2238 3071 2292 mediis”
3101 2240 3388 2295 virtutibus
3416 2256 3545 2296 con-

1978 2308 2205 2399 venire,_
2227 2331 2404 2390 potest
2434 2333 2695 2377 astruere.
2748 2323 2921 2395 Saepe
2948 2327 3089 2380 enim
3120 2344 3223 2381 una
3250 2329 3546 2399 eademque

1976 2408 2147 2463 forma
2174 2388 2326 2477 iuxta
2352 2412 2756 2466 convenientem
2775 2412 3086 2483 Scripturae
3113 2414 3286 2469 locum
3315 2417 3544 2485 primam

1977 2509 2033 2552 et
2059 2499 2301 2553 ultimam
2330 2507 2385 2553 et
2414 2501 2645 2555 mediam
2672 2502 3089 2573 uniuscujusque
3120 2505 3282 2558 divini
3312 2507 3475 2561 animi
3497 2508 3543 2541 ⁸⁵

1974 2598 2151 2660 potest
2178 2590 2412 2660 ﬁgurare
2439 2591 2711 2646 virtutem.
2766 2592 2983 2647 Illarum
3023 2605 3200 2649 autem
3241 2598 3399 2652 trium
3432 2601 3542 2653 vir-

1982 2689 2154 2735 tutum
2188 2681 2464 2751 multiplex
2514 2683 2884 2752 interpretatio
2930 2692 3036 2747 est,
3070 2702 3294 2754 quarum
3343 2704 3447 2742 una
3493 2698 3548 2745 ct

1976 2773 2356 2841 probatissima
2386 2773 2668 2842 sequitur:
2705 2773 2772 2827 Et
2803 2792 3009 2828 sursum
3033 2772 3082 2810 ιδ
3107 2777 3265 2846 igitur
3291 2783 3548 2833 conversi-

1974 2860 2147 2914 biliter
2169 2861 2217 2892 ³⁸
2246 2860 2471 2927 extendi,
2502 2870 2552 2915 et
2575 2878 2700 2931 erga
2726 2865 3023 2933 semetipsos
3049 2865 3268 2933 firmiter
3296 2868 3544 2935 convalui,

1976 2951 2309 3022 proprian
2346 2953 2621 3008 existentes
2658 2955 2992 3007 custoditivas
3033 2957 3302 3022 uirtutum,
3337 2971 3384 3012 et
3422 2977 3546 3031 erga

1976 3042 2228 3095 venientia
2259 3042 2493 3098 sociabili
2528 3048 2872 3115 processione,
2912 3051 3153 3118 providus
3182 3068 3269 3105 eas
3298 3054 3352 3106 in
3378 3055 3546 3122 parti-

302 3140 399 3184 aut
465 3131 834 3202 ambiguitatis
902 3131 1264 3187 introducitur
1314 3132 1606 3186 secundum
1658 3132 1875 3186 modum
1902 3121 1946 3180 C
1978 3132 2236 3202 cipatione
2260 3133 2465 3189 virtutis
2495 3151 2624 3201 esse,
2668 3138 2905 3192 omnibus
2934 3156 3034 3192 non
3064 3139 3200 3208 falso
3230 3121 3546 3197 coadunabit
3610 3186 3615 3193 .

302 3221 611 3290 huiusmodi
653 3223 1078 3288 reserationum,
1130 3221 1454 3278 solutionum
1499 3221 1657 3290 plane
1694 3231 1749 3277 et
1787 3223 1872 3277 in-

298 3312 749 3378 terpretationum
835 3311 1134 3365 divinarum
1224 3310 1535 3380 imaginum.
1606 3310 1873 3379 Siquidem

301 3417 443 3453 enim
478 3402 802 3470 sanctiﬁcari
845 3403 1099 3473 quasdam
1141 3392 1203 3455 α’
1238 3402 1500 3469 prioribus
1549 3402 1872 3468 diceremus,

302 3492 495 3545 scinde
560 3493 845 3547 earundem
892 3492 1279 3561 sanctiﬁcantes
1328 3493 1558 3561 priores,
1605 3494 1797 3547 iterum
1826 3495 1874 3528 “

310 3580 695 3648 sanctiﬁcantes
747 3581 1052 3635 ultimarum
1116 3579 1439 3650 sanctificari
1493 3582 1558 3634 ab
1599 3582 1726 3650 ipsis
1768 3581 1875 3636 illis

306 3670 689 3738 sanetiﬁcatis,
752 3687 869 3725 vere
906 3670 955 3704 ⁸⁸
1003 3671 1388 3725 inordinatione
1444 3686 1525 3725 res
1583 3680 1633 3725 et
1691 3673 1875 3742 confu-

308 3762 451 3814 sione
471 3760 635 3814 multa
656 3760 994 3831 interposita;
1014 3761 1239 3817 subaudi
1262 3760 1433 3816 ﬁeret.
1461 3760 1539 3815 Ac
1564 3762 1609 3817 si
1635 3762 1840 3818 diceret
1856 3782 1874 3819 :

308 3850 365 3904 Si
391 3852 586 3907 talibus
608 3853 790 3908 verbis
815 3862 1092 3908 uteremur
1119 3855 1172 3907 in
1196 3852 1661 3923 explanationibus
1682 3853 1730 3886 “
1754 3869 1877 3909 san-

305 3950 513 3994 ctarum
546 3936 860 4013 ﬁgurarum,
892 3958 1021 4014 prae
1052 3944 1214 3998 nimia
1249 3955 1435 3998 eorum
1470 3942 1785 3999 confusione
1821 3953 1876 3998 et

308 4030 609 4084 inordinata
640 4034 1043 4089 constructione
1069 4049 1187 4097 res,
1220 4036 1287 4090 de
1313 4050 1415 4104 qua
1444 4038 1639 4105 agitur,
1669 4038 1875 4093 inordi-

308 4130 433 4175 nate
460 4133 519 4175 et
550 4121 781 4178 confuse
813 4125 1191 4193 explicaretur,
1238 4127 1323 4181 vel
1365 4128 1545 4196 potius
1585 4130 1875 4198 perturba-

311 4221 476 4265 retur.
506 4211 648 4278 Quid
669 4216 813 4269 enim
836 4217 1075 4284 prodest,
1097 4218 1141 4272 si
1164 4218 1286 4287 quis
1305 4219 1520 4283 dixerit,
1545 4220 1874 4276 sanctiﬁcari

307 4302 567 4367 quasdam
611 4320 642 4357 a
680 4307 955 4374 prioribus
999 4318 1233 4377 et,quae
1253 4318 1378 4363 sunt
1422 4309 1544 4364 illae
1579 4310 1626 4346 ⁸⁸
1648 4312 1873 4382 priores,
1915 4352 1924 4362 .

1898 4451 1949 4510 D

309 4402 645 4459 nequaquam
669 4394 1038 4450 discernitiEt
1062 4397 1106 4451 si
1132 4397 1329 4451 dixerit
1367 4399 1659 4454 earundem
1682 4402 1875 4455 sancti-

308 4479 533 4538 ﬁcantes
562 4485 795 4553 priores,
842 4495 903 4562 et
944 4490 1011 4543 de
1054 4489 1247 4557 quibus
1290 4480 1394 4544 lioc
1423 4490 1605 4554 dicat,
1652 4490 1873 4547 omnino

308 4571 468 4628 θηειῖ
497 4574 561 4629 Et
591 4576 787 4632 iterum
817 4579 863 4632 si
893 4578 1109 4643 dixerit,
1136 4579 1538 4634 sanctiﬁcantes
1560 4580 1869 4635 ultimarum

308 4662 664 4728 sanctiﬁcari,
716 4680 824 4718 non
871 4666 1280 4731 demonstrans,
1320 4682 1460 4735 quae
1498 4667 1873 4735 dispositiones

309 4752 525 4808 ultimas
558 4755 933 4821 sanctiﬁcant,
973 4766 1028 4810 ct
1059 4772 1087 4809 a
1119 4758 1314 4827 quibus
1344 4757 1694 4813 sanctiﬁcatis
1729 4759 1874 4827 ipsae

309 4840 527 4899 ultimae
549 4845 993 4901 sanctilicantur?
1020 4846 1082 4901 Si
1106 4863 1222 4901 vero
1246 4847 1451 4901 easdem
1474 4858 1523 4901 et
1544 4849 1874 4916 sancti/icore

1975 3225 2282 3281 caelestibus
2321 3230 2587 3294 essentiis,
2617 3230 2713 3284 etsi
2756 3231 2876 3284 aliis
2903 3233 3111 3302 quidem
3158 3226 3465 3303 superpositi
3496 3245 3544 3288 et

1975 3318 2357 3394 unitersaliter,
2392 3330 2448 3374 ut
2477 3337 2628 3390 saepe
2658 3321 2851 3375 dictum
2881 3333 2976 3387 est,
3014 3323 3134 3377 aliis
3164 3340 3283 3378 vero
3312 3326 3544 3396 particu-

1975 3407 2159 3463 lariter
2184 3419 2232 3464 et
2260 3410 2507 3481 subjecta.
2534 3410 2679 3466 Ordo
2715 3421 2768 3466 et
2804 3413 3107 3469 intellectus
3139 3417 3423 3471 verborum
3450 3418 3494 3450 "’
3523 3436 3539 3473 :

1975 3496 2044 3552 Et
2073 3500 2395 3555 coadunabit
2413 3499 2481 3565 ",
2510 3501 2599 3571 qui
2630 3516 2689 3557 se
2717 3502 2845 3555 dicit
2873 3518 3029 3572 posse
3057 3504 3405 3573 circumdare,
3423 3523 3543 3561 cas-

1975 3592 2097 3646 dem
2128 3590 2329 3646 formas
2356 3601 2410 3646 et
2433 3593 2623 3662 primis
2651 3603 2706 3647 et
2731 3591 2933 3649 ultimis
2958 3604 3012 3648 et
3043 3596 3234 3650 mediis
3255 3595 3302 3628 ’θ
3330 3598 3543 3651 virtuti-

1974 3682 2096 3747 bus,
2142 3689 2198 3737 et
2242 3697 2347 3738 non
2396 3681 2530 3738 falso
2569 3683 2889 3738 coadunabit
2931 3685 3180 3740 omnibus
3220 3687 3543 3744 caelestibus

1973 3771 2242 3826 essentiis.
2293 3771 2431 3836 Quid
2459 3772 2540 3827 eis
2574 3771 2942 3826 coadunabit?
2987 3773 3214 3829 Sursum
3253 3776 3413 3846 plane
3449 3793 3542 3832 ex-

1975 3861 2122 3916 tendi
2143 3860 2648 3917 conversibiliter“.
2679 3862 2758 3917 Ad
2780 3862 2947 3918 Deum
2969 3864 3163 3935 quippe
3185 3868 3543 3923 comnumiter

1974 3964 2164 4005 omnes
2189 3950 2446 4005 caelestes
2473 3951 2739 4006 essentiae
2775 3960 2832 4006 et
2862 3966 3249 4009 convertuntur
3295 3965 3347 4009 et
3374 3957 3416 3988 “
3447 3973 3543 4012 ex-

1977 4040 2286 4095 tenduntur.
2339 4038 2617 4111 Siquidem
2668 4057 2701 4097 a
2746 4040 2854 4097 Deo
2892 4046 3174 4100 conversio
3206 4045 3416 4100 illarum
3455 4058 3543 4102 est

1973 4131 2198 4201 pulchra
2228 4140 2284 4188 et
2308 4148 2437 4189 vera
2471 4132 2738 4190 formatio.
2790 4133 2859 4188 Et
2885 4134 3019 4189 haec
3044 4143 3126 4189 est
3148 4151 3333 4191 earum
3364 4139 3539 4208 prima

1974 4222 2167 4276 virtus.
2219 4221 2288 4277 Et
2315 4223 2637 4278 coadunabit
2664 4224 2912 4280 erunibus
2941 4223 3263 4281 caelestibus
3291 4229 3543 4285 essentiis

1973 4324 2101 4383 erga
2128 4313 2443 4382 semetipsas
2471 4311 2697 4367 ﬁrmiter
2720 4313 2961 4368 eonvolvi
2988 4316 3281 4371 existentes
3306 4319 3541 4375 custodi-

1977 4403 2112 4456 tivas
2150 4402 2489 4470 propriarum
2515 4401 2807 4466 virtutum;
2851 4402 2952 4456 hoc
2986 4411 3106 4468 est,
3149 4404 3272 4458 dum
3305 4405 3542 4461 existunt

1975 4505 2193 4544 suarum
2218 4490 2476 4544 virtutqu
2503 4490 2874 4544 custoditivae.
2904 4489 3102 4546 Omnes
3123 4492 3388 4562 siquidem
3414 4510 3539 4552 suas

1973 4580 2199 4634 virtutes
2227 4579 2555 4645 custodiunt,
2583 4594 2652 4633 ne
2680 4589 2773 4633 aut
2797 4582 3012 4651 penitus
3037 4593 3278 4652 pereant,
3310 4594 3402 4641 aut
3431 4587 3538 4643 ullo

1975 4668 2133 4722 modo
2164 4668 2490 4732 minuantur,
2523 4683 2615 4722 seu
2646 4665 2958 4736 ﬂectantur;
3009 4679 3063 4723 et
3104 4672 3247 4727 circa
3278 4687 3372 4728 eas
3408 4691 3539 4730 eon-

1972 4759 2277 4822 volvuntur,
2307 4774 2374 4813 ne
2400 4758 2575 4813 locum
2628 4756 2873 4813 ﬂectendi
2918 4758 3142 4813 inferius
3169 4761 3460 4827 inveniant,
3483 4776 3540 4819 et

1974 4860 2035 4904 ut
2063 4864 2275 4918 semper
2310 4849 2364 4902 in
2404 4849 2592 4904 eodem
2625 4849 3047 4905 incommutabili
3088 4867 3185 4906 suo
3231 4860 3372 4907 statu
3417 4869 3535 4924 per.

1574 4980 1660 5035 VA
1669 4981 1824 5035 BlAE
1865 4978 2265 5037 LECTIONES.

378 5101 397 5129 ι
429 5089 575 5143 Coni.
609 5089 698 5142 AB
749 5089 1163 5159 sanctiﬁcantes;
1208 5089 1270 5143 B'
1300 5107 1441 5146 corr.
1476 5090 1846 5158 sanctificatas.

306 5159 481 5230 adscr.
527 5159 845 5230 signiﬁcant.
918 5158 1167 5230 'fConj.,
1195 5158 1285 5213 AB
1327 5161 1629 5230 solutiones.

304 5232 330 5263 ⁴¹
363 5226 514 5280 Corr.
563 5229 627 5290 Β,
658 5227 746 5280 AB
781 5226 1161 5293 possideantur.

307 5304 351 5334 ιε
383 5294 444 5348 Β·
470 5312 625 5366 supra
669 5298 849 5351 adscr.
881 5306 928 5358 et
954 5299 1163 5352 iterum.

305 5365 853 5434 exemplanationibus.
928 5366 975 5401 ⁸⁸
998 5366 1154 5422 Corr.
1180 5367 1266 5430 B',
1314 5368 1404 5421 AB
1428 5367 1542 5421 illa.
1610 5365 1657 5401 ³⁸
1680 5365 1721 5418 Β
1744 5382 1888 5421 corr.
1915 5365 2163 5420 diximus.
2257 5365 2300 5399 ⁸⁷
2326 5365 2367 5418 Β
2392 5378 2534 5417 corr.
2563 5379 2685 5418 non.
2744 5365 2790 5399 ³⁸
2814 5365 2966 5419 Cbrr.
2993 5365 3078 5442 Bt,
3106 5365 3192 5416 AB
3229 5381 3246 5416 ε

305 5432 424 5505 ιέΒ
469 5451 553 5487 ea;
594 5435 814 5505 formas.
887 5436 933 5473 ιο
955 5437 1016 5491 Β·
1047 5451 1189 5490 corr.
1230 5452 1350 5492 non.
1448 5440 1493 5474 ³³
1539 5434 1717 5504 Conj.,
1777 5451 1874 5505 pro
1921 5436 2082 5505 gignit
2143 5432 3176 5505 amphiboliam,A_giqnitamﬁboltam,
3205 5431 3246 5484 B

1593 5500 1812 5559 "Cori.
1855 5500 1940 5567 ηιξ
1969 5500 2455 5573 AB__unaquaeque.
2483 5502 2572 5573 _”
2598 5500 2645 5555 Βῆ
2664 5500 2942 5573 aliquando
2996 5500 3195 5573 mediis,
3248 5504 3529 5573 aliquando

302 5432 355 5472 ¹⁹
379 5433 424 5486 Β
456 5432 553 5487 eas
594 5435 814 5504 formas.
887 5436 933 5473 "
955 5437 1016 5491 Β·
1047 5451 1189 5490 corr.
1230 5452 1350 5492 non.

304 5504 573 5579 911995191”,
622 5503 728 5579 β’-
744 5520 885 5579 corr.
911 5574 922 5579 _
941 5505 1205 5579 amﬁbolia
1246 5507 1495 5579 gignitur.

304 5572 522 5624 ultimis.
618 5574 665 5603 "
690 5572 733 5625 B
761 5574 922 5626 animi
957 5572 1141 5629 diuini.

290 5640 352 5674 v"
383 5641 426 5691 Δ
454 5642 724 5695 Manebit.

1945 5089 1968 5121 ⁸
1988 5089 2140 5143 Corr.
2172 5089 2257 5152 B‘,
2306 5087 2394 5141 AB
2418 5088 2700 5155 inferioris.

1735 5160 1756 5191 ⁵
1800 5160 2040 5214 Emend.
2071 5158 2158 5211 AB
2208 5158 2395 5210 medii.-

1259 5230 1348 5299 ‘_B
1374 5229 1650 5299 tripertita.
1723 5228 1757 5299 ’ν
1793 5229 1946 5284 Corr.
2004 5228 2093 5281 AB
2134 5225 2515 5299 sanctiﬁcandj.
2563 5226 2635 5299 _“
2664 5226 2733 5299 AA
2759 5228 2980 5299 sanctis._
3047 5233 3089 5299 ξι
3116 5225 3267 5299 ueluti
3295 5245 3421 5299 ‘om.
3470 5228 3527 5281 B.

1240 5297 1285 5330 ⁸⁸
1309 5315 1421 5352 vere
1444 5296 1575 5368 iam.
1604 5296 1666 5368 B_,
1684 5298 1762 5368 _ad
1792 5313 1960 5368 marg.
1989 5298 2167 5352 adscr.
2196 5298 2279 5368 B‘_.

1237 5577 1283 5607 ⁵⁸
1303 5575 1461 5629 Corr.
1504 5575 1586 5633 ιν,
1618 5576 1705 5628 ΑΒ
1744 5590 1972 5627 rursum.

826 5641 936 5693 "8
985 5653 1033 5695 et
1085 5645 1267 5697 mediis
1319 5653 1367 5696 et
1416 5643 1631 5697 ultimis.
1709 5644 1753 5675 θ’
1797 5642 1948 5697 Corr.
2006 5642 2088 5708 B',
2143 5640 2229 5695 AB
2267 5638 2700 5696 conrersabiliter.

2794 5087 2881 5158 V’B
2928 5090 3274 5158 sanctiﬁcant,
3304 5091 3365 5144 Β·
3398 5092 3531 5146 intra

2487 5156 2723 5228 p‘utom.
2778 5157 2888 5220 AB,
2919 5159 2986 5211 ad
3037 5156 3205 5228 marg.
3264 5161 3436 5214 adscr.
3471 5161 3528 5213 Β.

2357 5297 2401 5330 ³³
2447 5290 2623 5359 Conj.,
2652 5296 2741 5348 AB
2781 5296 3261 5362 «temptationibus,
3295 5294 3355 5348 Β·
3385 5312 3528 5350 corr.

2257 5364 2300 5399 ⁸⁷
2326 5364 2367 5418 Β
2392 5378 2534 5417 corr.
2563 5379 2685 5418 non.
2744 5365 2790 5399 ³⁸
2814 5362 2966 5419 Cbrr.
2993 5364 3078 5424 B',
3106 5364 3192 5416 AB
3229 5367 3529 5420 eorundem.

2257 5433 2528 5496 >Itibolium,
2560 5433 2600 5485 Α
2633 5434 2880 5500 gignitam
2910 5432 3139 5500 ﬁboliam
3160 5472 3176 5496 ,
3205 5431 3246 5484 B
3299 5432 3530 5500 ﬁboliam

2060 5564 2106 5594 "
2135 5564 2286 5626 (Σοί-ι’.
2318 5564 2404 5635 B‘,
2431 5570 2521 5623 AB
2566 5564 2995 5625 conversnbiliter.
3071 5569 3114 5599 ‘7
3138 5569 3196 5621 Β·
3227 5564 3407 5627 adscr.
3433 5584 3527 5626 est.
3572 5604 3595 5622 .

2060 5649 2088 5695 ’.
2143 5640 2229 5695 AB
2267 5638 2700 5695 conrersabiliter.
2802 5640 2842 5671 ³⁸
2883 5639 3015 5691 Had.
3052 5654 3194 5694 corr.
3238 5641 3323 5695 B'.
3355 5641 3442 5695 AB
3468 5660 3530 5695 ac

2909 5657 3015 5691 ian.
3052 5657 3194 5694 corr.
3241 5657 3323 5707 η,
3355 5657 3442 5695 Δις
3468 5660 3530 5698 ac
