3952 6156
477 289 584 344 I35

1857 284 2129 343 IOAN'NIS
2167 284 2359 343 SCOTI

3594 292 3700 346 236

479 428 689 479 “suum
732 424 796 477 Et
826 437 956 478 “acc
983 429 1065 477 est
1094 419 1267 473 media
1299 434 1482 474 eam“,
1510 418 1701 471 νειαιιιε,
1746 419 1809 472 Et
1838 420 2034 474 cond"-
2063 413 2107 465 Α
2136 412 2191 456 et
2214 400 2553 455 inferioribus
2578 401 2898 456 caelestibus
2926 401 3192 467 essentiis,
3223 402 3439 472 ignitum
3480 404 3702 461 honorat

480 518 627 569 nahit
676 513 926 567 omnibus
973 509 1289 563 caelestibus
1333 508 1583 561 essenliis
1627 508 1875 577 providas
1920 524 2040 563 esse

477 620 604 673 erga
641 602 938 661 venientia,
983 597 1065 651 vel
1110 596 1361 649 secumla.
1420 596 1718 663 Utrumque
1745 597 1893 651 enim
1935 612 1965 650 a
2019 607 2036 637 ι

476 692 713 753 Graeco,
759 688 900 758 quod
947 690 967 718 ⁸
1014 694 1097 739 est
1139 684 1355 761 δεύτερα
1404 685 1447 748 ³,
1497 694 1674 754 potest
1734 686 2035 741 transferri.

478 780 731 835 Sociahili
763 777 1124 845 processione,
1155 791 1252 844 per
1281 774 1587 829 sociabilem
1618 776 2037 842 processionem,

458 884 585 939 'qua
615 878 905 936 sequentes
933 883 991 922 se
1033 866 1077 931 ’t,
1104 866 1208 923 hoc
1233 874 1353 930 est,
1402 864 1683 920 inferiores
1718 880 1806 931 se,
1837 875 1893 920 et
1919 873 2041 935 post

470 976 528 1014 se
560 968 819 1013 exeuntes
846 958 1109 1013 essentias
1138 958 1408 1011 communi
1436 956 1721 1011 dilectione
1750 957 2039 1011 intuendae

471 1050 714 1104 veritatis
737 1049 837 1102 sibi
864 1048 1191 1102 consociant.
1222 1048 1288 1101 Et
1313 1049 1448 1101 haec
1474 1047 1719 1101 fortassis
1742 1055 1826 1101 est
1850 1047 2037 1102 ultima

467 1142 679 1193 illarum
708 1142 898 1193 virtus.
947 1139 1052 1199 Eas
1069 1154 1200 1193 'esse
1236 1139 1288 1191 in
1318 1138 1734 1208 participatione
1760 1138 1973 1191 divinae
2016 1136 2038 1168 ⁵

465 1229 683 1282 virtutis
727 1227 1052 1282 coaduuahit
1097 1226 1348 1281 omnibus
1387 1226 1739 1289 caelestibus;
1790 1225 2039 1295 generale

467 1318 613 1370 enim
644 1317 744 1372 sibi
775 1324 858 1371 est
887 1316 940 1370 in
966 1317 1384 1386 participatione
1408 1315 1624 1369 divinae
1650 1314 1868 1369 virtutis
1895 1328 2036 1379 esse,

467 1403 567 1456 etsi
595 1403 714 1457 aliis
741 1405 1206 1473 supereminenter
1229 1415 1283 1458 et
1310 1403 1708 1475 universaliter,
1728 1402 1847 1456 aliis
1870 1402 2039 1472 parti-

466 1490 744 1545 culiariter
769 1502 824 1546 et
850 1493 1078 1548 subdite.
1111 1490 1223 1546 Ha'c
1274 1493 1455 1561 itaque
1509 1491 1886 1549 communione
1921 1506 2039 1551 om-

471 1580 620 1637 nium
643 1581 663 1612 ⁶
684 1581 995 1636 caelestium
1030 1582 1386 1637 assentiarum
1417 1582 1468 1635 in
1512 1582 1920 1650 participatione
1953 1583 2036 1634 di-

471 1596 620 1637 utum
643 1595 663 1612 '
684 1595 995 1636 caelestium
1030 1595 1386 1637 osseuuarum
1417 1598 1468 1635 ιη
1512 1595 1920 1650 participatione
1953 1595 2036 1634 at—

418 1595 628 1749 )vinae
647 1674 860 1727 virtutis
879 1714 893 1737 ,
924 1688 1083 1742 quam
1109 1688 1298 1728 omnes
1337 1673 1583 1743 quamvis
1612 1688 1717 1728 non
1741 1671 2039 1740 aequaliter

2139 490 2361 544 selectim
2396 491 2440 528 ι⁶
2469 492 2757 558 formarum
2785 489 3041 558 [acturam
3072 492 3133 543 '7.

2207 580 2350 649 Ergo
2378 582 2585 648 igneum
2630 581 2924 649 signiﬁcare
2951 596 3128 634 censeo
3155 584 3451 636 caelestium
3505 602 3706 639 animo.

2141 685 2254 722 rum
2277 668 2733 736 deiformissimum
2758 668 2821 720 ⁸⁸.
2852 668 3133 733 Existimo,
3165 670 3357 738 inquit,
3399 673 3538 740 quod
3581 689 3707 728 rae-

2141 758 2354 812 lestium
2403 759 2759 814 essentiarum
2816 758 2975 827 ignea
3031 759 3387 816 conformatio
3438 762 3512 815 nil
3559 765 3706 825 aliud

2137 846 2461 916 signiticet“
2487 856 2702 918 praeter
2720 847 2975 913 divinam,
3002 864 3141 918 quae
3165 850 3243 906 eis
3267 851 3426 916 inest,
3454 852 3701 916 formam,

2135 952 2275 1006 quae
2300 937 2533 992 maxime
2570 936 2623 990 in
2655 935 2947 1010 Scripturis
2976 939 3146 996 sacris
3175 954 3272 1008 per
3299 940 3470 1010 ignem
3499 943 3704 1013 signili.

2136 1025 2249 1079 cari
2295 1024 2448 1079 solet.
2494 1024 2644 1090 Quod
2687 1018 3074 1095 subSequenter
3101 1026 3342 1096 adjungit
3373 1045 3386 1080 :
3413 1024 3525 1096 Ipsi
3565 1031 3703 1082 enim

2136 1113 2303 1167 sancti
2333 1112 2552 1183 theologi
2575 1113 3051 1179 superessentialem
3081 1124 3127 1167 et
3163 1115 3436 1182 infamem
3465 1116 3510 1147 ¹⁶
3531 1133 3705 1170 essen-

2136 1202 2263 1254 tiam
2309 1202 2365 1254 in
2404 1202 2521 1271 igne
2564 1218 2715 1271 saepe
2758 1202 3091 1264 describunt,
3141 1213 3390 1273 tanquam
3413 1205 3628 1259 habente
3656 1208 3701 1240 "

2136 1291 2327 1346 multas
2347 1293 2567 1354 divinae,
2592 1293 2636 1345 si
2659 1291 2741 1359 fas
2762 1292 3008 1356 "dicere,
3023 1295 3370 1361 proprietatis,
3385 1305 3630 1362 quantum
3656 1296 3704 1329 ’³

2136 1384 2517 1449 inuisibilibus,
2569 1385 2839 1460 imagines.
2899 1383 3052 1437 Nulla
3105 1385 3299 1455 quippe
3347 1385 3572 1440 visibilis
3621 1395 3708 1441 est

2137 1483 2407 1539 creatura,
2437 1476 2489 1528 in
2514 1489 2619 1542 qua
2650 1481 2858 1529 tantum
2882 1473 3093 1530 divinae
3112 1474 3374 1544 imagines
3399 1475 3707 1545 exprimant.

2140 1575 2226 1620 tur
2252 1564 2320 1629 “,
2355 1575 2616 1634 quantum
2652 1564 2704 1618 in
2739 1564 2882 1634 igne.

2206 1654 2347 1709 Laus
2397 1652 2657 1707 virtutum
2712 1651 2982 1723 sensibilis
3029 1666 3166 1722 Ignis
3209 1653 3452 1723 sequitur
3496 1672 3507 1709 :
3554 1651 3707 1723 Ignis

468 1771 749 1834 appetunt,
795 1738 1040 1827 edicitur,
1075 1771 1132 1816 ut
1164 1738 1369 1816 omnes
1395 1760 1599 1815 formae
1639 1760 1718 1814 vel
1753 1738 2034 1830 imagines,
2068 1738 2111 1796 Β
2135 1747 2277 1803 enim
2304 1744 2560 1799 δεηείθίίίδ
2598 1753 2671 1797 ε³¹
2699 1743 2924 1831 (Ιέλίάθηιο
2957 1743 3030 1796 δίε
3056 1744 3351 1834 ἀπενέπω·
3378 1744 3539 1834 κοτίίο
3579 1760 3708 1834 νίπ-

467 1854 558 1909 vel
583 1853 806 1924 ﬁgurae,
863 1852 947 1908 vel
976 1867 1294 1922 quocunque
1319 1852 1426 1907 alio
1455 1852 1672 1906 nomine
1706 1850 1885 1905 vocari
1914 1863 2039 1919 pos.

465 1954 615 2009 sunt,
637 1946 885 2000 omnibus
909 1945 1273 2013 signiﬁcandis
1320 1954 1632 2001 communes
1656 1944 1782 2002 sint.
1817 1941 2033 2012 Signiﬁ-

466 2042 595 2096 cant
619 2034 761 2089 enim
791 2034 1002 2089 illarum
1031 2032 1326 2089 triformem
1352 2032 2035 2096 virtutem,conversionem

468 2123 687 2193 quidem
730 2122 796 2177 ad
843 2123 1013 2177 Deum
1039 2162 1055 2187 ,
1099 2132 1153 2176 et
1198 2123 1534 2193 propriarum
1595 2122 1857 2176 virtutum
1908 2135 2033 2176 cus-

481 2211 708 2276 todiam,
756 2222 811 2267 et
852 2227 976 2284 erga
1013 2212 1402 2283 subsequentes
1433 2227 1490 2267 se
1518 2212 1826 2271 sociabilem
1855 2211 2036 2284 provi-

467 2301 722 2356 dentiam.

536 2452 565 2524 ς
595 2452 1040 2509 2.ἸηεΙιοαηι1αηι
1076 2470 1248 2513 autem
1272 2460 1495 2522 ratione,
1518 2468 1565 2512 et
1593 2458 1945 2527 quaerendam
1976 2459 2032 2512 in

467 2543 638 2609 prima
667 2541 957 2609 formarum
1010 2545 1323 2602 resolutione
1346 2586 1360 2612 ,
1397 2548 1501 2601 hoc
1538 2556 1621 2601 est
1655 2547 1987 2601 reseratione
2008 2545 2029 2577 ⁷

467 2633 898 2701 ιινοςίέιθιίοειιδιηη
927 2635 1325 2705 ﬁgurationum,
1356 2637 1416 2691 ob
1443 2653 1598 2708 quam
1629 2654 1842 2691 causam
1882 2637 2029 2691 theo-

463 2724 603 2790 logia
653 2721 759 2789 fere
789 2723 930 2777 ultra
971 2742 1145 2780 omnes
1186 2727 1466 2793 invenitur,
1507 2729 1768 2786 honoraris
1809 2731 2029 2799 ignttam

462 2828 665 2863 sacram
694 2813 1107 2884 descriptionem,
1128 2818 1344 2884 hocest,
1363 2834 1466 2887 qua
1490 2820 1556 2875 de
1578 2835 1740 2874 causa
1765 2820 2029 2894 theologia

462 2915 592 2968 prae
641 2901 838 2956 ceteris
886 2902 1353 2974 imaginationibus
1395 2908 1602 2979 igneam
1632 2918 1873 2964 sanctam
1898 2924 2028 2965 con-

461 2989 838 3045 formationem
865 2995 1112 3050 honorat.
1134 2995 1161 3049 1
1170 2999 1373 3055 nvenies
1394 3015 1536 3068 ergo,
1559 3016 1673 3054 eam
1695 3000 1717 3031 ⁸
1739 3016 1841 3054 non
1860 3000 2029 3055 solum

2141 1838 2330 1891 bormn
2357 1836 2441 1890 ":
2475 1833 2766 1889 Dicendum
2791 1833 3005 1902 quidem
3029 1833 3108 1887 sic
3130 1851 3141 1885 :
3166 1832 3263 1887 Est
3284 1833 3419 1903 ignis
3435 1833 3709 1888 sensibilis

2138 1928 2192 1981 in
2217 1925 2477 1988 omnibus,
2508 1934 2554 1976 et
2600 1940 2692 1992 per
2732 1924 2907 1981 omnia
2947 1922 3087 1977 clare
3130 1925 3286 1986 venit,
3329 1932 3376 1977 et
3417 1933 3710 1977 removetur

2136 2016 2373 2070 omnibus
2399 2015 2466 2077 *⁸.
2491 2024 2538 2068 et
2564 2013 2768 2070 lucidus
2803 2023 2875 2067 est
2912 2011 3068 2066 simul
3093 2022 3139 2068 et
3164 2014 3313 2084 quasi
3333 2012 3581 2078 occultus,
3622 2014 3709 2066 in-

2136 2109 2372 2179 cognitus
2397 2109 2440 2141 "
2469 2108 2575 2177 ipse
2600 2122 2691 2177 per
2707 2106 2953 2175 seipsum,
2982 2122 3084 2159 non
3104 2106 3433 2161 accumbenle
3460 2108 3706 2172 materia,

2138 2200 2240 2253 hoc
2260 2206 2364 2262 est,
2402 2196 2527 2250 dum
2566 2210 2671 2250 non
2700 2194 2864 2250 habet
2893 2196 3172 2250 materiem
3202 2195 3271 2261 ³⁸,
3302 2197 3357 2249 in
3381 2213 3534 2265 quam
3574 2214 3709 2266 pro-

2133 2288 2301 2358 priam
2330 2287 2628 2356 manifestat
2666 2286 2712 2329 ³³
2742 2288 3017 2347 actionem.
3047 2287 3356 2358 lneognitus
3377 2288 3455 2352 '°;
3484 2289 3706 2357 propria

2134 2378 2330 2449 quippe
2359 2378 2499 2447 ignis
2526 2378 2667 2431 actio
2695 2386 2778 2433 est
2802 2386 2858 2431 et
2879 2377 3073 2432 ardere
3108 2386 3163 2432 et
3207 2376 3385 2432 lucere
3425 2377 3480 2431 in
3524 2376 3708 2446 aliqua

2134 2471 2391 2536 materia;
2409 2469 2672 2541 siquidem
2700 2469 2818 2524 sine
2837 2468 3013 2542 aliqua
3031 2470 3252 2529 materia
3278 2480 3359 2523 est
3375 2469 3440 2521 ³¹.
3474 2467 3709 2522 Immen-

2131 2559 2416 2623 surabilis,
2465 2559 3062 2629 incomprehensibilis,
3108 2568 3157 2612 et
3201 2559 3472 2615 invisibilis
3517 2575 3610 2627 per
3646 2575 3709 2614 se

2132 2655 2325 2723 ipsum,
2350 2662 2528 2722 potens
2552 2651 2710 2705 simul
2733 2650 2985 2713 omnium,
3018 2651 3120 2705 hoc
3147 2659 3231 2706 est
3252 2658 3441 2720 potens
3464 2650 3621 2704 simul
3646 2651 3705 2706 in

2130 2742 2402 2808 omnibus,
2417 2752 2462 2796 et
2475 2757 2808 2811 quaecunque
2828 2743 2883 2795 in
2897 2742 2965 2794 iis
2976 2741 3019 2772 ³³
3032 2751 3148 2796 sunt
3159 2781 3173 2806 ,
3191 2742 3343 2806 tium,
3362 2742 3431 2795 ad
3443 2742 3705 2797 actionem

2130 2833 2424 2903 propriam,
2453 2831 2557 2886 hoc
2585 2840 2688 2894 est,
2706 2832 2772 2886 ad
2805 2832 3073 2901 propriam
3101 2833 3365 2887 actionem
3391 2833 3530 2893 illius
3572 2848 3705 2905 per-

2132 2923 2412 2993 agendam,
2438 2933 2495 2976 ut
2515 2921 2859 2979 caleﬁcentur
2877 2922 3122 3005 videlicet
3141 2932 3195 2978 et
3217 2924 3604 2981 illuminentur.
3633 2924 3709 2981 Ut

2131 3013 2272 3071 enim
2293 3013 2470 3069 omnia
2485 3013 2707 3071 omnino
2730 3013 2910 3067 calore
2953 3014 3193 3069 carentia
3220 3014 3267 3045 ³⁸
3297 3014 3456 3069 veluti
3486 3024 3705 3072 mortua

462 3090 603 3176 falas
626 3082 799 3150 ίθηεαδ
820 3085 1247 3176 ερηίιξνηιαηιεηι,
1262 3087 1365 3144 hoc
1381 3098 1481 3156 est.
1506 3089 1746 3144 invenies
1765 3104 1892 3161 ergo
1904 3106 2031 3144 οοη-
2053 3090 2101 3153 C
2131 3112 2278 3166 sunt,
2293 3105 2367 3158 ita
2388 3104 2606 3158 absente
2627 3103 2744 3158 luce
2760 3103 3039 3161 deformia.
3061 3105 3267 3160 Nobilis
3282 3129 3300 3171 ,-
3318 3104 3392 3160 nil
3412 3107 3556 3159 enim
3578 3108 3709 3176 igne

459 3168 783 3225 formantem
797 3176 817 3206 ⁹
833 3174 1149 3245 theologiam
1173 3192 1279 3232 non
1296 3178 1467 3234 solum
1489 3194 1581 3233 eas
1602 3180 1942 3249 rotasigneas
1958 3179 2022 3245 ¹⁰,

462 3261 553 3313 sed
578 3270 624 3313 et
653 3262 903 3327 animalia
924 3264 1108 3333 ignita,
1125 3276 1173 3319 et
1206 3268 1341 3321 viros
1360 3269 1513 3338 quasi
1538 3269 1671 3338 ignis
1699 3268 2030 3339 “fulgurata-

461 3360 560 3415 tes,
609 3361 657 3404 et
701 3353 838 3406 circa
884 3371 972 3408 eas
1014 3356 1057 3389 “
1087 3355 1328 3417 caelestes
1350 3360 1595 3417 essentias
1630 3359 1677 3400 ιδ
1720 3359 1955 3414 cumulos
1984 3359 2028 3392 “

461 3441 744 3497 carbonum
792 3445 924 3513 ignis
970 3446 1457 3516 circumponentem,
1497 3448 1721 3505 subaudi
1748 3468 1760 3503 :
1789 3451 2027 3505 invenies

466 3531 810 3601 theologiam,
826 3543 871 3587 rt
884 3536 1102 3604 flumina
1123 3537 1530 3597 immensurabili
1543 3544 1737 3605 sonitu,
1760 3543 1862 3605 vel,
1889 3543 2029 3598 sicut

464 3624 680 3691 proprie
730 3625 1079 3690 transfertur,
1128 3625 1273 3684 ﬂuxu
1318 3630 1435 3699 igne
1476 3631 1798 3700 ﬂagrantia,
1843 3633 1932 3686 sed
1980 3642 2026 3687 ct

464 3708 698 3765 Turonos
717 3713 789 3765 ait
817 3714 1079 3786 theologia
1099 3717 1272 3787 igneos
1293 3735 1420 3782 esse,
1436 3728 1484 3773 et
1497 3721 1636 3790 ipsos
1650 3719 2027 3777 excelsissimus

463 3799 740 3869 Serupltim
766 3803 981 3859 caelitus
1003 3807 1260 3872 ardentes,
1295 3824 1359 3863 ea:
1397 3811 1841 3880 cognominatione
1868 3812 2025 3883 signi-

465 3888 618 3953 {icore
635 3890 697 3943 ⁸⁸.
715 3890 826 3946 Hoc
838 3902 920 3948 est
935 3912 948 3947 :
964 3906 1016 3948 et
1029 3896 1104 3950 ait
1120 3894 1380 3966 theologia
1397 3898 1539 3970 ipsos
1549 3899 2027 3956 excellentissimos

463 3978 742 4051 Seraphim
774 3986 979 4054 seipsos
1017 3989 1322 4058 significare
1365 3990 1618 4049 ardentes
1658 4006 1778 4049 esse
1824 4009 2023 4063 cogno-

461 4069 605 4123 mine
633 4086 749 4125 suo.
778 4073 1057 4143 Seraphim
1080 4078 1275 4147 quippe
1297 4079 1642 4137 incendentes
1665 4082 1747 4139 vel
1777 4086 2026 4141 ardentes

458 4166 600 4211 Sunt.
627 4159 807 4215 Potest
849 4171 904 4216 et
949 4164 1026 4218 sic
1052 4164 1271 4237 intelligi
1303 4186 1316 4221 :
1345 4178 1399 4222 et
1425 4167 1749 4240 signiﬁcare,
1782 4173 1883 4227 hoc
1917 4183 2024 4237 est,

456 4258 510 4299 et
537 4248 904 4318 signiﬁcabat;
933 4252 1256 4314 inﬁnitivum
1279 4271 1375 4327 pro
1399 4248 1691 4328 praeterito
1713 4260 2026 4330 imperfecto

455 4339 664 4403 posuit,
697 4342 838 4408 quod
884 4350 936 4396 et
976 4343 1197 4398 Graecis
1246 4355 1298 4398 ct
1344 4345 1552 4402 Latinis
1580 4363 1737 4416 agere
1768 4332 2021 4402 usitatum

456 4438 556 4480 est.
594 4429 657 4480 Et
686 4432 1027 4500 significabat
1070 4435 1250 4507 itaque
1282 4422 1547 4507 theologia
1576 4455 1641 4492 ex
1669 4439 2018 4508 cognomina-

460 4519 602 4573 tione
641 4520 919 4593 Seraphim
962 4526 1210 4581 ardentes
1243 4543 1381 4582 esse.
1408 4526 1474 4580 Et
1497 4530 1628 4599 ignis
1654 4530 2017 4598 proprietatem

454 4617 501 4660 et
529 4610 875 4673 Operationem
922 4612 1064 4680 ipsis,
1115 4612 1393 4689 Seraphim
1428 4617 1584 4685 plane
1604 4658 1618 4682 ,
1648 4617 1940 4682 distribuit,
1971 4627 2019 4671 et

457 4701 664 4755 atnnino
693 4719 899 4759 sursum
936 4706 1296 4778 deorsumque,
1335 4710 1437 4764 hoc
1463 4719 1547 4764 est
1571 4710 1623 4764 in
1652 4711 2019 4780 superioribus

2130 3194 2401 3256 mobilius,
2421 3208 2543 3249 cum
2564 3207 2663 3264 per
2680 3207 2803 3248 eum
2816 3193 2992 3249 omnia
3014 3204 3294 3249 moventur
3313 3194 3360 3227 “
3381 3210 3626 3263 corpora.
3643 3203 3706 3251 et

2128 3285 2247 3339 sine
2270 3299 2376 3353 quo
2400 3283 2602 3342 nullum
2642 3293 2907 3342 movetur.
2940 3283 3171 3339 Tradens
3203 3286 3426 3355 seipsam
3456 3285 3703 3342 omnibus

2126 3372 2489 3445 quoquomodo
2534 3371 3056 3442 approximantibus,
3091 3371 3196 3426 hoc
3215 3382 3319 3437 est,
3369 3372 3602 3427 infundit
3642 3389 3709 3430 se

2130 3462 2304 3532 ipsum
2333 3460 2585 3521 omnibus
2607 3458 2709 3517 sibi
2738 3458 3197 3519 connaturalihus.
3228 3459 3578 3514 Renovativus
3606 3479 3708 3515 na-

2128 3562 2277 3608 turae
2297 3550 2564 3615 custodia;
2592 3565 2685 3619 per
2702 3550 2873 3619 ipsum
2898 3548 3158 3618 siquidem
3178 3559 3505 3605 renovantur
3519 3552 3704 3603 omnia

2128 3641 2426 3704 sensibilia,
2459 3652 2513 3697 et
2556 3641 2717 3695 totius
2766 3648 2989 3699 naturae
3014 3639 3281 3701 sensibilis
3308 3641 3549 3695 custodia
3592 3652 3701 3702 est,

2129 3734 2356 3788 moritur
2375 3733 2518 3786 enim
2535 3732 2758 3790 absente
2783 3746 2868 3789 eo.
2912 3730 3297 3787 lltuminativus
3322 3731 3704 3786 circunwelatis

2128 3821 2514 3892 splendoribus,
2545 3822 2648 3877 hoc
2672 3830 2775 3886 est,
2808 3822 3072 3878 illuminat
3106 3820 3486 3881 circumvelata
3512 3822 3559 3853 ³³
3583 3824 3705 3876 suis

2128 3912 2523 3983 splendoribus.
2577 3910 3117 3986 Incompreltensibitis
3182 3910 3392 3975 clarus,
3466 3912 3569 3966 hoc
3615 3924 3706 3967 est

2128 4004 2256 4056 dum
2302 4002 2501 4067 claret,
2547 4018 2651 4057 non
2697 4002 3183 4073 comprehenditur.
3214 4002 3517 4067 Discrctus;
3550 4006 3701 4056 nullo

2126 4095 2323 4165 quippe
2363 4094 2408 4124 ³⁸
2449 4093 2554 4149 alio
2586 4093 2850 4149 elemento
2877 4093 3229 4159 incrassalur,
3254 4095 3348 4149 sed
3376 4095 3427 4153 in
3456 4110 3550 4148 sua
3582 4100 3702 4149 sin-

2127 4185 2353 4243 ceritate
2383 4183 2648 4238 discretus
2685 4191 2982 4257 permanet.
3026 4181 3318 4248 Resiliens,‘
3349 4183 3519 4239 resilit
3546 4190 3699 4238 enim

2127 4275 2195 4331 ab
2216 4272 2359 4329 ornni
2375 4287 2599 4342 corpore
2614 4271 2781 4335 alliso,
2803 4272 2973 4333 resilit
2988 4274 3053 4327 de
3068 4273 3296 4331 nubibus
3323 4274 3387 4336 ³⁷,
3415 4275 3480 4327 de
3500 4278 3695 4344 petris,

2128 4363 2193 4417 de
2207 4362 2371 4427 ferro,
2384 4362 2685 4431 ceterisque
2697 4362 3013 4431 corporibus
3031 4380 3046 4429 ;
3064 4364 3240 4423 omnis
3264 4365 3464 4434 quippe
3482 4365 3699 4420 collisio

2127 4455 2302 4524 ignem
2324 4464 2491 4508 creat.
2518 4452 2738 4509 Sursum
2765 4455 2967 4524 ferens;
2989 4458 3126 4527 ignis
3145 4459 3409 4526 siquidem
3428 4474 3699 4516 accensus

2122 4541 2393 4597 ﬂammam
2422 4559 2637 4597 sursum
2659 4543 2838 4614 erigit,
2865 4546 3039 4615 spatia
3069 4548 3225 4602 terris
3252 4558 3451 4603 remota
3477 4558 3691 4617 petens.

2125 4634 2285 4683 Acuta
2308 4646 2517 4695 means;
2542 4641 2782 4700 penetrat
2804 4634 2947 4687 enim
2968 4635 3147 4691 omnia
3166 4645 3322 4689 acute
3341 4636 3404 4700 ³⁸,
3431 4635 3692 4693 iueﬂ'abili

2126 4717 2418 4774 celeritate.
2449 4718 2731 4785 Excelsus;
2754 4721 2903 4779 aiunt
2924 4722 3226 4798 philosophi
3250 4726 3547 4798 empyrium
3570 4743 3695 4783 cae-

1735 4802 1986 4858 VARIAE
2022 4805 2420 4866 LECTIONES.

535 4887 550 4976 θ
666 4901 831 4976 θθῖἦν
862 4890 935 4976 θ’·
960 4970 990 4976 __
1010 4891 1034 4925 ²
1058 4890 1341 4976 δοττθξβω
1365 4896 1599 4976 στίσεν,,Β’
1618 4897 1945 4976 ⁰9¹Ῑ·ί1,²¹α¹ε·
2022 4900 2157 4976 ἈΒ
2183 4902 2359 4976 δευρα.
2437 4906 2455 4937 ⁸
2482 4922 2543 4976 se
2562 4922 2670 4965 om.
2697 4909 2757 4962 Β.
2833 4909 2855 4940 ⁵
2877 4912 3081 4963 divinae
3105 4925 3213 4963 om.
3250 4912 3314 4966 Α.
3388 4912 3411 4943 ⁸
3449 4914 3693 4969 omnium

454 4968 563 5007 om.
600 4954 653 5007 Β.
729 4957 747 4986 ⁷
778 4958 873 5010 ltoc
919 4970 990 5012 est
1040 4954 1350 5016 reseratione
1374 4954 1481 5018 oni.
1507 4954 1570 5017 Β.

1647 4966 1668 4997 ⁸
1698 4965 1832 5019 Rad.
1866 4981 2008 5022 corr.
2054 4970 2137 5034 B',
2168 4965 2401 5026 AB'eas.

2477 4974 2499 5005 ⁸
2525 4974 2566 5028 Β
2605 4977 2700 5030 hoc
2733 4987 2805 5030 est
2839 4979 3063 5031 invenies
3109 4994 3229 5047 ergo
3270 4978 3694 5045 conformantem

962 5136 965 5137 ν
1009 5051 1050 5087 ⁸ο
1081 5052 1388 5137 theologiam
1408 5086 1482 5137 τ
1491 5057 1673 5137 igneas
1701 5071 1809 5109 om.
1841 5056 1899 5137 B.
1932 5136 1935 5137 ν
1974 5057 2106 5137 “B‘
2132 5060 2273 5137 rad.__
2296 5076 2438 5137 chorr.
2484 5048 2969 5137 ignein..".Pi'o'ea;
3075 5042 3693 5137 adniai'gicorrsipsas

453 5113 788 5168 substantias.

453 5183 703 5251 gniﬁcare
731 5200 861 5250 om.,
895 5190 1071 5243 addidi
1097 5208 1163 5245 ex
1186 5183 1413 5249 versfet
1450 5202 1582 5249 text.

455 5253 592 5330 forte
616 5255 904 5322 [oraturum
920 5262 1153 5330 respicit.

453 5324 753 5391 informant.
824 5331 868 5362 “
894 5331 935 5382 A
973 5324 1198 5384 habenti.

453 5407 680 5449 mantur.
717 5398 763 5431 ⁸⁸
798 5397 860 5451 B‘
890 5401 1065 5454 adscr.
1095 5412 1188 5455 est.

452 5468 744 5541 materiam.
816 5469 948 5541 ²⁹
988 5486 1129 5524 corr.
1171 5472 1481 5541 manifestet.

1282 5332 1393 5404 ξ’ῨΒ
1421 5335 1502 5404 fas
1534 5344 1629 5388 est.
1705 5334 1749 5371 ³³
1775 5332 1837 5388 B'

867 5119 910 5155 ⁸³
944 5123 1190 5198 essentias
1218 5119 1349 5188 oin.,
1383 5119 1559 5179 addidi
1586 5141 1649 5181 ex
1681 5140 1820 5179 vers.
1848 5135 2055 5198 ettext.
2082 5145 2162 5198 gr.

1623 5210 1800 5263 graec.
1875 5196 1920 5231 ⁸⁸
1949 5197 1988 5249 Β
2016 5196 2279 5252 selectum.

1257 5263 1301 5294 “
1322 5262 1473 5319 Corr.
1508 5262 1691 5327 B',AB
1714 5264 2250 5388 degormosissimam.
2323 5269 2371 5300 ‘9
2407 5271 2556 5325 Corr.
2599 5273 2683 5336 B‘,
2712 5262 2801 5326 ΑΒ
2818 5274 3129 5342 signiﬁcare.

1282 5332 1326 5364 ³³
1352 5332 1393 5386 Β
1423 5335 1502 5388 fas
1534 5344 1629 5388 est.
1705 5334 1749 5371 ³³
1822 5338 1837 5356 ”
1880 5351 1977 5388 oro
2016 5348 2267 5388 auarttum
2309 5339 2373 5388 ad
2428 5356 2596 5388 mam.
2628 5358 2768 5388 cnrr-
2804 5342 3129 5388 anemadmot

2239 5128 2284 5161 “
2305 5129 2457 5184 Corr.
2490 5128 2569 5193 13',
2600 5149 2696 5201 pro
2715 5134 3073 5198 cumulos,AB
3100 5152 3216 5188 cum
3238 5128 3444 5190 multos.
3525 5128 3573 5170 ⁸⁵
3608 5144 3696 5193 si-

2358 5201 2399 5233 "
2431 5201 2490 5253 B‘
2524 5203 2589 5254 ad
2622 5219 2790 5270 marg,
2830 5206 3005 5258 adscr.
3042 5203 3360 5268 caelestium,
3404 5221 3541 5275 quae
3575 5225 3693 5265 vox

2358 5269 2371 5299 ⁵
2407 5271 2556 5325 Corr.
2599 5273 2683 5332 B‘,
2712 5274 2801 5326 AB
2818 5274 3129 5332 signiﬁcare.
3220 5274 3265 5307 ὀ
3293 5273 3447 5328 Corr.
3479 5276 3562 5332 B‘.
3597 5279 3693 5332 ΑΒ

1880 5351 1977 5415 pro
2016 5339 2405 5415 quantumhadh
2428 5356 2596 5410 marg.
2628 5358 2769 5415 corr.
2804 5339 3259 5415 quemadmodum.
3328 5343 3391 5415 ³⁸η
3422 5344 3461 5415 l}
3489 5347 3691 5415 impri-

1264 5402 1308 5433 ²⁶
1336 5403 1398 5455 Β·
1422 5402 1586 5472 supra
1633 5404 1779 5459 adsc.
1836 5402 1900 5459 αὖ
1925 5402 2192 5460 omnibus.

1556 5473 1601 5506 ²⁶
1630 5474 1690 5526 Β·
1721 5490 1879 5543 supra
1935 5476 2110 5529 adscr.
2148 5489 2242 5528 est.

2269 5408 2408 5481 “__B‘
2444 5408 2603 5479 supra
2650 5408 2826 5467 adscr;
2879 5424 2924 5466 et
2948 5411 3273 5481 incognitus.
3347 5412 3393 5453 ³⁸
3429 5413 3489 5465 B‘
3528 5408 3687 5471 corr.

2319 5477 2362 5510 “
2394 5490 2473 5550 est
2502 5477 2611 5534 oin.
2644 5481 2751 5544 AB,
2793 5498 2951 5550 supra
2996 5477 3170 5535 ads'cr.
3219 5483 3300 5537 B‘.
3374 5484 3419 5518 ³⁹
3449 5481 3505 5534 B'
3529 5499 3689 5539 corr.

452 5553 538 5617 ου’,
624 5535 670 5566 ³³
698 5538 849 5618 0’1""-
879 5539 960 5618 B_'_.
989 5541 1083 5618 ἀλιῦ
1111 5535 1351 5618 carenti;
1403 5543 1448 5574 “
1565 5559 1707 5618 corr.
1728 5535 2061 5618 _nt'ovea_ntur.
2111 5544 2180 5618 f"
2204 5547 2359 5618 Corr.
2393 5547 2473 5610 B',
2501 5551 2543 5601 Α
2586 5535 2997 5614 εἰπέιεὶηυθιῖιιαε,
3029 5551 3069 5607 Β
3092 5535 3486 5607 εἱεοειὶηιὶιεέαιὶε.
3542 5535 3613 5583 δέ

452 5609 640 5676 quippe
672 5609 831 5661 nullo.
908 5610 950 5641 ³⁷
983 5611 1137 5666 Corr.
1164 5612 1245 5678 B‘,
1273 5614 1360 5668 AB
1384 5614 1566 5669 nubili.
1645 5613 1690 5646 ³⁵
1718 5612 1867 5682 Conj.
1900 5614 1941 5668 Β
1972 5611 2190 5674 occulte.
2350 5612 2359 5621 ⁸
