3952 6156
354 295 444 351 SM

349 403 464 465 lum,
510 406 612 462 hoc
655 418 739 463 est
789 412 1023 483 igneum,
1057 418 1200 475 hunc
1243 425 1260 454 ¹

330 852 511 915 pretari
538 868 553 903 :
582 867 686 905 non
717 857 978 925 recipiens
1003 864 1452 937 subingressionis
1472 880 1876 948 subjectionem.

256 984 264 993 ,
327 935 449 988 Nulli
477 939 620 992 enim
649 957 940 1012 corporeae
983 935 1260 1011 creaturae
1300 935 1601 1032 subjicitur,
1631 976 1755 1038 quia
1792 991 1878 1031 su-

324 1027 652 1091 peremincns
683 1029 706 1060 *
741 1031 794 1084 in
838 1037 1088 1092 omnibus
1113 1053 1212 1096 est.
1257 1027 1473 1117 Semper
1514 1027 1724 1126 motu-s;
1768 1080 1871 1120 non

317 1115 443 1166 enim
494 1125 628 1181 stat,
671 1121 766 1174 sed
815 1123 1206 1184 incessabiliter
1243 1115 1488 1192 movetur
1529 1159 1626 1211 per
1656 1154 1868 1218 omnia,

317 1219 520 1259 movens
545 1209 748 1262 omnia.
787 1211 889 1264 Per
916 1217 1138 1285 seipsum
1166 1235 1370 1290 motus;
1415 1245 1445 1282 a
1486 1209 1631 1290 nullo
1673 1243 1867 1313 quippe

312 1309 554 1361 corporeo
590 1299 856 1354 elemento
885 1317 1086 1360 motum
1117 1313 1335 1378 patitur.
1369 1315 1581 1375 Movens
1620 1299 1860 1398 alterum,

309 1384 548 1479 subaudis
591 1388 954 1459 elementmn;
1010 1411 1189 1454 movet
1235 1405 1376 1458 enim
1431 1422 1528 1476 per
1567 1411 1590 1442 ⁵
1625 1384 1859 1486 seipsuni

306 1479 460 1543 primo
505 1495 665 1548 aera,
705 1499 804 1552 per
839 1502 965 1541 aera
1013 1507 1226 1560 aquam,
1276 1513 1373 1566 per
1418 1515 1611 1572 aquam
1659 1518 1855 1566 terram

304 1575 608 1638 terrenaque
650 1575 830 1627 omnia
871 1591 1116 1647 corpora.
1169 1583 1612 1656 Compreltendens
1656 1599 1852 1654 incom~

301 1657 598 1724 prehensus;
629 1661 851 1716 devorat
879 1667 1089 1736 quippe,
1131 1681 1186 1726 et
1211 1673 1264 1727 in
1290 1689 1348 1730 se
1373 1686 1644 1738 consumit
1671 1694 1848 1745 omnia

879 306 1368 374 EXPOSlTlONES
1409 322 1631 381 SUPER
1669 331 2093 398 lERARCIilAM

2133 348 2538 413 CAELESTEM
2583 361 2639 415 S.
2681 365 2995 427 DlONYSll.
3339 407 3356 419 ε
3460 388 3562 445 258

459 442 464 464 ι
510 431 612 462 nuc
655 431 739 463 est
789 431 1023 483 igneum,
1057 431 1200 475 hunc
1243 431 1260 454 ι
1293 431 1544 486 mundum
1588 439 1892 497 sensibilem
1925 453 1968 509 Α
2000 453 2198 528 Nempe
2226 463 2325 516 alia
2355 469 2492 535 plus,
2522 473 2622 527 ana
2651 479 2823 532 minus
2852 482 2932 534 vel
2963 482 3224 542 muan
3255 493 3336 545 vel
3382 499 3561 550 Calen.

459 493 554 549 ire.
599 495 724 550 Non
761 515 988 550 retentus
1035 515 1346 550 tnnlumplin
1387 521 1783 550 m.'.........:-__:-,
1837 535 1850 545 -

343 493 554 549 ambire.
599 495 724 551 Non
761 515 988 572 receptus
1035 515 1347 568 contumelia
1387 521 1788 596 minorationis;
1835 535 1889 589 in

341 579 472 636 nullo
515 584 658 638 enim
709 588 986 658 minuitur,
1017 601 1269 664 quoniam
1316 606 1512 677 ubique
1549 621 1692 670 totus
1725 579 1888 678 estin

336 673 588 728 creaturis
613 677 937 747 visibilibns,
972 691 1218 753 quamvis
1251 709 1354 749 non
1389 699 1584 770 ubique
1613 716 1666 759 et
1689 724 1888 780 aequa-

337 758 443 780 Ιέι-..
466 762 486 780 ο
528 776 543 780 -
560 778 580 780 _
605 778 614 780 μ
760 774 771 780 ι
827 767 861 780 "
1152 777 1160 780 “

335 758 444 812 liter
466 762 486 791 ’
523 774 794 831 appareat.
824 767 1002 826 Potest
1025 784 1082 828 et
1119 777 1196 832 sic
1221 796 1325 835 non
1365 758 1657 860 incongrue
1674 795 1695 825 ³
1719 758 1884 854 ἱηίθτο

1997 561 2082 605 cat
2107 553 2168 607 ⁸⁸.
2192 554 2260 608 Ει
2287 559 2474 614 multas
2503 563 2544 593 ⁸⁷
2569 565 2804 632 fortassis
2835 571 2877 601 ¹⁸
2900 575 3017 640 quis
3043 576 3258 631 inveniet
3281 582 3414 651 ignis
3436 603 3554 653 pro-

1988 645 2231 710 prietates
2249 648 2516 716 pulchras,
2542 664 2596 705 ut
2621 656 2672 708 in
2698 659 3023 716 sensibilibus
3043 704 3057 728 ,
3089 665 3139 718 id
3163 678 3264 733 cst,
3293 645 3552 739 quantum

1987 731 2039 785 in
2069 734 2434 800 scnsibilibus,
2460 739 2769 808 imaginibus
2793 747 3002 803 dit-inae
3052 760 3384 821 operationis.
3413 762 3548 817 F0."-

1984 825 2164 890 tassis,
2193 827 2386 894 inquit,
2441 829 2684 898 quisquis
2713 837 2948 892 studiose
2992 840 3177 910 igneas
3207 847 3430 904 virtutes
3474 854 3539 906 in-

1981 919 2340 988 vestigaverit,
2386 920 2622 974 inveniet
2663 924 2854 979 multas
2902 932 3256 998 proprietates
3288 938 3441 1006 ignis,
3487 943 3539 998 in

1977 1007 2170 1076 quibus
2215 1009 2476 1080 imagines
2511 1010 2724 1066 divinae
2773 1019 3124 1086 operationis,
3171 1037 3426 1094 quantum
3484 1033 3537 1088 in

1973 1100 2318 1155 sensibilibus
2368 1101 2649 1173 imaginari
2713 1115 2908 1173 potest,
2967 1114 3246 1171 manifeste
3281 1124 3531 1189 reperiat.

1973 1187 2110 1244 Deus
2137 1192 2398 1258 siquidem
2419 1194 2473 1246 in
2500 1195 2748 1250 omnibus
2777 1207 2878 1261 est,
2926 1204 3176 1268 quoniam
3203 1208 3314 1276 ipse
3351 1227 3530 1268 essen-

1971 1281 2039 1332 tia
2067 1283 2304 1334 omnium
2333 1291 2432 1343 est,
2459 1293 2513 1336 et
2543 1299 2638 1352 per
2663 1287 2842 1340 omnia
2871 1291 3037 1355 venit,
3069 1293 3191 1360 quia
3213 1299 3390 1351 omnia
3415 1301 3526 1353 dis-

1964 1373 2148 1439 ponit,
2200 1382 2257 1428 et
2299 1385 2602 1428 removetur
2649 1378 2716 1430 ab
2776 1381 3060 1446 omnibus,
3105 1385 3230 1452 quia
3277 1402 3526 1458 superes-

1961 1461 2202 1516 sentialis
2227 1473 2310 1516 est
2332 1479 2493 1532 super
2511 1465 2715 1529 omnia,
2744 1477 2798 1522 et
2819 1467 2959 1524 lucet
2985 1471 3037 1524 in
3067 1483 3334 1540 creatura,
3363 1495 3521 1548 quam

1958 1550 2106 1614 fecit,
2137 1553 2261 1621 quia
2288 1555 2531 1609 occultus
2555 1565 2609 1610 et
2636 1558 2941 1627 incognitus
2971 1576 3068 1629 per
3089 1563 3320 1632 seipsum
3353 1581 3516 1634 esset,

1955 1644 1998 1696 si
2052 1659 2159 1698 non
2211 1643 2254 1675 ¹⁹
2291 1647 2648 1702 universalem
2697 1659 3004 1705 creaturam
3051 1654 3212 1709 veluti
3247 1661 3514 1726 quandam

689 1754 775 1808 ma
855 1771 886 1810 a
929 1734 1074 1814 nmo
1100 1773 1280 1818 autem
1328 1734 1848 1818 consu'm’i'al'rfxg:
1881 1781 1922 1818 ο
1953 1734 2232 1788 materiam
2256 1735 2323 1799 ³⁰,
2350 1736 2402 1789 in
2425 1753 2528 1806 qua
2557 1749 2836 1807 appareret
2855 1740 2920 1805 ιι,
2947 1743 3223 1808 conderet,
3249 1753 3300 1806 et
3329 1746 3382 1800 in
3408 1764 3512 1818 qua

795 1797 811 1818 .

296 1761 500 1815 corpora
529 1752 811 1820 solubilia,
855 1771 886 1810 a
929 1760 1074 1814 nullo
1100 1773 1280 1819 autem
1328 1774 1692 1839 consumitur;
1739 1797 1842 1836 non
1876 1781 1922 1842 Β

292 1839 414 1892 enim
465 1842 641 1910 ipsum
687 1845 745 1910 ⁸,·
773 1852 1138 1914 operationem
1184 1855 1329 1924 ejus,
1375 1875 1513 1932 aqua
1552 1870 1839 1940 extinguit.

296 1925 398 1984 Non
440 1933 679 2004 indigens
722 1939 974 2008 alterius;
1021 1947 1219 2002 nullius
1262 1925 1514 2010 elementi
1553 1925 1836 2032 indigens,

287 2017 393 2072 dum
411 2025 593 2077 omnia
620 2029 787 2082 nutrit
810 2039 865 2084 et
888 2031 1048 2087 fovet.
1071 2034 1263 2092 Latens
1281 2057 1426 2104 vere;
1447 2045 1600 2114 ignea
1619 2050 1639 2081 ⁷
1663 2017 1836 2122 siqui-

283 2111 385 2166 dem
413 2126 605 2173 natura
634 2119 656 2150 ⁸
688 2120 969 2179 invisibilis
1002 2136 1084 2180 est
1118 2128 1161 2193 ’,
1204 2130 1257 2185 in
1299 2134 1411 2189 suis
1441 2147 1618 2194 autem
1647 2157 1834 2212 opera-

284 2203 494 2259 tionibus
515 2223 574 2262 se
606 2212 930 2268 manifestat.
967 2215 1155 2274 Calore
1183 2223 1431 2287 sentitur.
1463 2226 1581 2284 luce
1598 2203 1826 2290 videtur.

279 2289 504 2348 Crescens
532 2314 565 2350 a
596 2301 796 2368 seipse;
821 2304 1068 2360 omnibus
1093 2308 1288 2380 quippe
1317 2318 1630 2382 corporibus
1652 2321 1824 2378 incre-

277 2393 493 2437 mentum
526 2387 636 2450 dat,
675 2391 974 2462 nulliusque
1009 2395 1230 2454 alterius
1281 2401 1547 2461 elemento
1606 2414 1820 2476 crescit,

272 2470 348 2521 sed
375 2487 466 2538 per
494 2475 727 2542 seipsum
753 2483 978 2546 crescit,
1028 2487 1276 2553 quamvis
1301 2490 1509 2546 dicatur
1555 2511 1819 2566 aquarum

266 2562 684 2623 exhalationibus
733 2573 958 2636 nutriri,
1001 2592 1105 2630 non
1137 2587 1192 2631 ut
1230 2593 1440 2637 crescat
1485 2587 1551 2640 ab
1574 2590 1673 2654 eis,
1725 2594 1816 2647 sed

265 2658 314 2702 nt
335 2666 421 2707 eas
450 2655 507 2708 in
560 2659 794 2726 scipsum
825 2674 1121 2720 consumat.
1157 2667 1226 2721 Et
1251 2672 1320 2723 ad
1361 2685 1625 2743 susceptas
1652 2691 1813 2734 matc-

259 2741 350 2794 rias
396 2747 739 2814 manifestans
791 2754 874 2804 sui
911 2753 950 2783 ²⁰
978 2758 1418 2827 magnitudinem;
1468 2764 1518 2819 in
1570 2771 1812 2828 materiis

256 2830 393 2898 plane
410 2837 728 2892 ardentibus
749 2843 1168 2910 magnitudinem
1210 2849 1416 2906 ardoris
1437 2857 1516 2907 sui
1546 2857 1802 2914 declarat.

253 2921 439 2977 Actieus
503 2937 717 2995 potens;
754 2940 999 3000 potenter
1048 2935 1311 3005 siquidem
1349 2943 1458 3012 agit
1497 2945 1548 2999 in
1585 2947 1803 3006 inferio-

254 3015 382 3069 ribus
417 3033 480 3072 se
520 3023 815 3087 creaturis,
842 3038 908 3078 ex
939 3041 1162 3094 quarum
1193 3031 1334 3086 nulla
1364 3035 1582 3103 patitur.
1623 3039 1799 3097 Simul

1949 1825 2188 1880 actiones
2211 1841 2333 1880 suas
2367 1829 2755 1884 manilestaret.
2787 1831 2856 1885 Et
2885 1831 2986 1885 hoc
3006 1833 3127 1904 quis
3152 1835 3378 1903 ignorat,
3405 1837 3508 1894 nisi

1943 1925 2038 1970 aut
2057 1916 2281 1971 nimium
2307 1918 2522 1983 stultus,
2553 1929 2645 1973 aut
2689 1920 2910 1974 nimium
2937 1923 3193 1991 perﬁdus,
3220 1923 3380 1978 Deum
3407 1926 3506 1979 im-

1941 2006 2350 2061 mensurabilcm
2383 2022 2502 2062 esse
2549 2018 2604 2062 et
2635 2008 2951 2062 invisibilem
2981 2026 3076 2079 per
3104 2011 3381 2080 seipsum?
3438 2015 3503 2068 Et

1938 2110 1996 2157 ut
2023 2103 2254 2159 breviter
2298 2105 2544 2174 colligam
2569 2109 2768 2170 omnia,
2808 2124 2945 2176 quae
2987 2108 3032 2141 ⁸¹
3087 2110 3154 2164 de
3183 2111 3338 2166 laude
3363 2114 3524 2183 ignis.

1931 2196 2330 2262 praedicantur,
2359 2197 2580 2264 pulchre
2607 2212 2703 2266 per
2728 2200 3094 2268 metaphoram
3125 2202 3190 2256 de
3216 2202 3321 2257 Deo
3350 2221 3498 2273 prae-

1930 2285 2098 2339 dicari
2117 2285 2162 2316 ’³
2176 2295 2417 2355 possunt.
2439 2286 2485 2338 ll
2493 2302 2551 2339 oc
2566 2303 2686 2356 ergo
2699 2289 2912 2343 scientes
2925 2289 3232 2362 Tltcosoplti,
3253 2294 3492 2348 caelestes

1925 2379 2172 2432 essentias
2223 2395 2286 2431 ex
2333 2381 2451 2447 igne
2485 2379 2850 2446 conformant,
2908 2383 3256 2451 signiﬁcantes
3309 2402 3486 2439 earum

1923 2473 2192 2542 deiforme,
2216 2482 2262 2525 et
2281 2481 2533 2541 quantunt
2553 2471 2792 2540 possibile
2809 2472 2856 2504 ³⁵
2879 2473 2973 2526 Dei
3002 2475 3268 2528 imitabile.
3291 2475 3418 2528 Nam
3443 2478 3484 2528 si

1922 2562 1974 2615 in
1999 2572 2243 2616 creatura
2281 2575 2561 2631 corporea,
2608 2562 2729 2632 igne
2756 2562 2896 2627 dico,
2928 2563 3140 2620 divinae
3161 2567 3484 2634 operationis

1917 2661 1972 2706 et
1997 2652 2374 2706 deiformitatis
2410 2662 2464 2707 et
2494 2653 2707 2707 divinae
2736 2653 3048 2708 imitationis
3089 2656 3253 2710 multa
3281 2667 3334 2710 et
3360 2659 3477 2726 pul~

1914 2743 2044 2796 chra
2076 2743 2270 2796 indicia
2294 2753 2418 2797 sunt
2445 2743 2525 2807 “;
2549 2743 2674 2812 quid
2706 2743 2771 2797 de
2793 2743 3152 2812 spiritualibus
3178 2747 3478 2817 divinisque

1912 2837 2106 2890 animis
2144 2836 2514 2889 sentiendum?
2562 2836 2674 2889 Non
2707 2835 3056 2890 dubitandum
3105 2847 3209 2902 est,
3245 2838 3362 2907 plus
3418 2849 3472 2892 et

1910 2929 2398 2998 incomparabiliter
2446 2928 2705 2997 imagines
2747 2927 3051 2982 divinarum
3097 2932 3467 2998 operationum

1904 3021 1985 3076 eis
2015 3021 2208 3074 inesse.

246 3105 468 3159 omnibus
494 3124 736 3177 ρναεεεη,
771 3112 1125 3180 “manner;
1163 3135 1418 3187 praesens
1461 3127 1653 3196 quippe
1678 3147 1794 3186 om-
1824 3118 1868 3179 ρ
1976 3111 2004 3182 5
2043 3111 2096 3163 5.
2136 3110 2262 3164 Post
2293 3109 2466 3179 ignem
2496 3108 2561 3164 de
2581 3109 2814 3163 humana
2844 3116 3040 3163 tractat
3060 3108 3250 3179 efﬁgie.
3283 3108 3384 3166 Sed
3415 3123 3467 3164 et

249 3193 387 3248 nibus
407 3205 511 3256 est,
548 3199 743 3266 quibus
757 3201 919 3255 etiam
951 3204 1143 3260 absens
1165 3217 1383 3275 putatur
1402 3193 1520 3269 esse
1541 3193 1567 3279 ξ
1589 3193 1651 3271 in
1681 3221 1796 3288 gla-

243 3282 313 3336 cie
331 3292 379 3336 et
400 3286 525 3339 nive
561 3303 664 3342 non
695 3301 914 3357 putatur
933 3308 1086 3358 esse;
1133 3313 1236 3352 non
1271 3307 1466 3364 tamen.
1497 3307 1540 3358 si
1571 3308 1650 3362 eis
1688 3327 1791 3368 non

241 3369 438 3439 inesset,
475 3390 539 3430 eo
560 3377 1026 3445 solverentur,aut
1055 3385 1096 3418 “
1115 3387 1198 3440 sui
1221 3388 1412 3446 caloris
1437 3393 1481 3427 "
1506 3398 1792 3469 participes

239 3476 416 3520 essent.
447 3466 731 3538 Neglectus
771 3487 875 3524 non
899 3490 1008 3528 esse
1031 3488 1264 3545 putatur,
1289 3482 1388 3538 hoc
1417 3495 1518 3553 est,
1553 3488 1675 3543 dum
1697 3466 1789 3545 aro

239 3551 358 3606 sibili
389 3553 568 3626 aliqua
599 3560 826 3615 materia
857 3564 1046 3618 nutriri
1075 3567 1377 3640 negligitur,
1405 3551 1512 3628 non
1537 3591 1658 3632 esse
1688 3595 1787 3648 pu-

235 3649 379 3704 tatur,
403 3660 468 3700 ac
500 3647 663 3702 veluti
706 3658 950 3707 mortuus
971 3669 1112 3730 esse.
1153 3658 1348 3714 Attrita
1392 3673 1564 3718 autem
1613 3647 1783 3721 subito

232 3732 464 3799 relucens,
493 3737 646 3791 sicuti
667 3741 896 3809 quadam
924 3745 1147 3800 vindicta
1167 3754 1576 3807 connaturaliter
1595 3766 1644 3810 et
1663 3775 1782 3827 pro-

227 3822 338 3883 prie,
388 3825 491 3879 hoc
563 3835 680 3893 est,
734 3830 860 3884 dum
910 3831 952 3863 "
999 3837 1252 3898 attritus,
1318 3853 1632 3914 secretaque
1663 3822 1778 3904 sua

225 3914 384 3976 quiete
410 3919 706 3984 excitatus,
763 3924 916 3989 quasi
960 3924 1160 3981 invitus
1214 3931 1392 3986 subito
1441 3936 1662 4002 relucet,
1713 3955 1778 3996 ac

222 4002 365 4057 veluti
415 4012 652 4077 quadam
693 4013 736 4044 “
773 4015 1004 4070 vindicta
1036 4021 1335 4084 materiem,
1369 4039 1529 4092 quam
1561 4030 1773 4098 arripit,

219 4090 403 4149 invadit
441 4105 870 4158 connaturaliter
891 4117 946 4160 et
985 4112 1228 4178 proprie;
1289 4090 1532 4170 naturale
1578 4120 1772 4189 quippe

217 4179 364 4245 ipsius
383 4197 467 4240 est
490 4200 543 4242 et
567 4193 864 4260 prOprium,
893 4195 1095 4265 absque
1119 4199 1222 4252 ulla
1255 4217 1402 4256 mora
1437 4208 1654 4262 attritus
1673 4179 1764 4262 Ilu-

212 4288 337 4328 cere.
391 4279 459 4332 Et
504 4285 693 4336 iterum
739 4286 1322 4355 incomprehensibiliter
1375 4297 1764 4367 impalpabilis;

210 4375 364 4431 neque
397 4370 540 4422 enim
575 4375 958 4441 comprehendi
986 4392 1042 4431 se
1071 4379 1217 4443 sinit,
1248 4397 1422 4452 neque
1449 4384 1494 4418 “
1531 4388 1754 4457 palpari.

1900 3201 2305 3265 humaniter-mes
2360 3200 2497 3265 ipsas
2538 3198 2854 3262 describunt,
2884 3200 2983 3254 hoc
3003 3209 3105 3264 est,
3136 3215 3241 3254 non
3289 3199 3461 3255 solum

1899 3291 2200 3361 Tbe050phi
2231 3294 2372 3362 ipsas
2413 3291 2674 3347 caelestes
2716 3293 2982 3348 essentias
3009 3292 3340 3362 ignil'ormes,
3367 3308 3458 3348 ve-

1895 3398 2014 3436 rum
2045 3384 2209 3436 etiam
2231 3392 2284 3436 et
2316 3380 2741 3436 humanilormes
2767 3381 3108 3446 describunt;
3147 3390 3356 3450 propter
3382 3381 3463 3434 in-

1889 3472 2176 3526 tellectuale
2203 3481 2252 3525 et
2288 3488 2495 3526 sursum
2540 3471 2775 3524 habendo
2822 3470 3089 3524 intuitivas
3113 3471 3356 3535 virtutes,
3391 3485 3457 3526 eo

1889 3561 2029 3629 quod
2054 3561 2430 3615 intellectualis
2459 3569 2705 3614 creatura
2730 3565 2814 3612 est
2850 3559 3036 3620 homo,
3063 3559 3129 3612 ad
3165 3559 3452 3629 imaginem

1887 3651 1980 3705 Dei
2028 3652 2220 3714 factus,
2252 3660 2308 3704 et
2335 3665 2400 3704 eo
2443 3648 2581 3719 quod
2609 3647 3049 3718 contemplativas
3072 3649 3298 3702 virtutes
3329 3663 3448 3702 sur-

1882 3755 2020 3804 sum,
2057 3741 2270 3808 quando
2299 3755 2358 3794 se
2410 3749 2466 3794 et
2500 3738 2822 3793 naturaliter
2879 3747 2934 3793 et
2980 3739 3366 3794 rationabiliter
3405 3737 3452 3769 ²⁶

1880 3839 2080 3894 movet,
2107 3832 2172 3884 ad
2221 3831 2386 3885 Deum
2405 3846 2560 3886 suum
2591 3844 2913 3896 conversus;
2951 3840 2997 3883 et
3021 3830 3222 3900 ﬁgurae
3252 3842 3443 3884 rectum

1877 3931 1923 3972 et
1951 3921 2271 3974 luculentum
2291 3961 2306 3984 ,
2331 3922 2432 3974 hoc
2463 3928 2566 3984 est,
2597 3930 2815 3989 propter
2844 3920 3068 3990 ﬁguram
3090 3922 3334 3990 corporis
3362 3921 3444 3975 sui

1877 4021 2079 4066 rectam
2107 4022 2162 4065 et
2186 4012 2420 4076 claram;
2469 4022 2516 4065 et
2542 4012 2823 4065 secundum
2870 4022 3114 4065 naturam
3161 4012 3444 4080 principale

1872 4112 1918 4154 et
1943 4100 2134 4170 regale,
2164 4101 2287 4170 quia
2313 4109 2502 4152 natura
2531 4101 2762 4152 humana
2791 4100 2856 4153 ad
2887 4099 3241 4168 principatum
3269 4108 3320 4152 et
3354 4114 3438 4152 re-

1871 4195 2050 4263 gimen
2083 4193 2244 4247 totius
2283 4192 2551 4246 sensibilis
2578 4193 2760 4246 tnumli
2807 4201 2988 4245 creata
3018 4201 3101 4244 est
3126 4193 3202 4254 ⁸⁷,
3231 4202 3277 4244 et
3300 4193 3437 4260 quod

1868 4286 2150 4337 secundum
2173 4300 2379 4336 sensum
2418 4285 2686 4336 minintum
2718 4284 2947 4352 quidem.
2979 4292 3231 4352 quantum
3261 4284 3331 4336 ad
3357 4300 3437 4335 re-

1865 4373 2032 4444 liquas
2071 4373 2510 4426 irrationabilium
2537 4372 2844 4425 animalium
2869 4372 2918 4406 ¹⁸
2944 4374 3173 4436 virtutes,
3202 4374 3433 4426 omnium

208 4449 314 4506 Non
363 4461 595 4513 ηιξηιιιαε
625 4463 678 4514 in
727 4465 962 4519 omnibus
989 4467 1258 4524 ditissimis
1291 4449 1476 4528 διᾶἱιηει
1513 4449 1754 4532 ['rad-in'o.
1793 4464 1838 4522 υ
1865 4483 1983 4520 vero
2027 4465 2440 4535 potentissimum
2491 4465 2769 4516 secundum
2801 4464 3087 4517 intellectus
3118 4467 3432 4534 magnitudi-

205 4541 645 4606 nibus;omnibus
687 4551 949 4621 siquidem
997 4557 1257 4614 ditissime
1307 4565 1539 4633 seipsum
1594 4573 1756 4625 tradit

201 4633 475 4695 aequaliter
529 4647 585 4690 et
644 4638 697 4692 in
753 4642 897 4696 nullo
941 4645 1198 4713 minutus,
1243 4655 1490 4720 quamvis
1539 4673 1642 4713 non
1701 4662 1750 4714 in

200 4723 428 4777 omnibus
510 4729 810 4797 aequaliter
884 4737 1222 4803 operationes
1292 4757 1417 4797 suas
1477 4761 1747 4803 exerceat.

1865 4574 1978 4612 nem
2009 4558 2210 4619 virtute,
2239 4555 2340 4609 hoc
2380 4564 2480 4616 est,
2513 4565 2731 4624 propter
2760 4555 3034 4608 minimum
3059 4555 3105 4586 "
3136 4557 3432 4626 corporalis

1863 4664 2054 4703 sensus
2097 4646 2314 4701 virtutis
2337 4647 2390 4699 in
2435 4645 2835 4714 comparatione
2862 4645 3187 4714 reliquorum
3219 4647 3427 4701 anima-

1862 4741 2010 4794 lium.
2042 4739 2264 4794 ΛευιΞὼ
2294 4737 2340 4769 ⁸ο
2368 4738 2513 4792 enim
2554 4737 2695 4791 videt
2727 4737 2902 4805 aquila
2940 4737 3185 4803 homine;
3232 4737 3425 4796 fortius

1449 4895 1700 4951 VARIAE
1741 4897 2136 4953 LECTIONES.

247 5007 494 5071 ‘Bltttnc
519 5016 750 5088 igneum.
822 5018 969 5074 'Pro
992 5031 1039 5075 et
1076 5026 1362 5096 aequaliter
1407 5030 1448 5082 A
1494 5041 1539 5084 et
1587 5031 1957 5102 aequalitater,
1999 5033 2036 5087 Β
2076 5030 2442 5103 aequalitatem
2483 5029 2500 5097 (
2514 5039 2694 5099 punct.
2740 5030 2796 5083 B'
2843 5029 2948 5098 adj.
2993 5027 3244 5101 videtur).
3321 5031 3344 5065 ⁸
3377 5019 3414 5073 Β

182 5099 581 5174 ircongruenter.

684 5109 900 5187 ‘_Cprr.
959 5115 1049 5177 B',
1096 5133 1194 5186 pro
1239 5123 1628 5187 supereminens
1670 5123 1760 5178 AB
1809 5123 2152 5176 subeminens.

2247 5119 2404 5192 [per
2445 5135 2571 5192 om:
2595 5119 2657 5174 A.
2691 5189 2704 5192 _
2730 5119 2752 5150 °
2793 5118 2884 5175 Sic
2920 5119 3033 5192 AB.
3122 5121 3142 5153 '
3181 5121 3222 5175 Β
3275 5121 3412 5192 igne.

185 5171 401 5228 'aatura
438 5193 548 5232 om.
590 5180 650 5232 Β.
723 5180 748 5212 ⁹
774 5183 815 5236 Β
842 5193 918 5237 est
946 5171 1181 5240 naturae
1231 5185 1276 5220 ³⁸
1305 5171 1634 5256 λεώ-ἐι,ηῇ
1670 5171 1758 5248 ἶιῆ
1895 5196 2097 5262 (punct.
2141 5188 2246 5258 adi.
2276 5191 2386 5260 B').
2463 5189 2504 5223 ⁸¹
2542 5189 2602 5243 B'
2639 5189 2706 5242 ad
2751 5205 2918 5261 marg.
2971 5191 3149 5245 adscr.
3197 5207 3241 5244 st
3285 5209 3410 5246 non.

955 5274 1096 5347 'f_B‘
1139 5295 1296 5347 supra
1333 5285 1507 5337 adscr.
1549 5295 1645 5338 est.

177 5259 213 5292 "
251 5264 492 5332 Emend.,
529 5272 620 5324 ΑΒ
658 5271 866 5328 coloris.
955 5274 1000 5308 ¹³
1039 5277 1096 5329 B‘
1139 5295 1296 5347 supra
1333 5299 1344 5335 ε

178 5325 217 5414 Ii
245 5333 392 5414 EW-
441 5339 528 5401 θ’.
561 5341 886 5414 ABAmum’s.
977 5344 1022 5380 ί*
1055 5349 1093 5399 Α
1123 5348 1344 5414 fortasse

245 5333 392 5389 Corr.
441 5325 528 5401 B",
561 5341 649 5394 AB
688 5325 886 5396 multis.

178 5393 212 5422 ²¹
243 5401 281 5454 Β
320 5393 593 5480 μείων-ει(
633 5409 680 5442 ”
717 5393 898 5480 Ar

169 5483 272 5524 sunt
310 5474 398 5528 ΑΒ
426 5479 668 5532 indicina.

166 5551 457 5598 creatorem.
530 5545 578 5580 ³⁸
617 5551 926 5605 unitnaliunt
962 5570 1096 5619 om.,
1121 5559 1297 5611 addidi
1330 5575 1358 5614 ο
1404 5575 1544 5616 vers.
1597 5574 1652 5615 ct
1682 5571 1810 5615 text.
1859 5575 2037 5630 graec.

166 5622 352 5665 παίω.

477 5719 488 5724 ’
568 5713 833 5771 Ρλτιιοιη
881 5717 979 5773 CX
997 5718 1040 5774 Χ
1060 5716 1133 5780 ll,

1742 5285 1788 5318 “
1823 5283 1976 5336 Corr.
2009 5285 2088 5343 B',
2127 5282 2212 5335 ΑΒ

1459 5353 1504 5385 ³⁸
1541 5371 1643 5407 non
1685 5369 1792 5408 om.
1838 5353 1955 5411 AB.
1989 5354 2162 5406 adscr.
2195 5354 2274 5404 B'.
2348 5353 2395 5384 '°
2437 5353 2477 5404 Β
2514 5353 2814 5434 materiem,
2847 5353 2908 5404 B'
2937 5367 3079 5434 corr.
3111 5357 3372 5434 materiam

976 5415 1023 5447 ³³
1063 5418 1214 5470 (Sorr.
1264 5420 1348 5483 B‘,
1399 5422 1487 5476 ΑΒ
1533 5426 1853 5489 praedicare.
1928 5422 1974 5454 ’λ
2012 5423 2069 5474 B‘
2099 5437 2257 5488 snpra
2301 5423 2473 5476 adscr.
2520 5432 2615 5474 est.
2687 5421 2738 5456 ³⁸
2775 5421 2937 5491 Carr.
2982 5421 3042 5473 B'
3082 5437 3178 5491 pro
3214 5427 3410 5478 indicia

763 5481 810 5512 "
853 5482 955 5537 Pro
984 5489 1294 5541 naturaliter
1337 5481 1384 5544 et
1430 5481 1808 5545 rationabiliter
1842 5493 1877 5543 Β
1910 5481 2287 5546 rationabiliter
2331 5502 2376 5544 et
2419 5493 2798 5545 naturabiliter.

2239 5280 2528 5364 quandam.
2626 5282 2671 5316 ³⁸
2688 5281 2746 5364 ,Β
2772 5299 2908 5364 nec;
2983 5282 3026 5315 ³⁸
3047 5283 3135 5337 ΑΒ
3158 5284 3403 5364 cali/icor-

2348 5351 2395 5384 ’°
2437 5353 2477 5404 Β
2514 5352 2800 5412 materiem,
2847 5352 2908 5404 B'
2937 5367 3079 5404 corr.
3111 5357 3408 5409 materiam.
3477 5399 3481 5404 .

2895 5490 2939 5523 ⁸⁷
2980 5490 3129 5544 Carr.
3167 5491 3265 5552 .B‘,
3316 5496 3411 5548 Alt

2139 5560 2183 5592 ³³
2207 5561 2358 5615 Carr.
2395 5563 2474 5621 It',
2509 5562 2594 5614 ΑΒ
2626 5563 2857 5613 nimiunn
2962 5560 3004 5592 ³⁹
3025 5561 3178 5615 Cum
3205 5561 3288 5626 θ’.
3317 5567 3404 5620 ΑΒ

3011 5727 3046 5785 9
