3952 6156
438 286 554 342 259

1801 276 2083 334 JOANNlS
2123 273 2319 331 SCOTI

3582 271 3683 322 231s

446 399 601 456 cauis
625 397 818 453 odores
858 392 1130 451 discernit.
1175 390 1240 446 Et
1283 389 1525 458 sequitur
1550 404 1563 439 :
1592 386 1833 441 omnium
1880 400 2007 441 vero
2036 390 2081 448 Α
2109 383 2320 437 divinae
2348 381 2714 451 inspirationis
2742 382 3125 453 susceptivum.
3155 379 3563 451 luspirationem
3593 397 3689 450 pu-

450 487 878 561 potentissimum
941 482 1135 536 virtute
1172 477 1554 550 magnitudinis
1595 474 1915 531 intellectus.
1944 474 2015 530 Ut

452 583 597 643 enim
629 580 774 636 solus
803 577 981 631 minus
1022 572 1205 627 multis
1235 570 1555 626 animalibus
1580 583 1808 623 acumen
1854 566 2015 621 habet

449 670 735 733 sentiendi,
780 668 851 720 ita
898 664 1042 719 solus
1071 662 1326 716 cunctis"
1364 659 1728 713 animantibus
1758 658 2014 711 virtutem

447 760 681 831 possidet
715 751 1063 823 intelligendi.
1104 748 1186 802 'Et
1233 750 1514 803 secundum
1544 744 1904 800 rationabilem
1935 743 2016 797 in-

446 848 779 920 telligentiam
816 842 1184 904 continuitate;
1211 840 1384 892 virtus
1404 836 1665 905 siquidem
1684 832 2015 888 rationabilis

445 935 705 994 scientiae
757 934 1010 989 continua
1060 938 1183 993 est;
1212 928 1361 998 prius
1404 927 1546 980 enim
1586 925 1793 978 desinet
1843 922 2016 977 subsi-

443 1035 587 1084 stere
602 1063 617 1089 ,
645 1037 807 1092 quam
830 1022 1019 1075 saltem
1039 1017 1064 1050 ⁸
1092 1016 1174 1072 vel
1198 1015 1419 1069 minimo
1440 1013 1460 1044 ³
1484 1019 1753 1067 momento
1771 1011 2011 1064 rationa-

443 1117 539 1175 bili
583 1116 607 1148 "
660 1113 885 1169 scientia
937 1123 1145 1165 carere.
1199 1107 1265 1160 Et
1307 1104 1588 1159 secundum
1628 1112 1816 1157 natura
1845 1101 1867 1133 ⁸
1895 1101 2012 1153 ani-

447 1224 561 1264 mae
588 1205 805 1259 liberum
834 1212 883 1256 et
925 1199 1374 1270 potentissimum;
1418 1194 1548 1248 nulli
1576 1193 1773 1262 quippe
1799 1189 2009 1245 anima-

442 1296 572 1353 lium
600 1303 814 1366 praeter
836 1291 1105 1347 hominem
1136 1289 1359 1342 liberum
1390 1283 1669 1339 arbitrium
1694 1290 1748 1336 et
1774 1280 2010 1350 potentia

447 1385 725 1442 electionis
764 1383 946 1435 datum
977 1389 1060 1433 est
1089 1375 1424 1431 naturaliter.
1458 1373 1559 1428 Ubi
1580 1373 1739 1427 datur
1763 1370 2007 1441 intelligi,

443 1478 667 1532 liberum
689 1452 977 1527 voluntatis
1001 1467 1279 1522 arbitrium
1306 1465 1447 1517 inter
1467 1462 1591 1516 data
1621 1468 1843 1514 naturae
1860 1499 1875 1525 ,
1904 1475 2010 1514 non

443 1568 586 1621 inter
608 1565 746 1618 dona
773 1562 794 1592 ⁸
825 1560 1030 1631 gratiae
1052 1553 1489 1624 computandum.

513 1656 609 1710 Est
637 1664 808 1707 autem
835 1660 882 1705 et
907 1651 927 1681 '
969 1663 1060 1719 per
1082 1644 1309 1714 singula,
1344 1651 1408 1696 ut
1438 1640 1679 1703 aestimo,
1722 1637 2011 1707 corporalis

2116 474 2224 530 suit
2243 489 2339 546 pro
2358 472 2763 539 vociferatione,
2783 489 2850 530 eo
2870 474 3170 541 modo,quo
3190 480 3351 527 causa
3372 486 3470 541 pro
3491 471 3689 527 effectu

2114 565 2354 636 ponitur.
2377 564 2550 619 Causa
2582 572 2759 618 autem
2792 565 2936 619 vocis
2963 573 3045 620 est
3070 562 3289 634 spiritus
3314 563 3614 617 aethereus.

2104 686 2109 689 -
2185 653 2483 708 Gustativas
2504 664 2675 707 autem
2697 652 3032 706 invisibilium
3053 667 3290 706 acorum
3314 650 3690 720 plenitudinem

2112 753 2160 798 et
2212 744 2507 796 diuinarum
2553 752 2601 796 et
2645 742 2895 796 alentium
2937 751 3268 811 promotuum
3301 741 3690 807 suscepturum,

2115 830 2217 884 hoc
2245 837 2351 893 est,
2379 830 2678 900 gustativas
2700 830 2926 883 virtutes
2952 829 3138 883 dicunt
3177 827 3481 897 signiﬁcare
3507 828 3686 897 pleni-

2116 920 2352 973 tudinem
2378 920 2421 952 ¹⁸
2441 918 2786 973 invisibilium
2808 926 2863 972 et
2883 918 3181 972 divinarum
3201 931 3471 981 escarum,
3492 919 3690 986 quibus

2112 1011 2375 1067 caelestes
2388 1010 2655 1065 essentiae
2675 1009 3014 1075 reﬁciuntur;
3036 1008 3341 1080 signiﬁcare
3351 1010 3512 1063 etiam
3532 1008 3685 1071 illud,

2110 1099 2253 1168 quod
2304 1098 2356 1152 in
2402 1098 2483 1153 eis
2529 1098 2789 1167 suscipit.
2821 1096 3039 1152 Alentes
3088 1104 3393 1166 promotus,
3425 1098 3527 1152 hoc
3563 1111 3685 1161 est,

2112 1186 2402 1242 nutrientia
2432 1185 2785 1241 incrementa.

2183 1276 2431 1332 Factivas
2473 1293 2591 1331 vero
2631 1275 2976 1330 convenientis
3004 1286 3095 1329 aut
3121 1274 3348 1329 nocentis
3377 1274 3434 1327 in
3468 1273 3685 1328 scientia

2108 1369 2512 1439 diagnosticam.
2543 1367 2821 1431 Virtutes,
2857 1366 3051 1435 inquit,
3089 1380 3228 1435 quae
3270 1366 3325 1420 in
3361 1381 3522 1421 sensu
3563 1376 3687 1419 tan-

2111 1459 2271 1531 gendi
2299 1466 2452 1522 sunt,
2485 1457 2671 1512 dicunt
2696 1454 2998 1526 signiﬁcare
3038 1454 3425 1524 diagnosticum
3464 1455 3537 1520 ¹⁹,
3579 1455 3686 1510 hoc

2108 1558 2194 1606 est
2219 1548 2564 1604 discretivum
2596 1547 2651 1601 in
2680 1546 2904 1601 scientia
2926 1585 2940 1612 ,
2969 1560 3078 1615 quo
3101 1545 3360 1601 caelestes
3388 1548 3687 1612 essentiae,

2109 1640 2251 1709 quod
2287 1638 2389 1693 sibi
2431 1637 2718 1702 convenit,
2743 1638 2811 1692 ab
2845 1652 2911 1692 eo
2934 1676 2949 1701 ,
2980 1637 3120 1707 quod
3148 1637 3249 1691 sibi
3281 1639 3687 1702 nocet,-distin-

441 1758 647 1805 nostrae
668 1714 979 1812 multiplicis-
998 1737 1293 1809 partitionis
1333 1735 1558 1788 invenire
1576 1731 1822 1787 caelestes
1846 1730 2010 1784 virtu-
2041 1714 2086 1774 Β
2111 1740 2282 1805 guunt
2302 1731 2369 1786 '°.
2398 1730 2514 1798 Quo
2541 1745 2701 1785 sensu
2730 1729 3049 1799 intelligibili
3076 1729 3179 1787 frui
3208 1729 3451 1784 noluerat
3475 1731 3685 1799 primus

439 1851 535 1894 tes.
582 1838 693 1902 Est,
741 1833 936 1903 inquit,
962 1828 1427 1897 TheosOphorum,
1472 1825 1733 1899 caelestes
1762 1824 2006 1886 virtutes,

441 1934 543 1983 hoc
586 1934 668 1979 est
712 1920 1024 1978 caelestium
1057 1919 1312 1971 virtutum
1340 1917 1599 1984 imagines
1632 1914 1869 1968 invenire
1909 1927 2010 1983 per

440 2016 642 2087 singula
693 2013 958 2076 membra,
987 2018 1047 2063 ut
1069 2008 1272 2079 judico,
1319 2007 1513 2076 quibus
1540 2005 1817 2075 multiplex
1842 2004 2008 2074 parti-

437 2109 561 2163 Inilis
580 2105 749 2161 nostri
779 2102 1021 2171 corporis
1050 2099 1330 2154 harmonia
1359 2099 1653 2152 constituta
1689 2106 1790 2151 est.
1820 2096 2008 2151 Dicen-

438 2210 530 2262 tes,
575 2195 916 2263 conspectivas
949 2191 1158 2262 quidem
1178 2188 1474 2259 signiﬁcare
1500 2190 1710 2243 virtutes
1740 2189 1911 2257 ipsum
1937 2187 2006 2242 ad

431 2290 609 2341 z’ivina
631 2283 913 2338 luminaria
928 2281 1275 2335 clarissimum
1302 2289 1607 2347 respectum,
1632 2279 1734 2331 hoc
1753 2285 1854 2341 est,
1877 2277 2005 2331 dum

438 2377 621 2429 dicunt
647 2371 972 2441 Theosophi,
1004 2369 1363 2425 clarissimum
1388 2370 1664 2422 oculorum
1701 2378 2004 2423 nostrorum

428 2466 732 2521 contuitum
789 2466 843 2519 in
896 2464 1076 2517 divina
1127 2462 1430 2523 luminaria,
1460 2476 1490 2512 a
1525 2460 1632 2514 Deo
1660 2458 1905 2513 videlicet
1948 2458 2002 2511 in

438 2554 587 2610 caelo
603 2555 842 2619 condita,
870 2553 1174 2621 signiﬁcare
1187 2550 1634 2619 contemplativas
1655 2547 1967 2603 caelestium
1981 2547 2004 2579 ⁸

434 2646 792 2703 essentiarum
844 2645 1092 2699 virtutes.
1137 2641 1209 2695 Et
1252 2643 1439 2696 iterum
1479 2650 1709 2694 teneram
1756 2647 1805 2692 et
1848 2637 2002 2708 liqui-

433 2738 556 2790 dam
581 2745 629 2789 et
665 2751 766 2788 non
792 2731 1280 2803 repercussam,sed
1304 2728 1716 2784 acutemobilem
1739 2738 1786 2781 et
1812 2742 2001 2797 puram

435 2837 486 2882 et
515 2826 726 2897 planam
754 2822 1165 2895 impassibiliter,
1192 2821 1472 2886 subaudis,
1496 2819 1770 2876 oculorum
1794 2828 2002 2875 nostro-

434 2931 552 2969 rum
574 2913 925 2969 intentionem
960 2912 1288 2981 significare,
1310 2912 1607 2964 divinarum
1627 2911 2000 2980 susceptionem

429 3006 896 3069 illuminationum,
927 3019 1031 3074 qua
1056 3004 1319 3058 caelestes
1344 3004 1571 3057 virtutes
1603 3002 1810 3057 divinas
1831 3002 1999 3056 susci-

428 3098 585 3167 piunt
636 3097 1052 3151 illuminationes
1095 3080 1381 3160 ’fPupilla
1419 3092 1680 3160 siquidem
1721 3091 1998 3146 oculorum

431 3197 639 3251 tenera,
668 3186 868 3254 liquida
899 3184 964 3250 ‘°,
988 3191 1062 3247 et,
1093 3182 1221 3237 dum
1242 3183 1319 3237 sit
1343 3196 1493 3248 sana,
1524 3180 1750 3252 caligine
1782 3196 1886 3234 non
1914 3194 1997 3234 re-

430 3277 732 3349 percutitur
767 3278 829 3329 “.

502 3365 632 3419 Post
651 3363 835 3419 oculos
859 3362 1011 3432 ponit
1049 3361 1324 3418 olfactum.
1352 3360 1672 3431 Olfactuum
1700 3363 1744 3395 "
1770 3379 1885 3417 vero
1912 3364 1999 3416 di-

429 3456 672 3510 scretivas
703 3455 932 3520 uirtutes,
961 3454 1187 3508 subaudi
1214 3469 1229 3507 :
1259 3455 1498 3510 dicentes
1524 3454 1827 3524 signiﬁcare
1849 3455 1996 3519 illud,

428 3562 588 3616 super
607 3545 923 3599 intellectum
952 3542 1293 3599 suaveolentis
1322 3544 1722 3609 distributionis,
1746 3553 2000 3613 quantum

426 3636 766 3709 possibile“,
810 3635 1138 3705 receptivum,
1171 3643 1219 3688 et
1243 3651 1347 3689 non
1367 3634 1666 3703 ltujusmodi
1686 3635 1900 3688 scientia
1926 3635 2002 3688 di-

426 3729 728 3791 scretivum,
743 3735 791 3780 et
803 3727 1011 3779 omnino
1028 3725 1375 3794 refugitivum.
1392 3723 1601 3786 Dicunt,
1621 3723 1814 3792 inquit,
1832 3722 2003 3779 Theo-

428 3818 601 3887 sOphi,
634 3814 894 3879 olfactus,
922 3813 1115 3883 quibus
1151 3813 1509 3867 discernimus
1529 3812 1900 3867 exhalationes
1933 3812 1996 3877 η’,

429 3905 736 3977 signiﬁcare
766 3905 819 3958 in
851 3903 1175 3959 caelestibus
1204 3902 1454 3957 essentiis
1489 3903 1639 3968 illud,
1697 3903 1838 3971 quod
1866 3902 2001 3957 reci-

430 4001 507 4072 pit
528 4010 690 4068 super
721 4013 877 4052 suum
905 3996 1235 4051 intellectum
1262 3995 1655 4051 suaveolentem
1674 3994 2000 4050 distributio.

427 4106 573 4155 nem,
605 4088 909 4144 divinarum
941 4087 1195 4142 videlicet
1231 4088 1527 4157 gratiarum
1557 4087 1895 4151 donationes,
1944 4094 2001 4141 ει

426 4181 570 4252 quod
596 4180 854 4234 discernit
870 4192 971 4247 per
987 4177 1265 4232 scientiam
1281 4192 1386 4231 non
1405 4177 1448 4208 ¹⁸
1470 4175 1794 4246 hujusmodi,
1820 4177 1870 4231 id
1891 4187 1997 4243 est,

423 4280 563 4342 ’quae
596 4270 727 4325 tales
756 4285 863 4324 non
886 4277 1046 4335 sunt;
1089 4278 1142 4322 et
1165 4266 1211 4300 ¹⁶
1242 4269 1462 4322 omnino
1485 4266 1708 4338 refugit;
1739 4269 1999 4323 discernit

2111 1828 2295 1890 homo,
2323 1823 2416 1894 qui
2444 1822 2614 1877 noluit
2640 1822 3046 1877 convenientem
3076 1820 3174 1875 sibi
3206 1821 3563 1876 obedientiam
3588 1837 3683 1875 sc-

2107 1916 2221 1985 qui,
2251 1922 2307 1970 et
2332 1922 2612 1969 nocentem
2641 1913 2745 1967 sibi
2771 1911 3077 1981 superbiam
3106 1910 3290 1982 fugere
3308 1953 3323 1977 ,
3351 1908 3488 1966 siciit
3510 1913 3686 1967 noluit

2108 2007 2363 2067 aeternae
2393 2009 2740 2065 beatitudinis
2769 2022 2950 2063 escam
2977 2014 3226 2078 gustare,
3255 2004 3409 2075 cujus
3448 2003 3682 2073 plenitu-

2107 2104 2283 2160 dinem
2327 2104 2373 2158 si
2420 2104 2750 2171 susciperet,
2794 2100 3030 2155 aeternis
3073 2087 3417 2153 incrementis
3463 2096 3685 2149 divinae

2105 2193 2575 2263 concupiscentiae
2618 2203 2674 2247 et
2719 2191 2955 2246 aleretur
2980 2198 3036 2242 et
3071 2188 3471 2256 proveheretur.
3495 2184 3685 2238 Noluit

2105 2280 2355 2337 similiter
2381 2279 2726 2335 intellectuali
2773 2292 2905 2332 aure
2951 2276 3225 2345 suscipere
3258 2289 3440 2330 vocem
3470 2274 3683 2341 pracci«

2103 2372 2303 2442 pientis
2353 2371 2455 2425 sibi
2507 2370 2727 2425 obedire
2774 2368 3088 2432 mandatis,
3136 2366 3307 2420 noluit
3356 2365 3680 2434 intelligibili

2102 2460 2299 2517 olfactu
2343 2461 2712 2516 suaveolentes
2742 2468 2992 2515 aeternae
3030 2458 3171 2512 vitae
3204 2455 3566 2511 exhalationes
3603 2455 3683 2507 ali

2102 2561 2354 2608 aeternae
2376 2552 2563 2605 mortis
2585 2550 2798 2604 foetidis
2814 2551 2858 2582 ¹¹¹
2884 2546 3314 2603 exhalationibus
3337 2545 3679 2608 discernere,

2101 2643 2271 2700 noluit
2301 2642 2697 2712 pulcherrimae
2736 2641 2980 2694 veritatis
3009 2637 3242 2707 speciem
3285 2633 3636 2703 contemplari
3656 2672 3677 2697 ,

2102 2733 2275 2788 noluit
2315 2748 2528 2787 sursum
2573 2746 2633 2786 se
2674 2731 2885 2800 erigere
2908 2731 2963 2784 in
2991 2744 3111 2784 eum
3135 2768 3150 2793 ,
3182 2727 3271 2797 qui
3299 2742 3356 2781 se
3389 2724 3684 2795 diligentes

2099 2829 2311 2898 sibique
2341 2828 2695 2880 adhaerentes
2735 2824 2982 2888 deiﬁcat,
3013 2822 3107 2878 sed
3144 2834 3348 2891 pronus
3390 2820 3444 2873 in
3488 2832 3679 2871 rerum

2100 2920 2394 2976 carnalium
2419 2918 2831 2974 delectationem
2856 2926 2911 2971 et
2939 2912 3421 2985 concupiscentiam
3444 2910 3678 2974 corruit,

2099 3013 2244 3065 omni
2270 3009 2535 3081 spirituali
2563 3024 2722 3062 sensu
2746 3007 3007 3076 privatus.

2171 3098 2456 3167 Palpebras
2487 3095 2673 3149 deinde
2697 3105 2746 3148 et
2770 3094 3046 3165 supercilia
3084 3093 3376 3147 divinarum
3416 3090 3682 3143 uisionum

2097 3188 2467 3259 intelligentiae
2500 3186 2888 3252 custoditivum,
2928 3184 3221 3240 subaudis:
3252 3180 3557 3254 signiﬁcare
3594 3181 3682 3235 di-

2099 3288 2245 3335 cunt.
3064 3322 3067 3327 .

2170 3369 2460 3425 Juvenilem
2483 3372 2602 3425 verb
2626 3379 2674 3425 et
2700 3368 2936 3423 adultam
2967 3376 3187 3421 aetatem
3212 3364 3345 3418 illud
3379 3366 3683 3418 inuovantis

2099 3478 2299 3531 semper
2336 3462 2504 3516 vitalis
2546 3463 2771 3527 virtutis,
2823 3462 2926 3516 hoc
2952 3467 3053 3521 est,
3103 3457 3244 3514 illud.
3272 3456 3414 3526 quod
3448 3465 3686 3510 renovat

2099 3568 2313 3621 semper
2337 3552 2546 3606 vitalem
2587 3553 2842 3607 virtutem
2867 3590 2881 3614 ,
2912 3549 3207 3620 imaginare
3249 3547 3454 3601 dicunt.
3487 3543 3596 3599 Sed
3630 3547 3684 3598 si

2099 3645 2334 3713 quaeris,
2370 3645 2498 3714 quid
2527 3651 2612 3698 est
2641 3643 2770 3697 illud
2797 3652 2851 3697 et
2889 3641 3014 3695 illud
3041 3650 3142 3705 ,.et
3179 3640 3604 3708 quotiescunque
3629 3639 3685 3669 “

2099 3736 2153 3791 in
2183 3736 2284 3791 hac
2321 3722 2681 3806 disputi‘tione
2714 3735 2909 3789 dicitur
2938 3732 3100 3797 illud,
3130 3746 3235 3784 uno
3262 3729 3419 3783 modo
3454 3745 3683 3799 poSsum

2099 3829 2462 3898 respondere:
2495 3828 2625 3883 illud
2652 3824 3027 3888 estineﬁ'abile
3059 3831 3115 3877 et
3156 3821 3427 3891 multiplex
3460 3820 3687 3876 divinae

2099 3917 2493 3972 distributionis
2523 3931 2717 3969 munus
2746 3915 2799 3968 in
2827 3928 3014 3968 omnes
3038 3912 3246 3966 divinas
3269 3907 3557 3969 essentias.

2165 4006 2357 4059 Dentes
2400 4016 2574 4059 autem
2606 4004 2878 4058 divisivum
2904 4003 3101 4056 inditae
3128 4001 3402 4055 nutrientis
3431 3998 3478 4031 ³³
3504 3997 3690 4067 perfe—

2097 4097 2303 4149 ctionis.
2330 4096 2528 4150 Dentes
2552 4097 2837 4159 humanos,
2872 4094 3045 4162 inquit
3065 4092 3134 4157 “,
3162 4091 3346 4145 dicunt
3374 4089 3688 4159 imaginare

2097 4187 2415 4249 divisivum,
2464 4187 2565 4239 hoc
2603 4194 2686 4238 est
2722 4184 3092 4247 discretivum,
3120 4182 3262 4250 quod
3289 4180 3510 4235 inditam
3547 4194 3689 4235 cae-

2098 4274 2319 4328 Iestibus
2369 4274 2617 4329 essentiis
2673 4273 2983 4327 nutritivam
3033 4272 3206 4342 pascit
3262 4270 3685 4341 perfectionem.

420 4362 625 4432 quippe
669 4361 851 4414 divina
881 4360 1053 4414 virtus
1105 4356 1581 4428 superessentiales
1630 4371 1661 4411 a
1705 4358 1993 4413 contrariis
2026 4387 2071 4445 ι)
2100 4355 2448 4432 Unaquaeque
2467 4364 2606 4416 enim
2626 4365 2846 4417 essentia
2860 4360 3285 4416 "intellectualis
3309 4361 3558 4415 donatam
3573 4362 3693 4415 sibi

420 4467 634 4516 earum,
688 4451 830 4505 sicut
855 4448 1141 4504 olfaciendi
1196 4461 1386 4503 sensus
1413 4447 1786 4504 suaveolentes
1810 4461 1843 4503 a
1883 4464 1989 4503 non

425 4540 855 4598 suaveolentihus
888 4537 1171 4605 distinguit
1208 4536 1593 4592 eshalationcs.
2014 4526 2017 4527 ⁷

408 4676 417 4677 κ
493 4631 721 4685 Aurium
739 4646 860 4684 vero
888 4630 1099 4685 virtutes
1125 4629 1309 4682 dicunt
1333 4627 1637 4697 signiﬁcare
1664 4628 1793 4683 illud
1827 4628 1993 4697 parti-

424 4736 541 4793 ceps
572 4730 628 4776 et
661 4721 961 4791 gnosticum
985 4717 1191 4774 divinae
1226 4716 1585 4785 inspirationis
1613 4718 1993 4785 susceptivum;

425 4811 603 4884 plane,
629 4808 883 4879 quicquid
906 4808 976 4862 sit
997 4806 1144 4870 illud,
1169 4806 1310 4875 quod
1336 4804 1377 4836 "
1400 4805 1668 4874 particeps
1684 4816 1769 4860 est
1795 4807 1849 4861 in
1873 4821 1996 4884 cae-7

420 4879 649 4957 lestibus
681 4899 933 4955 essentiis
954 4938 971 4966 ,
1010 4906 1066 4953 et
1086 4897 1387 4968 gnosticum
1406 4936 1421 4963 ,
1450 4897 1506 4953 id
1536 4906 1622 4954 est
1641 4879 1995 4969 cognitivum,

2097 4473 2129 4508 a
2158 4453 2413 4507 diviniore
2453 4452 2764 4519 uniformem
2802 4451 3194 4519 intelligentiam
3234 4449 3450 4521 provida
3486 4451 3694 4505 virtute

2097 4541 2279 4595 dividit
2316 4550 2362 4594 et
2397 4540 2710 4609 multiplicat
2757 4543 2827 4593 ad
2867 4540 3130 4609 inferioris
3166 4540 3450 4593 ductricem
3484 4538 3693 4593 analo-

2097 4637 2254 4707 giam.
2288 4635 2576 4705 PrOpterea
2604 4635 2788 4689 dicunt
2814 4650 2914 4704 per
2933 4634 3120 4689 dentes
3144 4632 3359 4704 ﬁgurari
3376 4630 3691 4687 discretio-

2099 4740 2223 4780 nem
2261 4719 2340 4790 ³⁸,
2387 4740 2525 4793 quae
2564 4723 2978 4779 intellectualem
3018 4721 3402 4792 perfectionem
3444 4720 3697 4779 inditam

2101 4814 2425 4869 caelestibus
2468 4812 2717 4868 essentiis
2768 4812 2938 4866 nutrit
2963 4851 2980 4877 ,
3021 4812 3274 4881 quoniam
3318 4820 3700 4880 unaquaeque

2099 4905 2336 4959 essentia
2377 4901 2756 4981 intellectujalis
2799 4903 3046 4957 donatam
3078 4901 3181 4957 sibi
3224 4916 3257 4957 a
3291 4902 3594 4967 diviniora,
3626 4903 3702 4959 id

1707 5031 1962 5089 VARIAE
1995 5034 2396 5092 LECTlONES.
2672 5106 2675 5109 Α
3118 5107 3124 5113 _

493 5148 510 5185 ι
551 5145 616 5203 Β·
659 5160 824 5217 supra
859 5144 1034 5199 adscr.
1075 5159 1202 5212 prae
1233 5143 1460 5199 cunctis.
1535 5144 1557 5174 ²
1579 5143 1624 5198 Α
1647 5143 1890 5209 salutem,
1915 5146 1955 5198 Β
1979 5146 2204 5217 salutent
2224 5154 2431 5217 (punet.
2461 5144 2568 5215 adj.
2593 5146 2701 5218 B‘).
2777 5146 2799 5178 ³
2832 5146 2894 5201 Β⁶
2917 5160 3061 5203 corr.
3096 5146 3153 5202 in
3174 5163 3297 5202 uno.
3374 5146 3396 5179 ⁸
3416 5146 3702 5217 Emend.,

423 5239 514 5296 AB
563 5232 910 5290 rationabilis.
1011 5232 1034 5263 ⁸
1077 5232 1340 5297 Emend.,
1392 5231 1479 5284 AB
1522 5242 1784 5286 naturam.
1879 5233 1900 5263 ⁸

422 5326 532 5365 om.
559 5306 619 5361 Β.
692 5304 714 5337 ⁸
754 5304 836 5359 Ad
877 5316 1048 5369 marg.
1074 5317 1215 5356 corr.
1256 5303 1341 5365 B',
1362 5301 1450 5355 AB
1474 5304 1703 5355 virtutes.

426 5380 470 5411 ³²
507 5378 685 5439 Corn,
717 5373 807 5428 AB
841 5372 1108 5441 olfactum.
1194 5370 1247 5441 j’
1285 5369 1345 5423 Β·
1388 5385 1551 5441 supra
1593 5373 1763 5425 adscr.
1811 5383 1907 5425 est.

427 5448 472 5479 "
499 5446 626 5517 Bel.
729 5444 768 5476 "
814 5439 969 5497 Corr.
1006 5440 1100 5507 B',
1144 5439 1232 5494 AB
1258 5457 1409 5510 quae.

425 5537 469 5604 ἐι
514 5536 599 5589 AB
627 5535 821 5604 (elidis.
859 5602 885 5604 ᾖ
916 5534 965 5604 ’_'_
990 5533 1078 5585 All
1116 5533 1579 5602 quocienscunqae.

1950 5249 2048 5303 pro
2105 5235 2243 5289 dona
2296 5236 2341 5289 Α
2367 5236 2515 5289 data.

1800 5304 1844 5334 ¹⁰
1879 5302 2319 5374 Βίαάεεῐνεεοηκ
2348 5316 2394 5358 et
2423 5305 2624 5374 liquida
2644 5315 2743 5359 est.

2014 5373 2054 5404 "
2094 5372 2181 5425 AB
2223 5372 2561 5428 exalationes.

1509 5440 1553 5470 "
1579 5444 1619 5492 A
1653 5442 2053 5511 plenitudinnm.

1680 5531 1726 5562 ’³
1751 5530 1928 5605 (ἶρις-λ,
1953 5531 1997 5585 Λ
2028 5531 2287 5605 nutritus,
2316 5530 2389 5605 Β]
2423 5531 2537 5605 rad.
2570 5545 2713 5586 corr.
2748 5534 3019 5587 nutricem.
3097 5532 3145 5565 ”
3170 5531 3229 5585 Β.
3256 5533 3450 5599 dentes,
3477 5534 3708 5605 inquit,

2608 5236 2630 5268 "
2659 5235 2813 5290 Corr.
2860 5235 2936 5297 Β,
2982 5236 3071 5290 ΑΒ
3105 5236 3219 5290 hec.
3315 5237 3337 5268 ⁸
3370 5236 3706 5296 caelestium

2837 5307 2879 5338 “
2914 5305 3069 5362 Corr.
3120 5305 3205 5368 B',
3249 5305 3338 5359 AB
3374 5312 3703 5374 repereutit.

2296 5374 2561 5428 elationes.
2662 5374 2708 5406 "
2743 5374 2896 5429 Corr.
2947 5375 3045 5435 B‘,
3092 5390 3195 5495 Ero
3246 5392 3349 5429 non
3386 5374 3474 5427 ΑΒ
3516 5392 3703 5445 quae.

2296 5444 2922 5495 irtutes—diaanosticum
2958 5459 3066 5495 om.
3138 5481 3153 5495 .
3230 5445 3275 5476 ²⁰
3301 5443 3342 5495 Β
3370 5445 3702 5495 distinguit-

2153 5441 2195 5473 ¹⁹
2245 5441 2922 5513 Virtutes—diagnosticum
2958 5459 3066 5498 om.
3092 5441 3153 5497 Β.
3230 5445 3275 5476 ³⁸
3301 5443 3342 5496 Β
3370 5441 3703 5515 distinguit.

418 5600 698 5658 ltuiuanos.
774 5604 822 5635 "
856 5602 897 5655 B
923 5600 1270 5672 Unaquaeque
1307 5604 1526 5654 essentia
1563 5601 1718 5654 enim.
1790 5600 1839 5632 ¹⁶
1868 5600 2017 5655 Corr.
2068 5600 2163 5662 B‘,
2196 5600 2284 5652 AB
2329 5601 2653 5654 discretione.
