3952 6156
1035 200 1059 215 ι’

302 287 377 343 ὶὸι
826 286 1317 345 EXPOSITIONES
1355 286 1578 344 SUPER
1615 281 2035 340 lERARCHlAM
2071 275 2478 335 CAELESTEM
2516 275 2573 332 S.
2618 273 2930 332 DIONYSII.

3387 276 3491 331 9‘2

299 411 361 455 est
382 400 657 468 superiore,
686 401 919 455 essentia
946 400 1267 455 uniformcm
1296 400 1696 470 intelligentiam
1729 412 1821 450 ve-
1856 403 1896 457 Α
1928 402 2143 463 pectora
2167 392 2391 445 innuerc
2430 389 2742 444 indomitam
2781 387 3079 443 custodiam
3112 387 3352 443 vivilicae
3388 390 3493 444 dis-

300 491 372 545 luti
406 489 645 543 dentibus
684 489 1027 546 discretionis
1069 491 1386 546 comminuit
1423 499 1478 545 et
1511 488 1827 558 multiplicat

296 596 372 651 per
408 579 673 648 providam
705 579 955 634 virtutem
992 581 1149 650 juxta
1189 581 1481 634 ductricem
1523 578 1823 647 analogiam

299 668 528 724 inferioris
547 669 835 724 essentiae.
860 670 1163 725 Ductricem
1178 686 1276 740 pro
1290 670 1647 725 educatricem
1669 667 1821 723 dixit.

298 761 446 817 Divina
470 759 735 828 siquidem
768 761 1051 831 mysteria,
1084 761 1184 816 nisi
1212 759 1665 815 intellectualibus
1695 759 1825 812 den-

298 850 407 905 tibus
434 850 581 918 prius
614 852 1077 905 communicantur
1104 867 1134 905 a
1156 851 1444 918 magistris,
1471 865 1576 903 non
1602 857 1826 919 possunt

295 942 506 1012 prodesse
531 942 807 1011 discipulis
835 943 874 1007 ‘,
924 959 1022 998 nec
1054 942 1212 998 vitale
1240 944 1629 998 incrementum
1666 955 1824 1011 prae-

295 1040 421 1084 stare.
441 1028 678 1084 Granum
703 1046 932 1101 namque
955 1032 1178 1102 sinapis,
1207 1032 1309 1087 nisi
1334 1040 1617 1087 contusum
1642 1030 1824 1094 fuerit,

293 1119 377 1173 vim
407 1133 553 1172 suam
578 1133 831 1173 exercere
856 1121 1048 1174 nescit.

345 1204 585 1260 Humeros
616 1216 789 1260 autem
813 1216 859 1260 et
890 1206 1125 1273 brachia,
1151 1216 1199 1283 et
1226 1207 1414 1260 iterum
1445 1222 1655 1271 manus,
1678 1206 1828 1276 facti-

292 1312 402 1361 rum,
417 1296 493 1349 ’et
516 1296 857 1365 operativum,
878 1305 927 1349 et
948 1297 1197 1362 activum,
1220 1295 1525 1366 significare
1547 1295 1750 1350 dicunt.
1767 1295 1825 1349 In

290 1387 356 1441 his
381 1387 508 1440 enim
542 1386 714 1441 tribus
741 1388 994 1442 membris
1022 1387 1242 1442 humani
1283 1387 1526 1456 corporis
1567 1385 1827 1442 fortitudo

290 1475 515 1530 consistit.
553 1476 828 1530 Factivum
857 1475 925 1530 ad
965 1491 1158 1551 manus
1193 1476 1463 1542 refertur;
1504 1477 1654 1545 ipsae
1681 1474 1827 1530 enim

287 1561 479 1629 faciunt;
524 1566 860 1635 operativum
905 1567 972 1621 ad
1019 1566 1271 1631 brachia,
1303 1567 1354 1622 in
1384 1567 1578 1637 quibus
1607 1575 1716 1621 tota
1746 1566 1827 1621 vis

289 1655 584 1723 Operationis
610 1656 826 1721 existit;
861 1656 1094 1710 activum
1123 1657 1189 1711 ad
1215 1657 1470 1712 humeros
1496 1697 1513 1723 ,
1551 1658 1604 1711 in
1632 1656 1826 1727 quibus

1929 484 2257 544 tributionis,
2289 498 2428 551 quae
2461 497 2491 536 a
2527 481 2804 552 supposito
2829 481 2991 536 corde
3017 481 3278 550 originem
3324 482 3491 537 ducit.

1926 573 2033 627 Cor
2060 572 2322 641 siquidem
2351 570 2614 640 corporali
2644 571 2749 625 situ
2778 570 2877 625 sub
2907 580 3144 640 pectore,
3176 570 3256 625 sic
3285 569 3308 602 ⁹
3333 571 3494 628 veluti

1926 663 2027 717 sub
2057 661 2351 715 munimine
2393 669 2509 715 tuto
2557 660 2819 731 ﬁrmaque
2852 661 3094 716 custodia
3134 662 3311 717 vitalis
3340 663 3383 694 ¹⁰
3412 665 3495 720 sui

1927 762 2125 817 motus,
2155 767 2262 822 quo
2292 759 2461 805 totum
2492 760 2637 805 motu
2663 766 2856 821 corpus
2885 751 3148 816 viviﬁcat,
3183 754 3501 817 naturaliter

1927 844 2274 899 constitutum
2297 851 2400 896 est.
2425 839 2529 895 Ubi
2553 841 2747 895 durum
2772 842 3077 910 posuimus,
3110 843 3180 898 ibi
3209 844 3261 898 in
3288 843 3505 901 Graeco

1926 935 2227 1008 ἀδάμαστον
2255 933 2321 1000 “,
2365 932 2507 1001 quod
2543 939 2599 985 et
2640 931 2832 986 durum
2874 932 3141 1003 signiﬁcat
3176 940 3231 988 et
3264 933 3498 990 indomi—

1927 1036 2060 1081 tum.
2155 1078 2161 1083 .

1998 1116 2167 1168 Darsa
2188 1129 2305 1167 vero
2329 1113 2632 1166 continuum
2668 1111 2825 1165 simul
2863 1122 3167 1169 cunctorum
3188 1114 3232 1145 “
3250 1114 3498 1184 fertiliunt

1928 1206 2193 1260 virtutum.
2233 1204 2402 1257 Dorsa
2448 1201 2680 1257 hominis
2706 1201 3012 1272 signiﬁcant
3041 1203 3497 1259 continuationem

1929 1292 2183 1348 fertilium
2214 1293 2497 1346 virtutum.
2528 1290 2596 1345 Ut
2634 1291 2776 1345 enim
2827 1307 2952 1347 ossa
3000 1292 3188 1362 spinae
3233 1294 3334 1348 sibi
3367 1295 3501 1348 invi-

1928 1399 2044 1439 cem
2086 1381 2464 1447 coadhaerenl,
2510 1392 2564 1438 et
2606 1398 2705 1453 per
2748 1383 2958 1439 illorum
3013 1385 3275 1441 medullas
3326 1387 3505 1443 vitalis

1928 1482 2105 1530 motus
2133 1475 2186 1528 in
2217 1484 2385 1529 totum
2434 1490 2630 1546 corpus
2673 1475 3005 1541 dill‘unditur,
3044 1484 3100 1533 et
3142 1478 3376 1533 maxime
3414 1480 3504 1548 qui

1927 1572 2012 1619 est
2052 1564 2106 1618 in
2136 1571 2377 1619 tactum:
2413 1564 2485 1618 ita
2523 1563 2833 1634 spirituales
2872 1564 3101 1621 virtutes
3134 1566 3235 1622 sibi
3276 1567 3502 1622 invicem

1930 1656 2230 1710 adunanlur
2250 1654 2810 1742 inseparabiliternut,
2842 1656 2934 1712 ubi
2963 1656 3010 1688 “
3042 1673 3171 1723 una,
3198 1658 3270 1712 ibi
3291 1673 3501 1714 omnes.

287 1742 418 1796 veluti
458 1743 691 1812 quodam
738 1744 953 1799 cardine
983 1745 1209 1799 actionis
1236 1754 1416 1800 motus
1461 1745 1632 1814 primo
1660 1744 1825 1799 volvi-
1854 1739 1899 1798 B
1926 1744 2009 1801 Ab
2028 1759 2133 1799 una
2162 1745 2379 1815 quippe,
2412 1745 2641 1799 caritate
2664 1739 2933 1809 videlicet,
2965 1761 3152 1801 omnes
3180 1749 3503 1816 procedunt,

288 1842 377 1896 tur,
415 1832 603 1887 deinde
644 1846 741 1903 per
786 1832 1007 1888 brachia
1058 1834 1114 1888 in
1161 1849 1352 1890 manus
1387 1834 1713 1890 extenditur.
1754 1831 1827 1888 Ut

284 1930 432 1974 autem
472 1922 525 1975 in
579 1921 759 1975 anima
808 1922 1110 1978 rationabili
1150 1923 1360 1992 primus
1400 1931 1580 1979 motus
1627 1922 1744 1993 ejus
1771 1922 1827 1976 in

285 2013 433 2067 animo
450 2020 549 2076 est,
576 2014 737 2068 veluti
762 2014 1078 2084 quibusdam
1107 2015 1219 2071 suis
1239 2016 1504 2081 humeris,
1532 1998 1622 2084 qdi
1652 2023 1828 2069 motus

284 2105 401 2159 actio
434 2105 654 2169 dicitur,
686 2104 881 2160 deinde
923 2106 1253 2162 descendens
1296 2121 1394 2176 per
1434 2106 1830 2177 progressiores

285 2210 498 2250 numeros
539 2197 562 2228 ³
599 2195 762 2250 veluti
798 2210 896 2265 per
934 2197 1194 2266 quaedam
1241 2196 1459 2252 brachia
1508 2197 1563 2251 in
1608 2195 1830 2252 artiﬁcis

284 2286 684 2340 aestimationem
712 2325 727 2351 ,
756 2286 1084 2356 operationis
1132 2300 1326 2341 nomen
1366 2286 1580 2356 accipit,
1610 2286 1736 2341 dum
1774 2285 1829 2340 in

281 2373 494 2431 edictum
561 2377 695 2431 moti
743 2377 984 2445 corporis
1033 2376 1303 2432 exseritur
1351 2376 1374 2408 δ
1398 2417 1414 2442 ,
1472 2375 1699 2431 factivus
1747 2375 1831 2430 vel

283 2463 523 2521 cﬂ'ectivus
552 2482 660 2520 non
695 2466 987 2538 incongrue
1014 2467 1282 2521 vocitatur
1303 2466 1325 2499 '
1357 2485 1370 2521 :
1399 2467 1495 2532 ita,
1521 2476 1580 2522 ut
1613 2467 1825 2537 opinor,

280 2553 326 2607 in
364 2555 676 2611 caelestibus
714 2556 942 2621 animis,
974 2555 1099 2611 dum
1129 2555 1290 2612 veluti
1333 2557 1507 2624 primo
1545 2565 1691 2610 motu
1721 2557 1832 2626 pri-

282 2647 536 2701 mordiales
567 2662 762 2701 causas
803 2647 856 2700 in
887 2646 1150 2715 principio
1194 2646 1468 2710 omnium,
1509 2647 1650 2715 quod
1692 2645 1832 2700 Deus

276 2727 532 2808 estfsitpra
557 2752 620 2792 se
642 2738 941 2805 intuentur,
963 2736 1105 2793 actio
1127 2752 1311 2791 eorum
1327 2736 1371 2801 °,
1393 2736 1517 2790 dum
1542 2736 1594 2789 in
1618 2735 1829 2804 seipsis,

278 2827 399 2897 quod
438 2845 601 2900 supra
634 2844 694 2883 se
721 2829 903 2883 vident
927 2868 943 2894 ,
988 2828 1366 2893 conformant,
1401 2826 1668 2896 operatio,
1704 2826 1830 2880 dum

276 2931 406 2981 vero,
431 2933 568 2987 quae
597 2916 840 2971 facienda
864 2924 990 2971 sunt
1016 2916 1067 2970 in
1094 2924 1287 2969 natura
1312 2929 1492 2969 rerum
1508 2913 1662 2982 juxta
1690 2929 1825 2968 ana-

276 3004 446 3075 logiam
473 3022 686 3071 eorum,
712 3021 849 3077 quae
874 3021 1036 3077 supra
1063 3020 1121 3061 se
1147 3003 1582 3075 contemplantur
1604 3012 1661 3058 et
1690 3003 1742 3058 in
1772 3018 1834 3058 se

1929 1841 1984 1889 et
2028 1834 2421 1889 concatenatim
2455 1834 2698 1905 singulae
2744 1835 2965 1905 singulis
3002 1837 3306 1906 dependent
3345 1840 3409 1901 ³⁵,
3450 1848 3506 1893 et

1929 1925 2268 1983 fertilitatem
2293 1925 2552 1997 angelicis
2571 1935 2626 1980 et
2654 1927 2903 1981 humanis
2923 1926 3175 1981 inferunt.
3202 1926 3305 1983 Ubi
3327 1928 3508 1996 posui-

1930 2031 2050 2070 mus
2086 2014 2364 2080 fertilium,
2395 2015 2469 2069 ibi
2493 2015 2548 2069 in
2579 2013 2788 2070 Graeco
2813 2016 3090 2088 ζωογόνων,
3118 2017 3260 2086 quod
3288 2016 3506 2087 proprie

1932 2104 2265 2161 fertilitatem
2288 2104 2575 2176 signiﬁcat.

2001 2194 2169 2249 Pedes
2191 2204 2363 2249 autem
2387 2235 2402 2260 ,
2433 2193 2659 2250 subaudi
2698 2193 3025 2264 significant,
3063 2195 3249 2249 mobile
3283 2204 3331 2249 et
3360 2192 3507 2249 velox

1931 2293 1978 2338 et
2002 2283 2191 2338 cursile
2212 2285 2265 2337 in
2291 2283 2333 2314 "‘
2358 2283 2533 2337 diuina
2561 2299 2760 2351 semper
2778 2284 2948 2337 euntis
2977 2283 3241 2346 motionis,
3274 2284 3375 2338 hoc
3398 2291 3505 2347 est,

1933 2371 2186 2426 mobilem
2237 2371 2582 2440 velocemque
2631 2380 2685 2423 et
2732 2378 3035 2425 currentem
3078 2379 3281 2424 motum
3332 2370 3507 2425 caele-

1932 2463 2095 2517 stium
2123 2462 2478 2518 essentiarum
2503 2462 2558 2516 in
2586 2462 2765 2516 divina
2794 2463 3072 2534 mysteria.
3105 2462 3330 2532 Propter
3366 2464 3506 2533 quod

1931 2563 1980 2608 et
2010 2563 2262 2626 pennatus
2292 2553 2549 2625 theologia
2584 2563 2886 2608 sanctorum
2924 2553 3276 2609 iutellectuum
3305 2555 3509 2625 ﬁgura-

1934 2645 2001 2698 vit
2053 2645 2226 2714 pedes.
2270 2644 2538 2699 Peunatus
2582 2661 2804 2716 namque
2845 2645 3106 2715 signiﬁcat
3147 2648 3508 2716 anagogicom,

1934 2734 2036 2788 hoc
2063 2743 2168 2799 est,
2200 2750 2411 2789 sursum
2441 2734 2723 2790 ducentem
2750 2735 2793 2766 ‘°
2822 2735 3160 2800 velocitatem,
3194 2748 3239 2790 et
3269 2737 3510 2791 caelestes

1932 2839 2141 2876 sursum
2182 2840 2355 2878 versus
2388 2824 2429 2855 ¹⁷
2459 2824 2660 2877 itineris
2700 2824 2954 2889 activum,
2996 2826 3046 2878 id
3081 2834 3182 2891 est,
3223 2826 3510 2882 caelestem

1935 2913 2202 2966 actionem
2237 2913 2448 2968 itineris
2486 2914 2784 2979 virtutum,
2826 2914 2966 2982 quod
3010 2929 3224 2969 sursum
3268 2917 3417 2971 ducit
3456 2918 3509 2971 in

1936 3003 2179 3058 veritatis
2231 3004 2766 3074 contemplationem,
2801 3016 2847 3059 et
2894 3006 2958 3058 ab
2998 3006 3139 3060 omni
3188 3008 3374 3060 humili
3421 3024 3510 3077 per

274 3097 597 3152 conformant
623 3138 639 3162 ,
687 3096 893 3152 faciunt
947 3106 1110 3166 atque
1159 3093 1425 3160 elIiciunt,
1473 3094 1701 3149 factivus
1746 3093 1832 3147 vel
1858 3098 1901 3161 ο
1932 3111 2139 3149 sursum
2161 3095 2329 3164 ferens
2356 3106 2646 3159 remotum,
2679 3097 2782 3151 hoc
2805 3104 2922 3158 est,
2953 3097 3171 3167 pennati
3200 3099 3363 3167 pedes
3390 3113 3513 3153 san-

275 3185 525 3242 eﬂ'cctivus
559 3202 750 3241 eorum
784 3196 961 3241 motus
999 3202 1105 3241 non
1142 3186 1581 3242 inconvenieuter
1612 3185 1826 3239 dicitur.

331 3276 426 3329 Cor
452 3296 568 3332 vero
606 3277 898 3348 symbolum
926 3295 1038 3333 esse
1073 3277 1342 3347 deiformis
1389 3279 1522 3331 vitae
1568 3276 1833 3345 propriam

275 3364 455 3417 vitalem
491 3368 737 3420 virtutem
758 3365 1085 3435 deiformiter
1106 3367 1159 3419 in
1185 3383 1269 3432 ea,
1296 3383 1428 3437 quae
1449 3364 1833 3436 praeintellecta

273 3462 394 3514 sunt,
416 3456 748 3511 seminantis.
778 3457 973 3511 Dicunt
996 3471 1118 3511 esse
1144 3471 1239 3511 cor
1263 3455 1562 3526 symbolum
1583 3495 1597 3520 ,
1620 3455 1835 3525 signum

275 3542 433 3610 plane,
462 3546 745 3601 deiformis
773 3547 935 3612 vitae,
964 3562 1101 3616 quae
1142 3555 1224 3602 est
1255 3547 1307 3602 in
1334 3548 1355 3578 "
1386 3546 1834 3601 intcllectualibus

274 3640 318 3683 et
337 3635 740 3691 rationabilibus
756 3637 1040 3701 creaturis,
1055 3651 1192 3706 quae
1207 3636 1478 3706 propriam
1498 3636 1711 3692 vitalem
1727 3636 1835 3690 vir-

274 3727 419 3775 tutem
444 3723 786 3779 deiformiter
823 3726 1052 3779 seminat
1076 3725 1129 3779 in
1161 3740 1222 3779 ea
1242 3765 1256 3791 ,
1283 3740 1421 3794 quae
1447 3723 1621 3779 divina
1650 3723 1833 3794 provi-

274 3809 448 3875 dentia,
474 3818 794 3885 priusquam
826 3815 1037 3879 tierent,
1060 3815 1474 3886 praeintellexit.
1498 3816 1614 3882 Quo
1640 3815 1693 3868 in
1717 3815 1834 3869 loco

271 3904 576 3970 notandum,
622 3905 766 3973 quod
806 3919 996 3959 omnes
1025 3906 1277 3969 virtutes,
1325 3920 1464 3976 quae
1501 3920 1598 3975 per
1626 3905 1834 3974 singula

272 3993 491 4047 membra
520 3995 749 4049 humani
779 3996 1020 4065 corporis
1045 3996 1548 4067 imaginantur,non
1574 3996 1745 4051 solum
1767 3996 1836 4051 ad

270 4081 510 4139 caelestes
533 4086 826 4152 essentias,
842 4102 1028 4141 verum
1057 4088 1221 4141 etiam
1242 4089 1309 4143 ad
1332 4103 1548 4144 causam
1569 4088 1830 4152 omnium,

270 4184 325 4222 ex
352 4187 451 4240 qua
483 4189 679 4229 omnes
721 4176 1022 4245 procedunt
1054 4178 1282 4233 virtutes
1302 4218 1317 4242 ,
1361 4186 1584 4247 possunt
1623 4176 1833 4231 referri.

270 4259 334 4315 Es
368 4280 470 4332 qua
514 4267 689 4319 etiam
714 4266 881 4321 veluti
932 4267 1121 4321 intimo
1152 4269 1316 4323 corde
1357 4267 1535 4322 vitalis
1575 4275 1750 4322 motus
1780 4269 1833 4322 in

268 4352 663 4411 universitatem
707 4356 935 4412 visibilis
978 4367 1033 4412 et
1072 4356 1355 4413 invisibilis
1390 4366 1670 4413 creaturae
1712 4365 1833 4411 tan-

1931 3198 2139 3242 ctorum
2181 3187 2551 3242 intellectuum
2588 3189 2925 3260 significant,
2965 3190 3108 3259 quod
3137 3191 3235 3261 ipsi
3262 3190 3330 3245 ab
3365 3192 3511 3246 omni

1930 3278 2233 3332 humilitate
2258 3278 2554 3346 corporalis
2580 3287 2864 3334 creaturae
2889 3280 3085 3335 remoti
3107 3290 3253 3345 sunt,
3274 3294 3372 3349 per
3391 3295 3513 3336 sur-

1884 3360 1889 3365 ’
1932 3382 2049 3420 sum
2075 3365 2274 3431 ferens,
2305 3367 2356 3421 id
2386 3376 2491 3431 est,
2522 3383 2618 3437 per
2645 3367 3060 3423 intellectualem
3091 3369 3375 3435 tlteoriam,
3402 3385 3509 3439 qua

1933 3469 2146 3509 sursum
2191 3453 2436 3509 feruntur
2483 3456 2536 3510 in
2578 3471 2795 3511 causam
2830 3472 3010 3512 rerum
3040 3458 3347 3513 volitantes.
3381 3457 3507 3526 Ipsa

1932 3558 2048 3597 vero
2092 3558 2379 3610 pennarum
2430 3542 2609 3597 levitas
2656 3545 2814 3599 nichil
2869 3553 3164 3610 terrenum,
3204 3549 3295 3600 sed
3342 3556 3509 3601 totum

1932 3635 2124 3689 munde
2150 3643 2199 3687 et
2228 3634 2339 3687 sine
2378 3636 2632 3702 gravitate
2673 3636 2728 3689 in
2773 3635 3030 3689 excelsum
3063 3638 3370 3692 ascendens.
3411 3637 3514 3692 Su-

1933 3724 2112 3794 perius
2137 3722 2437 3792 expositqu
2474 3731 2557 3778 est
2587 3724 2650 3788 ‘5,
2683 3725 2825 3793 quod
2866 3724 3056 3781 levitas
3097 3743 3393 3796 pennarum
3441 3729 3515 3783 si-

1934 3813 2170 3882 gniﬁcat,
2201 3813 2335 3867 nihil
2364 3813 2416 3867 in
2441 3814 2764 3870 caelestibus
2808 3817 3059 3871 essentiis
3079 3826 3347 3873 terrenum
3370 3834 3509 3882 esse,

1934 3904 2027 3959 sed
2059 3912 2197 3958 totas
2222 3919 2314 3959 eas
2340 3906 2568 3959 mundas
2588 3905 2842 3974 omnique
2864 3908 3128 3976 gravitate
3156 3906 3429 3963 absolutas
3455 3909 3511 3961 in

1934 3994 2227 4058 excelsum,
2259 3995 2425 4049 Deum
2458 3994 2638 4064 plane,
2675 3999 3001 4051 ascendere.
3033 3988 3333 4051 Notandum
3368 3998 3512 4065 quod

1932 4086 2122 4140 beatus
2165 4085 2266 4140 iste
2314 4087 2585 4156 magister,
2625 4087 2781 4141 sicuti
2814 4086 2978 4141 ceteri
3013 4087 3251 4154 ejusdem
3296 4086 3513 4159 linguae

1934 4175 2200 4240 doctores,
2240 4177 2419 4229 omnia
2465 4192 2694 4246 genera,
2736 4191 2924 4231 omnes
2967 4191 3226 4232 numeros
3269 4179 3509 4233 omnium

1933 4265 2222 4319 verborum
2278 4275 2687 4336 ceterarumque
2747 4267 2979 4336 partium
3033 4268 3505 4339 significativarum

1938 4356 2236 4421 intellectus
2277 4373 2375 4426 per
2417 4358 2705 4429 singularia
2755 4360 3017 4415 neutralia
3061 4363 3298 4430 nomina,
3350 4379 3513 4436 saepe

198 4460 205 4471 θ
265 4456 410 4509 qnam
450 4447 504 4501 in
534 4463 707 4502 unum
737 4449 1006 4518 quoddam
1054 4465 1248 4518 corpus
1293 4449 1633 4504 distribuitur
1674 4459 1834 4519 atque
1861 4432 1910 4491 Ῑ)
1936 4449 2096 4503 etiam
2143 4462 2239 4517 per
2274 4448 2561 4502 verborum
2593 4449 2800 4503 inlinita
2831 4452 3178 4508 usitatissimc
3215 4432 3507 4510 insinuant.

268 4535 568 4590 minatur.
607 4537 826 4592 Intuere
845 4539 1008 4593 etiam
1037 4541 1177 4609 quod
1203 4540 1279 4593 ait
1302 4558 1315 4593 :
1338 4539 1445 4594 Cor
1467 4555 1586 4595 esse
1607 4540 1826 4610 symbo-

268 4617 363 4675 lam
383 4622 674 4682 d'eiformis
692 4627 839 4682 vitae
866 4628 1083 4683 vitalem
1115 4630 1365 4683 virtutem
1401 4630 1718 4685 seminantis
1736 4669 1751 4693 ,
1775 4637 1830 4683 et

266 4706 521 4786 intellige,
545 4718 699 4773 hunc
723 4719 1058 4788 praeclarum
1090 4720 1404 4789 magistrum
1440 4722 1619 4776 sedem
1650 4720 1830 4776 vitalis

266 4814 430 4862 monts
472 4809 652 4865 totius
689 4812 859 4866 nostri
888 4811 1131 4880 corporis
1156 4826 1262 4866 non
1293 4811 1347 4865 in
1378 4813 1621 4876 cerebro,
1651 4811 1744 4866 sed
1774 4810 1828 4864 in

264 4897 414 4952 corde
445 4903 809 4956 constitutam
836 4902 1052 4956 docere.

324 4980 548 5043 Pectora
576 4991 773 5044 iterum
810 4990 1104 5060 significare
1139 4991 1330 5044 durum
1358 5000 1407 5044 et
1446 4992 1829 5057 custoditivum,

265 5082 315 5126 ut
338 5091 372 5129 α
393 5081 677 5149 supposito
700 5082 855 5135 corde
883 5082 1118 5149 uiuiﬁcae
1146 5081 1523 5136 distributionis
1546 5083 1588 5136 ⁸.
1616 5083 1829 5148 Dicunt,

1935 4535 1989 4591 Ν
1994 4536 2154 4590 udum
2182 4552 2384 4607 quoque
2418 4546 2465 4590 et
2491 4536 2876 4603 discalciatum,
2902 4538 3201 4606 dimissum,
3229 4552 3277 4596 et
3304 4542 3513 4597 absolu-

1929 4638 2059 4693 tum,
2078 4637 2125 4682 et
2152 4626 2592 4693 immensurabile,
2615 4638 2662 4682 et
2683 4646 2872 4699 parum
2897 4648 3077 4687 eorum
3099 4633 3165 4697 ",
3193 4651 3329 4704 quae
3361 4644 3512 4690 extra

1929 4730 2089 4783 sunt,
2152 4720 2510 4789 oppositione,
2574 4729 2622 4774 et
2674 4722 2743 4775 ad
2791 4722 3174 4792 simplicitatem
3236 4727 3504 4785 divinam.

1927 4818 2183 4880 quantum
2224 4809 2499 4878 possibile,
2555 4807 2998 4867 adsintulativum.
3043 4813 3122 4869 Ac
3166 4815 3211 4869 si
3261 4816 3508 4872 diceret:

1935 4903 2086 4970 Quod
2120 4903 2435 4959 caelestium
2464 4901 2823 4959 essentiarum
2866 4908 3122 4977 mysticae
3162 4910 3424 4980 imagines
3455 4911 3507 4964 in

1936 4996 2284 5049 similitudine
2328 4998 2454 5052 nudi
2499 4998 2733 5053 hominis
2784 5006 2839 5053 et
2882 4999 3085 5069 absque
3127 5000 3507 5056 calceamentis

1938 5087 2129 5140 stantis
2153 5100 2247 5141 seu
2275 5085 2623 5156 ingredientis
2651 5087 2797 5141 visae
2824 5096 2969 5153 sunt,
3005 5089 3133 5158 quid
3174 5090 3315 5144 aliud
3341 5089 3508 5159 signi-

1530 5192 1781 5268 vanu‘te
1820 5213 2219 5270 LECTIONES.

324 5345 342 5376 ¹
366 5347 407 5400 Α
431 5344 756 5412 disciplinis.
832 5342 852 5372 ’
878 5342 1029 5398 Carr.
1058 5343 1148 5409 B',
1172 5344 1261 5398 AB
1281 5344 1545 5412 furtivam.

260 5426 418 5471 eatur.
500 5417 523 5447 ⁸
548 5413 627 5466 Β*
664 5413 839 5467 adscr.
876 5421 971 5467 est.

258 5485 339 5546 sit,
369 5484 426 5537 B‘
453 5499 627 5553 supra
670 5482 842 5553 adscr.
884 5499 1000 5553 cum
1045 5484 1131 5553 sit.

257 5550 581 5609 cinctorum.
689 5550 732 5582 "
761 5551 912 5605 Corr.
945 5551 1025 5609 B',
1056 5551 1142 5603 AB
1172 5553 1260 5606 ibi.

259 5628 617 5677 “reducetur.
716 5620 756 5654 "
787 5621 828 5675 Β
858 5637 1027 5674 rersus
1052 5637 1276 5674 sursum.

1621 5344 1642 5375 ³
1671 5342 1745 5416 Βέ
1769 5358 1911 5416 corr.
1936 5346 2317 5416 progressiones
2343 5363 2695 5401 numerorum.

1062 5415 1082 5445 ⁷
1109 5415 1163 5468 in
1190 5430 1301 5469 om.
1334 5415 1442 5478 AB,
1471 5430 1628 5481 supra
1661 5415 1837 5468 adscr.
1878 5415 1969 5468 B'.

1237 5484 1277 5514 ‘°
1304 5482 1455 5537 Corr.
1502 5484 1584 5548 B‘,
1619 5482 1705 5536 ΑΒ
1753 5482 1915 5536 vitali.
2015 5484 2055 5514 ¹¹
2088 5485 2152 5538 Al

1237 5556 1260 5606 ’.
1339 5554 1377 5583 ³⁸⁵
1411 5552 1563 5607 Corr.
1600 5551 1681 5615 B',
1727 5552 1815 5621 AB
1837 5553 2152 5621 dependunt.

1367 5623 1408 5653 ’⁸
1439 5634 1511 5676 es!
1546 5637 1651 5676 0m.
1686 5620 1794 5687 AB,
1826 5620 2002 5677 atISCI‘.
2046 5622 2128 5676 B‘.

3302 5349 3390 5405 Ἀ
3421 5369 3509 5406 ro-

3184 5435 3282 5489 pro
3306 5422 3382 5479 sic
3419 5422 3508 5476 AB

3020 5489 3061 5519 "
3101 5489 3252 5544 Corr.
3298 5492 3389 5555 B‘,
3419 5493 3510 5546 AB

3020 5574 3065 5611 r.
3095 5558 3175 5613 θ’.
3255 5562 3299 5593 ⁸⁸
3328 5568 3368 5616 Α
3399 5578 3511 5615 sur-

2792 5349 2814 5380 ⁸
2840 5347 2929 5402 ΑΒ
2960 5349 3206 5403 exeritur.

2045 5417 2067 5446 ⁸
2094 5416 2135 5469 Β
2163 5416 2540 5470 distributionis
2571 5417 2821 5485 viviﬁcae.
2918 5421 2940 5452 ⁸
2968 5418 3116 5486 Conj.
3138 5459 3151 5481 ,

2015 5484 2055 5514 lt
2095 5485 2173 5514 AD
2210 5484 2484 5514 _3..._-_-__.
2517 5488 2595 5514 ..ΑΙ
2641 5509 2902 5514 ---μημμμ
3020 5489 3061 5514 u
3101 5489 3151 5514 1‘.

2088 5485 2174 5538 AB
2207 5484 2485 5557 αδιμαστον
2517 5488 2595 5539 vel
2637 5484 2922 5559 αμμαστον.
3020 5484 3174 5544 ⁸⁸⁷00

2088 5564 2152 5607 ru.
2210 5554 2293 5625 j'f
2320 5559 2506 5625 tuom.
2534 5556 2644 5618 AB,
2692 5571 2853 5625 supra
2889 5558 3065 5611 adscr.
3095 5558 3175 5613 θ’.

2205 5623 2246 5654 ¹⁹
2277 5624 2337 5676 Β⁹
2380 5623 2514 5679 infra
2547 5625 2719 5680 adscr.
2755 5623 2818 5679 ab
2846 5641 3051 5681 eorum.
