3952 6156
402 381 513 439 ,α
603 382 610 389 .

1773 373 2057 431 ‘JOANNiS
2094 368 2291 427 SCOTI

3558 359 3662 418 8δό

414 498 560 563 ﬁcat,
598 492 699 551 nisi
728 493 870 564 quod
892 492 1057 547 divini
1087 489 1250 545 animi
1279 488 1505 552 dimissi,
1541 488 1593 543 id
1613 496 1716 552 est,
1754 487 1907 543 liberi
1932 495 1988 541 et
2014 490 2060 549 A
2087 458 2660 543 scientiaxfecundant;
2692 492 2851 548 quam
2870 475 3173 564 custodiam
3204 473 3431 564 maxime
3456 482 3664 564 tempe-

413 588 641 645 absnluti
688 586 796 640 sint
826 587 878 650 ί,
934 598 1029 638 sua
1068 581 1284 652 propria
1326 581 1602 637 voluntate
1650 578 1983 634 rationabili-

342 736 346 740 ,
415 689 500 733 ter
524 678 762 732 fruentes
793 674 936 729 Deo?
962 682 1017 728 et
1045 673 1185 742 quod
1214 670 1686 726 immensurabiies
1719 667 1982 724 sint?'in-

417 768 674 822 ﬁnita'est
709 765 852 818 enim
902 762 1112 817 illorum
1143 771 1349 816 “natura
1396 769 1451 815 et
1498 760 1983 830 incircumscripta,

412 857 516 911 nisi
536 855 652 910 soio
672 853 949 909 conditore
963 853 1000 899 ι’
1016 867 1132 915 suo,
1153 852 1243 920 qui
1266 851 1444 905 omnia
1472 849 1657 904 deﬁnit
1682 858 1737 904 et
1759 849 1991 904 circum-

415 945 634 1009 scribit;
671 952 726 997 et
762 944 908 1012 quod
945 941 1063 1012 puri
1103 940 1255 994 sint?
1300 940 1707 995 incontaminati
1735 940 1757 971 ³
1800 939 1989 993 videli-

416 1042 502 1089 cet
531 1032 831 1101 adiectione
872 1047 1081 1096 eorum,
1112 1045 1250 1100 quae
1285 1039 1439 1085 extra
1468 1037 1594 1084 sunt
1613 1070 1628 1092 ,
1658 1029 1991 1083 sensibilium

416 1123 669 1178 videlicet
692 1132 746 1178 et
773 1121 1135 1191 corporalium
1166 1136 1344 1174 rerum
1372 1160 1386 1186 ,
1415 1128 1471 1174 et
1510 1121 1706 1188 quibus
1734 1119 1995 1175 caelestes

412 1212 644 1266 virtutes
686 1212 907 1265 omnino
939 1218 1207 1276 remotae;
1239 1218 1295 1263 et
1320 1209 1462 1279 quod
1501 1209 1704 1264 similes
1739 1209 1848 1264 sint
1870 1209 2000 1263 sim-

420 1299 645 1369 plicitati
678 1299 701 1331 ⁸
729 1300 941 1355 divinae
965 1340 981 1366 ,
1030 1310 1292 1370 quantum
1332 1298 1532 1353 imitari
1566 1314 1687 1353 eam
1714 1307 2000 1353 creaturae

420 1390 676 1453 possibile
702 1391 763 1445 ’ἲ

496 1479 603 1535 Sed
623 1480 871 1550 quoniam
893 1480 1078 1533 iterum
1101 1479 1289 1547 simpla
1323 1489 1372 1535 et
1410 1479 1632 1534 multum
1655 1479 1801 1535 uaria
1820 1481 2003 1549 sophia

427 1579 476 1624 et
511 1571 677 1626 nudos
707 1573 934 1635 vestit,et
958 1589 1080 1626 uasa
1104 1571 1361 1641 quaedam
1378 1571 1467 1625 dat
1493 1572 1618 1642 ipsis
1646 1573 2000 1642 circumferre,

426 1668 546 1746 γιρε
567 1666 588 1699 ⁶
617 1674 664 1718 et
686 1666 980 1718 animorum
1006 1663 1306 1717 caelestium
1333 1678 1510 1717 sacras
1539 1664 1761 1717 amictus
1782 1672 1831 1717 et
1853 1679 2007 1730 orga-

432 1773 524 1822 na,
562 1754 847 1809 secundum
873 1752 1011 1823 quod
1039 1752 1184 1806 nobis
1211 1751 1453 1821 possibile
1476 1752 1520 1818 ",
1543 1752 1862 1821 aperiamus.
1897 1751 2006 1807 Sed

2086 572 2293 627 rantiae
2339 579 2392 624 et
2418 566 2756 623 constantiae
2791 564 2991 620 ethnici
3027 563 3347 617 attribuunt.
3392 560 3484 616 Est
3518 563 3665 617 enim

2087 660 2389 715 constantia
2423 659 2681 712 virtutum
2713 665 2895 711 custos
2920 670 2983 710 ac
3029 653 3191 708 veluti
3231 666 3385 718 zona,
3423 653 3665 709 habitum

2089 750 2299 805 illarum
2333 749 2711 820 praecingens,
2759 747 2899 815 quod
2946 753 3344 814 consequenter
3384 742 3666 815 adiungit:

2088 851 2135 894 et
2169 850 2563 909 congregantem
2594 856 2681 892 eas
2725 838 2961 891 habitum
3008 836 3063 892 in
3107 837 3331 907 seipsam
3375 837 3517 890 unite
3549 850 3677 891 cou-

2084 932 2219 985 uerti
2261 938 2310 983 et
2341 928 2692 992 circulariter,
2726 944 2844 981 cum
2872 926 3126 997 facilitate
3163 943 3290 980 casu
3329 935 3537 981 urente
3568 942 3673 981 na-

2093 1029 2243 1073 turae
2282 1017 2623 1072 similitudine
2644 1018 2785 1071 circa
2808 1017 3034 1086 seipsam
3055 1014 3400 1084 circumferri.
3422 1014 3536 1070 [loc
3556 1023 3671 1071 est:

2094 1096 2240 1165 Zona
2272 1109 2538 1179 signiﬁcat
2568 1108 2809 1163 habitum
2837 1149 2852 1174 ,
2884 1108 2974 1178 qui
3011 1123 3105 1164 eas
3133 1116 3424 1178 congregat
3448 1110 3678 1163 virtutes

2097 1200 2150 1254 in
2177 1217 2363 1265 unum,
2390 1210 2445 1254 et
2488 1202 2660 1269 ipsum
2689 1200 2930 1255 habitum
2970 1199 3025 1254 in
3057 1214 3115 1253 se
3144 1199 3316 1268 ipsum
3353 1212 3449 1268 per
3476 1198 3682 1253 aduna-

2096 1290 2300 1344 tionem
2326 1286 2589 1345 virtutum
2621 1291 2674 1345 in
2703 1289 2864 1344 simul
2908 1288 3146 1343 converti
3166 1328 3183 1354 ,
3227 1287 3681 1357 quemadmodum

2096 1395 2235 1435 zona
2281 1380 2336 1434 in
2373 1381 2606 1448 seipsam
2652 1378 2944 1439 revolvitur
2970 1379 3034 1441 ¹⁹,
3078 1386 3135 1434 et
3160 1377 3505 1445 circulariter
3534 1378 3683 1434 circa

2101 1485 2160 1525 se
2182 1471 2353 1539 ipsum
2379 1467 2719 1525 circumferri
2745 1484 2868 1523 cum
2897 1466 3042 1522 facili
3072 1475 3126 1522 et
3152 1467 3268 1522 sine
3291 1482 3420 1523 casu
3446 1469 3680 1523 naturali

2096 1559 2473 1615 similitudine.
2500 1558 2645 1614 Talis
2669 1558 2932 1629 siquidem
2973 1556 3274 1613 differentia
3301 1566 3387 1613 est
3413 1558 3554 1614 inter
3576 1560 3687 1614 vir-

2103 1661 2249 1725 tutes
2276 1662 2329 1707 et
2358 1652 2510 1717 vitia,
2538 1652 2682 1722 quod
2711 1652 2839 1705 vitia
2866 1650 3147 1706 dissimilia
3189 1650 3290 1705 sibi
3331 1660 3458 1705 sunt
3485 1661 3540 1705 et
3566 1666 3596 1704 a
3624 1667 3690 1706 ro

2108 1743 2238 1811 ipsis
2268 1741 2653 1811 discrepantia,
2676 1740 2910 1795 virtutes
2955 1754 3084 1795 vero
3128 1739 3345 1795 sibimet
3381 1739 3692 1796 simillimae

404 1848 542 1920 γάρ,
588 1845 634 1911 ι,
678 1844 889 1913 inquit,
939 1844 992 1898 id
1049 1851 1135 1897 εει
1197 1841 1219 1873 ο
1276 1857 1376 1913 age
1427 1842 1472 1873 ιο
1494 1883 1510 1909 ,
1569 1843 1821 1912 quoniam
1871 1842 2011 1914 apud
2040 1824 2085 1883 Β
2113 1848 2176 1888 ac
2200 1832 2361 1887 veluti
2390 1840 2535 1888 teres
2572 1841 2691 1887 rota
2721 1830 2776 1885 in
2802 1829 3039 1900 seipsam
3067 1829 3326 1891 revoluta,
3375 1829 3448 1883 ita
3479 1838 3538 1884 ut
3573 1827 3693 1885 iere

431 1933 966 1991 Graecoshortativa
995 1931 1249 1987 adverbia
1277 1940 1404 1987 sunt
1429 1936 1568 2010 φέρι,
1594 1931 1686 2006 ἆγε
1710 1934 1776 1999 η,
1799 1935 2008 2003 aperia-

434 2039 573 2086 mus,
597 2025 698 2077 hoc
737 2031 820 2077 est
847 2018 1216 2093 exponamus,
1261 2034 1517 2094 quantum
1566 2025 1721 2079 nobis
1761 2024 2012 2098 possibile

434 2123 537 2178 est,
564 2114 692 2183 quid
719 2114 892 2167 sancti
914 2113 1142 2168 amictus
1168 2124 1459 2184 sanctaque
1480 2129 1681 2184 organa
1708 2115 2012 2168 animorum

431 2205 745 2261 caelestium
774 2204 1160 2275 symbolizant;
1184 2205 1439 2274 quoniam
1468 2220 1573 2259 non
1599 2204 1771 2259 solum
1800 2204 2008 2274 sophia,

432 2297 487 2351 id
525 2304 612 2351 est
638 2296 922 2365 sapientia,
951 2311 1090 2366 quae
1134 2296 1324 2365 simpla
1346 2305 1402 2351 et
1444 2297 1672 2351 multum
1715 2298 1864 2350 varia
1905 2306 2011 2363 est,

422 2389 645 2444 animos
674 2387 934 2443 caelestes
962 2387 1127 2442 veluti
1157 2388 1330 2443 nudos
1359 2389 1602 2442 homines
1633 2389 1857 2459 mystice
1883 2403 2014 2444 con-

428 2478 653 2543 format,
676 2493 861 2533 verum
894 2478 1058 2532 etiam
1087 2492 1201 2542 eos,
1227 2492 1363 2547 quos
1386 2477 1560 2532 nudos
1588 2478 1864 2542 describit,
1909 2478 2011 2532 ite-

440 2585 559 2623 rum
582 2568 769 2634 vestit,
792 2576 847 2622 et
868 2567 959 2621 dat
979 2566 1109 2636 ipsis
1132 2574 1342 2637 gestare
1373 2566 1632 2635 quaedam
1661 2582 1788 2622 vasa
1818 2582 2013 2636 opera-

437 2659 807 2715 tionibussnis
837 2672 1071 2727 congrua
1092 2698 1106 2721 ,
1128 2670 1268 2727 quae
1293 2672 1496 2728 organa
1526 2669 1802 2713 vocantur.
1845 2657 2017 2730 Orga-

441 2766 568 2805 num
597 2758 682 2805 est
719 2749 860 2803 enim
880 2747 1212 2818 generaliter
1238 2762 1398 2803 omne
1435 2749 1859 2804 instrumentum
1907 2767 2013 2806 non

441 2839 615 2895 solum
658 2837 914 2903 musicis,
952 2837 1045 2892 sed
1082 2844 1138 2891 et
1180 2837 1224 2867 ¹³
1263 2838 1455 2893 ceteris
1493 2838 1892 2908 operationibus
1918 2854 2015 2909 ap-

436 2941 576 2987 lﬂﬂh

514 3022 727 3078 Claram
770 3022 978 3094 quidem
1024 3022 1161 3076 enim
1196 3030 1380 3076 vestem
1412 3020 1463 3053 “
1508 3021 1812 3092 igneamque
1857 3021 2018 3091 signi-

441 3113 600 3183 ﬁcare
624 3114 840 3167 aestimo
870 3112 1122 3182 deiforme
1140 3111 1299 3181 juxta
1326 3111 1460 3181 ignis
1489 3112 1766 3180 imaginem
1795 3120 1843 3166 et
1868 3111 2017 3166 lucu-

442 3202 638 3256 lentum
669 3210 877 3271 propter
919 3201 974 3253 in
1016 3200 1162 3253 caelo
1190 3200 1386 3269 quietes
1419 3198 1483 3251 ιε.
1509 3199 1777 3262 Arbitror,
1821 3199 2015 3268 inquit,

446 3292 648 3347 claram
673 3291 991 3361 igneamque
1008 3298 1315 3344 sanctarum
1331 3288 1623 3357 imaginum
1639 3299 1838 3343 vestem
1854 3288 2020 3359 signi-

437 3382 610 3435 ﬁcare
634 3379 937 3434 divinorum
979 3379 1281 3433 animorum
1316 3367 1764 3443 deiformitatem,
1799 3384 1939 3447 quae
1963 3377 2020 3432 in

436 3471 684 3542 imagine
709 3471 845 3542 ignis
865 3469 1005 3525 solet
1029 3483 1312 3539 apparere,
1335 3482 1628 3539 eorumque
1652 3467 2019 3535 luculentiam,

448 3579 588 3632 quae
619 3563 790 3618 instar
813 3562 1049 3618 aetheris
1091 3560 1505 3631 splendidissimi
1542 3559 1793 3630 nulloque
1829 3560 2020 3630 spiritu

440 3650 751 3721 perturbati
778 3650 1017 3720 quietam
1047 3649 1212 3703 vitam
1243 3648 1298 3703 in
1333 3648 1482 3703 caelo
1514 3647 1681 3703 ducit.
1717 3646 1817 3701 Ubi
1848 3646 2022 3701 lumen

420 3758 423 3761 ·
448 3750 499 3795 et
530 3740 737 3795 omnino
768 3737 1023 3793 invisibile
1043 3736 1320 3792 dicendum
1351 3746 1442 3792 aut
1464 3735 1882 3791 intellectualiter
1901 3735 2024 3790 illu-

451 3832 692 3895 minans,
743 3840 833 3884 aut
878 3828 1297 3884 intellectualiter
1346 3827 1717 3882 illuminatum.
1771 3828 1826 3882 in
1875 3827 2025 3883 caelo

454 3920 650 3992 quippe
682 3920 775 3974 lux
804 3917 1086 3974 invisibilis
1107 3925 1162 3972 et
1188 3916 1577 3974 inaccessibilis
1602 3925 1703 3980 est,
1726 3926 1780 3971 et
1807 3917 2026 3972 omnino

453 4016 761 4078 dicendum,
805 4020 897 4066 aut
945 4009 1373 4065 intellectuaiiter
1405 4008 1718 4063 illuminans
1765 4007 1944 4063 lumen
1971 4008 2025 4063 in

442 4105 605 4161 caelo
629 4112 727 4166 est,
762 4109 822 4157 ut
856 4101 1014 4165 Deus,
1043 4109 1137 4155 aut
1175 4098 1609 4154 intellectualiter
1646 4089 2025 4163 illuminatum,

446 4202 516 4249 ut
543 4192 710 4249 divini
737 4189 1040 4247 intellectus
1066 4203 1097 4242 a
1126 4187 1235 4243 Deo
1272 4186 1578 4251 illuminati,
1618 4186 1709 4255 qui
1735 4186 1882 4241 solus
1908 4186 2027 4241 illu-

453 4283 668 4341 minans
693 4282 782 4338 lux
808 4288 910 4346 est,
937 4290 991 4336 et
1024 4293 1056 4332 a
1084 4277 1229 4333 nullo
1258 4276 1606 4332 illuminatur.
1636 4276 2029 4332 Sacerdotalem

452 4394 591 4443 sero,
610 4376 834 4435 subaudi
861 4383 1065 4431 vestem
1086 4372 1394 4444 signiﬁcare
1413 4372 1641 4427 aestimo
1664 4372 1730 4436 η,
1760 4373 1826 4429 ad
1851 4372 2028 4429 divina

2110 1937 2300 1977 omnes
2328 1937 2429 1975 una
2460 1919 2815 1975 videantur!”
2843 1928 2897 1974 et
2935 1934 3039 1973 una
3068 1933 3276 1984 omnes,
3301 1917 3482 1973 insitis
3508 1926 3693 1973 tamen

2110 2009 2443 2064 naturalibus
2472 2007 2788 2062 diﬁ‘erentiis
2812 2004 3024 2060 illarum
3055 2004 3393 2060 harmoniae.

2186 2098 2374 2170 Virgas
2396 2100 2574 2163 etiam,
2597 2097 2825 2153 subaudi
2852 2096 3159 2168 signiﬁcare
3178 2097 3428 2162 aestimo,
3448 2097 3617 2168 regale
3638 2109 3696 2151 et

2109 2189 2299 2244 ducale
2328 2199 2569 2256 rectaque
2610 2188 2787 2241 omnia
2815 2185 3087 2256 deﬁniens.
3115 2185 3379 2253 Quoniam
3421 2186 3569 2255 virga
3603 2202 3689 2242 re-

2112 2297 2236 2352 gum
2274 2287 2366 2334 aut
2403 2280 2602 2335 ducum
2646 2278 2857 2350 signum
2901 2284 3019 2344 est,
3057 2278 3238 2333 omnia
3277 2293 3523 2349 quoque,
3551 2293 3698 2348 quae

2108 2380 2259 2428 recte
2287 2371 2630 2427 'deﬁniuntur
2652 2380 2707 2428 et
2747 2380 3148 2435 mensurantur,
3177 2371 3394 2425 modum
3425 2371 3698 2440 quendam

2112 2464 2294 2534 virgae
2323 2462 2522 2518 imitari
2541 2463 2761 2517 dubium
2778 2477 2883 2517 non
2900 2460 3317 2531 est.Propterea
3347 2461 3402 2514 in
3428 2459 3697 2515 Graeco"

2114 2554 2373 2625 scriptum
2401 2563 2485 2609 est
2500 2568 2606 2608 non
2619 2552 2841 2626 ῥάϐδους
2853 2552 3190 2622 simpliciter,
3217 2554 3311 2608 sed
3337 2550 3698 2631 ιῦρὰϐδονς⁹¹ς

2115 2645 2219 2700 hoc
2248 2651 2363 2709 est,
2405 2659 2509 2698 non
2551 2642 2764 2714 virgas,
2810 2644 2907 2699 sed
2951 2651 3129 2699 rectas
3158 2643 3367 2714 virgas;
3410 2658 3512 2697 non
3552 2646 3701 2697 enim

2115 2735 2293 2790 omnis
2321 2735 2471 2806 virga
2502 2742 2648 2790 recta
2674 2744 2777 2790 est.

2191 2824 2318 2879 Tela
2364 2841 2483 2879 vero
2508 2833 2556 2879 et
2584 2840 2789 2879 secures
2826 2823 3319 2879 dissimilitudinum
3346 2823 3703 2892 separativtmr

2116 2924 2164 2970 et
2191 2915 2591 2970 discernentium
2619 2915 2866 2968 uirtutum
2893 2930 3111 2967 acumen
3146 2922 3195 2967 et
3219 2896 3413 2981 efficax
3434 2922 3482 2966 et
3519 2923 3709 2967 actuo-

2118 3022 2257 3060 sum.
2288 3004 2418 3060 Tela
2464 3015 2519 3059 et
2549 3019 2789 3068 secures,
2821 3019 2959 3075 quae
2987 3005 3137 3075 prius
3164 3019 3362 3074 organa
3390 3004 3706 3059 caelestium

2120 3095 2421 3151 animorum
2449 3094 2682 3158 vocavit,
2713 3092 3016 3164 signiﬁcare
3044 3093 3273 3148 aestimo
3299 3092 3707 3148 dividicativam

2121 3198 2310 3238 eorum
2339 3183 2612 3248 virtutem,
2637 3198 2741 3252 qua
2767 3182 2931 3237 veluti
2961 3182 3190 3250 quadam
3220 3182 3396 3237 securi
3423 3182 3708 3236 dissimilia

2123 3291 2154 3329 a
2191 3274 2454 3329 similibus
2496 3282 2781 3345 separant,
2840 3272 3184 3327 rationabiles
3222 3281 3402 3326 motus
3447 3272 3516 3326 ab
3562 3272 3699 3327 irra-

2124 3366 2488 3432 tionabilibus,
2543 3363 2774 3420 humiles
2800 3380 2831 3419 a
2873 3364 3139 3435 superbis,
3196 3363 3442 3419 volentes
3460 3363 3509 3396 “
3535 3379 3566 3417 a
3599 3379 3711 3419 non

2121 3457 2427 3513 volentibus
2450 3472 2510 3512 se
2537 3457 2850 3520 emendare,
2874 3458 3113 3526 signatos
3131 3447 3173 3508 Τ
3189 3456 3236 3487 ’⁵
3263 3470 3293 3509 a
3318 3471 3423 3510 non
3457 3455 3692 3525 signatis

2118 3547 2518 3621 ﬁdeles‘plane
2554 3548 2623 3602 ab
2670 3546 3010 3610 infidelibus,
3069 3547 3353 3602 credentes
3399 3545 3450 3598 in
3492 3560 3712 3600 crucem

2119 3639 2321 3694 Christi
2350 3654 2381 3693 a
2406 3654 2517 3693 non
2549 3637 2930 3704 credentibus;
2979 3647 3036 3693 et
3078 3638 3495 3693 discernentium
3534 3638 3711 3691 virtu-

2126 3739 2236 3785 tum
2265 3744 2491 3786 acumen
2522 3730 2850 3802 signiﬁcare,
2891 3738 2951 3785 ut
2980 3731 3185 3785 securis
3214 3737 3390 3794 acuta,
3420 3737 3475 3783 et
3500 3726 3719 3787 elﬁcax.

2125 3829 2186 3874 ut
2210 3818 2371 3874 telum
2402 3819 2578 3883 velox,
2603 3827 2659 3873 et
2686 3826 2986 3883 actuosum,
3033 3817 3263 3872 actionis
3287 3815 3527 3885 plenum.
3559 3816 3718 3870 Divi-

2126 3925 2194 3964 na
2223 3910 2488 3980 siquidem
2509 3909 2703 3974 virtus,
2727 3911 3040 3965 discernens
3062 3908 3267 3973 omnia,
3300 3915 3550 3978 penetrat
3572 3922 3721 3978 quae

2127 3998 2403 4062 discernit,
2432 4014 2495 4053 ac
2537 3998 2655 4054 sine
2684 4012 2837 4053 mora
2884 3999 3142 4068 temporis
3172 3997 3301 4068 agit.
3340 3995 3488 4051 Velle
3513 3996 3725 4067 quippe

2126 4087 2241 4157 ejus
2264 4087 2407 4143 actio
2435 4085 2552 4156 ejus
2574 4096 2676 4152 est,
2708 4087 2821 4142 sive
2849 4103 2946 4158 per
2967 4088 3198 4158 seipsam
3225 4086 3338 4141 sive
3364 4100 3461 4156 per
3488 4086 3722 4157 angelos

2127 4194 2274 4234 SUOS.

2198 4290 2521 4347 Geometrica
2564 4303 2613 4348 et
2640 4294 2914 4355 tectonica,
2949 4291 3052 4347 hoc
3077 4300 3162 4347 est
3211 4290 3554 4355 fabricativa,
3590 4306 3729 4346 uasa

2128 4379 2432 4450 signiﬁcare
2478 4381 2704 4435 aestimo
2734 4381 3064 4450 fundativum
3128 4390 3177 4435 et
3232 4379 3618 4448 aediﬁcativum
3668 4390 3729 4436 et

446 4481 504 4526 et
532 4472 748 4541 mystica
773 4467 1126 4540 speculamina
1152 4466 1416 4521 ductiuum
1440 4505 1454 4530 ,
1493 4474 1541 4519 et
1578 4467 1734 4519 totius
1774 4465 1910 4519 vitae
1940 4481 2027 4519 υο-
2053 4499 2105 4559 D
2128 4470 2476 4541 perfectivum,
2523 4471 2628 4524 hoc
2672 4479 2757 4525 est
2785 4489 2798 4525 :
2830 4485 2938 4540 quo
2981 4470 3276 4526 mensurati
3320 4479 3376 4525 et
3404 4467 3613 4523 fundati
3657 4478 3729 4526 et

438 4569 586 4614 tum.
624 4557 718 4612 Est
738 4558 881 4611 enim
922 4555 1281 4618 sacerdotum,
1306 4569 1430 4622 eos,
1458 4556 1651 4625 quibus
1676 4565 1933 4626 praesunt
1962 4555 2025 4621 ι’,

456 4649 512 4702 in
539 4648 747 4704 divinas
785 4654 839 4701 et
866 4646 1118 4719 mysticas
1147 4647 1541 4717 speculationes
1568 4648 1766 4703 ducere
1802 4648 2029 4703 actionis

450 4738 703 4810 exemplo
727 4738 1111 4807 doctrinaeque
1140 4738 1319 4793 studio
1336 4778 1351 4803 ,
1379 4745 1657 4808 totamque
1683 4739 1848 4793 vitam
1877 4753 2028 4793 suam

459 4828 907 4898 sequentiumque
929 4843 987 4883 se
1012 4827 1123 4883 Deo
1146 4843 1360 4884 vovere.

530 4914 704 4973 lanas
741 4934 960 4988 quoque,
992 4917 1299 4987 signiﬁcare
1339 4918 1586 4983 aestimo,
1610 4916 1957 4987 fecundafum
1988 4918 2029 4951 ιτ

460 5020 693 5074 ipsarum
720 5007 1085 5062 eustoditivum
1106 5009 1147 5041 ¹⁸
1169 5009 1437 5071 uirtutum,
1462 5022 1600 5077 quae
1623 5008 1856 5062 animam
1882 5019 2027 5072 actu,

2133 4559 2378 4613 collocati
2411 4567 2535 4613 sunt
2562 4558 2729 4614 divini
2759 4560 2927 4614 animi
2976 4559 3488 4614 incommutabiiiter
3509 4559 3733 4629 absque

2134 4646 2240 4701 ulla
2273 4649 2422 4702 ruina
2455 4648 2775 4717 apostasiae.
2806 4648 2874 4703 Et
2901 4649 3170 4719 quomodo
3196 4647 3462 4704 aediﬁcati
3488 4655 3616 4703 sunt
3637 4647 3735 4702 "1

2137 4735 2310 4807 Super
2360 4737 2488 4792 illud
2518 4737 2947 4803 fundamentum,
2986 4740 3155 4794 Deum
3179 4739 3428 4794 videlicet
3454 4738 3734 4806 Verbum.

2136 4827 2420 4882 Dominum
2471 4828 2715 4884 nostru'm
2762 4826 2945 4883 Jesum
2991 4828 3301 4893 Christum,
3348 4843 3513 4899 super
3553 4844 3737 4900 quem

2136 4919 2301 4973 veluti
2351 4919 2724 4975 inconcussam
2765 4928 2971 4988 petram
3004 4920 3324 4974 universalis
3353 4919 3594 4974 Ecclesia
3634 4935 3739 4975 ra-

2138 5012 2471 5067 tionabilium
2494 5021 2549 5068 et
2573 5005 2993 5083 intelligibiiium'
3014 5011 3332 5068 fabricatur.
3360 5012 3427 5066 Et
3450 5011 3741 5083 quomodo

1696 5147 1976 5216 'vmuAE
2014 5160 2411 5234 LECTIONES.

505 5260 508 5263 ⁷
534 5278 552 5310 ⁸
581 5275 735 5332 Corr.
765 5274 849 5340 B‘,
885 5272 974 5327 AB
1001 5272 1271 5326 absolutis.

457 5347 549 5414 B',
585 5347 674 5401 AB
702 5343 1047 5414 simplicitate.

463 5418 485 5449 ⁸
513 5410 603 5470 ΑΒ
633 5410 811 5487 fere._'
853 5411 879 5487 ξ
909 5410 1013 5487 Pro
1041 5411 1094 5464 id
1116 5420 1191 5464 est
1220 5411 1353 5487 et_.

1147 5341 1170 5373 '
1207 5341 1248 5395 Β
1275 5341 1449 5396 adscr.
1494 5353 1598 5404 est,

1372 5273 1390 5302 ²
1421 5271 1480 5325 Β⁹
1517 5287 1660 5327 corr.
1690 5273 1788 5327 soli
1822 5274 2097 5327 conditori:

1696 5343 1837 5413 “ABf
1860 5343 1984 5411 fere.
2025 5343 2086 5397 Β*
2128 5343 2519 5413 ηιενεξαόεοιδ.
2555 5354 2603 5397 ει
2639 5360 2734 5412 age
2779 5345 2936 5413 enim.

1432 5411 1473 5441 ³⁸
1515 5428 1614 5483 age
1651 5427 1761 5467 om.
1817 5412 1889 5475 Β,
1938 5413 2004 5483 ad
2035 5429 2206 5483 marg.
2252 5411 2429 5467 adscr.
2468 5413 2551 5483 l3“.

3507 5271 3529 5302 ⁵
3564 5270 3746 5328 Con.

3030 5345 3049 5375 "
3089 5342 3153 5395 B‘
3201 5357 3359 5410 supra
3404 5340 3583 5396 adscr.
3626 5354 3747 5398 est.

2660 5412 2823 5481 “iAB
2855 5413 2962 5479 fere
3005 5422 3053 5465 et
3088 5428 3205 5481 age.
3305 5411 3593 5481 egent,
3627 5427 3748 5481 pro

2198 5273 2220 5305 ³
2243 5289 2403 5344 supra
2434 5272 2611 5330 adscr.
2638 5290 2781 5329 corr.
2811 5273 2894 5337 B',
2933 5273 3024 5327 AB
3050 5273 3413 5344 cantaminati.

455 5497 513 5539 et
551 5487 597 5539 Α
633 5478 724 5551 de,
757 5482 801 5537 Β
845 5481 909 5564 tle
949 5486 1154 5552 (punct.
1187 5480 1293 5549 adj.
1325 5479 1430 5549 B‘).
1511 5478 1568 5512 ⁸⁸⁷
1589 5493 1779 5536 uestem
1818 5497 1928 5537 om.
1960 5482 2023 5547 Β,
2057 5478 2223 5545 manu.
2258 5484 2436 5537 adscr.
2469 5481 2550 5537 B‘.
2629 5483 2673 5512 “
2710 5480 2752 5533 Β
2792 5478 2989 5551 quietes
3014 5482 3069 5534 in
3095 5478 3259 5534 caelo.
3337 5480 3382 5521 ⁸⁸
3407 5478 3450 5532 Β
3478 5478 3742 5564 αειιὶιὶιᾷ.

469 5575 513 5645 ‘f
545 5571 587 5645 Β
613 5556 903 5645 possunt."
946 5570 1185 5645 “"_Corr.
1222 5571 1308 5636 B‘,
1351 5570 1455 5645 AB_
1478 5571 1782 5645 fecundare.

1884 5571 1927 5645 Ψ
1954 5574 2192 5645 ipsarum
2243 5572 2606 5645 custoditiuum
2654 5585 2799 5645 ξηιλ,
2831 5568 3010 5645 addidi
3046 5584 3112 5645 ea
3157 5584 3300 5645 vers.
3338 5577 3408 5645 ει
3456 5576 3591 5645 text.
3644 5588 3752 5645 ιιι,

466 5643 512 5674 ³⁹
541 5643 587 5697 Α
615 5639 838 5715 resolvit.
919 5642 960 5673 ⁸⁸
1000 5642 1043 5695 Α
1077 5643 1337 5715 uidentur.
1398 5639 1536 5715 _""A
1563 5658 1817 5715 graecos._
1868 5643 1911 5673 ²¹
1952 5639 2055 5715 [ire
2088 5643 2179 5715 sed
2209 5642 2485 5715 εὐράϐδους
2512 5639 2552 5694 Β
2581 5641 2699 5694 sede
2741 5639 2991 5713 υραϐδυς.
3070 5639 3115 5671 ⁸³
3149 5639 3305 5695 Corr.
3338 5639 3426 5706 B‘,
3464 5639 3508 5690 Δ
3552 5639 3723 5707 ρυεῖτὶ

3070 5639 3115 5671 ’³
3149 5637 3305 5695 Corr.
3338 5638 3426 5706 B‘,
3464 5638 3508 5690 Δ
3552 5637 3761 5707 ι)οεῖιὸ-

461 5722 648 5779 untes,
676 5712 716 5766 Β
750 5723 995 5783 potentes.
1073 5714 1117 5743 "
1153 5714 1331 5776 Corn,
1384 5711 1470 5765 AB
1496 5720 1638 5769 “rati.-
1699 5714 1744 5744 "
1782 5713 1934 5767 Corr.
1966 5711 2048 5775 B',
2101 5712 2188 5765 AB
2216 5711 2522 5778 aedi/iratis.
