3952 6156
274 179 348 233 265

797 183 1291 242 EXPOSITIONES
1329 186 1549 242 SUPER
1593 186 2010 241 IERARCHIAM
2050 185 2455 244 CAELESTEM
2492 188 2546 244 5.
2593 187 2906 244 DIONYSII.

3349 181 3454 238 36‘

270 294 445 364 perfecti
470 308 584 350 sunl
613 297 634 347 ἒ
663 297 716 348 Ιιι
749 314 930 351 arnore
959 310 1014 352 et
1053 300 1494 369 contemplativae
1524 298 1782 354 veritatis.
1816 301 1863 358 A
1893 300 2187 364 declarant,
2212 317 2348 370 quae
2377 301 2482 356 duo
2510 301 2690 354 divino
2717 299 3042 354 conveniunt
3067 295 3284 362 judicio.
3315 297 3454 360 quod

266 384 496 450 Quomodo
541 386 703 437 etiam
736 386 1018 443 inferiores
1067 390 1327 444 essentias
1361 391 1426 444 ad
1465 391 1516 444 id
1547 391 1563 421 ι
1614 391 1785 459 ipsum

267 473 621 528 fundamentum
661 475 714 529 in
754 478 978 531 eandem
1005 480 1024 508 ¹
1055 480 1478 535 aediﬁcationem
1509 491 1560 533 et
1585 480 1788 547 perfec-

265 561 424 617 tionem
465 563 772 617 reducunt?
806 565 956 630 Quod
1003 567 1393 636 subsequenter
1425 568 1666 638 adjungit
1697 585 1710 623 :
1740 578 1787 620 et

261 667 551 722 quaecunque
579 653 686 706 alia
715 655 1004 710 reducentis
1030 667 1077 710 et
1108 659 1446 712 convertentis
1472 668 1589 711 sunt
1613 674 1790 711 secun-

262 742 409 795 dorum
433 744 802 810 providentiae,
825 747 928 800 hoc
954 755 1052 809 est,
1075 756 1132 802 et
1155 762 1508 816 quaecunque
1529 748 1630 801 alia
1653 764 1790 818 sym-

261 829 354 884 bolo
391 846 449 886 ex
479 831 831 888 humanorum
881 850 1164 905 corporum
1213 837 1492 891 harmonia
1545 839 1788 891 introdu-

262 927 418 972 cantur
442 919 508 973 ad
530 921 932 991 signiﬁcandam
957 926 1190 980 divinam
1215 927 1624 995 providentiam,
1653 942 1791 996 quae

262 1008 428 1064 reducit
449 1020 506 1065 et
533 1015 794 1068 convertit
827 1015 1090 1071 secundos
1125 1018 1144 1048 ³
1172 1018 1380 1072 animos
1407 1017 1792 1072 intellectuales

260 1114 300 1151 et
335 1099 609 1157 rationales
638 1117 734 1172 per
778 1106 980 1175 primos
1028 1107 1080 1162 in
1130 1108 1288 1162 unius
1315 1108 1554 1162 omnium
1599 1122 1794 1164 causae

259 1191 678 1259 participationem
703 1195 744 1250 ⁸.

311 1275 388 1332 Est
412 1292 580 1336 antem
621 1287 830 1354 quando
855 1298 903 1342 et
928 1291 984 1343 in
1015 1306 1106 1344 nos
1134 1290 1426 1345 divinorum
1467 1291 1790 1360 judiciorum

255 1378 350 1419 sunt
370 1370 594 1437 symbola
618 1373 713 1427 illa
735 1391 868 1444 quae
894 1387 1012 1430 acta
1039 1387 1180 1444 sunt,
1205 1379 1304 1433 hoc
1325 1387 1406 1433 est
1429 1391 1578 1447 gesta
1601 1389 1726 1434 sunt
1748 1380 1788 1443 ',

257 1472 281 1505 ιι
315 1459 482 1511 sanctis
530 1461 730 1530 angelis
762 1480 982 1533 organa,
1011 1466 1131 1520 aliis
1157 1466 1364 1536 quidem
1404 1467 1792 1527 declarantibus

254 1545 553 1613 «terrigenum
575 1550 905 1622 disciplinam
935 1564 1024 1608 aut
1052 1557 1346 1626 punientem
1361 1557 1645 1626 justitiam,
1671 1558 1791 1611 aliis

1890 405 1984 446 aut
2027 395 2078 446 in
2126 393 2459 461 disciplinam
2509 391 2809 459 corrigendi
2867 405 2960 457 per
2997 387 3453 448 miscricordiam,

1890 492 1980 536 aut
2027 484 2078 536 in
2121 484 2458 537 severitatem
2505 482 2525 514 "
2557 481 2805 551 puniendi
2845 477 3223 549 pcrjustitiam
3267 476 3458 530 dividi-

1893 580 2014 634 tur;
2065 580 2118 625 et
2147 587 2308 624 unum
2339 572 2552 639 quidem
2583 586 2678 639 per
2705 571 2904 638 virgam
2926 609 2939 633 ,
2972 569 3110 621 sicut
3133 569 3209 620 ait
3238 564 3460 618 Psalmio

1891 676 2010 718 sta:
2049 682 2067 714 ι
2101 664 2247 734 virga
2275 663 2624 717 correctionis
2668 663 2816 730 virga
2861 661 3009 732 regni
3051 660 3125 713 tui
3157 679 3204 722 ι,
3231 658 3456 712 alterum

1889 769 1986 824 per
2001 754 2230 809 securim
2252 752 2296 817 ⁸,
2317 773 2335 802 ι
2357 752 2466 820 jam
2490 773 2508 805 ι
2523 793 2536 814 ,
2555 752 2728 820 inquit
2742 764 3076 819 praecursor,
3097 747 3117 778 ’
3137 766 3155 798 ι
3175 745 3377 802 securis
3393 762 3420 797 a
3444 747 3457 794 l

1892 841 2124 895 radicem
2155 839 2361 893 arboris
2392 839 2434 870 ιο
2474 839 2644 908 posita
2668 846 2788 902 est;
2820 837 2996 890 omnis
3023 835 3214 898 arbor,
3245 849 3382 904 quae
3417 834 3454 863 “

1891 948 1999 988 non
2027 931 2154 985 facit
2177 930 2406 984 fructum
2434 931 2654 990 bonum,
2684 927 2961 982 excidetur
2983 936 3036 980 et
3063 927 3113 979 in
3145 925 3316 993 ignem
3346 923 3461 975 mit-

1893 1031 2034 1075 tetur
2068 1041 2111 1073 ι.
2139 1020 2255 1073 Alia
2285 1034 2413 1073 vero
2442 1019 2682 1088 angustia
2711 1017 2756 1055 "
2783 1017 3107 1080 libertatem,
3139 1015 3218 1068 vel
3243 1029 3304 1066 ex
3331 1013 3461 1065 insi-

1892 1113 1995 1167 diis
2018 1111 2348 1175 liberlatem;
2386 1110 2436 1163 in
2459 1108 2667 1164 Graeco
2704 1107 2900 1178 quippe
2932 1116 3016 1160 est
3047 1107 3393 1178 περιστάσεων
3418 1104 3459 1132 ¹¹

1891 1203 2195 1276 ὲλιυθιρίαν,
2243 1216 2339 1269 pro
2384 1216 2490 1269 quo
2517 1214 2798 1268 possumus
2843 1198 3022 1251 dicere
3065 1194 3460 1261 angustiahvel

1893 1293 2102 1348 insidiis
2128 1290 2604 1358 libertatem,quod
2629 1289 2791 1344 etiam
2828 1302 2922 1356 per
2951 1286 3156 1356 virgam
3179 1284 3457 1337 formatur.

1891 1385 1972 1438 Ad
2018 1383 2119 1437 hoc
2161 1384 2302 1436 enim
2342 1381 2688 1450 corripimur,
2725 1376 3129 1446 disciplinisque
3157 1374 3462 1428 misericor-

1892 1472 2013 1527 diae
2037 1473 2357 1536 excitamur,
2405 1479 2465 1525 ut
2511 1470 2578 1523 ab
2619 1468 2882 1538 angustiis
2913 1466 3225 1520 delictorum
3253 1471 3463 1518 nostro~

1897 1578 2014 1616 rum
2044 1570 2099 1615 et
2127 1577 2156 1615 a
2185 1559 2462 1614 diabolicis
2492 1558 2701 1614 insidiis
2741 1557 3066 1619 liberemur;
3119 1563 3210 1609 aut
3236 1553 3465 1622 discipli-

255 1651 346 1688 ma
382 1642 618 1706 angustia
647 1642 668 1673 ‘
694 1642 980 1699 libertatem
1027 1656 1118 1699 aut
1164 1647 1471 1715 disciplinae
1499 1647 1654 1716 ﬁnem
1696 1659 1786 1701 aut
1819 1629 1864 1688 Β
1894 1666 1993 1705 nae
2013 1650 2208 1716 linem;
2241 1651 2403 1704 totius
2424 1649 2632 1703 divinae
2656 1646 2969 1716 disciplinae
3002 1644 3123 1700 ﬁnis
3144 1630 3466 1698 estbabitus

253 1721 408 1788 prioris
450 1731 778 1784 constantiae
827 1735 1222 1799 resumptionem
1268 1745 1359 1788 aut
1410 1738 1784 1804 appositionem

253 1809 438 1865 aliorum
482 1816 744 1871 donarunt
785 1837 1066 1887 parvorum
1096 1833 1185 1876 aut
1213 1839 1536 1893 magnorum,
1567 1825 1785 1878 sensibi-

253 1899 354 1951 lium
378 1915 458 1954 aut
485 1905 845 1974 invisibilium,
877 1918 923 1963 et
954 1911 1164 1963 omnino
1189 1910 1369 1980 forsan
1400 1927 1502 1965 non
1532 1912 1784 1966 dubitarit

251 1993 480 2058 perspicax
531 1996 742 2052 animus
767 1999 978 2065 pulchre
1005 2001 1346 2054 inuisibilibus
1385 2002 1620 2055 adunare
1666 2002 1785 2056 visi-

252 2077 366 2131 bilia.
397 2082 554 2148 Vasa,
584 2086 778 2156 inquit,
811 2105 947 2159 quae
971 2100 1182 2162 gestare
1207 2092 1425 2162 angelos
1468 2093 1644 2147 divina
1677 2101 1786 2148 tra-

251 2165 646 2262 dit-scriptura,
702 2180 940 2248 symbola
987 2189 1112 2234 sunt
1152 2182 1436 2251 aliquando
1482 2183 1785 2239 divinorum

249 2255 526 2318 iudiciorum
545 2304 561 2328 ,
590 2267 784 2335 quibus
811 2284 908 2323 nos
928 2267 1254 2337 judicamur.
1282 2274 1406 2326 dum
1435 2271 1539 2326 alia
1570 2272 1786 2341 quidem

253 2350 575 2423 corrigentem
629 2358 962 2429 disciplinam
1010 2371 1103 2416 aut
1163 2354 1472 2432 punientem
1521 2362 1786 2432 justitiam

1891 1741 2108 1795 virtutis
2131 1748 2186 1795 et
2210 1740 2535 1804 aedilicium,
2551 1753 2687 1808 quae
2705 1737 2984 1793 tectonicis
3005 1736 3218 1806 organis
3245 1733 3465 1804 pulchre

1893 1830 2303 1900 signiﬁcantur;
2371 1840 2463 1884 aut
2507 1829 2704 1898 prioris
2753 1827 3091 1885 constantiae
3141 1824 3460 1893 resumptio-

1893 1936 2014 1975 nem
2046 1921 2107 1974 εδ.
2139 1921 2197 1975 In
2240 1922 2444 1977 Graeco
2491 1929 2574 1976 est
2600 1919 2884 1982 ιῢπαθιίας.
2952 1920 3226 1974 Eunaeum.
3275 1915 3464 1970 Cicero

1893 2011 2277 2080 interpretatur
2302 2012 2674 2074 constantiam,
2709 2019 2769 2065 ut
2805 2011 2915 2079 jam
2943 2011 3194 2072 diximus,
3227 2019 3460 2076 sequen-

1892 2107 1972 2153 tes
2019 2097 2263 2154 sanctum
2311 2099 2663 2169 Augustinum
2695 2101 2996 2154 εεύπαθείαι
3036 2105 3189 2161 sunt,
3245 2096 3295 2149 id
3340 2107 3418 2149 est
3446 2125 3481 2166 ε,

1889 2190 2225 2244 constantiae
2280 2198 2390 2244 tres
2419 2191 2712 2244 secundum
2743 2191 2971 2252 Stoicos,
3013 2189 3280 2251 voluntas,
3326 2203 3460 2259 gau-

1892 2281 2058 2346 dium,
2084 2281 2282 2345 cautio,
2309 2288 2362 2336 et
2394 2296 2499 2336 non
2531 2281 2628 2336 nisi
2655 2281 2705 2335 in
2735 2281 2931 2335 animo.
2967 2279 3190 2350 Explicit
3217 2279 3278 2332 ¹⁸.

1498 2488 1750 2544 \‘ARIAE
1786 2489 2190 2550 LECTIONES.

303 2596 315 2622 ¹
351 2595 489 2650 Corr.
527 2599 614 2662 B‘,
666 2601 754 2655 ΑΒ
789 2606 955 2659 addit.

242 2673 378 2726 gesta.

241 2749 466 2791 securum.

1049 2608 1070 2636 ’
1107 2608 1260 2662 Corr.
1305 2607 1390 2671 B',
1438 2606 1527 2661 AB
1573 2607 1740 2660 edem.

545 2738 567 2769 ’
597 2740 639 2792 Β
670 2758 994 2804 praecussor.
1072 2738 1352 2802 io“arboris
1393 2763 1501 2801 om.
1545 2754 1612 2804 A.

249 2892 1775 2942 ἣπτ-

489 2606 762 2700 ear;
789 2606 968 2700 “stt;
1438 2606 1527 2700 AP
1572 2607 1798 2700 9451?“..-
1843 2606 2201 2700 '0':nt

555 2669 645 2724 Sic
676 2672 784 2737 AB,
809 2674 874 2727 Β*
903 2676 969 2728 ad
1005 2691 1177 2746 marg.
1225 2669 1401 2733 adscr.
1451 2679 1514 2730 ab
1556 2675 1821 2748 angustia.

555 2738 567 2769 ³
600 2740 639 2778 η
670 2758 976 2778 unum."
1072 2748 1114 2778 to
1152 2748 1351 2778 "tunc.
1394 2763 1478 2778 ιι...
1555 2754 1578 2778 Α
1700 2749 1738 2778 ιι
1772 2749 1813 2778 ιη
1852 2752 1936 2778 -..ε

244 2755 466 2791 securum.
546 2755 567 2769 ’
597 2755 639 2792 υ
670 2758 994 2804 praecussor.
1072 2755 1114 2778 "’
1149 2755 1352 2802 arboris
1393 2763 1501 2801 om.
1545 2755 1612 2804 A.
1700 2755 1738 2778 "
1772 2755 1813 2808 C
1849 2755 1957 2819 qui.

244 2821 457 2865 meumr.
536 2809 584 2840 “
621 2809 798 2875 Corn,
825 2815 870 2867 Α
901 2817 1260 2886 resumptione.
1339 2819 1382 2850 "
1416 2818 1643 2887 Explicit
1671 2836 1781 2874 om.
1809 2821 1873 2875 A.

2587 2613 2604 2644 ³
2639 2615 2680 2666 Α
2707 2611 3122 2684 participatione.
3222 2609 3240 2638 ⁸
3279 2607 3318 2660 Β
3343 2620 3462 2659 sunt

2587 2693 2721 2734 item.
2840 2684 2861 2713 ⁸
2903 2680 3034 2734 Rati.
3076 2694 3216 2734 corr.
3257 2677 3329 2734 B.
3373 2678 3459 2729 ΑΒ

2950 2694 3034 2733 ait.
3076 2694 3216 2734 corr.
3257 2694 3329 2739 υ,
3373 2699 3384 2729 ι

1946 2681 1964 2710 ⁷
2005 2681 2181 2747 Conj..
2214 2682 2299 2736 AB
2337 2700 2390 2736 se
2441 2681 2721 2737 veritatem.
2840 2684 2861 2713 ⁸
2903 2681 3034 2734 Rati.
3076 2694 3216 2734 corr.
3257 2681 3329 2739 B,
3373 2681 3458 2729 ΑΒ

1946 2791 1957 2803 .
2060 2753 2100 2782 ¹²
2134 2751 2194 2804 Β·
2239 2751 2376 2807 infra
2424 2755 2600 2808 adscr.
2650 2754 2714 2806 ab
2757 2753 3017 2819 angustia.
3129 2747 3171 2779 ¹³
3199 2747 3286 2802 AB
3314 2768 3458 2819 περιο

2060 2753 2100 2782 ¹²
2134 2751 2194 2804 Β·
2239 2751 2376 2807 infra
2424 2755 2600 2808 adscr.
2650 2754 2714 2806 ab
2757 2753 3017 2822 angustia.

2025 2911 3405 2928 ———-—n——————l—_———'—-—L.:'=—___“

1781 2911 3450 2946 Μ

1131 3062 1240 3176 δ’
1245 3063 1624 3177 θΔΝ
1629 3067 1757 3177 N
1764 3065 1930 3179 IS
2007 3066 2530 3181 SGO’I‘I

1462 3267 2222 3348 EXPOSITIONESI

471 3439 798 3568 SUPER
873 3440 1510 3572 IERARCHIAM
1593 3437 2418 3570 ECCLESIASTICAM
2499 3438 2584 3564 S.
2678 3434 3166 3564 DIONISII.

932 3644 1047 3698 Cod.
1073 3659 1161 3696 me.
1187 3645 1309 3696 bibl.
1332 3646 1555 3696 Univers.
1583 3645 1800 3708 Lipsien.
1828 3644 1944 3705 188,
1968 3645 2256 3708 membran.,
2281 3659 2384 3696 sec.
2407 3660 2506 3695 xm.
2541 3681 2554 3695 .
2590 3681 2604 3695 .
2643 3680 2657 3695 .
2696 3681 2708 3695 .
2748 3685 2758 3696 .

937 3707 1053 3758 Cod.
1078 3719 1163 3756 ms.
1193 3709 1295 3758 Vat.
1322 3708 1430 3765 177,
1461 3707 1874 3762 membran.,sec.
1905 3721 1998 3756 xiv.
2037 3741 2050 3755 .
2090 3741 2105 3755 .
2139 3744 2152 3756 .
2189 3745 2202 3758 .
2239 3745 2254 3759 .
2294 3743 2307 3755 .
2343 3740 2358 3754 .
2396 3742 2409 3755 .
2444 3739 2462 3758 .
2499 3741 2512 3756 .
2551 3743 2562 3756 .
2598 3743 2612 3756 .
2647 3744 2661 3758 .
2699 3742 2710 3754 .
2750 3744 2762 3758 .
2801 3708 2853 3756 Β.

939 3767 1053 3818 Cod.
1075 3781 1164 3818 ms.
1183 3768 1422 3821 Sorbonn.
1452 3769 1570 3820 1555
1591 3768 1712 3817 bibl.
1736 3767 1860 3830 lleg.
1887 3769 2190 3830 Parisiensis,
2210 3768 2499 3828 membran.,
2519 3781 2620 3819 sec.
2641 3783 2739 3819 xm.
2772 3802 2784 3816 .
2810 3769 2861 3818 (ἃ.

874 3999 1116 4056 INCIPIT

558 4151 886 4198 νιιοιοϐῠε
930 4153 1195 4197 SECUNDI
1238 4155 1430 4198 LIBRI.

286 4263 553 4326 Secundus
600 4287 729 4326 vero
775 4272 929 4340 liber,
969 4275 1054 4330 cui
1076 4284 1159 4330 est
1198 4277 1480 4347 inscriptio
1504 4277 1569 4333 de
1602 4278 1779 4333 eccle-

229 4356 416 4414 siastica
462 4361 735 4417 Ierarcbia
784 4365 823 4429 ί,
857 4363 1121 4422 humanae
1170 4377 1430 4432 naturae,
1486 4367 1779 4432 Salvatoris

226 4449 371 4502 nostri
410 4453 675 4521 sanguine
705 4454 1034 4524 redemptae,
1065 4456 1326 4512 unitatem
1360 4458 1658 4522 denuntiat,
1707 4458 1774 4512 ad

226 4535 606 4598 similitudinem
637 4546 887 4602 videlicet
913 4547 1154 4602 caelestis
1183 4550 1494 4615 sacerdotii,
1514 4560 1772 4620 quantum

225 4631 449 4690 possibile
478 4644 603 4699 est,
653 4638 972 4693 mortalibus
1020 4639 1190 4693 adhuc
1234 4639 1556 4694 ordinatam.
1607 4641 1773 4708 Cujus

223 4729 436 4777 summus
461 4725 708 4792 pontifex
745 4735 827 4781 est
858 4727 988 4796 ipse,
1020 4729 1109 4798 qui
1141 4743 1257 4782 eam
1289 4730 1388 4784 sibi
1419 4746 1516 4800 per
1542 4732 1770 4797 gratiam

219 4817 349 4860 suam
391 4812 411 4841 '
461 4815 846 4881 coadaptavit,
895 4817 986 4884 qui
1032 4817 1194 4871 etiam
1243 4818 1407 4874 totius
1449 4819 1769 4883 ierarcbiae,

219 4896 504 4953 caelestium
532 4904 752 4969 quidem
783 4914 835 4958 et
870 4905 1224 4967 terrestrium,
1256 4907 1576 4975 principium
1605 4917 1686 4961 est
1717 4916 1770 4960 et

215 4985 423 5042 medium
457 4999 510 5044 et
559 4992 703 5055 finis,
752 4995 818 5047 ad
847 5010 1004 5063 quem
1043 4995 1221 5049 omnia
1252 4996 1575 5050 referuntur.
1623 4995 1768 5050 Haec
1805 5039 1810 5044 .

216 5067 372 5138 itaque
396 5087 587 5132 nostra
614 5081 878 5135 ierarchia
905 5085 1070 5136 instar
1095 5085 1344 5139 caelestis
1371 5086 1636 5154 tripartito
1661 5095 1765 5148 est,

211 5156 394 5218 Gellicet
420 5167 475 5222 in
526 5178 642 5224 tres
679 5171 989 5225 ierarcbias.
1017 5175 1252 5239 Quarum
1287 5177 1456 5244 prima
1487 5177 1766 5248 temporali

1802 4003 1858 4063 D
1884 3999 2098 4070 quidem
2113 3999 2316 4064 ordine,
2337 3999 2520 4054 ultima
2536 4013 2666 4054 vero
2682 3997 2940 4066 dignitate
2959 3997 3125 4068 legale
3143 3996 3200 4050 lit
3224 3996 3245 4028 ³
3264 4011 3448 4052 sacer-

1883 4088 2105 4143 dotium.
2139 4088 2290 4155 Quod
2315 4089 2370 4142 in
2401 4087 2570 4142 variis
2589 4087 2610 4118 δ
2635 4086 2790 4140 valde
2807 4094 2862 4140 et
2887 4087 2908 4117 ⁸
2929 4085 3172 4141 obscuris
3195 4086 3449 4154 symbolis

1881 4193 1979 4250 per
2022 4179 2380 4249 legislatorem
2407 4177 2621 4248 Meysen
2649 4177 2801 4246 plane
2833 4175 3034 4229 carnali
3062 4171 3235 4228 adhuc
3257 4175 3449 4243 popqu

1884 4272 2223 4347 litteraeque,
2272 4285 2378 4325 non
2415 4270 2626 4339 spiritui
2673 4267 2926 4332 servienti
2973 4267 3318 4321 distributum
3344 4276 3446 4321 est.

1887 4361 2050 4430 Cujus
2079 4362 2346 4414 maximus
2394 4359 2676 4413 character
2720 4367 2839 4412 erat
2879 4355 3278 4410 tabernaculum
3321 4355 3448 4410 illud

1885 4451 1938 4503 in
1971 4451 2201 4503 Arabico
2249 4459 2428 4503 monte
2492 4449 2714 4518 ﬁgurate
2760 4457 3132 4502 monstratum.
3204 4445 3446 4502 Secunda

1880 4556 2038 4605 vero,
2085 4555 2222 4608 quae
2250 4549 2304 4593 et
2348 4541 2551 4602 media,
2580 4539 2964 4600 sacerdotium,
2995 4536 3134 4607 quod
3166 4552 3308 4593 nunc
3332 4547 3413 4591 est
3432 4578 3447 4600 ,

1883 4632 2174 4687 Ecclesiam
2201 4632 2321 4687 dico
2351 4630 2481 4685 Novi
2515 4631 2861 4690 Testamenti,
2903 4629 3001 4683 sub
3031 4629 3200 4700 gratia
3229 4628 3446 4698 quidem

1881 4723 2246 4784 constitutam,
2292 4721 2484 4789 partim
2532 4720 2788 4789 symbolis
2815 4719 3100 4773 visibilium
3132 4733 3444 4774 sacramen-

1882 4827 2056 4870 torum
2088 4816 2420 4883 dispositam,
2455 4813 2648 4882 partim
2684 4827 2812 4866 vero
2838 4811 3081 4866 veritatis
3110 4810 3445 4878 contempla-

1881 4907 2022 4959 tione
2071 4903 2384 4974 perfectam.
2433 4903 2498 4956 Et
2537 4911 2619 4956 est
2661 4902 2780 4955 finis
2825 4901 3146 4970 praeteritae
3197 4901 3442 4968 primae,

1879 4997 2086 5050 initium
2133 5011 2258 5048 vero
2309 4994 2516 5047 futurae
2559 4992 2883 5054 ierarcbiae,
2927 5004 3062 5059 quae
3109 4999 3195 5043 est
3247 4999 3438 5048 terua,

1877 5102 2020 5141 nunc
2044 5102 2106 5139 cx
2139 5095 2288 5152 parte
2319 5085 2562 5138 inchoata
2594 5083 2645 5135 in
2675 5082 2926 5151 primitiis
2950 5079 3437 5147 contemplationis,

1873 5177 2194 5246 perﬁcienda
2244 5193 2369 5230 vero
2412 5185 2530 5245 post
2572 5175 2794 5244 gloriam
2832 5173 3044 5228 futurae
3092 5169 3439 5229 resurrectio-

1467 5328 1717 5384 VARIAE
1758 5329 2154 5384 LECTIONES.

267 5447 347 5503 ’Δ
370 5453 669 5524 ierarchya.
750 5459 768 5487 ’
795 5457 883 5512 Sic
907 5458 966 5523 (Ζ,
987 5476 1133 5512 suam
1155 5462 1205 5514 in
1232 5462 1350 5516 cod.
1373 5463 1415 5516 A
1433 5478 1501 5515 ιιι.
1527 5464 1836 5532 glossatoris
1862 5478 2022 5532 Supra
2054 5464 2228 5516 τώδε-ι’.
2308 5464 2326 5493 ³
2351 5465 2410 5527 (ἶ,
2428 5464 2512 5515 sit.
2596 5461 2793 5525 ‘SicC,
2819 5460 2861 5512 Α
2885 5459 3045 5512 vanis.
3124 5458 3145 5489 ⁵
3166 5466 3211 5510 et
3236 5473 3342 5511 om.
3373 5457 3413 5513 C
