3952 6156
272 220 357 277 269
594 194 605 200 -
904 224 1398 286 EXPOSITIONES
1437 232 1503 288 IN
1542 233 1895 293 MYS‘TICAM
1936 242 2373 302 THEOLBGIAM
2412 250 2467 303 S.
2508 248 2819 307 DlONYSll.

3370 258 3474 309 εἴθ

267 332 651 399 crant‘stricti,
672 352 740 391 ne
770 336 1046 407 imperitae
1078 342 1421 409 multitudini,
1446 345 1538 401 sed
1561 347 1688 403 solis
1713 349 1809 404 do-
1840 357 1884 414 Α
1916 368 2168 409 sensuum
2213 367 2266 411 et
2309 361 2501 416 virium
2528 363 2837 419 mentalium
2863 367 2934 431 η,
2965 383 3072 436 quo
3093 368 3312 425 obtenta
3359 371 3470 442 ipsi

265 423 352 476 etis
366 431 414 476 et
430 423 609 491 dignis
628 439 723 478 sua
742 427 958 495 scripta,
980 429 1131 497 quasi
1153 432 1437 488 multorum
1458 437 1809 504 capacitatem

263 510 578 577 excellentia,
623 514 952 584 revelarent;
994 520 1163 575 doctis
1210 521 1580 580 deﬁcientibus
1622 540 1808 582 eorum

262 600 401 671 culpa
430 604 687 669 maxime,
710 615 771 661 ut
795 622 938 673 reor,
961 610 1051 677 qui
1078 611 1437 678 praelationes
1463 615 1807 672 ecclesiarum

259 691 702 762 qualibuscnnque
714 695 1016 761 conferunt.
1030 708 1083 753 et
1101 699 1430 757 literatorum
1444 715 1748 775 respectum
1762 708 1805 774 ³,

259 783 437 850 quibus
499 787 945 855 committerent,
1003 806 1110 845 non
1166 792 1490 850 habuerunt.
1556 798 1805 855 Forsitan

259 872 599 944 Hieronymus
625 876 648 906 ³
676 877 1154 936 excellentissimus
1177 882 1555 957 Areopagitam
1598 888 1622 921 "
1664 890 1807 948 inter

255 962 632 1023 ecclesiasticos
660 970 950 1040 scriptores
978 988 1085 1027 non
1111 979 1431 1044 numeravit,
1470 982 1596 1052 quia
1640 982 1806 1041 libros

253 1056 373 1125 ejus,
397 1059 539 1113 sicut
564 1061 880 1129 eminentes,
910 1065 975 1118 ad
1012 1082 1349 1127 communem
1381 1074 1624 1130 notitiam
1657 1088 1806 1148 repo-

255 1147 444 1203 nendus
466 1165 572 1204 non
600 1154 828 1220 putavit.
857 1153 1065 1210 Nullam
1090 1160 1234 1214 enim
1281 1165 1603 1220 mentionem
1645 1147 1804 1236 hujus

252 1238 474 1292 doctoris
516 1248 574 1294 et
599 1256 822 1296 suorum
868 1243 1128 1301 librorum
1157 1248 1283 1305 facit
1315 1250 1367 1304 in
1409 1252 1547 1307 libro
1578 1255 1646 1308 de
1672 1257 1804 1313 viris

250 1324 552 1393 illustribus,
601 1344 723 1385 eum
768 1332 996 1389 aliorum
1024 1336 1220 1393 ibidem
1254 1355 1285 1394 a
1314 1344 1642 1411 temporibus
1673 1361 1800 1416 apo-

246 1415 487 1472 stolorum
514 1433 683 1487 usque
731 1424 798 1477 ad
824 1439 943 1489 sua,
971 1426 1060 1481 ubi
1086 1428 1269 1495 etiam,
1303 1446 1439 1500 quos
1471 1432 1638 1489 libros
1666 1415 1800 1491 scri-

245 1506 450 1572 pserint,
478 1522 597 1562 eum
623 1509 779 1567 laude
805 1514 1041 1570 celebrat
1069 1516 1114 1583 ⁸,
1146 1529 1495 1576 memoratur.

244 1631 526 1690 INCIPIT
562 1638 782 1697 usus
821 1643 1105 1721 δωρεῇ]
1147 1651 1169 1683 ο
1205 1651 1520 1710 MYSTICA
1573 1656 1797 1715 THEO-

424 1727 650 1784 LOGIA
681 1732 725 1786 ⁷.
769 1733 1053 1795 TEXTUS
1088 1740 1240 1797 CUM
1279 1744 1596 1805 GLOSSIS.

300 1858 523 1917 Trinitas
548 1868 1057 1936 supersubstantialis
1076 1884 1175 1929 etc.
1190 1875 1564 1947 Tituluslmjus
1578 1881 1697 1937 libri
1713 1894 1795 1940 est

239 1951 293 2003 de
310 1954 529 2022 mystica
550 1956 900 2028 tbeologia,id
929 1974 1033 2023 est.
1056 1964 1236 2022 clausa
1264 1969 1350 2023 vel
1370 1972 1610 2039 occulta;
1640 1977 1795 2043 quia,

236 2043 479 2113 quidquid
506 2046 577 2101 ibi
616 2049 837 2115 dicitur,
865 2056 1017 2122 quasi
1048 2056 1420 2127 inexplicabile
1450 2072 1621 2120 totum
1648 2067 1791 2122 elati-

237 2147 337 2187 sum
370 2146 423 2189 et
466 2139 733 2196 occultum
776 2145 1114 2215 relinquitur.
1158 2152 1257 2207 Est
1293 2164 1471 2210 autem
1518 2161 1746 2215 materia
1772 2163 1792 2195 ⁸

235 2221 372 2291 hujus
408 2226 539 2282 libri
579 2229 692 2299 ipse
733 2232 895 2301 Deus,
933 2237 990 2290 in
1023 2254 1080 2294 se
1114 2243 1430 2312 simpliciter
1453 2249 1789 2308 considerata

234 2328 373 2369 causa
408 2329 641 2377 naturae
681 2322 724 2389 ’,
779 2326 963 2383 babito
1005 2330 1047 2362 ¹⁶
1084 2344 1332 2404 respectu
1385 2341 1451 2394 ad
1492 2352 1785 2399 creaturas.

232 2402 441 2460 Intentio
485 2409 605 2478 ejus
653 2424 755 2481 est,
806 2421 1187 2479 commendare
1239 2441 1421 2483 veram
1471 2432 1786 2502 sapientiam

230 2492 667 2567 Christianorum,
694 2512 749 2560 et
774 2508 1092 2575 sapientiam
1122 2492 1561 2587 philosopr
1603 2538 1789 2594 reer

228 2584 357 2681 bare.
385 2590 601 2648 milites
624 2593 739 2663 eius
772 2609 874 2663 est,
902 2601 1162 2661 inducere
1181 2584 1384 2677 apicem
1427 2584 1679 2681 personis
1710 2619 1788 2673 in-

227 2675 350 2730 viam
381 2680 444 2744 “,
489 2683 547 2736 id
580 2694 664 2738 est
706 2688 848 2742 nniri
897 2691 1007 2747 Deo
1061 2708 1159 2763 per
1208 2675 1783 2769 superintellectualem

225 2766 571 2833 cognitionem
594 2783 650 2828 et
682 2774 1023 2835 adactionem
1047 2784 1150 2850 sui,
1192 2795 1255 2841 ut
1273 2766 1387 2844 uno
1412 2794 1673 2852 voeabqu
1697 2798 1782 2851 di-

223 2866 326 2905 cam
373 2856 434 2920 ”,
480 2870 776 2932 utrumque
820 2882 919 2935 per
963 2872 1378 2933 deiﬁcationem.
1434 2882 1627 2939 Forma
1668 2888 1782 2942 sive

222 2944 396 3007 modus
425 2952 694 3006 tractandi
742 2955 861 3012 talis
911 2968 1012 3014 est.
1043 2961 1228 3020 Primo
1254 2968 1422 3024 Deum
1451 2973 1687 3040 invocat,
1720 2987 1780 3031 ut

220 3044 305 3097 per
320 3034 497 3131 ipsum
526 3040 596 3094 ad
625 3041 797 3111 ipsum
835 3046 1114 3120 dirigatur.
1148 3052 1401 3114 Secundo
1442 3034 1771 3120 instruit'Ti-
1803 3071 1847 3131 Ο

219 3124 495 3221 modicum,
526 3136 797 3200 quomodo
831 3152 958 3194 vera
987 3145 1250 3213 sapientia
1279 3150 1611 3221 inquiratur;
1655 3158 1726 3213 ibi
1753 3178 1766 3214 :

221 3210 288 3267 Tu
329 3230 521 3285 autem,
561 3240 593 3276 o
626 3226 792 3280 amice
832 3210 1116 3289 Timothee.
1158 3210 1653 3312 Tertio-promittit,
1702 3264 1772 3304 ne

217 3304 479 3366 Hiesaurus
507 3312 680 3382 ipsius
727 3320 1022 3390 sapientiae
1053 3324 1284 3398 indignis
1312 3304 1652 3402 ostendatur,
1687 3340 1770 3394 in-

217 3410 367 3453 nuens
411 3416 680 3471 errorem,
728 3424 835 3478 quo
884 3412 1268 3485 impediuntur,
1320 3435 1388 3477 ne
1436 3439 1563 3481 vera
1593 3428 1662 3483 ab
1691 3430 1771 3484 eis

216 3487 452 3553 sapientia
485 3493 914 3565 inveniatur;ibi
941 3521 953 3555 :
987 3501 1114 3558 Vide
1131 3518 1304 3562 autem
1322 3527 1385 3565 ne
1402 3515 1536 3583 quis.
1569 3515 1769 3583 Quarto

214 3582 429 3636 ostendit
468 3588 772 3643 secundum
803 3592 1047 3650 diversas
1074 3597 1313 3655 rationes
1360 3582 1417 3656 et
1441 3582 1603 3671 vias,
1626 3611 1768 3676 quod

213 3669 367 3723 omnis
393 3685 645 3733 creatura
689 3681 810 3737 sine
834 3683 1012 3754 aliqua
1040 3693 1426 3751 contrarietate
1474 3698 1770 3757 allirmatur

211 3766 522 3829 etnegatur;
557 3767 631 3821 ibi
664 3785 680 3823 :
722 3770 934 3840 Oportet
960 3778 1015 3831 in
1055 3780 1186 3849 ipsa.
1223 3783 1420 3850 Quinto
1444 3790 1764 3858 demiratur,

211 3847 534 3951 «Mount,
565 3857 762 3924 quibus
789 3864 961 3931 gratia
992 3847 1333 3935 perveniendi
1363 3878 1432 3931 ad
1460 3877 1626 3934 Deum
1672 3847 1768 3951 per

208 3939 769 4031 superintellectualem
812 3956 1172 4025 cognitionem
1216 3963 1407 4031 datur;
1435 3968 1506 4023 ibi
1533 3970 1637 4024 εει
1662 3939 1766 4027 non

203 4023 505 4097 simpliciter.
537 4036 611 4093 Et
631 4040 769 4098 haec
793 4023 974 4102 omnia
1000 4048 1130 4107 facit
1157 4054 1209 4108 in
1237 4023 1412 4125 primo
1442 4023 1691 4131 capitulo.

739 4154 1133 4216 CAPITULUM
1168 4164 1211 4219 Ι.

260 4251 288 4323 §
314 4255 361 4309 l.
401 4256 561 4325 Quod
579 4255 768 4320 divina
800 4266 890 4324 lux
922 4284 1019 4340 per
1050 4274 1283 4331 divinam
1327 4277 1537 4336 noctem
1566 4286 1758 4355 aspici-

204 4348 299 4407 ιιιτ.
324 4353 378 4398 et
399 4348 516 4416 ipsa
548 4368 656 4407 nox
686 4371 784 4424 per
813 4373 1062 4417 occasum
1089 4363 1349 4421 luminum
1384 4370 1429 4401 ¹⁸
1464 4370 1753 4427 invenitur.

203 4428 364 4501 Ibique
390 4443 539 4509 quod
587 4453 672 4499 est
705 4445 910 4504 clarum
955 4453 1292 4521 obscuratur,
1342 4461 1486 4529 quod
1531 4472 1613 4517 est
1644 4481 1757 4518 ma-

201 4534 343 4587 gnum
370 4538 673 4599 coartatur,
697 4537 838 4604 quod
867 4549 950 4595 est
974 4542 1265 4599 bumannm
1287 4547 1589 4617 deiﬁcatur,
1617 4554 1757 4621 quod

202 4620 272 4662 εει
290 4613 549 4685 ignotum,
579 4626 752 4692 magis
773 4627 1069 4698 ignoratur.
1097 4633 1287 4693 Divina
1317 4638 1405 4694 lux
1435 4650 1519 4697 est
1547 4645 1759 4701 divinae

198 4707 501 4770 cognitionis
528 4715 760 4782 caritas;
789 4720 967 4775 divina
1001 4739 1105 4779 nox
1130 4736 1216 4782 est
1244 4729 1410 4798 ipsius
1438 4735 1758 4802 cognitionis

201 4794 826 4877 incomprehensibilitas;
848 4828 985 4883 quae
1004 4831 1125 4871 cum
1154 4821 1431 4891 aspicitur,
1458 4823 1599 4880 Deus
1625 4840 1753 4898 cog-

194 4890 434 4945 noscitur.
471 4894 756 4953 Invenitur
782 4912 960 4959 autem
995 4906 1109 4975 ipsa
1137 4890 1753 4982 incomprehensibilitas

193 4989 277 5042 per
313 4995 575 5041 occasum
623 4990 908 5061 luminum,
954 5004 1010 5052 et
1050 5015 1149 5070 per
1188 5017 1466 5061 excessum
1510 5008 1750 5064 omnium

1909 447 2143 515 cognitio
2166 451 2506 519 obscuratur,
2533 457 2743 525 quiawin'
2757 474 3032 513 excessum
3054 462 3275 531 maioris
3290 465 3471 532 εοειιεὶο

1909 534 2072 591 tionis
2126 552 2528 609 augmentatnr,
2572 555 2629 600 et
2672 547 2899 602 latitudo
2943 554 3089 606 verbi
3136 555 3337 609 vocalis
3386 555 3468 610 vel

1909 628 2157 683 mentalis
2186 634 2536 703 restringatur
2558 637 2621 669 “‘
2638 640 2697 692 in
2715 641 3111 709 simplicitatem
3127 648 3271 701 verbi
3293 657 3468 704 aeter~

1908 716 2061 770 nalis.
2094 718 2169 772 lbi
2192 719 2251 773 lit
2272 723 2432 777 etiam
2455 726 2741 794 deiﬁcatio,
2767 731 2817 785 id
2838 741 2923 786 est
2941 733 3006 787 de
3032 735 3282 792 humanis
3307 740 3361 792 in
3391 741 3469 794 di~

1907 806 2029 861 vina
2057 814 2459 878 transmutatio,
2480 825 2537 870 et
2562 816 2711 883 illud,
2736 823 2877 889 quod
2902 831 2984 877 est
3010 823 3242 891 ignotum
3266 838 3365 897 per
3388 829 3469 883 in-

1904 899 2308 968 vestigationem
2355 905 2578 961 rationis
2617 915 2672 962 et
2706 910 3082 967 intellectualis
3117 918 3467 984 operationis.

1903 986 1963 1041 lit
1992 987 2223 1057 ignotius
2244 1006 2343 1060 per
2374 1009 2656 1052 excessum
2682 1000 2958 1065 unitionis.
2989 1004 3063 1059 ita
3094 1015 3291 1071 tamen,
3326 1013 3468 1077 quod

1904 1075 2026 1131 talis
2058 1079 2352 1148 ignorantia
2375 1100 2583 1141 summa
2606 1100 2688 1144 est
2714 1092 2852 1160 apud
2882 1093 3462 1163 majoremseieutiam.

2567 1224 2793 1266 TEXTUS.

1973 1312 2202 1372 Trinitas
2241 1326 2770 1396 supersnbstantialis,
2802 1343 2850 1388 et
2892 1339 3143 1406 superdea
3183 1341 3251 1407 η,
3286 1352 3335 1397 et
3371 1361 3460 1399 stt-

1894 1406 2141 1472 perbona,
2173 1411 2454 1481 inspectria:
2490 1419 2697 1475 divinae
2722 1425 3004 1504 sapientiae
3028 1428 3462 1501 Christianorum,

1896 1495 2062 1565 dirige
2104 1514 2197 1552 nos
2231 1502 2301 1554 ad
2349 1508 2682 1574 mysticorum
2726 1498 3044 1583 eloquiorum
3079 1524 3464 1592 superignotum

1833 1578 1853 1594 ⁶
1896 1592 1945 1636 et
1973 1588 2474 1657 supersplendentem
2501 1596 2543 1627 ¹⁶
2567 1615 2826 1656 summum
2861 1578 3243 1673 uerticem,'ubi
3266 1613 3463 1682 simpli-

1825 1702 1871 1760 Β
1899 1676 1979 1729 cia
2006 1686 2053 1731 et
2089 1680 2327 1737 absoluta
2368 1694 2417 1738 et
2460 1688 2867 1748 inconvertibilia
2896 1697 3182 1767 theologiae
3220 1676 3461 1771 mysteria

1898 1779 2136 1835 cooperta
2164 1785 2283 1826 sunt
2311 1778 2591 1833 secundum
2616 1785 3119 1854 supersplendentem
3158 1793 3354 1847 occulte
3383 1796 3463 1848 di-

1895 1859 1964 1912 cti
1995 1860 2039 1892 "’
2068 1862 2260 1918 silentii
2284 1867 2575 1938 caliginem,
2606 1873 2659 1927 in
2690 1875 3051 1935 obscurissima
3072 1884 3458 1951 σαροῖ-εἰσι·ἰωί-

1893 1965 2036 2003 mum
2049 1958 2468 2025 supersplendere
2489 1963 2532 1994 ¹⁸
2546 1963 2837 2032 facientem,
2853 1979 2899 2022 et
2914 1970 2968 2024 in
2984 1973 3194 2026 omnino
3208 1974 3459 2045 impolita-

1894 2039 1983 2092 bili
2004 2052 2051 2095 et
2075 2043 2318 2102 invisibili
2343 2054 2728 2122 superpulcltris
2748 2058 3071 2116 claritatibus
3090 2039 3458 2136 superintplen-

1892 2144 1993 2189 tam
2021 2154 2124 2192 non
2152 2140 2395 2198 habentes
2438 2147 2615 2203 oculos
2642 2160 2854 2207 mentes.
2885 2152 3058 2224 Igitur
3084 2157 3291 2228 quidem
3332 2161 3456 2212 mihi

1890 2225 1992 2279 ista
2020 2237 2139 2282 sunt
2165 2230 2207 2260 ¹⁹
2234 2234 2467 2290 oratione
2490 2242 2770 2306 postulata.

2108 2327 2167 2369 ς

2572 2385 2760 2425 GEOSSA
2769 2408 2782 2424 .

1959 2477 2003 2533 Ο
2037 2480 2176 2535 trina
2206 2483 2403 2549 unitas,
2432 2495 2486 2541 et
2504 2504 2608 2542 una
2633 2492 2865 2557 trinitas.
2884 2494 3184 2553 divinarum
3208 2500 3453 2556 videlicet

1887 2582 2258 2639 personarum,
2291 2581 2717 2645 superexcedens
2736 2599 2894 2640 omne
2916 2601 3013 2642 eus
3049 2591 3226 2658 quoad
3267 2607 3451 2660 perso-

1889 2674 2011 2714 nam
2037 2661 2235 2729 Patris,
2267 2675 2321 2721 et
2348 2675 2776 2737 superexcedens
2799 2692 3012 2733 omnem
3057 2681 3371 2750 sapientiam
3397 2696 3451 2739 et

1883 2751 2162 2808 scientiam
2184 2759 2361 2825 quoad
2375 2775 2657 2829 personam
2673 2766 2816 2833 Filii,
2834 2776 2888 2823 et
2901 2775 3324 2845 superexcedens
3336 2792 3449 2832 om-

1884 2854 2007 2895 nem
2036 2844 2354 2901 existentcm
2383 2850 2670 2907 bonitatem
2698 2858 2871 2925 quoad
2897 2844 3180 2928 personam
3216 2864 3449 2935 Spiritus

1883 2931 2056 2984 sancti
2091 2949 2273 3003 :quae
2316 2938 2646 3008 inspiciendo
2693 2949 2962 3015 approbas
3005 2960 3061 3006 et
3103 2931 3446 3024 approbando

1882 3012 2103 3085 inspicis
2130 3022 2449 3091 sapientiam
2475 3012 2742 3098 ﬁdelium,
2763 3012 2876 3104 qua
2905 3037 3046 3094 Dens
3084 3012 3442 3114 cog-noscitur,

1876 3107 1967 3175 qni
1991 3106 2240 3183 s[cilicet]
2259 3112 2304 3144 ²⁰
2323 3124 2407 3170 est
2434 3119 2633 3186 optima
2657 3124 2850 3191 positio
2874 3124 3094 3184 Mariae.
3114 3106 3328 3189 Directo
3354 3106 3443 3190 ra;

1873 3195 1963 3250 dio
1991 3207 2103 3261 ate
2134 3202 2201 3255 ad
2226 3219 2343 3270 nos,
2387 3221 2485 3261 nos
2504 3210 2571 3262 ad
2597 3219 2648 3266 te
2675 3213 2934 3270 elevando
2961 3232 3104 3290 rege,
3151 3230 3209 3275 ut
3254 3241 3444 3294 perve-

1871 3289 2083 3347 niamus
2122 3294 2186 3348 ad
2219 3302 2269 3351 te
2292 3311 2389 3367 per
2414 3304 2940 3375 contemplationem,
2973 3309 3063 3377 qui
3092 3322 3175 3365 est
3200 3289 3442 3371 summus

1869 3390 2055 3434 vertex
2104 3396 2415 3443 sanctarum
2465 3389 2893 3463 Scripturarum,
2943 3415 3042 3456 nos
3084 3403 3298 3471 quidem
3344 3423 3438 3463 sn-

1869 3469 2210 3539 perignotus,
2245 3478 2296 3531 in
2350 3488 2402 3533 te
2450 3491 2628 3537 autem
2676 3469 3161 3558 supersplendens,
3212 3497 3264 3549 in
3310 3512 3436 3565 quo,

1870 3561 2074 3618 scilicet
2116 3580 2325 3621 summo
2362 3569 2622 3627 altissimo
2656 3577 2878 3643 vertice,
2909 3583 3206 3638 sententiae
3253 3600 3439 3641 sacrae

1870 3649 2180 3721 Scripturae
2193 3658 2607 3726 profundissime
2622 3673 2747 3718 sunt
2764 3666 2977 3723 clausae
2990 3678 3046 3723 et
3065 3670 3317 3728 abscondi
3328 3684 3434 3739 tae.

1867 3752 1921 3796 et
1950 3745 2090 3799 sicut
2111 3746 2163 3800 in
2192 3763 2317 3804 arce
2345 3750 2743 3820 simplicissima
2780 3766 3077 3825 coartatae,
3103 3770 3158 3816 et
3180 3779 3210 3817 a
3242 3768 3436 3819 verbo-

1867 3849 1987 3889 rum
2003 3835 2356 3896 velaminibus
2376 3843 2670 3899 absolutae.
2701 3846 2853 3903 Unde
2873 3852 3139 3919 quomodo
3159 3864 3284 3908 sunt
3306 3858 3434 3910 sim-

1863 3926 2050 3995 plices,
2079 3941 2280 3987 suntet
2303 3933 2771 4004 inconvertibiles,
2802 3950 2857 3995 et
2898 3951 3103 3998 tantum
3144 3961 3249 4000 uno
3276 3950 3433 4002 modo

1864 4018 2240 4091 intelligibiles.
2275 4024 2413 4080 Sunt
2438 4038 2617 4084 autem
2647 4039 2701 4084 et
2730 4033 2782 4087 in
2808 4034 2912 4088 isto
2932 4038 3129 4091 vertice
3150 4050 3432 4106 coopertae

1864 4108 1997 4164 istae
2024 4114 2320 4170 sententiae
2351 4120 2643 4175 secundum
2670 4121 2864 4189 lucem,
2892 4140 3029 4194 quae
3063 4127 3223 4181 habet
3245 4142 3427 4182 exces-

1863 4211 1981 4251 sum
2010 4199 2244 4267 luminis,
2292 4212 2346 4259 et
2382 4206 2501 4262 ideo
2539 4211 2765 4265 sortitur
2805 4229 2996 4268 nomen
3033 4215 3299 4286 caliginis,
3331 4234 3426 4272 cu-

1855 4286 1946 4355 jus
1990 4292 2241 4361 splendor
2282 4298 2521 4355 occultus
2567 4311 2648 4355 est
2689 4305 2910 4358 verbum
2951 4314 3250 4375 aeternum,
3288 4312 3428 4380 quod

1788 4404 1835 4464 D
1861 4378 2026 4434 Pater
2070 4383 2140 4438 ab
2177 4395 2398 4443 aeterno
2442 4391 2809 4448 inaudibiliter
2841 4395 3093 4465 loquitur.
3132 4400 3284 4466 Quod
3306 4378 3428 4472 qni-

1864 4470 1985 4525 dem
2013 4472 2065 4525 in
2097 4473 2185 4528 illa
2228 4491 2439 4532 summa
2484 4481 2850 4538 invisibilitate
2888 4485 3079 4555 Deum,
3110 4491 3203 4559 qui
3231 4500 3313 4544 est
3328 4470 3428 4545 su-

1859 4559 2317 4629 perclarissimus,"
2343 4565 2471 4622 facit
2511 4569 2740 4641 desuper
2784 4573 3102 4642 radiantem,
3149 4586 3203 4633 et
3240 4579 3292 4633 in
3325 4580 3423 4635 istc

1856 4655 2003 4701 statu
2024 4652 2172 4705 verbi
2206 4669 2303 4710 nec
2335 4658 2474 4713 ratio
2500 4659 2873 4732 investigando
2898 4667 3099 4737 palpat,
3127 4684 3227 4724 nec
3269 4670 3427 4727 intel-

1855 4736 2071 4808 ligentia
2098 4744 2141 4776 "
2169 4749 2576 4817 contemplando
2604 4754 2942 4820 considerat,
2977 4736 3142 4815 radiis
3171 4771 3425 4817 aeterna.

1859 4827 1982 4883 liter
2012 4832 2341 4903 simplicibus
2368 4848 2422 4892 et
2448 4839 2801 4899 eﬂ'ectualiter
2824 4848 3205 4918 multiplicibus
3230 4868 3423 4923 super—

1859 4916 2035 4974 l'undit
2052 4923 2310 4979 caelestes
2334 4938 2560 4995 mentes,
2579 4948 2716 5001 quae
2731 4934 2885 4990 “sibi
2906 4916 3045 4992 totae
3066 4949 3191 4995 sunt
3213 4916 3419 5007 oculus,

1858 5010 1942 5065 vel
1971 5028 2110 5082 quae
2134 5030 2240 5070 non
2285 5028 2509 5075 utuntur
2534 5026 2899 5084 materialibus
2925 5031 3207 5099 sensibus;
3236 5042 3290 5089 et
3318 5034 3419 5090 ista

1449 5139 1706 5197 VARIAE
1744 5143 2145 5231 LECTIONES.
2174 5186 2177 5193 μ

246 5230 265 5315 ξ
292 5230 468 5314 corn.
495 5237 637 5315 _cod._
660 5252 894 5315 errantu
934 5245 957 5273 ⁹
999 5245 1149 5315 Conj.
1171 5288 1186 5311 ,

188 5295 355 5365 'Cnnj.
368 5344 383 5367 ,
402 5295 533 5358 cod.
561 5307 735 5362 celeb'.

445 5375 486 5406 "
519 5376 701 5459 Cotta,
725 5382 1041 5459 collum-ria.
1118 5386 1164 5420 "
1180 5387 1358 5459 Conj.,
1384 5369 1714 5448 (eorftlicant.

1242 5252 1359 5324 cod.
1394 5253 1712 5324 et_literatos
1758 5258 2055 5324 respiciunt.
2132 5259 2153 5290 ³
2195 5260 2326 5314 Col.
2371 5262 2687 5321 Jeronimus.

814 5311 990 5390 ξςοάἶ
1009 5332 1052 5369 s.
1109 5311 1599 5390 '_"_Qod.catalogia.
1676 5326 1805 5380 ⁸001

2785 5271 2806 5301 ⁸
2838 5270 2969 5343 Cod.
3015 5274 3413 5343 ariophagitam.

1874 5328 2025 5401 ζοθά.
2051 5328 2120 5382 in.
2147 5400 2155 5401 ί
2196 5329 2417 5401 Nion},
2436 5336 2786 5392 cod.consid’.
2813 5342 2968 5395 alica.
2997 5328 3140 5397 nit':
3217 5328 3258 5375 ³³
3283 5344 3413 5399 Cod.

1812 5344 1887 5428 9.,
1907 5344 2025 5381 con.
2051 5349 2120 5382 m.
2197 5344 2218 5359 '
2241 5344 2417 5401 (4011].,
2436 5344 2553 5388 cod.
2570 5344 2968 5422 cortsid'Latica.
2997 5344 3136 5397 ηἷιιτ.
3217 5344 3258 5425 ’ξ
3283 5344 3392 5399 Cod

1862 5396 2037 5468 Conj.,
2058 5400 2178 5454 cod.
2205 5400 2481 5461 luminare.
2559 5404 2602 5435 ”
2621 5407 2748 5463 Cod.
2774 5412 3031 5464 mtalmm.
3108 5412 3167 5444 “‘
3188 5413 3278 5467 διε
3293 5415 3392 5468 cod

836 5432 841 5433 γ
873 5432 920 5436 η-
948 5432 1041 5438 -.ν--
1186 5432 1289 5442 νυ..
1319 5432 1332 5443 υ
1386 5432 1495 5446 κινιο
1519 5432 1714 5448 ιιινιιισιι
1863 5432 1969 5451 UI'II
1998 5437 2010 5450 ο
2058 5432 2063 5449 l

185 5432 224 5469 ”
242 5437 362 5495 (Iud.
386 5461 553 5513 super
572 5432 703 5533 (ira;
769 5450 812 5480 ¹⁶
840 5451 1157 5533 (Σφιλδιιμεν
1186 5432 1414 5533 ἱρηδιιξιη
1441 5472 1485 5514 et
1508 5479 1668 5533 super
1698 5432 2063 5533 splendentium

2142 5470 2510 5550 "_Ct)l‘l‘.}2tid.
2543 5476 2695 5550 docti.
2771 5482 2812 5511 ³⁸
2840 5480 2969 5550 Cod.
2996 5498 3151 5550 super
3187 5481 3412 5540 clarissi-

1620 5515 1623 5516 ν
1704 5515 1714 5516 ,
2543 5515 2693 5529 μην...
2841 5515 2969 5534 ws.
2996 5515 3053 5533 ...
3094 5515 3119 5534 ε

183 5518 309 5561 mum
330 5529 487 5581 super
518 5515 808 5584 splendere.
881 5521 923 5552 ἐ’
947 5515 1095 5591 (ἐπί,
1128 5515 1245 5581 cod.
1277 5531 1395 5595 fuit.
1475 5532 1520 5563 “
1554 5515 1682 5587 Cod.
1709 5515 1751 5586 ἕ.
1830 5537 1872 5567 ²¹
1899 5536 2070 5607 Couj.,
2102 5541 2219 5595 cod.
2254 5542 2506 5613 intelligii.
2586 5547 2630 5577 ”
2656 5547 2834 5614 Corn,
2861 5549 2979 5604 cod:
3009 5515 3121 5618 qui.
