3952 6156
434 241 528 295 ΠΙ
1792 245 1906 303 «1οΑ
1915 244 2070 300 NNIS
2109 245 2303 303 SCOTI

3555 239 3658 294 271

435 351 689 425 {enicet}
719 355 734 384 ⁸
767 369 865 424 per
884 357 1098 412 modum
1126 361 1416 416 creatiouis
1438 376 1470 414 a
1490 361 1596 416 Deo
1621 362 1848 430 postulo,
1871 377 1999 432 quo-
2023 375 2074 434 Α
2101 371 2339 418 secretas
2386 362 2880 431 contemplationes,
2908 361 2974 416 de
2995 361 3188 431 quibus
3210 368 3263 415 te
3284 360 3442 428 cupio
3469 375 3554 415 me
3581 361 3661 415 in-

436 444 584 498 niam
616 459 720 499 non
749 445 904 501 aliter
929 448 1316 520 intelliguntur,
1359 452 1586 521 nisi-per
1613 452 1940 507 creationem
1969 467 1998 506 a

439 531 550 586 Deo
588 532 929 602 impetretur,‘
968 535 1032 589 Et
1083 552 1222 591 nunc
1265 554 1433 608 quare
1473 550 1656 595 vertex
1701 541 2002 594 divinorum

441 627 772 677 secretorum
802 623 996 676 dicitur
1025 625 1419 696 superignotus,
1459 628 1922 699 supersplendens,
1947 637 2002 683 et

440 714 718 768 summus?

514 804 902 873 Superignotus
931 805 1144 873 dicitur,
1179 811 1301 878 quia
1332 813 1401 867 ad
1461 813 1634 882 ipsqu
1663 814 1801 868 ratio
1825 814 2005 869 deﬁcit

440 907 539 961 per
582 894 1079 965 investigationem;
1121 903 1566 972 supersplendens
1605 906 1819 973 dicitur,
1876 908 2005 977 quia

442 983 513 1036 ad
579 982 753 1053 ipsum
817 985 1119 1045 intellectus
1195 993 1377 1047 deﬁcit
1458 1010 1554 1063 per
1627 997 2006 1066 superetlluen-

441 1073 600 1128 tem’
635 1073 850 1129 luminis
901 1076 1244 1147 ell‘usionem;
1305 1098 1548 1141 summus
1599 1087 1828 1152 dicitur,
1881 1091 2004 1158 quia

441 1161 508 1216 ad
551 1162 723 1232 ipsum
755 1165 1101 1236 intelligentia
1131 1170 1152 1201 ⁸
1187 1171 1365 1226 deficit
1385 1189 1480 1242 per
1506 1159 1849 1232 excedentem
1881 1178 2009 1233 alle-

441 1252 638 1309 ctionis
692 1257 1008 1312 unitionem.
1075 1259 1152 1315 lbi
1207 1266 1506 1320 sententiae
1545 1282 1732 1323 sacrae
1775 1267 2011 1338 Scriptu-

444 1360 539 1398 rae
589 1353 712 1401 sunt
750 1348 1037 1420 simplices,
1091 1353 1236 1422 quia,
1299 1356 1436 1411 sicut
1485 1359 1754 1423 videntur,
1813 1362 2008 1417 intelli-

444 1443 672 1503 guntur;
727 1448 850 1492 sunt
919 1441 1216 1508 absolutae,
1282 1445 1408 1514 quia
1465 1447 1624 1503 nullis
1677 1450 2008 1520 eloquiorum

444 1523 800 1582 velaminibus
827 1529 1164 1598 detinentur;
1208 1542 1264 1587 et
1309 1535 1758 1600 inconvertibiles,
1794 1541 1918 1610 quia
1945 1543 2011 1596 ad

446 1615 591 1669 hune
621 1616 702 1670 vel
753 1618 900 1673 illum
955 1620 1282 1678 intellectum
1330 1640 1433 1679 non
1481 1628 1840 1693 reducuntur;
1888 1640 2013 1684 sunt

2100 464 2332 518 struere,
2361 455 2439 508 sic
2459 461 2780 522 cooperante
2806 453 2988 508 divino
3016 451 3184 515 radio,
3217 460 3274 506 et
3295 449 3340 482 “
3358 450 3480 506 forti
3515 465 3662 505 men-

2101 545 2171 600 tis
2218 545 2500 600 conanime
2552 543 2894 612 derelinquas
2938 557 3068 596 usus
3112 555 3364 596 sensuum
3411 553 3662 607 corpora-

2101 635 2252 699 lium,
2292 650 2413 689 cum
2461 635 2800 689 sensibilihus
2855 633 3148 698 exercitiis,
3176 642 3231 687 et
3277 630 3681 705 intellectualeg

2101 725 2458 792 operationes,
2497 736 2550 778 et
2578 724 2785 778 animas
2817 729 2872 778 et
2917 722 3183 793 angelicas
3226 722 3577 784 substantias,
3608 727 3663 775 et

2102 815 2304 880 omnia,
2334 829 2470 883 quae
2495 816 2561 869 de
2585 815 2749 868 verho
2772 823 2989 868 aeterno
3027 813 3201 867 inesse
3238 811 3585 881 prodiderint,
3609 818 3666 866 et

2103 905 2302 969 omnia,
2335 919 2490 973 quae,
2523 901 2770 974 s[cilicet]
2798 902 2843 934 "
2867 903 2919 957 in
2942 902 3056 970 ipso
3073 902 3254 966 verbo,
3280 911 3404 954 sunt
3427 909 3668 954 contem-

2104 991 2353 1063 plabilia‘;
2396 1002 2452 1047 et
2498 1001 2622 1046 sunt
2669 994 2848 1045 omnia
2887 990 3240 1053 transeunda;
3273 997 3348 1053 et,
3403 989 3541 1042 sicut
3575 997 3666 1042 tua

2105 1085 2334 1154 requirit
2380 1082 2727 1152 possibilitas,
2782 1080 3078 1135 scienterve
3125 1080 3291 1134 scitur
3323 1077 3386 1142 “,
3417 1092 3526 1146 quo
3561 1091 3666 1131 non

2104 1177 2253 1230 videt
2307 1176 2347 1206 ‘7
2378 1173 2598 1238 oculus,
2641 1186 2906 1241 consurge
2954 1169 2996 1201 ⁸⁸
3037 1183 3134 1239 per
3161 1166 3505 1237 principalem
3535 1165 3667 1218 alle-

2107 1267 2340 1321 ctionem
2382 1263 2449 1316 ad
2499 1263 2593 1316 Dei
2639 1261 2957 1325 unitionem,
3007 1260 3097 1328 qui
3134 1266 3219 1313 est
3252 1271 3413 1326 super
3453 1270 3669 1309 omnem

2109 1355 2462 1411 subsmntiam
2492 1350 2834 1406 inell‘abiliter
2856 1349 3169 1412 collocatus,
3191 1355 3246 1402 et
3275 1361 3434 1415 super
3457 1358 3671 1399 omnem

2111 1444 2470 1515 cognitionem
2502 1450 2610 1496 tam
2637 1443 2944 1503 humanam,
2967 1453 3127 1508 quam
3148 1437 3439 1508 angelicam
3471 1437 3673 1488 inconi-

2110 1535 2546 1609 prehensibiliter
2566 1533 2874 1590 collocatus.
2903 1530 3109 1584 Etenim
3158 1545 3279 1584 cum
3311 1536 3360 1581 te
3405 1527 3576 1596 ipsum
3617 1533 3675 1580 et

2113 1629 2294 1683 omnia
2321 1626 2424 1680 alia
2467 1625 2695 1679 mundus
2735 1620 3032 1677 excesseris
3076 1618 3143 1683 ",
3174 1619 3246 1672 ita
3273 1615 3413 1686 quod
3462 1614 3674 1668 illorum

447 1714 731 1775 coopertae
753 1748 768 1773 ,
828 1711 952 1778 quia
1008 1713 1364 1781 superlucenti
1413 1715 1612 1770 lumine
1670 1718 2010 1788 obtegnntur.
2045 1720 2089 1778 B
2118 1731 2303 1771 amore
2328 1731 2431 1769 non
2461 1713 2638 1768 valeas
2668 1711 2905 1775 retineri,
2955 1709 3039 1764 vel
3075 1708 3207 1761 alias
3244 1705 3509 1774 impediri,
3547 1718 3675 1773 pur-

447 1795 599 1862 Quod
634 1798 811 1854 lumen
852 1801 1050 1856 dicitur
1078 1820 1106 1855 a
1130 1805 1285 1858 beato
1314 1805 1566 1875 Dionysio
1611 1805 1632 1837 ‘
1674 1808 2012 1878 supersplen-

448 1890 581 1944 dens
628 1891 834 1946 occulte
876 1893 1006 1948 dicti
1041 1895 1238 1950 silentii
1281 1897 1468 1966 caligo.
1511 1896 1655 1952 Haec
1696 1908 1778 1953 est
1809 1900 2014 1954 incom-

447 1979 900 2050 prehensibilitas,
948 1999 1085 2053 quae
1113 1987 1308 2041 dicitur
1330 1987 1499 2057 caligo
1543 1997 1762 2058 propter
1797 1989 2014 2046 luminis

448 2074 848 2140 cxcessionem;
873 2076 1000 2132 dicti
1029 2087 1083 2132 et
1117 2077 1313 2134 dicitur
1346 2090 1562 2149 propter
1587 2081 1808 2136 verbum
1833 2093 2010 2138 aeter-

449 2179 603 2229 num,
634 2166 774 2234 quod
805 2166 963 2222 Pater
991 2169 1059 2223 ab
1086 2179 1308 2224 aeterno
1338 2170 1605 2240 loquitur;
1635 2173 1831 2228 dicitur
1851 2176 2006 2229 etiam

449 2256 658 2311 occulte
723 2260 1194 2327 supersplendens,
1235 2273 1455 2332 propter
1502 2265 1765 2332 intimam,
1825 2268 1908 2320 vel
1960 2269 2014 2322 in

451 2347 641 2401 intimo
687 2357 883 2403 statum
913 2349 966 2415 ⁸,
1009 2351 1227 2408 luminis
1269 2353 1780 2424 superell‘usionem;
1822 2357 2018 2412 dicitur

453 2437 669 2499 silentii,
689 2449 971 2510 propterea
999 2441 1042 2473 "
1060 2443 1200 2511 quod
1237 2446 1510 2514 generatio
1533 2444 1652 2500 talis
1676 2445 1822 2500 verbi
1849 2447 1915 2501 ab
1937 2447 2018 2499 in-

456 2526 741 2583 tellectuali
774 2531 954 2584 auditu
983 2546 1086 2585 non
1118 2533 1443 2602 percipitur;
1475 2536 1618 2588 unde
1653 2536 1776 2603 quia
1812 2535 2016 2589 auditui

453 2618 798 2673 intellectuali
847 2620 869 2651 ⁶
915 2637 1020 2676 non
1067 2632 1152 2676 est
1199 2625 1578 2695 perceptibilis,
1620 2626 1738 2681 ideo
1781 2641 1812 2680 a
1851 2626 2018 2681 verbo

454 2709 567 2763 oris
605 2723 709 2763 non
749 2717 831 2763 est
863 2712 1199 2766 enarrabilis.
1235 2712 1387 2768 Unde
1416 2714 1663 2769 videlicet
1691 2734 1704 2770 :
1734 2733 1753 2766 ι
1791 2730 2018 2786 genera-

410 2807 412 2809 ’
456 2799 659 2854 tionem
689 2800 803 2869 ejus
828 2803 950 2870 quis
974 2803 1249 2859 enarrabit
1267 2806 1325 2858 »ἲ
1353 2803 1516 2872 Quasi
1541 2807 1744 2862 diceret
1769 2825 1782 2862 :
1811 2806 2017 2862 Nullus.

458 2888 527 2942 Et
559 2891 611 2943 in
651 2891 743 2945 illo
778 2900 921 2946 statu
961 2893 1341 2950 obscurissimo
1369 2911 1466 2965 per
1494 2912 1774 2952 excessum
1804 2897 2021 2952 luminis

457 2982 619 3044 Deus,
666 2983 756 3052 qui
798 2992 881 3039 est
915 2984 1244 3041 clarissimus
1287 3003 1383 3058 per
1425 2998 1695 3052 naturam,
1746 2989 1806 3043 ﬁt
1857 2990 2023 3044 menti

457 3073 906 3142 supersplendens
944 3091 1039 3147 per
1075 3079 1346 3157 radiorum
1382 3079 1780 3133 abundantiam.
1817 3079 1890 3132 lbi
1939 3095 2026 3132 ra-

459 3163 536 3215 tio
565 3162 697 3216 nihil
737 3163 936 3232 palpat,
987 3167 1110 3234 quia
1139 3168 1269 3222 nihil
1296 3176 1379 3223 est
1420 3169 1490 3222 ibi
1521 3170 1918 3240 investigabile;
1951 3171 2024 3224 ibi

460 3252 763 3307 intellectus
791 3255 919 3308 nihil
954 3256 1120 3320 videt,
1147 3259 1270 3326 quia
1315 3258 1444 3312 nihil
1481 3267 1563 3312 est
1599 3261 1670 3313 ibi
1700 3243 2026 3329 contempla-

464 3340 588 3403 bile,
617 3352 671 3394 et
701 3351 878 3396 tamen
918 3343 1158 3411 pulchris
1190 3347 1209 3377 "
1256 3347 1464 3403 lucibus
1506 3349 1718 3404 divinae
1757 3348 2025 3420 refulgen-

465 3431 571 3484 tiae
593 3433 1060 3501 superimplentur,
1089 3452 1186 3508 per
1215 3453 1271 3492 se
1311 3439 1451 3507 ipsas
1487 3448 1543 3494 et
1581 3439 1682 3494 alia
1719 3456 1749 3494 a
1793 3457 1852 3496 se
1897 3443 2026 3511 ipsis

463 3520 707 3576 videntes
754 3523 1019 3579 humanae
1066 3535 1120 3581 ct
1168 3528 1440 3599 angelicae
1495 3530 1777 3604 deiﬁcatae
1832 3532 2027 3589 intelli-

467 3609 697 3678 gentiae.

1131 3727 1355 3768 TEXTUS.

543 3811 620 3866 Tu
646 3822 837 3879 autem,
879 3834 908 3870 ο
929 3819 1091 3872 amice
1125 3820 1402 3882 Timothee,
1429 3824 1567 3876 circa
1594 3825 1836 3893 mysticas
1871 3824 2028 3878 visio-

467 3915 555 3956 nes
585 3901 706 3971 forti
732 3908 1054 3960 contentione
1099 3919 1143 3962 et
1170 3925 1347 3964 sensus
1387 3910 1700 3980 dere/inque.
1742 3922 1790 3964 et
1833 3910 2031 3966 intelle-

468 3989 665 4044 ctuales
694 3993 1015 4060 operationes
1045 3995 1086 4060 ⁸,
1132 4008 1178 4050 et
1209 4000 1383 4051 omnia
1427 3998 1688 4052 sensibilia
1713 4008 1760 4053 et
1789 3998 2031 4067 intelligi-

474 4080 621 4145 bilia,
668 4093 717 4137 et
768 4087 941 4139 omnia
989 4089 1259 4143 existentia
1289 4089 1344 4154 ’;
1396 4100 1443 4143 et
1473 4093 1606 4144 sicut
1642 4100 1716 4144 est
1765 4091 2027 4161 possibile,

467 4173 642 4242 ignote
667 4190 915 4245 consurge
937 4175 980 4208 ⁸ο
1008 4178 1077 4230 ad
1109 4178 1222 4247 ejus
1248 4180 1526 4234 unitionem
1559 4182 1624 4244 “,
1653 4181 1742 4249 qui
1778 4191 1853 4235 est
1876 4198 2032 4250 super

470 4279 671 4320 omnem
712 4270 1052 4324 substantiam
1096 4283 1144 4325 et
1185 4275 1546 4342 cognitionem.
1593 4274 1798 4329 Etenim
1823 4292 2031 4329 ewcessu

471 4353 549 4450 tui
575 4354 618 4388 ι’
645 4355 807 4418 ipsius
833 4368 880 4412 et
907 4361 1135 4414 omnium
1158 4363 1480 4415 irretentibili
1501 4373 1546 4416 et
1570 4362 1824 4426 absoluto,
1844 4363 2032 4416 munde
2066 4395 2111 4450 ι)

474 4441 543 4494 ad
568 4447 1109 4509 supersubstantialem
1155 4452 1380 4514 radium,
1410 4464 1593 4506 cuncta
1624 4453 1885 4524 auferens,
1917 4464 1965 4508 et
1998 4471 2031 4507 α

472 4532 671 4584 cunctis
699 4533 984 4600 absolutus,
1008 4555 1213 4592 sursum
1234 4543 1400 4609 ageris
1441 4541 1503 4595 “.

1145 4686 1353 4728 GLOSSA.

548 4775 690 4831 Talis
729 4789 804 4832 est
842 4795 1040 4834 sensus.
1095 4782 1193 4845 Tu,
1238 4783 1536 4849 Timothee,
1577 4786 1665 4853 qui
1713 4800 1806 4853 per
1851 4799 2037 4838 verum

2113 1817 2270 1879 gatus
2301 1807 2368 1860 ab
2390 1805 2590 1859 ultimis
2616 1804 2825 1858 animae
2845 1798 3142 1871 phantasiis
3161 1797 3207 1829 "
3238 1805 3344 1851 tam
3370 1792 3678 1874 spirituales

2113 1871 2274 1967 quam
2301 1894 2514 1948 divinas
2537 1891 2876 1961 operationes
2900 1884 3268 1958 postponendo
3291 1871 3588 1938 elevabe'ris
3612 1880 3679 1932 ad

2114 1982 2636 2052 superclarissimum
2710 1978 2889 2032 lumen
2942 1974 3338 2031 occultissimae
3398 1969 3627 2025 Deitatis
3661 2007 3677 2031 ,

2115 2090 2254 2146 quae
2281 2073 2528 2130 videlicet
2556 2071 2752 2125 dicitur
2794 2069 3067 2131 tenebrae,
3115 2066 3239 2135 quia
3278 2062 3679 2133 supervidetur,

2115 2166 2257 2237 quod
2306 2179 2412 2218 non
2443 2163 2677 2226 videtur,
2707 2159 2791 2214 vel
2819 2158 2962 2226 quod
3000 2154 3496 2226 superintelligitur,
3535 2151 3682 2221 quod

2117 2273 2149 2314 a
2175 2257 2329 2313 nobis
2355 2270 2460 2310 non
2484 2250 2971 2323 comprehenditur.

2791 2396 3016 2438 TEXTUS.

2190 2503 2219 2574 §
2257 2502 2311 2556 2.
2348 2499 2477 2555 Vide
2501 2508 2691 2561 autem,
2721 2505 2774 2548 ut
2800 2493 2976 2548 nullus
3001 2489 3326 2544 indoctorum
3345 2486 3444 2539 ista
3471 2482 3679 2544 audiat;

2118 2573 2244 2650 istos
2273 2594 2320 2624 ’ί
2356 2599 2527 2645 autem
2553 2589 2689 2651 dico,
2729 2585 2818 2657 qui
2857 2585 2913 2638 in
2944 2580 3275 2637 existentibus
3300 2585 3418 2631 sunt
3445 2573 3679 2643 formati,

2122 2683 2250 2738 nihil
2273 2697 2427 2751 super
2449 2678 2724 2734 existentia
2745 2669 3307 2744 supersubstantialiter
3331 2682 3438 2720 esse
3465 2664 3684 2732 apinan-

2121 2786 2216 2840 tes,
2240 2773 2330 2827 sed
2363 2780 2600 2841 putantes
2648 2769 2779 2822 scire
2820 2766 2888 2828 “,
2925 2780 3057 2835 quae
3097 2761 3379 2816 secundum
3425 2758 3562 2825 ipsos
3608 2760 3685 2806 est

2123 2863 2410 2934 cognitione
2432 2877 2570 2922 eum,
2590 2858 2680 2928 qui
2705 2855 2846 2926 ponit
2869 2853 3100 2908 tenebras
3121 2851 3194 2904 ad
3210 2845 3480 2901 latibulum
3508 2859 3684 2934 suum.

2127 2932 2198 3007 Si
2217 2960 2388 3004 autem
2416 2963 2571 3017 super
2596 2947 2720 3000 istos
2751 2952 2869 2998 sunt
2897 2943 3099 2996 divinae
3123 2938 3387 2992 doctrinae
3413 2932 3692 3000 mysterio-

2054 3058 2098 3118 C
2131 3059 2269 3105 rum,
2292 3040 2416 3111 quid
2438 3040 2574 3092 dicat
2595 3017 2800 3108 quidem
2822 3033 3008 3100 aliquis
3033 3031 3096 3085 de
3115 3027 3278 3100 magis
3310 3026 3550 3088 indoctis,
3574 3024 3693 3092 qui-

2128 3148 2326 3203 cunque
2347 3130 2584 3184 omnibus
2606 3126 2980 3197 superpositam
3005 3137 3218 3174 causam
3255 3128 3303 3172 et
3329 3133 3392 3171 ea:
3421 3114 3693 3184 postremis

2127 3222 2180 3276 in
2201 3220 2537 3276 existentibus
2557 3219 2808 3287 ﬁgurant,
2839 3225 2886 3268 et
2935 3212 3258 3281 nihil‘ipsam
3285 3208 3470 3260 habere
3507 3203 3694 3256 dicunt

2125 3329 2281 3382 super
2313 3312 2620 3380 compositas
2645 3307 2709 3361 ab
2753 3306 2877 3377 ipsis
2915 3304 3098 3374 intpias
3125 3311 3172 3355 et
3211 3297 3551 3366 multiformes
3579 3293 3697 3364 {or-

2128 3404 2398 3458 mationes.

2805 3498 3015 3540 GLOSSA.

2203 3602 2348 3659 Talis
2375 3615 2554 3655 sensus
2603 3607 2697 3652 est.
2739 3595 2902 3660 Cave,
2950 3609 3016 3648 ne
3055 3589 3249 3659 aliquis
3295 3582 3696 3642 incredulorum

2129 3694 2214 3747 vel
2253 3691 2676 3761 inexperitorum
2716 3687 2818 3741 ista
2847 3691 3055 3739 secreta
3088 3679 3306 3742 audiat;
3353 3676 3486 3730 istos
3510 3679 3698 3726 autem

2131 3785 2271 3848 dico,
2301 3783 2392 3852 qui
2427 3778 2761 3836 naturalibus
2804 3773 3099 3829 rationibus
3130 3782 3313 3824 amore
3345 3761 3698 3821 existentium

2133 3851 2533 3934 innituntur"',
2555 3867 2782 3922 ﬁrmiter
2796 3864 3187 3922 existimantes,
3203 3855 3345 3927 quod
3365 3851 3497 3908 nihil
3513 3851 3587 3904 sit
3605 3863 3701 3902 su—

2131 3981 2229 4036 per
2255 3978 2383 4028 ens,
2414 3960 2554 4031 quod
2585 3959 2780 4014 dicitur
2808 3952 3200 4010 substantivum
3237 3941 3600 4015 metaphorice
3624 3940 3699 4002 ⁸³,

2135 4034 2243 4109 tam
2279 4061 2483 4116 creata,
2533 4063 2694 4118 quam
2747 4047 2984 4100 increata
3027 4040 3328 4100 continens,
3353 4034 3507 4102 juxta
3544 4044 3702 4084 suam

2133 4145 2461 4215 opinionem.
2517 4141 2585 4194 Et
2612 4141 2715 4194 hoc
2744 4138 2910 4192 habes
2934 4150 2999 4190 ex
3032 4132 3123 4188 illo
3165 4128 3351 4190 verbo,
3388 4121 3705 4215 quoddici-

2137 4208 2224 4290 tur
2249 4235 2303 4289 in
2332 4233 2517 4288 Exodo
2550 4249 2563 4287 :
2595 4249 2614 4282 ι
2656 4230 2766 4300 Ego
2799 4242 2918 4283 sum
2949 4226 3037 4294 qui
3084 4237 3200 4278 sum
3246 4239 3292 4272 ι.
3332 4216 3438 4272 Sed
3484 4208 3591 4268 hoc
3620 4211 3707 4265 di-

2137 4337 2280 4382 ctum
2330 4334 2436 4388 est,
2484 4322 2630 4377 utin
2677 4319 2849 4390 primo
2897 4314 3166 4370 intellectu
3217 4326 3276 4366 se
3315 4307 3471 4362 oll‘ert
3521 4303 3706 4364 nobis,

2137 4419 2289 4487 quasi
2317 4415 2585 4486 quoddam
2615 4411 2661 4442 “
2691 4407 3020 4468 metnoriale,
3060 4413 3120 4456 ut
3148 4417 3206 4456 se
3229 4402 3564 4468 computaret
3599 4408 3707 4445 no-

2139 4481 2350 4564 biscum
2393 4505 2609 4564 habere,
2642 4499 2733 4570 qui
2765 4505 2880 4552 erat
2911 4494 3145 4550 totaliter
3172 4505 3314 4552 sum,
3344 4499 3482 4541 esse.
3517 4482 3581 4536 Et
3609 4481 3710 4548 qui

2142 4597 2274 4652 tales
2319 4603 2510 4666 putant
2554 4607 2651 4661 per
2694 4585 3158 4656 investigationem
3197 4585 3519 4634 creatarum,
3566 4583 3716 4637 quae

2143 4689 2193 4744 in
2215 4687 2293 4741 eis
2322 4660 2586 4755 generalis
2609 4680 2656 4711 "
2679 4687 2784 4740 est,
2812 4673 3094 4746 pervenire
3123 4671 3186 4722 ad
3207 4665 3324 4736 ejus
3344 4660 3715 4733 cognitionem

2143 4777 2226 4830 vel
2261 4747 2495 4828 divinam
2530 4765 3092 4837 comprehensionem,
3137 4772 3278 4826 quae
3323 4768 3482 4822 super
3505 4747 3718 4818 supplio

477 4879 714 4921 amorem
737 4867 872 4923 alter
890 4884 988 4940 ego
1007 4871 1136 4925 mihi
1166 4869 1339 4927 factus
1354 4887 1437 4937 es,
1466 4880 1522 4926 ut
1549 4839 1727 4942 possis.
1746 4873 2042 4942 intelligere
2143 4868 2409 4942 cationem
2435 4878 2588 4919 suam
2621 4859 2768 4916 omni
2815 4851 3106 4926 cognitioni
3145 4848 3476 4904 occultarum
3521 4839 3682 4896 scien

1739 5013 1990 5069 VARIAE
2026 5006 2422 5064 LECTIONES.

546 5149 730 5228 ξορα.
756 5167 798 5203 s.
874 5151 894 5180 ⁸
934 5148 1112 5217 Conj.,
1138 5149 1255 5203 cod.
1286 5147 1507 5213 deficicit
1535 5159 1581 5212 et
1602 5162 1755 5214 super
1775 5145 2076 5214 effluentcm.
2152 5141 2173 5173 ⁸
2200 5139 2378 5206 Conj.,
2401 5139 2518 5228 qod.
2545 5135 2807 5228 intelligii.’
2873 5132 2895 5162 ‘
2918 5131 3048 5210 Cliti;
3082 5124 3394 5228 dilofli‘ig;n
3469 5117 3728 5228 δίθλίοίξο

835 5220 848 5228 .
1176 5217 1194 5228 .
1228 5216 1260 5228 ,ς
1339 5218 1349 5228 .
1512 5219 1521 5228 .
1583 5219 1592 5228 .
1641 5217 1667 5228 ..
1819 5216 1837 5228 .
1869 5213 1904 5228 ιη
1964 5214 1974 5228 .
2099 5209 2110 5228 .
2149 5211 2161 5228 .
2513 5221 2598 5228 μ-
2669 5219 2744 5228 μί
2824 5211 3160 5228 η..-η....,...ι,ρ
3209 5210 3299 5228 ηρ..
3420 5208 3558 5228 manu
3609 5209 3675 5228 ηρ-

475 5220 520 5254 ⁸⁹
548 5219 728 5287 Conj.,
752 5220 848 5274 cod
872 5216 1097 5288 propter.
1175 5217 1196 5248 ⁸
1223 5216 1397 5286 Conj.,
1425 5219 1544 5268 cod.
1577 5217 1743 5288 inl’ta.

476 5290 500 5322 ’
531 5288 622 5346 Sic
651 5279 795 5351 £011.,
823 5279 881 5342 in'
900 5279 1043 5342 testu
1069 5303 1261 5355 graeco
1281 5279 1366 5340 κοξὶ
1390 5290 1554 5342 πάντα
1581 5290 1666 5339 οὐκ
1689 5283 1806 5339 ὄντα
1829 5287 1911 5336 καὶ
1931 5280 2072 5343 ὄντα,
2105 5279 2158 5334 in
2192 5280 2432 5332 versione
2452 5287 2499 5328 et
2531 5291 2678 5327 omne
2702 5291 2805 5326 non
2828 5288 2919 5324 ens
2941 5280 2985 5323 et
3011 5285 3118 5322 ens.
3195 5279 3236 5295 ιν
3267 5279 3348 5316 ωε

481 5361 522 5392 ιι
547 5360 695 5403 Cnrr,
711 5399 722 5403 -
743 5361 860 5403 ι-ηιι-
881 5359 1246 5403 ιιηὶιίιιτὶηηρηι.
1325 5358 1366 5387 ¹²
1386 5357 1534 5403 Carr.
1551 5397 1564 5403 -
1586 5357 1703 5403 cmi.
1731 5370 1840 5403 cur.
1923 5353 1964 5382 ³³
1987 5351 2164 5403 ροντ’..
2180 5349 2298 5402 cod.
2322 5345 2572 5399 absolutis
2595 5360 2804 5396 sursum
2827 5356 3002 5403 agens.
3077 5336 3122 5368 “
3144 5333 3274 5388 Cod.
3295 5341 3348 5382 ut

2028 5365 2164 5410 orr.,
2180 5356 2298 5402 cod.
2322 5356 2572 5399 absolutis
2595 5360 2804 5396 sursum
2827 5356 3002 5408 agens.
3077 5356 3122 5368 -ν
3144 5356 3274 5388 nou.
3295 5356 3369 5382 ιιι.

2109 5430 2150 5459 ³³
2190 5426 2318 5480 Cod.
2371 5440 2526 5476 consu
2536 5423 2656 5490 rg’e.

481 5361 522 5392 ¹¹
547 5360 724 5422 Corr.,
743 5361 860 5413 cod.
881 5359 1246 5410 unitacionem.
1325 5358 1366 5387 ¹²
1386 5357 1534 5408 Carr.
1551 5397 1564 5417 ,
1586 5357 1703 5406 cod.
1731 5370 1840 5406 cur.

480 5438 525 5469 ‘°
551 5437 726 5506 Conj.,
751 5439 870 5492 cod.
911 5427 1343 5506 scienteriuestir.
1423 5438 1461 5466 ¹⁷
1491 5434 1668 5506 Conj.,
1713 5449 1823 5487 cur.
1860 5431 2030 5506 uidut.

480 5508 525 5536 ⁹⁰
551 5504 680 5560 Cod}
709 5509 968 5576 (antasiis.
1049 5507 1090 5537 ³⁸
1123 5505 1252 5560 Cod.
1288 5506 1419 5559 istis.
1497 5505 1542 5534 ²¹
1563 5504 1689 5559 Cod.
1724 5519 1886 5576 scare.

1929 5541 1942 5556 .
1966 5501 2031 5530 ²³’
2063 5498 2193 5551 Cod.
2219 5495 2386 5547 amori
2409 5489 2734 5547 existe’ntium
2760 5502 2805 5544 et
2833 5489 3085 5541 nituntur.

1819 5190 2346 5278 ll"litui.pulchr-ibus.
2365 5190 2377 5203 ⁷
2411 5190 2640 5268 5Com,
2665 5190 2782 5258 cod.
2819 5190 3160 5270 Oppositiones
3185 5196 3394 5278 (graece
3419 5190 3726 5278 ivepzsiifl.

3195 5257 3236 5295 ῖδ
3267 5262 3397 5316 Cod.
3421 5257 3728 5324 consurg'e.

3195 5335 3274 5380 nd.
3295 5341 3369 5380 ut.
3448 5327 3494 5358 ³⁸
3514 5327 3651 5380 Cod.
3675 5344 3728 5379 δ.

2753 5421 2795 5451 ¹⁹
2835 5421 2986 5473 (Sorr.
3017 5456 3031 5479 ,
3073 5414 3192 5468 cod.
3237 5409 3420 5463 mentis
3454 5421 3732 5479 excessus.

3165 5482 3208 5512 ⁵³
3235 5479 3363 5534 Cod.
3394 5475 3733 5549 ntetalbrice.

483 5575 529 5606 “
568 5565 741 5647 Conjj,
768 5581 894 5648 rod.
933 5595 982 5647 q.
1023 5578 1268 5646 quodam.
1345 5577 1388 5606 ³⁵
1413 5576 1542 5629 Cod.
1580 5573 1834 5643 generalis
1858 5570 1936 5625 vel
1969 5565 2338 5622 eonnaturalis.
