3952 6156
886 232 970 287 EX
981 224 1379 282 POSlTlOSES
1413 224 1479 279 ΙΝ
1521 219 1815 276 MYSTICA

1926 210 2352 267 l‘lllﬁULOGIAM
2394 210 2450 264 S.
2492 205 2804 263 DIONYSII.
3374 200 3476 253 ΤΗ

1833 339 1869 387 Α
1902 325 2149 378 monibus
2168 323 2500 389 designatur,
2525 327 2579 371 et
2600 317 2726 371 item
2754 308 3110 385 paucissimis,
3142 309 3259 363 ideo
3287 310 3327 339 “
3349 312 3477 378 quia

1902 431 1997 469 nec
2024 414 2229 467 ratione
2263 412 2473 478 capitur
2496 450 2510 466 .
2538 422 2637 461 nec
2668 405 2937 459 intellectu
2981 400 3478 469 comprehenditur,

1900 513 1955 559 et
1977 504 2093 558 ideo
2116 505 2277 557 verbo
2303 502 2347 533 “‘
2377 516 2480 555 non
2507 498 2846 567 exprimitur,
2877 494 3000 563 quia
3027 492 3277 546 omnibus
3298 504 3479 557 super-

1903 595 2329 652 substantialitcr
2374 593 2769 661 superponitur.
2804 587 2913 641 lllis
2958 598 3136 639 autem
3196 581 3325 636 solis
3368 583 3486 635 sine

1904 686 2164 740 velamine
2194 692 2428 753 apertus,
2459 681 2665 735 scilicet
2713 694 2809 748 per
2863 675 3092 731 infusam
3143 673 3485 729 dulcedinem

1904 783 1959 828 et
1983 773 2302 828 suavitatem
2321 769 2699 838 inpermixtam
2721 766 2786 832 ",
2809 766 2900 835 qui
2927 765 3105 819 omnia
3131 763 3404 817 sensibilis
3436 768 3488 814 et

1908 863 2259 933 intelligibilia
2323 859 2654 927 obiectorum
2716 858 2829 911 sive
2892 853 3316 926 spectaculorum
3353 891 3369 918 ,
3426 851 3484 906 in

1907 952 2102 1023 quibus
2122 932 2336 1005 scilicet
2361 945 2737 1003 intellectualis
2769 944 3244 1013 contemplationis
3275 942 3495 997 exerci-

1912 1046 2044 1100 tium
2096 1051 2445 1099 consumatur
2499 1041 2565 1104 ιτ,
2615 1047 2671 1093 et
2725 1037 2945 1091 omnino
2996 1035 3369 1090 irradiationcs
3419 1032 3489 1085 ad

252 239 343 298 ξπ

256 358 430 409 tiamtn
460 360 729 405 tantorum
770 344 1206 418 philosophorum
1239 341 1257 372 ¹
1284 334 1571 397 excedunt,
1620 346 1795 400 quan-

257 455 354 499 tuus
397 441 563 511 magis
600 439 812 495 excedit
858 436 1178 505 imperitiam
1219 444 1429 491 eorum,
1472 426 1561 495 qui
1607 423 1796 479 Demn.

255 532 333 604 qui
374 541 450 586 est
484 530 819 603 superposita
856 526 1094 581 omnium
1139 536 1334 584 causa,
1380 518 1430 572 in
1542 512 1802 568 estremis

228 638 233 641 ‘
258 620 475 678 materiis
499 617 843 673 eaistentium
868 616 891 647 ⁸
917 616 1167 686 ﬁgurant,
1205 623 1344 678 quae
1387 604 1639 660 inferiora
1677 609 1803 656 sunt

260 712 512 773 animatis,
544 725 643 765 nec
687 709 909 778 insuper
935 711 1147 776 putant,
1196 699 1339 770 quod
1384 698 1523 752 Deus
1547 696 1599 749 in
1625 707 1683 748 se
1707 691 1795 745 ali-

258 802 372 873 quid
432 801 629 857 habeat
675 798 985 861 sublimius,
1043 806 1206 863 quam
1248 791 1449 860 ﬁgurae
1492 795 1547 841 et
1600 782 1807 837 formae

262 890 582 968 multiplices,
612 905 753 960 quae
778 887 849 942 ab
873 887 1003 956 ipsis
1028 884 1192 954 impie
1214 883 1627 948 componuntur.

909 1011 1138 1051 TEXTUS.

325 1110 528 1182 Oportet
558 1117 734 1162 autem
778 1108 911 1160 enim
944 1107 997 1158 in
1042 1105 1155 1173 ipsa
1182 1110 1230 1155 et
1265 1116 1439 1153 omnes
1481 1094 1810 1150 existentium

260 1219 428 1274 ponere
462 1210 511 1255 et
550 1201 810 1271 aﬂirmare
850 1198 1147 1268 positiones,
1193 1194 1325 1248 sicut
1352 1191 1581 1244 omnium
1628 1201 1810 1248 causa,

262 1301 300 1343 et
320 1305 481 1343 omnes
504 1289 672 1357 magis
692 1289 832 1357 ipsas
853 1286 1059 1353 proyrie
1080 1297 1286 1351 negare,
1309 1280 1441 1332 sicut
1462 1292 1617 1346 super
1638 1274 1813 1329 omnia

261 1381 673 1450 saperexistente,
719 1387 767 1430 et
820 1392 921 1445 non
967 1375 1261 1444 negationes
1301 1369 1560 1440 oppositas
1610 1365 1815 1434 apinart'

264 1487 356 1525 esse
397 1467 853 1539 aﬁirmationibus,
905 1464 993 1518 sed
1037 1462 1201 1517 multo
1245 1462 1389 1531 prius
1436 1460 1603 1525 ipsam
1664 1471 1819 1525 super

262 1558 551 1627 primtiones
572 1566 619 1610 et
638 1573 772 1626 quae
796 1563 871 1608 est
894 1570 1046 1624 super
1070 1567 1271 1605 omnem
1316 1547 1628 1603 ablutionem
1652 1555 1698 1600 et
1727 1561 1817 1615 po-

263 1651 500 1704 sitionem.

327 1739 421 1811 §3.
448 1737 540 1791 Ita
567 1737 727 1807 igitur
752 1736 954 1790 divinus
978 1732 1412 1788 Bartholomaeus
1435 1728 1579 1792 dicit,
1604 1737 1652 1782 et
1676 1725 1815 1779 mul-

266 1839 355 1881 tam
382 1827 694 1898 theologiam
724 1825 889 1899 [esse]
921 1826 942 1856 ⁸
976 1834 1024 1879 et
1066 1825 1332 1877 minimam
1351 1862 1366 1884 ,
1400 1830 1446 1875 et
1477 1818 1815 1887 Evangelium

267 1918 428 1982 latum,
456 1927 507 1970 et
540 1933 809 1987 magnum,
839 1926 884 1969 et
924 1930 1104 1967 rursus
1124 1914 1422 1965 concisum:
1452 1919 1505 1962 ut
1532 1908 1660 1961 mihi
1680 1908 1817 1961 vitle-

268 2019 357 2070 tur,
401 2006 536 2059 illud
564 1990 1033 2074 supernaturaliter
1056 2002 1346 2072 intelligens
1374 2000 1418 2065 ',
1451 1999 1573 2069 quia
1603 2008 1647 2052 et
1678 1997 1815 2051 mul-

266 2107 411 2149 torum
434 2111 735 2150 sermonum
760 2104 834 2150 est
859 2095 990 2149 bona
1032 2093 1261 2148 omnium
1284 2106 1467 2153 causa,
1507 2098 1553 2142 et
1590 2081 1816 2141 brevium

266 2186 526 2237 dictionum
553 2183 816 2247 similiter,
847 2194 892 2237 et
914 2181 1263 2244 rationabilis,
1305 2181 1436 2233 sicut
1465 2194 1626 2247 neque
1653 2177 1816 2229 ratio-

268 2290 364 2326 nem
374 2273 587 2336 habens,
607 2289 771 2343 neque
791 2266 1124 2345 intellectum,
1146 2279 1353 2340 propter
1367 2269 1505 2338 quod
1526 2267 1637 2333 ipsa
1654 2266 1818 2319 omni-

266 2363 344 2416 bus
371 2363 936 2433 supersubstantialiter
962 2372 1035 2416 est
1069 2360 1410 2431 superposita,
1442 2369 1489 2412 et
1521 2357 1689 2411 solum
1715 2372 1818 2410 non

266 2450 403 2506 relate
431 2452 520 2507 “et
564 2469 678 2507 vere
718 2462 929 2522 apparet
962 2452 1064 2514 Itis,
1093 2452 1182 2521 qui
1212 2449 1479 2502 immunda
1502 2458 1547 2502 et
1572 2447 1766 2500 munda
1796 2447 1814 2476 "

263 2552 533 2609 transeunt,
559 2554 609 2599 et
632 2561 836 2599 omnem
860 2545 1090 2597 omnium
1113 2550 1411 2595 sanctorum
1436 2540 1819 2594 extremitatum

264 2650 510 2691 ascensum
531 2636 923 2706 superveniunt,
954 2644 1001 2688 et
1019 2634 1193 2688 omnia
1213 2632 1235 2664 ⁸
1255 2633 1431 2686 divina
1463 2630 1661 2684 lumina
1678 2639 1723 2683 et
1739 2646 1822 2683 so-

264 2741 346 2779 nos
369 2736 413 2779 et
432 2742 697 2780 sermones
722 2724 963 2778 caelestes
987 2724 1436 2792 derelinquunt,et
1457 2722 1525 2774 ad
1548 2720 1820 2789 caliginem

265 2818 520 2880 introeunt,
556 2818 644 2871 ubi
686 2834 802 2871 vere
840 2825 950 2883 est,
984 2816 1117 2870 sicut
1139 2813 1345 2885 eloquia
1386 2812 1587 2877 dicunt,
1617 2812 1706 2882 qui
1745 2820 1819 2864 est

263 2922 400 2975 super
418 2922 614 2962 omnia.

914 3009 1105 3051 cLosss
1135 2994 1181 3048 '.

326 3081 512 3138 Sensus
572 3094 649 3139 est
681 3101 699 3140 :
744 3083 1000 3149 Quamvis
1032 3083 1105 3137 illi
1157 3083 1261 3136 ista
1288 3087 1606 3143 senserunt,
1642 3087 1820 3131 tamen

263 3187 462 3228 necesse
487 3183 575 3229 est
603 3175 896 3229 secundum
930 3182 1129 3227 rectam
1155 3170 1584 3241 intelligentiam,
1605 3181 1820 3222 omnem

261 3260 467 3319 ianuam
517 3264 605 3320 vel
662 3265 886 3335 ﬁguram
935 3264 1017 3319 vel
1069 3263 1441 3327 substantiam,
1498 3268 1554 3315 ct
1586 3274 1822 3314 omnem

265 3356 466 3409 omnino
491 3363 804 3411 creaturam
833 3371 941 3410 non
969 3364 1223 3424 tanquam
1252 3353 1491 3423 subjecto
1515 3391 1530 3415 ,
1559 3350 1653 3405 sed
1683 3352 1823 3405 sicut

260 3447 477 3500 omnium
498 3462 725 3513 causae,
753 3446 853 3518 ipsi
885 3446 1201 3505 attribuere.
1227 3452 1281 3500 et
1310 3444 1480 3514 magis
1522 3443 1742 3512 proprie
1769 3448 1824 3495 et

262 3539 507 3594 veraciter
525 3540 597 3594 ab
616 3554 681 3594 ea
706 3554 1008 3604 removere,
1029 3539 1170 3594 sicut
1196 3538 1295 3602 rei,
1323 3537 1409 3594 cui
1432 3536 1564 3611 nilnil
1586 3534 1823 3590 existen-

265 3626 378 3680 tium
422 3628 712 3683 inhaerere
756 3635 965 3698 potest,
1010 3629 1303 3683 secundum
1357 3625 1500 3695 quod
1543 3626 1703 3678 Deus.
1759 3623 1823 3676 Et

262 3717 489 3786 quamvis
537 3718 829 3772 existentia
884 3718 996 3773 Deo
1046 3716 1452 3780 attribuantur,
1505 3713 1590 3766 vel
1641 3712 1710 3767 ab
1758 3726 1824 3765 eo

264 3819 646 3873 removeantur,
680 3823 784 3864 non
817 3816 996 3863 tamen
1026 3807 1353 3862 credendum
1378 3812 1481 3868 est,
1510 3801 1652 3874 quod
1683 3801 1825 3856 inter

263 3895 403 3951 talem
448 3897 859 3953 aﬂirmationem
888 3896 972 3951 vel
1003 3896 1339 3966 negationem
1379 3893 1537 3948 cadat
1575 3889 1751 3961 aliqua
1780 3889 1823 3920 ¹⁰

263 3991 603 4045 contrarietas
646 4007 663 4046 :
706 3991 814 4046 imo
851 3999 1064 4061 oportet
1112 3989 1342 4054 sentire,
1389 3988 1559 4059 ipsam
1605 3999 1822 4040 causam

263 4078 480 4133 omnium
509 4080 848 4149 superiorem
877 4096 999 4137 esse
1035 4080 1181 4135 omni
1223 4079 1507 4150 negatione
1533 4078 1574 4109 ¹¹
1603 4085 1659 4132 et
1684 4074 1826 4130 allir-

264 4169 480 4223 matione
512 4171 580 4224 “.
620 4170 775 4227 Unde
795 4168 863 4224 de
887 4184 1085 4231 ea.non
1111 4177 1287 4239 potest
1316 4182 1435 4223 esse
1470 4165 1647 4236 aliqua
1679 4165 1823 4234 posi-

267 4254 351 4319 tio,
379 4257 457 4312 vel
483 4258 704 4321 ablatio,
732 4258 847 4313 sive
874 4257 1160 4311 aﬁirmatio
1191 4257 1271 4311 vel
1298 4256 1529 4327 negatio.
1565 4254 1633 4311 Et
1668 4254 1820 4320 juxta

265 4344 389 4401 banc
409 4349 899 4403 considerationem
930 4346 1372 4401 Bartholomaeus
1400 4344 1510 4399 Deo
1534 4343 1826 4398 conformis
1854 4339 1901 4398 D
1930 4345 2068 4399 Deus
2097 4351 2200 4407 est,
2230 4341 2344 4396 sive
2382 4339 2496 4408 ipse
2541 4336 2688 4390 locus
2716 4333 2785 4387 sit
2808 4327 3016 4384 caelum
3059 4334 3179 4375 sere

265 4434 474 4501 scribit,
515 4436 841 4508 theologiam
878 4438 922 4468 “
960 4436 1220 4506 prolixam
1254 4449 1372 4491 esse
1415 4436 1467 4489 in
1513 4434 1717 4497 verbis,
1770 4441 1825 4487 et

265 4535 541 4580 eoartatam
573 4526 627 4581 in
655 4527 924 4590 sensibus,
954 4536 1005 4580 et
1030 4524 1374 4596 Evangelium
1390 4524 1554 4578 latum
1582 4524 1633 4576 iu
1660 4539 1819 4592 para-

268 4611 407 4679 bolis,
430 4626 484 4671 et
510 4632 767 4690 magnum
809 4616 865 4671 in
900 4616 1174 4680 historiis,
1205 4623 1259 4670 et
1302 4628 1512 4669 rursum
1548 4621 1725 4667 artum
1766 4621 1817 4667 et

268 4719 471 4769 parvum
499 4709 555 4763 in
605 4708 895 4780 mysteriis.
925 4705 1029 4760 Per
1070 4714 1173 4760 noc
1208 4713 1389 4759 autem
1414 4704 1556 4767 dico,
1605 4702 1819 4756 beatum

269 4795 719 4856 llartliolomaeum
740 4798 918 4853 divina
941 4799 1202 4869 sapientia
1227 4796 1442 4867 plenum
1465 4835 1479 4859 ,
1504 4802 1822 4864 supermuné

263 4885 444 4944 danunt
500 4889 836 4946 intellectum
885 4890 1173 4952 habuisse,
1223 4886 1470 4941 videlicet
1516 4885 1658 4954 quod
1709 4884 1823 4954 ipse

266 4975 412 5045 Deus,
434 4981 531 5052 qui
558 4990 644 5039 est
683 4981 948 5037 bonorum
984 4979 1225 5036 omnium
1264 4991 1461 5041 causa,
1508 4974 1688 5029 multis
1714 4989 1825 5029 ser-

1911 1134 2237 1190 intellectum
2279 1134 2635 1202 pertinentes,
2665 1141 2719 1183 et
2759 1127 3135 1197 iuspirationes
3175 1125 3487 1194 ambiguas.

1914 1235 1970 1282 et
2018 1224 2375 1280 revelationes
2419 1229 2669 1275 aeternas
2696 1217 3102 1284 derelinquunt,
3134 1222 3188 1267 et
3218 1214 3488 1266 introeunt

1914 1331 2012 1386 per
2063 1313 2362 1367 unitionem
2409 1311 2475 1363 ad
2522 1304 3096 1377 superintellectualem
3145 1301 3239 1356 Dei
3281 1301 3489 1353 incom-

1916 1401 2429 1473 preltensibilitulem
2458 1438 2473 1463 ,
2505 1398 2595 1452 ubi
2639 1398 2692 1451 in
2733 1395 2949 1467 propria
2987 1391 3159 1447 forma
3197 1389 3491 1444 secundum

1919 1493 2228 1560 Scripturae
2281 1488 2646 1543 testimonium
2703 1494 2785 1539 est
2821 1484 2967 1538 Deus
3020 1496 3182 1551 super
3217 1492 3381 1547 unum
3436 1485 3494 1528 et

1919 1582 2197 1642 unitatem,
2229 1586 2285 1634 et
2309 1568 2468 1644 super
2495 1591 2594 1631 ens
2612 1583 2668 1629 et
2694 1572 3008 1636 cntitatem;
3038 1569 3236 1624 dicitur
3265 1565 3406 1620 enim
3438 1564 3491 1617 in

1850 1661 1893 1719 Β
1924 1672 2107 1726 Exodo
2129 1711 2144 1733 ,
2191 1670 2334 1739 quod
2363 1667 2574 1738 Moyses
2607 1665 2848 1720 ascendit
2876 1663 2929 1718 in
2960 1661 3272 1730 caliginem,
3302 1658 3355 1711 in
3386 1672 3493 1726 quo

1917 1770 2034 1818 erat
2066 1760 2225 1815 Deus.

2589 1860 2816 1901 TEXTUS.

1988 1959 2194 2013 Etenim
2222 1976 2323 2013 non
2348 1957 2653 2027 simpliciter
2688 1956 2894 2009 divinus
2936 1951 3142 2021 Moyses
3171 1949 3416 2003 mandari
3445 1959 3495 2003 et

1916 2053 2024 2123 ipse
2042 2052 2240 2121 primus
2268 2052 2604 2118 praecipitur,
2645 2056 2691 2100 et
2722 2060 2902 2098 rursus
2930 2059 2963 2096 a
2994 2041 3036 2073 ¹⁸
3061 2056 3164 2094 non
3185 2037 3375 2091 talibus
3414 2053 3495 2090 se-

1917 2144 2141 2213 gregari,
2164 2152 2211 2195 et
2239 2150 2350 2211 post
2384 2155 2585 2194 omnem
2617 2136 3009 2191 mundationem
3033 2131 3179 2185 audit
3204 2126 3489 2182 multarum

1902 2246 2097 2289 'uocum
2130 2234 2400 2293 buccinas,
2427 2240 2475 2283 et
2520 2228 2651 2284 videt
2701 2226 2899 2279 lumina
2941 2211 3104 2276 multa
3145 2235 3261 2274 cum
3292 2219 3501 2287 fulgure

1918 2324 2204 2378 emittentia
2227 2321 2271 2353 "
2295 2321 2512 2373 mundos
2538 2328 2584 2372 et
2608 2317 2826 2369 multum
2848 2312 3061 2382 effulsos
3084 2309 3280 2363 radios.
3308 2305 3496 2360 Postea

1920 2431 1952 2467 a
1981 2411 2159 2466 multis
2201 2419 2502 2480 segregatur
2524 2418 2570 2460 et
2598 2422 2716 2459 cum
2756 2402 2929 2457 electis
2966 2397 3321 2453 sacerdotibus
3361 2411 3499 2448 sum-

1923 2501 2154 2553 mitatem
2197 2498 2491 2551 divinarum
2538 2493 2900 2547 ascensionum
2946 2485 3233 2558 pertingit;
3268 2484 3500 2553 quamvis

1920 2581 2009 2661 per
2037 2591 2133 2644 hoc
2168 2589 2374 2660 quidem
2420 2603 2522 2639 non
2553 2585 2619 2637 sit
2658 2599 2774 2637 cum
2814 2580 2943 2642 Deo,
2984 2576 3073 2632 sed
3123 2569 3499 2639 contemplatur

1924 2696 2026 2733 non
2060 2679 2249 2747 ipsum,
2280 2675 2556 2730 invisibilis
2582 2682 2658 2726 est
2682 2672 2842 2734 enim,
2873 2667 2962 2723 sed
2995 2666 3166 2720 locum
3193 2661 3277 2715 ubi
3300 2672 3396 2713 est.

2603 2799 2816 2840 GLOSSA.

1996 2895 2188 2951 Sensus
2217 2895 2337 2950 talis
2359 2904 2452 2948 est.
2485 2893 2584 2957 Ita,
2615 2904 2753 2960 quae
2783 2902 2941 2958 supra
2965 2887 3196 2940 diximus
3222 2882 3287 2936 de
3317 2891 3498 2935 trans-

1851 3000 1895 3061 ρ
1927 3002 2088 3043 censu
2121 2988 2419 3040 divinorum
2442 2983 2703 3037 luminum
2738 2987 2792 3034 et
2812 2991 3064 3032 sonorum
3087 2982 3141 3028 et
3161 2986 3500 3032 sermonum,

1923 3089 1979 3134 et
2032 3078 2227 3133 intuitu
2272 3074 2326 3131 in
2368 3075 2671 3145 caliginem,
2708 3071 2762 3125 in
2790 3070 2907 3138 ipso
2951 3066 3130 3135 Moyse
3167 3063 3343 3133 typice
3373 3071 3499 3114 sunt

1923 3176 2162 3232 ostensa,
2186 3166 2327 3237 quod
2350 3179 2454 3218 non
2484 3162 2657 3218 solum
2688 3161 2740 3214 in
2769 3173 2826 3213 se
2854 3158 2969 3226 ipso
2993 3153 3238 3209 mandari
3256 3152 3499 3220 jubetur,
3538 3158 3553 3165 '

1923 3270 1983 3316 ut
2019 3262 2181 3316 Deum
2208 3273 2339 3330 prae
2388 3257 2580 3313 ceteris
2612 3254 2771 3309 altius
2799 3247 3208 3317 contempletur,
3230 3243 3325 3297 sed
3353 3251 3407 3296 et
3432 3241 3502 3293 ab

1923 3351 2211 3406 immundis
2235 3348 2320 3405 vel
2346 3344 2693 3402 dissimilibus
2735 3338 2996 3411 separari.
3030 3336 3095 3389 Et
3119 3341 3239 3403 post
3275 3343 3493 3384 omnem

1922 3442 2294 3513 purgationem
2322 3452 2572 3494 sensuum
2599 3451 2628 3489 a
2675 3429 3018 3489 sensibilibus
3040 3467 3055 3491 ,
3094 3434 3150 3480 et
3193 3420 3499 3476 intellectus

1922 3509 2467 3601 apliantasmatibus,
2498 3525 2649 3580 audit
2674 3525 2788 3579 sive
2824 3528 3003 3576 mente
3041 3513 3273 3587 percipit
3299 3509 3499 3564 multa~

1924 3600 2041 3678 rum
2071 3621 2542 3690 intelligentiarum
2587 3613 2989 3684 iuspirationes,
3020 3616 3073 3662 et
3101 3600 3502 3670 contemplatur

1923 3712 2089 3768 multa
2118 3686 2420 3780 spectacula
2452 3703 2909 3764 luculentissima,
2939 3698 3166 3764 desuper
3203 3686 3499 3745 abundanti

1922 3801 2252 3872 plenitudine
2280 3796 2586 3853 emanantia
2610 3807 2731 3847 cum
2769 3789 3005 3844 candore
3046 3783 3258 3841 radios,
3292 3779 3346 3832 in
3373 3775 3503 3830 sub-

1923 3865 2119 3947 stantia
2137 3888 2427 3959 simplices,
2446 3894 2498 3940 ct
2522 3879 2871 3952 intelligentia
2894 3874 3236 3944 multiplices.
3261 3865 3500 3921 Tandem

1922 3954 2281 4052 segregatusa
2304 3976 2644 4032 multitudine
2665 3969 2928 4044 populari,
2960 3968 3012 4021 id
3037 3972 3161 4026 est,
3206 3954 3499 4014 multifaria

1921 4048 2175 4143 opinione
2202 4067 2524 4124 materiali"
2546 4080 2668 4120 cum
2698 4058 3080 4133 principalibus
3109 4048 3501 4109 affectionibus,

1921 4139 2164 4219 ascendit
2206 4160 2272 4214 ad
2315 4160 2481 4213 Deum
2520 4154 2833 4211 videndum.
2868 4150 2995 4218 Ejus
3037 4156 3211 4201 tamen
3256 4139 3507 4195 substan-

1924 4256 2052 4310 tiam
2079 4269 2183 4309 non
2208 4252 2374 4317 videt,
2408 4264 2532 4305 cum
2560 4249 2632 4303 sit
2679 4241 2997 4301 invisibilis,
3030 4234 3123 4291 sed
3161 4232 3338 4286 locum
3361 4265 3377 4292 ,
3413 4225 3504 4324 ubi

3183 4330 3308 4371 num
3330 4353 3346 4379 ,
3391 4325 3508 4366 sne

1928 4450 2064 4506 apex
2091 4434 2282 4503 lapidis
2310 4404 2573 4500 sapjihiri,
2597 4426 2711 4479 sive
2734 4421 2872 4493 ignis
2894 4416 3109 4476 ardens,
3135 4409 3248 4465 sive
3270 4404 3497 4478 cacumi-

1930 4541 1998 4580 na
2025 4525 2068 4557 “
2097 4523 2311 4579 montis.

2601 4598 2827 4640 τειτσε.

2003 4704 2117 4759 Ηοο
2144 4713 2316 4756 autem
2346 4710 2468 4771 puto
2509 4695 2806 4766 signiﬁcare
2829 4685 3151 4744 dioint‘ssima
3188 4680 3412 4732 visorum
3453 4678 3505 4723 et
3568 4672 3571 4673 ⁷

1927 4796 2298 4851 intellectorum
2320 4832 2335 4856 ,
2374 4807 2483 4846 esse
2512 4764 2770 4856 subjectos
2794 4781 3049 4854 quasdam
3078 4773 3303 4830 rationes
3327 4764 3503 4856 subje-

1929 4897 2131 4939 ctorum
2165 4883 2340 4937 omnia
2386 4876 2674 4941 excedenti,
2718 4889 2809 4945 per
2854 4884 2987 4940 quae
3015 4858 3309 4936 praesentia
3355 4853 3502 4924 ejus,

1929 4993 2062 5050 quae
2115 4984 2188 5029 est
2238 4988 2394 5043 super
2447 4983 2647 5026 omnem
2700 4962 3081 5034 cogitationem,
3141 4949 3501 5016 manifestatur

1516 5086 1771 5142 VARIAE
1806 5086 2207 5143 LECTIONES.

329 5217 343 5247 ⁸
371 5215 549 5284 Couj.,
571 5218 689 5272 cod.
720 5217 1009 5286 ph‘iorunt.
1050 5215 1096 5286 ξ
1127 5211 1302 5279 Conj.,
1326 5225 1609 5286 prae-ausa
1646 5208 1698 5260 in
1732 5208 2006 5286 comitant.
2109 5206 2335 5286 '_Conj.,
2366 5205 2486 5286 cod.
2523 5212 2539 5257 ι
2567 5190 2767 5286 iiciunt.

1786 5276 1806 5306 ⁸
1848 5276 2026 5337 Cornu,
2056 5276 2176 5329 cod.
2211 5266 2508 5328 novtsﬁsolum
2540 5289 2643 5326 non
2670 5266 2849 5325 velate.

262 5301 316 5336 et
352 5278 497 5339 vers:
534 5278 606 5339 tet
642 5278 771 5340 tes't.
818 5301 900 5353 gr.
990 5284 1011 5315 '
1040 5278 1369 5353 Corr.,’cod.
1411 5278 1709 5353 intendens.

266 5357 436 5407 menda
462 5366 513 5409 et
557 5356 758 5408 menda.
823 5351 858 5384 ’⁸
884 5353 1007 5407 Cor.
1044 5353 1112 5404 ad
1135 5351 1335 5403 omnia.

264 5424 379 5499 (toni
398 5425 521 5499 cod.
556 5439 691 5499 cttn_t_
710 5423 1077 5499 negociacioni.
1157 5421 1196 5499 ξ’
1218 5420 1347 5471 Cod.
1379 5415 1734 5499 a/j‘irmacioni.

263 5491 309 5539 id
344 5495 573 5546 verbum.
652 5494 693 5523 ¹⁶
718 5493 846 5546 Cod.
893 5496 945 5544 in
984 5507 1073 5561 per
1110 5491 1344 5541 vitiatum.

267 5571 304 5600 "
332 5572 503 5637 Corn,
538 5576 654 5627 md.
687 5584 753 5628 et.
832 5574 872 5604 ”
910 5573 1089 5637 Cum,
1125 5570 1243 5624 cod.
1286 5567 1580 5621 eminentis.

1410 5347 1430 5378 ⁹
1465 5346 1647 5399 (ἐιοεεα
1680 5362 1813 5406 nun,
1850 5345 1972 5398 add.
2004 5360 2067 5397 ex
2099 5344 2239 5409 conj.

1816 5415 1858 5446 ⁸³
1888 5416 2020 5466 Cod.
2047 5414 2375 5480 cataloqiam.

1426 5463 1464 5516 ἶτ
1509 5487 1686 5543 Cornu,
1721 5484 1839 5537 cod.
1893 5463 2262 5558 inte/Icciualés
2313 5463 2767 5550 contemplationes
2809 5463 3105 5529 exercitium
3144 5463 3500 5522 consumatur.

1661 5565 1703 5596 ²⁰
1733 5567 1910 5628 Corn,
1938 5579 2001 5613 ro
2023 5564 2056 5612 ἲ.
2087 5562 2251 5614 mtali.

2863 5199 2883 5229 ⁸
2916 5212 3024 5251 esse
3064 5206 3169 5247 om.
3204 5182 3352 5258 cod.,
3379 5177 3500 5258 add.

2925 5269 2944 5298 ⁷
2975 5265 3128 5320 Corr.
3149 5298 3162 5322 ,
3187 5254 3304 5309 cod-
3339 5254 3421 5317 qui
3451 5254 3499 5297 ir

2331 5346 2371 5375 ¹⁰
2399 5343 2530 5397 Cod.
2557 5342 2681 5412 aliq.
2761 5321 3007 5412 “bona,
3041 5345 3135 5401 pro
3165 5321 3500 5412 oraninst'ega:
3554 5335 3561 5338 ~

2456 5413 2497 5444 ιδ
2529 5385 2783 5463 Ριτο⁷ίιιεο
2811 5385 3017 5470 magis
3042 5385 3127 5453 'eo.
3206 5391 3248 5423 η
3275 5385 3410 5470 (ῖοάἶ
3458 5395 3500 5435 et

2330 5562 2369 5591 ²¹
2406 5549 2576 5625 Caria,
2614 5556 2729 5609 eod.
2767 5549 3070 5606 cacuminis.
