3952 6156
421 186 525 243 9ῖὸ

1787 202 2066 259 JOANNIS
2103 206 2297 265 SCOTI

3548 229 3655 284 2'76

419 299 827 370 intelligibililvus
864 306 1247 361 summitatibus
1285 311 1730 366 sanctissimorum
1758 312 1988 367 locorum
2020 320 2063 379 Α
2093 334 2233 375 scere
2260 340 2400 388 eum,
2440 329 2528 397 qui
2553 341 2625 384 est
2652 346 2806 393 super
2833 348 3032 387 omnem
3066 336 3307 389 risionem
3336 348 3383 391 et
3406 342 3650 408 cognitio-

422 388 537 457 ejus
579 394 978 460 superveniens;
1017 407 1138 448 tunc
1187 409 1230 450 et
1261 401 1325 451 ab
1366 401 1490 468 ipsis
1531 402 1751 456 solvitur
1790 404 1907 457 uisis
1939 418 1987 457 et

422 477 730 544 videntibus,
774 491 824 533 et
865 484 934 535 ad
971 484 1240 553 caliginem
1288 489 1614 557 ignorantiae
1654 494 1991 563 intrat,quae

422 569 717 638 calrgovere
743 580 814 624 est
835 573 1068 641 mystica,
1102 576 1156 628 in
1182 593 1285 643 qua
1311 578 1508 633 claudit
1539 598 1713 636 omnes
1737 587 1987 654 cognitio-

422 672 510 712 nes
534 660 550 691 ⁸
568 700 584 723 ,
612 671 658 713 et
693 661 755 715 in
774 662 1094 730 impalpabili
1126 669 1335 722 omnino
1372 680 1417 726 et
1448 672 1691 726 invisibili
1717 674 1800 742 ﬁt,
1823 678 1991 729 omnis

419 745 641 799 existens
661 748 793 817 ejus,
816 750 905 817 qui
924 760 999 803 est
1023 768 1179 820 super
1197 757 1394 822 omnia,
1410 768 1458 811 et
1478 759 1696 825 nullius,
1727 779 1887 832 neque
1907 763 2012 817 sui.

420 833 605 900 ipsius,
629 852 787 905 neque
812 837 1048 904 alterius,
1081 846 1291 897 omnino
1315 856 1487 900 autem
1517 849 1692 918 ignoto
1724 854 1990 907 vacatione

417 922 584 974 omnis
631 925 934 993 cognitionis
974 931 1258 984 secundum
1290 934 1310 964 ³
1338 935 1523 990 melius
1566 938 1776 1004 unitus,
1816 948 1865 993 et
1903 957 1985 1007 eo,

413 1010 553 1078 quod
579 1013 708 1067 nihil
733 1018 1018 1085 cognoscit,
1042 1035 1198 1090 super
1223 1034 1441 1077 mentem
1468 1042 1797 1096 cognoscens.

1094 1144 1281 1188 GLOSSA
1292 1171 1306 1185 .

485 1229 627 1287 Talis
666 1244 740 1289 est
780 1253 980 1291 sensus.
1024 1239 1230 1296 Dictum
1277 1253 1394 1308 est,
1437 1247 1600 1301 Deum
1643 1263 1747 1303 non
1783 1250 1983 1314 videri,

412 1325 506 1379 sed
535 1325 731 1392 locum,
759 1330 848 1383 ubi
881 1340 985 1395 est,
1025 1331 1075 1384 id
1115 1342 1197 1387 est
1244 1334 1295 1387 in
1333 1338 1593 1391 creaturis
1632 1339 1983 1407 quibusdam,

411 1428 553 1483 quae
602 1414 855 1471 dicuntur
895 1428 950 1473 et
993 1421 1324 1476 di‘vinissima
1373 1425 1609 1494 subjecta
1649 1429 1884 1482 visorum
1932 1439 1987 1483 et

411 1505 827 1575 intellecturum,
866 1511 948 1564 vel
998 1512 1327 1568 divinissima
1368 1515 1479 1571 loca
1506 1557 1520 1580 ,
1553 1519 1677 1586 quia
1725 1519 1858 1573 nihil
1904 1519 1981 1573 di-

410 1594 591 1651 vinius
644 1607 821 1653 mente
871 1600 1156 1656 intuemur.
1205 1604 1410 1670 Quibus
1454 1608 1686 1662 arbitror
1719 1609 1983 1679 designari

410 1699 647 1742 summas
682 1697 738 1743 et
772 1698 1018 1746 aeternas
1060 1694 1372 1765 architipias
1414 1697 1528 1752 sive
1576 1699 1841 1764 rationes,
1870 1701 1983 1756 sive

408 1776 737 1845 exemplaria
780 1780 1018 1835 omnium
1044 1792 1414 1839 creaturarum
1458 1787 1566 1841 Deo
1595 1788 1981 1855 subiectarum,

406 1880 506 1936 per
527 1883 662 1935 quas
690 1868 828 1923 Deus
859 1871 915 1924 lit
964 1887 1219 1940 praesens
1243 1914 1256 1938 ,
1289 1884 1343 1928 et
1368 1877 1637 1945 cognitivc
1674 1878 1830 1932 nobis
1865 1894 1979 1931 ma—

406 1951 627 2013 nifestat
654 1970 713 2011 se
733 1957 925 2025 ipsum,
957 1960 1110 2014 nobis
1148 1962 1213 2015 de
1233 1963 1423 2030 spiritu
1461 1962 1749 2020 infundens
1777 1977 1833 2019 et
1860 1982 1976 2019 ma-

407 2041 671 2098 nifestans
715 2046 1117 2117 principaliores
1162 2062 1217 2103 et
1254 2052 1557 2119 superiores
1601 2054 1982 2125 intelligentiae

406 2134 701 2189 eorundem
729 2137 1016 2203 rationum,
1042 2155 1180 2207 quae
1195 2143 1667 2210 uteunque'nobis
1687 2145 1980 2200 suntintel-

406 2224 637 2295 ligibiles
660 2241 760 2295 per
783 2229 1054 2298 speculum
1073 2231 1114 2284 ⁸.
1140 2231 1331 2287 Postea
1360 2233 1566 2305 Moyses
1593 2245 1874 2304 separatur
1911 2237 1979 2292 ab

408 2314 524 2379 his,
554 2317 644 2385 qui
672 2331 852 2372 secum
877 2319 1051 2374 locum
1080 2321 1172 2376 Dei
1203 2325 1467 2391 viderant,
1497 2326 1551 2380 id
1587 2336 1689 2391 est,
1714 2327 1782 2381 ab
1810 2328 1980 2382 omni-

405 2403 507 2458 bus
537 2404 990 2465 intellectibilibus
1037 2411 1376 2487 Opinionibus
1397 2456 1412 2479 ,
1452 2423 1508 2469 et
1537 2416 1872 2470 subtrahitur
1912 2418 1981 2471 ab

404 2494 551 2548 omni
590 2495 935 2567 intelligentia
963 2508 1016 2553 et
1045 2502 1161 2556 visu
1192 2505 1411 2559 meutali
1432 2544 1445 2570 ,
1474 2514 1526 2559 et
1555 2506 1718 2559 intrat
1752 2506 1819 2560 ad
1845 2505 1979 2561 cali-

406 2585 584 2653 ginem
616 2587 970 2656 ignorantiae,
999 2593 1122 2661 quia
1145 2595 1328 2648 unitur
1351 2596 1978 2665 incomprehensibilitati

407 2676 635 2739 divinae,
661 2678 751 2745 qui
777 2692 911 2746 apex
940 2680 1322 2751 intelligentiae
1351 2698 1456 2737 non
1485 2692 1814 2753 penetratur,
1841 2700 1981 2755 quae

409 2764 586 2835 caligo
614 2780 741 2819 vere
769 2779 849 2822 est
881 2771 1127 2839 mystica,
1152 2772 1205 2826 id
1232 2781 1332 2837 est,
1364 2773 1564 2838 clausa,
1597 2775 1721 2843 quia
1745 2790 1872 2829 vere
1897 2788 1980 2830 est

408 2858 585 2911 omnis
614 2858 935 2925 cognitionis
968 2861 1214 2916 clausura
1239 2903 1254 2928 ,
1286 2873 1340 2919 et
1366 2865 1421 2919 in
1457 2880 1517 2921 se
1548 2865 1747 2920 claudit
1794 2882 1975 2922 secre-

2094 431 2207 470 uem
2230 432 2248 480 ;
2278 418 2331 470 in
2352 420 2463 488 ipso
2489 438 2588 475 non
2608 424 2779 476 ridere
2800 433 2846 478 et
2873 441 2975 479 non
3005 441 3308 495 cognoscere
3332 438 3405 482 est
3429 430 3452 459 ⁸
3475 445 3652 498 supero

2090 507 2478 563 substantia/em
2495 513 3061 581 supersubstantialiter
3075 516 3295 570 laudare
3313 535 3403 586 per
3422 521 3655 575 omnium

2090 596 2419 648 existentium
2446 598 2783 665 oblationem,
2824 603 2956 655 sicut
2996 604 3158 671 ipsius
3201 596 3419 660 naturae
3454 608 3654 679 insigne

2089 685 2353 755 facientes,
2382 688 2673 756 auferentes
2697 692 3063 757 prohibitiones
3091 694 3397 764 oﬁicientes’
3429 699 3654 751 mundae

2090 776 2278 829 occulti
2300 778 2322 810 ⁸
2351 778 2554 851 visioni,
2585 789 2632 833 et
2659 780 2823 848 ipsam
2848 783 2903 835 in
2923 799 2979 836 se
3002 783 3113 852 ipsa
3135 784 3398 840 ablatione
3423 785 3538 840 sola
3568 803 3650 840 oc-

2089 863 2283 917 cultam
2314 866 2707 936 manifestantes
2731 871 3194 940 pulchritudinem.

2598 976 2879 1017 EXPOSITIO
2919 978 3122 1018 τιτυιῐ.

2159 1043 2430 1111 Quomodo
2457 1061 2654 1118 Oportet
2675 1053 2833 1105 uniri.
2867 1052 3052 1107 Status
3075 1055 3329 1111 unitionis
3347 1073 3451 1114 non
3475 1068 3654 1129 potest

2038 1182 2055 1187 η
2087 1132 2244 1187 aliter
2272 1134 2523 1200 obtineri,
2557 1138 2658 1193 nisi
2688 1154 2785 1208 per
2828 1139 3281 1199 ferventissimum
3326 1146 3652 1203 desiderium

2088 1224 2336 1279 mentalis
2373 1228 2653 1293 orationis,
2691 1238 2747 1284 et
2795 1246 2890 1301 per
2933 1233 3188 1288 virtutem
3235 1237 3654 1305 supermentalis

2086 1310 2405 1376 affectionis,
2440 1319 2507 1372 ad
2543 1332 2705 1387 quam
2736 1336 2841 1375 non
2869 1323 3079 1393 attingit
3101 1322 3286 1379 oculus
3312 1312 3652 1383 intellectua-

2085 1407 2154 1461 lis
2182 1407 2536 1476 cognitionis;
2580 1410 2723 1465 unde
2764 1412 2887 1466 talis
2915 1412 3149 1484 cognitio
3177 1414 3373 1468 dicitur
3412 1416 3526 1471 lleri
3557 1432 3654 1486 per

2087 1498 2464 1566 ignorantiam.
2511 1499 2766 1570 Proprias
2800 1510 2976 1556 autem
3026 1504 3254 1574 hymnus
3310 1498 3435 1559 sive,
3462 1507 3654 1563 modus

2088 1589 2255 1643 Deum
2295 1589 2545 1645 laudandi
2578 1602 2661 1647 est
2686 1608 2781 1662 per
2819 1593 3183 1661 negationem,
3212 1594 3322 1648 sive
3353 1611 3448 1665 per
3472 1597 3655 1651 rémo—
3692 1636 3701 1643 ο

2089 1680 2310 1743 tionem,
2345 1682 2482 1735 sicut
2510 1690 2593 1735 est
2621 1683 2801 1737 videre
2829 1684 2879 1736 in
2908 1681 3074 1749 llgura
3113 1682 3275 1748 linea,
3306 1700 3336 1737 a
3365 1700 3469 1754 qua
3503 1693 3655 1740 tanto

2085 1768 2254 1837 magis
2281 1769 2489 1823 videtur
2516 1769 2857 1838 pulchritudo
2886 1771 3105 1839 ﬁgurae.

2154 1859 2341 1914 Modus
2369 1860 2390 1890 ⁹
2422 1877 2546 1914 vero
2581 1862 2740 1931 hujus
2768 1861 2941 1916 laudis
2975 1870 3029 1916 et
3066 1863 3118 1916 in
3147 1877 3309 1933 opere
3338 1863 3385 1896 ¹⁶
3414 1865 3482 1920 ab
3511 1864 3654 1920 infe-

2082 1948 2319 2005 rioribus
2338 1951 2403 2004 ad
2425 1952 2700 2020 superiora
2728 1951 3084 2006 ascendendo.
3416 1947 3427 1958 ’

2759 2056 2986 2097 TEXTCS.

2152 2129 2219 2187 ln
2247 2134 2345 2185 hac
2373 2132 2718 2203 superlucenti
2744 2144 2841 2188 etc.

2755 2239 2972 2280 GLOSSA.

2153 2311 2346 2369 Sensus
2378 2312 2495 2366 talis
2525 2323 2621 2367 est.
2676 2312 2812 2367 Toto
2842 2313 3038 2368 mentis
3062 2312 3255 2368 all‘ectu
3282 2325 3530 2382 optamus
3555 2330 3658 2368 nos

2082 2406 2197 2462 ﬁeri
2225 2407 2276 2461 in
2301 2405 2529 2474 caligine
2563 2404 2941 2474 superlucenti,
2977 2406 3030 2459 id
3058 2413 3160 2468 est,
3188 2405 3239 2459 in
3270 2413 3409 2460 statu
3435 2402 3648 2478 [super]

2080 2498 2423 2554 intellectuali
2450 2496 2513 2562 ³⁸,
2540 2497 2665 2567 quia
2690 2496 2914 2552 lucidior
2936 2505 3018 2551 est
3038 2496 3102 2562 ¹¹,
3128 2512 3287 2565 quam
3316 2497 3658 2552 intellectua-

2078 2592 2146 2647 lis
2170 2632 2185 2657 ,
2221 2600 2280 2645 ut
2315 2605 2410 2658 per
2444 2589 2641 2644 mentis
2683 2603 2959 2644 excessum
2984 2630 2999 2655 ,
3047 2587 3235 2661 [quod]
3264 2589 3306 2620 ¹³
3351 2589 3655 2644 intellectus

2080 2695 2186 2734 non
2225 2680 2385 2743 videt,
2435 2694 2535 2733 nec
2564 2678 2744 2748 aliquo
2777 2679 2936 2733 modo
2971 2679 3271 2747 cognoscit,
3311 2679 3579 2748 possimus
3607 2683 3655 2711 "

2081 2770 2250 2825 Deum
2311 2783 2637 2839 cognoscere
2683 2775 2737 2822 et
2781 2767 2967 2823 videre
3018 2767 3671 2836 superintellectualiterv

2077 2874 2176 2929 per
2203 2858 2555 2913 remotioncm
2587 2855 2836 2911 videlicet
2880 2855 3251 2910 intellectualis
3296 2855 3651 2925 cognitionis.

407 2945 610 2999 tissima
635 2986 649 3010 ,
695 2947 833 3002 celat
866 2964 1052 3006 omnes
1096 2954 1566 3023 comprehensivas
1613 2956 1974 3025 cognitiones,
2004 2980 2059 3046 α
2085 2963 2208 3002 cum
2234 2947 2348 3016 ipse
2378 2945 2664 3019 Deusvisu
2708 2944 3053 3046 intellectuali
3095 2944 3397 3046 nullatenus
3420 2946 3655 3015 attinga-

403 3036 544 3093 sicut
566 3040 618 3093 in
642 3040 816 3109 prima
844 3042 1082 3096 omnium
1112 3058 1299 3110 causa,
1331 3055 1386 3099 et
1404 3061 1499 3114 per
1526 3046 1665 3100 hanc
1691 3047 1974 3117 caliginem

403 3130 584 3184 omnis
606 3132 816 3187 animus
848 3133 1030 3187 unitur
1052 3132 1181 3196 Deo,
1211 3134 1263 3188 id
1283 3142 1388 3200 est,
1422 3148 1584 3202 super
1609 3135 1791 3189 omnia
1835 3135 1895 3189 lit
1923 3136 1976 3189 in

404 3228 548 3274 statu
597 3221 1071 3287 excellentissimo,
1123 3238 1284 3292 quem
1335 3239 1435 3278 nec
1476 3225 1615 3278 ratio
1664 3224 1842 3294 palpat
1883 3241 1979 3296 per

405 3309 897 3381 investigationem,
952 3328 1056 3368 nec
1100 3311 1402 3369 intellectus
1447 3316 1842 3385 contemplatur
1884 3332 1981 3387 per

403 3401 688 3465 visionem,
710 3416 809 3472 per
840 3418 998 3470 quem
1038 3412 1092 3460 et
1117 3413 1312 3460 statum
1351 3406 1418 3460 ab
1449 3407 1697 3462 omnibus
1731 3408 1852 3463 aliis
1875 3449 1891 3474 ,
1923 3419 1979 3464 et

407 3506 437 3544 a
485 3505 546 3545 se
603 3493 718 3560 ipso
764 3482 1073 3562 separatur,
1127 3505 1386 3565 quantum
1443 3498 1510 3550 ad
1558 3496 1979 3555 intellectualem

405 3581 655 3648 propriae
700 3583 1019 3652 cognitionis
1050 3585 1409 3654 praesentiam
1433 3625 1448 3650 ,
1489 3595 1545 3641 et
1589 3602 1684 3657 per
1726 3588 1976 3643 unionem

408 3667 726 3733 dilectionis,
760 3686 898 3740 quae
916 3683 998 3728 est
1027 3673 1266 3730 ell‘cctiva
1294 3690 1590 3730 conversae
1634 3678 1976 3748 cognitionis,

407 3756 590 3810 unitur
613 3757 721 3812 Deo
751 3760 1200 3828 intellectualiter,
1224 3764 1332 3819 Deo
1366 3765 1547 3835 ignoto
1571 3765 1613 3830 ⁸,
1639 3766 1945 3835 cognitione
1961 3808 1976 3833 ,

407 3863 547 3917 quae
565 3849 734 3904 multo
773 3852 964 3907 melior
985 3863 1089 3919 est,
1116 3869 1276 3924 quam
1297 3855 1367 3910 sit
1384 3856 1617 3925 cognitio
1646 3856 1980 3911 intellectua-

409 3938 495 4002 lis,
518 3949 573 3994 et
600 3940 741 3995 ineo
764 3979 781 4006 ,
808 3943 951 4010 quod
986 3944 1398 4037 intellectualem
1434 3946 1794 4016 cognitionem
1828 3946 1981 4002 dere-

408 4030 621 4100 linquit,
638 4033 751 4088 sive
768 4034 1116 4101 intellectum,
1135 4045 1189 4090 et
1204 4030 1434 4090 meutein
1452 4035 1660 4090 Domini
1683 4035 1977 4105 cognOscit,

410 4119 463 4173 id
489 4128 593 4185 est,
636 4135 735 4190 per
761 4123 1075 4191 sapientiam
1125 4123 1539 4178 intellectualem
1568 4162 1584 4187 ,
1629 4138 1768 4192 quae
1817 4136 1980 4191 super

406 4209 606 4265 donum
640 4212 956 4268 intellectus.
988 4213 1076 4267 Illa
1117 4214 1261 4268 enim
1288 4215 1455 4267 Deum
1486 4212 1729 4283 agnoscit
1760 4222 1979 4283 prepter

409 4303 704 4360 unitionem
727 4345 742 4369 ,
789 4306 924 4361 haec
967 4322 1095 4363 vero
1123 4322 1222 4377 per
1260 4308 1496 4363 rationes
1526 4280 1710 4364 Verbi.
1752 4280 1979 4376 Explieit
2006 4311 2057 4370 D
2155 4280 2367 4377 OPO’W
2405 4285 2600 4340 autem,

410 4393 636 4462 primum
666 4394 989 4467 Capitulum.

940 4509 1334 4567 CAPITULUM
1382 4511 1447 4566 ll.

416 4612 687 4684 Quomodo
724 4627 920 4687 oportet
977 4620 1118 4672 uniri
1160 4630 1206 4674 ct
1254 4621 1471 4691 hymnos
1520 4620 1713 4691 referre
1748 4620 1978 4678 omnium

870 4704 1059 4742 causae
1077 4699 1125 4742 et
1152 4705 1305 4760 super
1328 4692 1522 4746 omnia.

1078 4818 1305 4861 TRITOS.

488 4912 518 4987 δ
548 4917 599 4972 1.
630 4914 700 4971 In
743 4919 841 4972 hac
869 4919 1215 4991 superlttcenti
1257 4920 1478 4992 caligine
1518 4938 1611 4976 nos
1655 4922 1773 4992 ﬁeri
1800 4937 1977 4991 preca-

404 5012 556 5074 ‘mur,
596 5020 645 5062 et
683 5025 774 5078 per
802 5025 905 5064 non
949 5011 1120 5066 videre
1144 5021 1192 5066 et
1244 5012 1487 5082 ignorare
1515 5012 1685 5068 videre
1712 5022 1760 5066 et
1788 5028 1978 5081 cogno-

1706 5121 1960 5179 VAlllAE
1997 5117 2393 5177 LECTIONES.

488 5214 509 5248 ⁸
539 5211 720 5283 Conj.,
746 5227 848 5294 vox
880 5213 932 5267 in
961 5214 1085 5294 cod.
1120 5223 1227 5294 tam
1262 5225 1530 5294 corrupta.
1562 5224 1621 5268 ut
1648 5216 1746 5294 legi
1776 5204 2055 5294 ncqii'eatt'
2103 5214 2125 5244 ’
2152 5214 2272 5294 P-ro_
2300 5211 2582 5294 secundum
2598 5206 2752 5294 ﬂend.
2801 5204 2913 5294 sed:
2981 5201 3168 5294 (ἔθιζε
3192 5208 3369 5294 [fit].

1903 5284 2078 5349 Catii"
2100 5284 2219 5336 cod.
2254 5284 2451 5352 ignota.
2550 5284 2572 5309 '
2596 5284 2774 5338 Corn,
2808 5284 2928 5328 cod.
2972 5284 3037 5326 et.

1960 5352 2002 5383 ¹⁰
2033 5352 2123 5405 Sic
2143 5351 2287 5409 cod,
2308 5351 2431 5404 fort.
2457 5348 2559 5424 leg.
2581 5355 2642 5424 et_
2659 5346 2710 5424 i_n
2732 5345 2828 5397 hoc
2855 5358 3037 5424 opere.

2022 5421 2065 5452 ¹³
2093 5422 2229 5490 quod
2256 5437 2362 5473 om.
2386 5415 2700 5490 cod.'._‘add.
2735 5430 2800 5467 ex
2820 5415 2972 5490 _conj.

414 5282 733 5349 surrecturum.
761 5282 934 5353 Locus
960 5283 1012 5337 in
1040 5286 1160 5340 cod.
1187 5282 1625 5353 corruptissimus
1647 5293 1749 5337 est.

419 5353 670 5421 ﬁcientes.
744 5352 766 5383 ⁸
795 5351 972 5417 Corn,
997 5356 1114 5408 cod.
1146 5351 1365 5408 occulte;
1436 5353 1458 5382 ⁹
1487 5353 1614 5406 Cod.
1648 5353 1872 5405 modica.

415 5422 699 5476 tellectuali
717 5438 736 5487 ;
780 5438 937 5490 super
964 5423 1085 5476 add.
1117 5440 1181 5478 ex
1215 5426 1356 5478 coni.

416 5508 618 5565 sumus.
727 5490 1125 5565 “_Couj.,_cod.
1172 5496 1454 5565 privamur.

418 5560 541 5614 add.
582 5580 645 5617 cx
684 5563 823 5630 conj.

1435 5424 1476 5453 “
1504 5421 1679 5483 Cum,
1720 5423 1836 5475 cod.
1874 5430 1941 5473 et.

1553 5492 1595 5522 ¹⁶
1623 5492 1802 5552 Cum,
1832 5490 1952 5543 cod.
2003 5490 2438 5557 potentionaliter.

905 5563 946 5595 ¹⁶
976 5559 1285 5633 ϐοιιῙ.,ἰηὀ
1314 5564 1364 5616 in
1393 5561 1724 5616 existentibus
1754 5560 1869 5615 cod.
1904 5559 2221 5614 caritatibus.

2084 3048 2191 3092 tur.
2238 3036 2412 3091 Etiam
2462 3048 2744 3105 precamur
2778 3034 2842 3100 ³⁸,
2877 3049 2974 3089 nos
3011 3034 3225 3089 laudare
3268 3048 3423 3105 posse
3464 3050 3657 3102 super-

2082 3124 2488 3181 substantialem
2538 3124 3142 3193 supersubstantialiter,
3192 3124 3243 3178 id
3305 3133 3404 3188 cst,
3459 3124 3653 3183 Deum,

2082 3217 2173 3287 qui
2201 3215 2413 3270 excedit
2459 3230 2672 3269 omnem
2711 3215 3066 3268 substantiam
3106 3224 3158 3267 et
3197 3230 3355 3268 omne
3399 3230 3516 3277 ens,
3556 3231 3655 3283 per

2083 3306 2409 3362 ablutionem
2433 3303 2672 3357 omnium
2699 3302 3068 3368 existentium,
3100 3302 3240 3356 sicut
3267 3310 3353 3356 est
3380 3303 3565 3355 videre
3596 3304 3653 3355 in

2083 3376 2399 3458 artificibus,
2432 3396 2522 3464 qui
2553 3395 2786 3464 aliquam
2832 3393 3098 3448 fabricant
3143 3391 3543 3446 similitudinem
3583 3392 3652 3443 dc

2083 3486 2259 3556 aliqua
2283 3484 2575 3539 inanimata
2602 3483 2848 3547 materia,
2872 3482 2961 3551 qui
2980 3480 3269 3551 sculpendo
3294 3488 3347 3533 et
3367 3480 3660 3533 incidendu

2081 3581 2360 3630 removent
2391 3572 2688 3627 exteriores
2720 3580 2902 3642 partes
2930 3573 3189 3625 materiae
3210 3570 3525 3640 grossiores,
3558 3575 3653 3637 qui

2079 3666 2355 3721 occultant
2394 3670 2448 3716 et
2477 3661 2812 3731 cooperiunt,
2842 3675 2910 3716 ne
2951 3660 3123 3715 videri
3167 3660 3337 3730 possit
3379 3658 3467 3712 illa
3508 3673 3647 3727 pura

2081 3761 2281 3829 imago,
2333 3774 2470 3828 quae
2503 3755 2821 3811 naturaliter
2866 3765 2922 3810 et
2953 3755 3313 3824 potentialiter
3360 3752 3403 3785 ¹⁶
3430 3762 3513 3808 est
3562 3752 3653 3806 in-

2079 3851 2269 3912 terius,
2293 3857 2345 3903 et
2373 3864 2470 3918 per
2504 3848 2674 3903 solam
2703 3845 2887 3921 talium
2917 3844 3361 3899 oﬂ‘endiculorum
3392 3842 3652 3897 remotio-

2079 3955 2200 3995 nem
2243 3939 2358 3994 sine
2386 3937 2490 3992 alio
2517 3936 2882 3991 additamento
2924 3934 3297 3988 manifestatur
3335 3934 3388 3987 in
3430 3930 3654 4001 propria

2077 4030 2256 4096 specie
2287 4027 2454 4097 ipsius
2482 4025 2731 4096 imaginis
2772 4023 3133 4095 pulchritudo,
3163 4036 3302 4092 quae
3328 4021 3479 4091 prius
3513 4020 3653 4074 latc-

2077 4122 2170 4177 bat
2200 4121 2252 4175 in
2280 4117 2507 4174 occulto.

2748 4199 2975 4239 TEXTUS.

2634 4275 2766 4328 sicut
2803 4274 3063 4335 arbitror,
3106 4270 3389 4325 oblationes
3441 4267 3656 4321 laudari

2076 4374 2363 4438 contrario,
2389 4382 2545 4438 quam
2574 4366 2872 4436 positiones.
2914 4360 3121 4416 Etenim
3156 4361 3275 4414 illas
3303 4377 3334 4412 a
3361 4359 3543 4429 primis
3570 4359 3657 4409 in-

2076 4470 2342 4542 cipientes,
2368 4477 2458 4531 per
2477 4451 2647 4512 media
2677 4456 2745 4509 ad
2766 4454 2952 4508 ultima
2980 4448 3529 4542 [descendentestbic
3556 4462 3658 4500 au-

2082 4538 2185 4618 tem
2211 4556 2279 4610 ab
2304 4548 2530 4620 ultimis]
2557 4548 2597 4579 "'
2620 4547 2687 4599 ad
2712 4543 3082 4616 principaliora
3108 4556 3376 4596 ascensum
3400 4538 3656 4607 facientes

2078 4664 2170 4720 per
2192 4643 2363 4699 media
2386 4654 2566 4694 rursus
2588 4636 2658 4689 ad
2681 4645 2909 4689 extrema
2933 4632 3107 4685 omnia
3129 4628 3417 4698 auferimus
3436 4666 3450 4690 ,
3487 4634 3545 4678 ut
3566 4641 3691 4720 rex

2082 4716 2244 4795 celate
2294 4744 2663 4804 cognoscamus
2707 4726 2853 4780 illam
2902 4723 3250 4794 ignorantiam
3298 4719 3363 4772 ab
3413 4716 3658 4771 omnibus

2084 4825 2415 4883 noscibilibus
2441 4823 2492 4876 in
2522 4818 2756 4874 omnibus
2785 4815 3112 4871 existentium
3137 4810 3578 4871 circumvelatam,
3604 4818 3656 4862 et

2080 4912 2629 4988 supersubstantialem
2658 4908 2804 4961 illam
2833 4905 3096 4960 videamus
3121 4902 3393 4973 caliginem
3417 4899 3482 4954 ab
3508 4901 3657 4953 omni

2080 5008 2276 5061 lumine
2304 5007 2357 5058 in
2385 5000 2719 5058 existentibus
2743 4996 2787 5030 ⁸⁸
2812 4994 3091 5050 occultam.

3459 5198 3480 5228 ⁸
3510 5196 3649 5251 Cod.

3139 5272 3160 5303 ⁷
3192 5267 3370 5337 C0tlj.,
3407 5267 3527 5337 cod.
3561 5270 3656 5335 af-

3133 5342 3171 5372 "
3204 5335 3379 5406 Coti},
3410 5335 3531 5391 cod.
3561 5337 3655 5387 in-

3076 5411 3118 5443 ”
3146 5412 3321 5470 Corn,
3359 5409 3477 5459 cnzl.
3519 5423 3649 5468 pos-

2534 5482 2574 5517 "
2602 5474 2988 5538 descendentis
3018 5515 3081 5522 -υ
3114 5481 3279 5534 ultimi
3340 5493 3446 5531 oni.
3492 5474 3648 5539 cod.,

2550 5278 2572 5309 ⁸
2596 5276 2774 5338 Corr.,
2808 5275 2928 5328 cod.
2972 5283 3039 5326 et.
