3952 6156
407 210 510 265 279

1765 212 2052 273 JOANNIS
2091 212 2282 269 SCOTI

406 320 705 387 turbantur,
734 320 1169 394 quemadmodum
1192 336 1241 381 et
1271 342 1405 382 nunc
1436 326 1507 381 ad
1533 325 1827 397 caliginem,
1847 342 1986 399 quae
2008 337 2052 394 Α
2084 326 2314 393 Quaeris
2351 332 2393 361 "
2439 342 2618 387 autem
2660 333 2940 402 fortassis,
2992 353 3128 407 quae
3182 344 3251 397 slt
3297 348 3452 414 ratio,
3484 365 3652 418 quare

400 417 477 457 est
516 424 674 481 super
696 423 913 469 mentem
940 414 980 481 ⁸,
1015 417 1357 481 introeantes,
1386 432 1489 470 non
1514 432 1808 471 sermonum
1827 416 1990 470 breui-

404 502 586 559 tatem,
609 498 699 551 sed
719 499 1226 556 irrationabilitatem
1241 503 1520 573 perfectam
1579 514 1628 559 et
1679 506 1982 575 impruden-

404 586 534 639 tiam
566 587 587 618 ⁸
639 589 954 645 inveniemus
983 592 1024 645 ³.
1075 591 1143 645 Et
1197 594 1267 646 ibi
1309 595 1517 664 quidem
1569 612 1601 648 a
1640 586 1896 665 superiori
1916 595 1988 651 ad

401 689 637 732 extrema
696 682 1004 736 descendens
1074 700 1243 738 sermo
1304 687 1589 741 secundum
1642 688 1986 757 quantitatem

406 772 685 825 descensus
732 771 802 824 ad
833 771 1175 841 portionalem
1212 773 1536 829 dilatabatur
1568 774 1984 839 multitudinem;

405 874 544 912 nunc
576 869 749 911 autem
790 860 853 912 ab
902 860 1241 928 inferioribus
1265 864 1334 917 ad
1370 881 1662 933 supremum
1707 863 1986 917 ascendens

403 947 691 1001 secundum
719 965 1015 1004 mensuram
1040 953 1356 1007 ascensionis
1398 953 1746 1018 contrahitur,
1793 963 1839 1007 et
1871 962 1984 1023 post

403 1051 605 1089 omnem
637 1041 988 1094 ascensionem
1019 1050 1157 1096 totus
1178 1044 1292 1096 sine
1317 1059 1437 1097 voce
1458 1044 1574 1109 erit,
1597 1052 1646 1097 et
1672 1053 1811 1097 totus
1839 1044 1987 1096 unie-

404 1136 493 1180 tur
525 1126 550 1160 ⁸
596 1128 870 1198 ineffabili.
931 1129 1071 1184 Dicis
1120 1142 1292 1185 autem
1314 1171 1329 1197 ,
1363 1148 1525 1202 quare
1566 1132 1796 1186 totaliter
1817 1132 1985 1200 primo

402 1232 644 1288 ponentes
682 1220 704 1254 ⁸
742 1222 946 1276 divinas
978 1223 1280 1293 positiones,
1329 1227 1393 1278 ab
1441 1224 1634 1277 ultimis
1681 1225 1985 1278 inchoamus

403 1308 634 1363 diuinam
665 1311 978 1366 oblationem
997 1314 1022 1366 Ρ
1051 1315 1313 1378 Quoniam
1336 1316 1475 1385 quod
1501 1326 1576 1370 est
1600 1332 1757 1380 super
1782 1332 1983 1369 omnem

385 1399 709 1467 positionem
734 1411 1002 1470 ponentes,
1033 1421 1065 1456 a
1094 1407 1260 1473 magis
1308 1405 1407 1475 ipsi
1447 1415 1666 1475 cognato
1700 1406 1983 1474 suppositi-

403 1509 525 1549 uam
561 1492 956 1563 aﬂirmationem
1002 1497 1268 1563 oportebat
1321 1513 1548 1566 ponere;
1601 1496 1733 1550 illud
1787 1506 1979 1558 autem,

400 1580 541 1652 quod
561 1590 634 1634 est
654 1597 810 1650 super
823 1598 1025 1636 omnem
1055 1583 1367 1638 ablutionem
1394 1582 1434 1648 ⁸,
1461 1584 1800 1651 auferentesa
1817 1584 1983 1654 magis

403 1673 718 1728 distantibus
742 1674 805 1727 ab
828 1674 937 1743 ipso
955 1676 1184 1743 auferre.
1209 1678 1311 1731 Aut
1328 1694 1430 1731 non
1447 1679 1612 1747 magis
1637 1679 1742 1732 vita
1765 1687 1811 1731 et
1839 1677 1982 1733 boni-
2012 1668 2055 1727 Β

402 1773 506 1825 tas,
550 1779 705 1833 quam
751 1779 843 1817 aer
875 1773 921 1818 et
970 1764 1126 1835 lapis,
1152 1783 1255 1821 non
1299 1778 1374 1821 est
1409 1767 1625 1837 crapula
1670 1778 1717 1822 et
1774 1785 1876 1822 non
1904 1776 1979 1821 est

401 1851 631 1918 insania,
661 1869 816 1920 quant
847 1870 949 1908 non
972 1855 1165 1909 dicitur
1184 1866 1230 1909 et
1255 1873 1358 1911 non
1382 1856 1729 1927 intelligitur?

1087 1981 1277 2021 GLOSSA
1287 2007 1299 2020 .

475 2074 674 2131 Sensus
704 2076 824 2131 talis
854 2087 927 2131 est
958 2093 976 2131 :
1010 2078 1121 2148 Ego
1170 2087 1331 2147 puto,
1375 2081 1517 2150 quod
1559 2080 1976 2155 tu,‘Timothee,

402 2166 576 2222 oculis
624 2169 820 2222 mentis
876 2171 1236 2238 perspexeris,
1302 2172 1443 2239 quod
1503 2181 1764 2228 tractatus
1809 2173 1978 2228 nostri

402 2258 575 2313 ultimi
611 2259 730 2329 plus
783 2257 1054 2315 abundant
1100 2263 1154 2315 in
1206 2262 1402 2323 verbis.
1442 2279 1602 2332 quam
1630 2264 1810 2333 primi.
1844 2264 1976 2319 Erat

406 2350 552 2403 enim
597 2364 848 2410 necesse.
886 2353 1029 2419 quod
1057 2352 1193 2407 liber
1220 2353 1285 2408 de
1315 2354 1510 2409 divinis
1554 2353 1977 2419 characterihus,

401 2436 485 2491 vel
541 2439 915 2506 personalibus
961 2440 1419 2507 distinctionibus,
1457 2442 1576 2515 [et]
1608 2443 1630 2475 ⁷
1668 2444 1735 2498 de
1784 2442 1980 2497 divinis

403 2528 713 2583 nominibus
743 2530 920 2586 minus
955 2540 1084 2586 sunt
1107 2532 1129 2564 ⁸
1166 2532 1218 2586 in
1249 2533 1426 2589 verbis
1447 2533 1784 2604 prolixiores,
1815 2548 1975 2602 quam

401 2615 604 2672 fuerint
632 2620 956 2689 syinholicae
993 2621 1289 2691 theologiae
1316 2632 1595 2679 tractatus.
1629 2624 1690 2678 Et
1715 2624 1853 2678 ratio
1873 2623 1976 2677 ista

401 2716 515 2771 est,
547 2710 822 2777 quoniam,
855 2720 1059 2780 quanto
1105 2713 1349 2777 materia,
1399 2713 1465 2767 de
1522 2729 1626 2783 qua
1658 2714 1854 2784 agitur,
1895 2723 1981 2769 est

403 2796 563 2851 altior
592 2808 653 2879 et
681 2814 709 2853 a
740 2814 900 2854 sensu
933 2802 1207 2867 remotior,
1235 2812 1323 2856 aut
1354 2802 1422 2857 ab
1450 2801 1830 2873 imaginatione
1858 2802 1975 2858 lon-

402 2889 672 2958 ginquior,
704 2899 852 2945 tanto
879 2892 1057 2947 minus
1078 2902 1164 2948 est
1202 2894 1461 2949 utendum
1489 2894 1671 2950 verbis
1713 2894 1977 2950 sensibili-

2090 417 2385 488 positiones
2408 420 2692 490 incipimus
2718 439 2746 477 a
2776 424 3126 496 dignioribus,
3175 441 3232 487 et
3260 417 3556 492 ablationes
3581 440 3652 494 ab

2088 507 2455 566 inferioribus.
2491 511 2656 583 Cujus
2690 516 2767 570 rei
2810 518 2949 573 ratio
2985 520 3107 576 talis
3133 525 3413 596 est:quia,
3436 530 3654 597 quando

2086 600 2335 656 volumus
2361 617 2458 672 per
2482 606 2802 673 positionem
2826 608 3013 675 Deum,
3046 613 3135 681 qui
3155 622 3239 670 est
3257 631 3417 687 super
3436 632 3651 676 omnem

2086 698 2433 768 positionem,
2463 701 2765 771 designare,
2786 707 3050 767 convenit,
3078 718 3136 761 ut
3185 709 3296 779 ipsa
3328 711 3568 782 digniora
3593 721 3656 770 et

2088 787 2259 858 magis
2287 787 2336 842 ei
2361 790 2657 859 propinqua
2696 793 3045 863 principalius
3067 797 3422 857 attribuamus
3444 803 3652 873 eidem;

2085 880 2300 947 quando
2328 896 2456 936 vero
2481 882 2727 955 volumus
2754 886 2924 957 ipsum
2953 888 3235 960 designare
3278 909 3380 964 per
3424 894 3656 954 ablatio-

2085 982 2229 1031 ncm,
2259 971 2465 1038 pariter
2487 970 2533 1003 ¹⁸
2566 976 2836 1039 convenit,
2885 976 3011 1031 illud
3056 980 3125 1034 ab
3150 995 3215 1035 eo
3254 982 3487 1051 auferre,
3510 988 3659 1055 quod

2083 1059 2256 1129 magis
2283 1058 2366 1157 ab
2409 1061 2526 1129 ipso
2574 1063 2778 1119 distare
2826 1067 3058 1157 videtur.
3101 1071 3263 1126 Verbi
3298 1076 3490 1144 gratia,
3520 1092 3657 1131 con-

2083 1148 2363 1216 gruentius
2398 1159 2451 1204 et
2476 1152 2833 1223 propinquius
2859 1148 3174 1215 attribuitur
3200 1162 3250 1217 ei
3276 1164 3382 1218 vita
3421 1174 3477 1220 et
3502 1166 3653 1221 boni-

2084 1244 2189 1301 tas,
2210 1253 2373 1307 quam
2421 1254 2514 1297 aer
2535 1243 2616 1296 vel
2661 1243 2821 1316 lapis.
2865 1247 3128 1306 Similiter
3166 1252 3235 1308 ab
3261 1269 3327 1309 eo
3356 1256 3665 1321 evidentius

2083 1336 2396 1382 removetur
2421 1330 2638 1400 crapula
2664 1333 2751 1389 vel
2782 1334 3012 1404 insania,
3056 1355 3217 1410 quam
3246 1342 3444 1399 dicitur
3467 1344 3552 1401 vel
3576 1347 3663 1401 iu-

2081 1415 2354 1487 nmgwn

2613 1588 3010 1653 CAPITULUM
3044 1596 3132 1653 IV.

2085 1733 2239 1801 Quod
2264 1734 2396 1788 nihil
2420 1746 2495 1791 est
2532 1743 2855 1822 sensibilium
2879 1748 3338 1822 omnisAsensibt'iis
3365 1769 3458 1822 per
3488 1755 3666 1810 msi-

2624 1812 2837 1868 lentiam
2866 1817 3114 1873 causalis.

2605 1958 2887 2001 EXPOSITIO
2922 1963 2974 2002 τι
2983 1962 3126 2004 τυιι.

2156 2085 2319 2152 Deus,
2351 2089 2444 2158 qui
2471 2098 2555 2144 est
2584 2104 2747 2146 causa
2779 2091 3147 2148 causalissima
3173 2094 3429 2159 omnium,
3464 2098 3669 2155 merito

2085 2178 2283 2233 dicitur
2308 2179 2438 2234 nihil
2468 2195 2591 2236 esse
2624 2183 2954 2237 sensibilium
2977 2224 2992 2248 ,
3018 2185 3131 2240 sive
3155 2186 3391 2240 activum
3414 2186 3519 2251 sit,
3547 2189 3664 2243 sive

2084 2270 2380 2339 passivum.
2406 2268 2475 2325 Et
2494 2270 2614 2325 ideo
2638 2269 2828 2327 beatus
2849 2273 3151 2345 Dionysius,
3167 2277 3451 2331 ostendere
3472 2275 3667 2332 volens

2083 2359 2457 2416 excellentiam
2487 2361 2646 2432 hujus
2670 2378 2894 2429 causae,
2940 2366 3161 2435 quaevis
3201 2367 3269 2422 ab
3305 2382 3372 2423 eo
3416 2378 3667 2425 removet

2084 2451 2396 2518 remotiora,
2429 2461 2489 2506 ut
2513 2460 2597 2508 est
2645 2469 2751 2509 non
2782 2452 3119 2522 substantia,
3146 2464 3258 2511 tum
3298 2466 3359 2512 ut
3397 2473 3501 2511 non
3538 2472 3661 2521 ens,

2084 2561 2192 2602 non
2218 2546 2437 2611 vivens,
2477 2555 2539 2601 ut
2568 2545 2733 2617 lapis,
2777 2563 2883 2602 non
2928 2548 3225 2615 rationale,
3272 2559 3334 2605 ut
3377 2564 3561 2621 pecus.
3592 2548 3666 2604 Et

2084 2636 2430 2691 nominantur
2477 2637 2566 2692 hic
2619 2646 2728 2691 tres
2770 2638 2967 2709 gradus
3012 2638 3297 2694 inferiores
3340 2651 3660 2705 creaturae,

2083 2741 2219 2797 quos
2247 2735 2507 2791 removet,
2536 2726 2785 2782 videlicet
2813 2743 2998 2783 eorum
3025 2743 3163 2797 quae
3188 2737 3336 2794 sunt,
3360 2738 3415 2785 et
3439 2730 3663 2795 vivunt,

2083 2825 2141 2871 et
2161 2831 2267 2871 non
2291 2816 2560 2882 sentiunt;
2593 2817 2720 2872 item
2744 2833 2930 2872 eorum
2952 2816 3015 2884 ιδ,
3039 2834 3179 2887 quae
3200 2819 3404 2883 vivunt,
3432 2820 3526 2874 sed
3550 2834 3660 2875 non

2084 2908 2442 2974 rationantur,
2473 2923 2571 2964 nec
2597 2909 2930 2979 intelligunt;
2966 2919 3236 2980 postremo
3263 2921 3502 2967 removet
3539 2926 3665 2967 om-

402 2979 526 3043 bus,
556 2987 611 3034 et
645 2979 816 3049 magis
845 2983 1180 3039 exercendus
1222 2992 1306 3041 est
1353 2978 1542 3040 oculus
1583 2985 1976 3051 intellectualis,
2007 3010 2052 3071 ρ
2085 2997 2192 3059 nia,
2222 3013 2360 3067 quae
2383 3008 2606 3068 possunt
2634 2978 2847 3070 corpori
2876 2978 3233 3056 velﬁsensibus
3260 3001 3559 3070 subjacere.

400 3076 624 3138 propter
651 3069 791 3139 quod
840 3071 894 3125 in
947 3071 1222 3141 praesenti
1262 3074 1423 3141 libro,
1451 3076 1540 3131 ubi
1596 3075 1657 3131 lit
1684 3076 1886 3131 mentio
1912 3076 1977 3130 de

402 3158 583 3213 divina
639 3160 897 3231 caligine,
949 3162 1003 3216 id
1037 3173 1135 3218 est
1184 3165 1251 3220 de
1301 3165 1975 3234 incomprehensibilitate,

402 3263 546 3317 quae
570 3251 783 3304 excedit
809 3266 1023 3306 omnem
1069 3262 1305 3307 mentem
1335 3262 1443 3307 tam
1471 3254 1789 3325 angelicam,
1817 3271 1978 3327 quam

403 3340 719 3408 humanam,
748 3342 834 3396 vel
857 3358 996 3412 quae
1020 3352 1104 3399 est
1130 3359 1293 3415 super
1340 3346 1490 3400 verbi
1518 3346 1848 3402 intellectum
1881 3362 1979 3402 vo-

405 3432 579 3489 calem
621 3433 667 3499 ’,
716 3449 824 3489 non
855 3434 1027 3489 solum
1073 3436 1379 3491 invenimus
1408 3437 1695 3492 verborum
1746 3439 1981 3493 brevita-

407 3533 536 3590 tem,
568 3527 661 3582 sed
685 3525 981 3596 perlectum
1006 3527 1481 3598 incomparabilem
1503 3545 1780 3585 excessum
1810 3531 1979 3585 ratio-

405 3617 492 3673 nis
514 3617 581 3670 ad
604 3618 1054 3687 investigandum,
1081 3627 1133 3672 et
1152 3619 1471 3689 prudentiae
1494 3620 1560 3675 ad
1582 3620 1740 3691 digne
1758 3620 1981 3691 loquen-

403 3710 551 3764 dum.
579 3707 635 3762 in
670 3708 960 3777 praedictis
988 3709 1150 3763 etiam
1179 3708 1333 3765 libris
1361 3718 1621 3765 tractatus
1663 3726 1695 3765 a
1737 3711 1981 3781 superio-

404 3796 555 3852 ribus
598 3797 664 3851 ail
700 3795 982 3853 inferiores
1003 3798 1354 3866 descendens,
1399 3800 1695 3856 secundum
1723 3801 1979 3870 majorem

401 3885 491 3942 vel
542 3886 804 3941 minorem
852 3887 1218 3957 prolixitatem
1254 3900 1326 3963 et,
1370 3898 1574 3960 quanto
1616 3893 1982 3947 tractabamus

402 3974 682 4044 lnl'eriora,
741 3985 795 4033 et
846 3979 1096 4035 sensibus
1152 3980 1559 4051 propinquiora,
1610 3990 1759 4038 tanto
1807 3983 1980 4054 magis

400 4064 644 4121 abundat
704 4066 993 4123 verborum
1072 4068 1229 4138 copia
1301 4070 1723 4141 proportionali;
1786 4070 1979 4127 eodem

401 4168 678 4211 sensu:....
712 4157 753 4189 "
788 4167 968 4214 autem
998 4166 1262 4215 tractatus
1307 4160 1378 4215 ab
1426 4159 1771 4216 inferioribus
1796 4160 1864 4216 ad
1888 4176 1982 4216 su-

402 4246 617 4315 periora
665 4250 1036 4306 conscendens
1091 4250 1387 4321 secundum
1437 4265 1749 4306 mensuram
1791 4265 1980 4306 ascen-

403 4334 573 4391 sionis
604 4338 973 4405 contrahitur,
1004 4338 1057 4393 id
1084 4347 1170 4395 est
1209 4346 1501 4394 coartatur.
1531 4337 1666 4394 Cum
1706 4349 1887 4394 autem
1909 4340 1977 4394 ad
2004 4341 2056 4402 D

401 4428 598 4482 mentis
626 4442 907 4485 excessum
939 4440 1253 4500 perventum
1284 4431 1405 4497 fuit,
1444 4440 1572 4487 tunc
1598 4431 1778 4498 delicit
1804 4431 1981 4487 omnis

401 4512 583 4570 scrinio
630 4526 738 4594 tpm
783 4519 894 4574 oris
936 4516 1123 4591 quam
1151 4524 1346 4579 mentis
1372 4564 1388 4589 ,
1424 4526 1551 4593 quia
1598 4538 1760 4579 verus
1802 4538 1981 4578 sermo

403 4607 599 4661 mentis
637 4607 960 4664 inell‘abilem
1007 4611 1176 4666 Deum
1226 4629 1331 4667 non
1370 4614 1629 4684 loquitur,
1680 4629 1777 4669 nec
1815 4622 1981 4668 restat

402 4694 606 4758 menti,
639 4696 741 4751 nisi
790 4707 848 4752 ut
894 4707 1005 4753 tota
1046 4711 1101 4755 et
1131 4702 1367 4757 totaliter
1395 4705 1436 4737 “
1472 4703 1725 4758 inell‘abili
1758 4705 1978 4758 counia-

403 4791 512 4837 tur.
547 4781 681 4838 Cum
709 4786 852 4840 enim
912 4788 1050 4844 inter
1111 4789 1280 4846 Deum
1335 4800 1392 4847 et
1449 4802 1681 4847 mentem
1732 4792 1865 4848 nihil
1910 4793 1982 4848 sit

351 4872 363 4883 ’
403 4874 636 4930 medium
656 4917 673 4943 ,
724 4889 1005 4949 postquam
1035 4880 1176 4937 facta
1208 4895 1292 4939 est
1320 4898 1350 4937 a
1385 4883 1492 4937 Deo
1520 4884 1757 4937 omnium
1797 4899 1974 4939 remo-

404 4965 498 5031 tio,
538 4981 642 5022 non
680 4978 849 5024 restat
888 4970 991 5024 nisi
1027 4972 1096 5025 ad
1127 4986 1300 5040 ipsum
1333 4972 1742 5039 superinentalis
1768 4973 1957 5027 unitio.

2750 3150 2851 3189 TEX
2862 3150 2981 3192 1'08.

2151 3265 2387 3323 Dicimus
2405 3284 2550 3339 ergo,
2567 3268 2705 3339 quod
2721 3270 2952 3322 omnium
2968 3285 3145 3332 causa,
3163 3278 3210 3323 et
3236 3272 3391 3339 super
3413 3268 3458 3301 ί·
3479 3269 3661 3322 omnia

2081 3359 2334 3423 existens,
2363 3375 2456 3413 nec
2495 3359 2608 3413 sine
2647 3359 2938 3413 substantia
2974 3369 3083 3423 est,
3119 3375 3209 3414 nec
3237 3360 3348 3414 sine
3384 3360 3519 3421 vita,
3563 3376 3664 3413 nec

2081 3434 2194 3503 sine
2217 3448 2438 3512 ratione,
2460 3463 2551 3501 nec
2574 3447 2684 3502 sine
2703 3458 2890 3512 mente,
2913 3464 3004 3501 nec
3028 3464 3216 3518 corpus
3236 3458 3331 3511 est,
3347 3464 3438 3501 nec
3455 3447 3660 3517 ﬁgura.

2083 3557 2174 3596 nec
2218 3540 2479 3609 formam,
2527 3555 2620 3592 nec
2662 3538 2997 3609 qualitatem,
3028 3554 3119 3592 nec
3144 3538 3517 3606 quantitatem,
3562 3548 3660 3590 aut

2081 3631 2287 3703 pondus
2320 3629 2496 3694 habet,
2523 3646 2687 3699 neque
2709 3629 2765 3683 in
2789 3628 2901 3683 loco
2921 3637 2994 3683 est
3014 3669 3032 3694 ,
3057 3645 3149 3683 nec
3175 3629 3406 3690 videtur,
3435 3644 3527 3682 nec
3569 3636 3663 3681 ta-

2081 3728 2222 3773 ctum
2244 3715 2534 3772 sensibilem
2573 3717 2747 3784 habet,
2777 3732 2870 3770 nec
2895 3717 3134 3781 sentitur,
3159 3732 3252 3770 nec
3270 3714 3509 3770 sensibile
3544 3726 3624 3769 est
3642 3755 3661 3779 .

2081 3823 2172 3862 nec
2199 3806 2640 3862 inordinationem
2669 3805 2853 3872 habet,
2887 3822 3050 3876 neque
3074 3804 3451 3859 turbationibus
3478 3820 3512 3858 a
3533 3820 3659 3874 pas-

2080 3896 2317 3952 sionibus
2343 3895 2702 3950 materialibus
2721 3896 3023 3964 perturbata
3040 3935 3057 3960 ,
3093 3910 3251 3965 neque
3277 3895 3528 3963 impotens
3552 3904 3659 3958 est,

2078 3983 2406 4040 sensibilibus
2429 3984 2660 4054 subjecta
2681 3983 2907 4046 casibus,
2926 3999 3019 4037 nec
3037 3983 3220 4052 indiga
3248 3980 3292 4014 “
3319 3991 3394 4036 est
3416 3979 3659 4043 luminis,

2076 4090 2171 4130 nec
2197 4073 2571 4140 variationem,
2611 4088 2703 4127 nec
2748 4072 3158 4142 corruptionem,
3194 4080 3285 4125 aut
3312 4070 3660 4137 divisionem,

2078 4173 2167 4219 aut
2192 4163 2555 4233 privationem,
2584 4171 2675 4217 aut
2708 4163 3020 4233 passionem,
3048 4171 3139 4216 aut
3165 4162 3390 4232 ﬂuxum,
3428 4168 3521 4215 aut
3547 4158 3659 4215 ali-

2077 4253 2202 4325 quid
2229 4252 2376 4307 aliud
2401 4251 2721 4307 sensibilium
2750 4268 2842 4306 nec
2865 4251 3018 4305 habet
3046 4266 3139 4305 nec
3165 4258 3260 4307 est.
3357 4262 3367 4271 '

2758 4397 2949 4439 GLOSSA
2957 4421 2969 4434 .

2146 4516 2345 4573 Sensus
2380 4516 2500 4571 talis
2530 4523 2625 4570 est.
2658 4515 2968 4570 Asserimus
3005 4515 3146 4583 quod
3177 4513 3350 4578 Deus,
3381 4511 3472 4583 qui
3501 4525 3664 4567 crea-

2076 4608 2153 4662 vit
2192 4608 2376 4662 omnia
2399 4647 2415 4671 ,
2460 4614 2545 4662 est
2594 4605 2794 4675 aliquid
2827 4604 3178 4659 materialiter
3207 4602 3663 4665 substantiatum,

2076 4696 2191 4750 sive
2230 4711 2331 4751 nec
2356 4698 2564 4759 vivens,
2597 4710 2697 4748 nec
2726 4694 2933 4748 ratione
2962 4702 3117 4747 utens
3135 4732 3151 4755 ,
3178 4706 3277 4746 nec
3310 4697 3490 4745 mente
3515 4689 3664 4744 emi-

2076 4802 2212 4842 nens
2242 4786 2308 4840 ".
2340 4786 2432 4840 Ait
2457 4794 2660 4849 autem,
2686 4783 2866 4837 omnia
2890 4782 2933 4814 ¹⁸
2961 4797 2991 4836 a
3018 4797 3078 4837 se
3105 4782 3335 4836 invicem
3360 4781 3401 4814 "
3420 4788 3551 4834 sunt
3571 4791 3668 4834 re-

2079 4886 2223 4934 mota
2250 4886 2305 4933 et
2332 4887 2363 4932 a
2402 4876 2546 4940 Deo,
2575 4875 2700 4946 quia
2736 4890 2840 4928 non
2884 4887 2982 4926 ens
3022 4873 3281 4928 remotius
3309 4880 3393 4927 est
3433 4886 3463 4924 a
3510 4870 3665 4935 Deo,

2065 4987 2229 5041 quam
2255 4987 2338 5037 ea,
2365 4985 2504 5041 quae
2527 4978 2653 5024 sunt
2675 4979 2732 5023 et
2757 4968 2964 5033 vivunt,
2994 4980 3093 5021 nec
3114 4966 3474 5024 rationantur,
3499 4961 3665 5017 intel.

1680 5129 1933 5185 VARIAE
1970 5127 2370 5183 LECTIONES.

476 5282 499 5315 ³
522 5283 705 5345 CMT-9
745 5280 864 5335 cod.
894 5291 1137 5335 montem.
1214 5282 1233 5312 ¹
1266 5282 1443 5355 Corn,
1466 5283 1584 5337 cod.
1608 5283 1958 5355 prudentiam.
2069 5281 2249 5355 Corp,
2272 5280 2390 5333 cod.
2417 5279 2693 5355 veniemus.
2761 5278 2781 5308 ⁸
2809 5275 3000 5355 (ἔθει,
3014 5274 3132 5329 cod.
3162 5274 3358 5355 nititur.
3431 5269 3667 5355 icio-rp,

406 5353 523 5409 rod.
549 5339 794 5421 potentes.
869 5352 889 5383 ⁸
915 5354 1094 5415 Corn,
1117 5352 1236 5406 cod.
1260 5339 1618 5405 oblacionch
1674 5354 1694 5383 "
1724 5363 1770 5405 et
1798 5368 1906 5405 out.
1942 5353 2062 5406 cod.
2138 5351 2159 5381 ⁸
2187 5339 2290 5403 Ρίό
2317 5359 2433 5421 sunt
2459 5349 2579 5421 cod.
2609 5357 2655 5421 et
2680 5357 2753 5399 ut.
2822 5345 2844 5376 ’
2873 5344 3047 5421 conj“
3081 5346 3202 5421 cod.
3228 5356 3391 5421 super
3414 5339 3561 5414 verbi
3582 5340 3671 5421 in-

404 5424 770 5477 tellertnalem.
812 5421 976 5475 Mavis
1011 5421 1499 5490 forte-sitltpliciter
1537 5421 1869 5475 intellectum.

409 5492 453 5523 ’³
484 5493 656 5559 Βυκχί..
687 5494 804 5545 (tul.
840 5508 915 5562 βα,
946 5492 1083 5546 fut'le
1113 5502 1217 5559 pro”
1240 5506 1314 5561 F'.

403 5562 642 5628 ὺιιιξςμιτι.
726 5564 759 5592 ’⁷
796 5563 967 5616 laicus
993 5570 1275 5631 corruptus
1303 5577 1422 5613 esse
1448 5562 1673 5615 \iilctur.

1950 5423 1989 5452 ¹⁰
2024 5421 2135 5473 llna
2162 5435 2261 5471 vox
2295 5419 2463 5472 deest.

1408 5494 1449 5522 "
1478 5492 1608 5543 Cod.
1648 5495 1765 5543 itam
1803 5489 2091 5545 rcrborum.

1757 5561 1796 5591 "‘
1823 5561 1953 5615 Col.
1986 5559 2172 5610 muttis.

3251 5412 3291 5442 "
3324 5412 3476 5463 Corr.
3516 5409 3670 5476 qrta.

2542 5417 2580 5447 ”
2607 5416 2787 5478 Corn,
2819 5417 2935 5469 cod.
2978 5415 3149 5466 totali.
3251 5415 3291 5442 ¹²
3324 5415 3476 5463 Corr.
3516 5418 3644 5476 (ιι-ια

2545 5526 2558 5535 .
2595 5487 2737 5535 ροιί..
2770 5485 2889 5535 add.
2919 5500 2982 5535 ex
3014 5485 3155 5535 coni.
3256 5480 3296 5510 "
3326 5482 3504 5535 Corn.
3533 5479 3644 5530 cod

3465 5516 3504 5542 ο.
3534 5515 3672 5533 ινυο

2190 5488 2233 5517 ¹³
2262 5504 2417 5554 super
2453 5501 2558 5539 om.
2595 5487 2737 5543 cod..
2770 5485 2889 5538 add.
2919 5500 2982 5538 ex
3014 5485 3155 5551 conj.

2255 5557 2294 5587 "
2326 5556 2426 5609 Pro
2455 5556 2667 5607 inricmn
2703 5554 2819 5605 θοαὶ.
2853 5555 3007 5605 etiam
3038 5556 3213 5605 rircm.
