3952 6156
258 322 339 377 ‘28!
887 312 1379 370 EXPOSITIONES
1415 310 1480 365 1N
1523 305 1870 364 MYSTICAM
1914 301 2350 360 TilEOLOGIAM
2396 299 2452 354 S.
2494 297 2807 355 DIONYSU.
3377 295 3482 348 ἐξ

258 438 422 507 ligunt.
454 433 581 488 Dein
618 445 954 486 removemus
981 431 1046 484 ab
1071 445 1136 485 eo
1165 443 1322 483 omne
1362 439 1679 496 corporeum
1706 464 1719 486 ,
1750 431 1805 475 et
1836 429 1878 481 A
1909 421 2049 473 nium
2084 429 2132 473 et
2180 434 2334 487 super
2383 431 2585 470 omnem
2630 413 2942 467 ablutionem
2986 420 3060 464 est
3107 411 3382 480 per/ectira
3433 415 3479 456 et

257 502 412 578 omnia
445 521 654 592 corpori
694 519 777 575 vel
824 519 901 573 rei
943 533 1235 588 corporeae
1265 515 1562 570 accidentia
1581 555 1596 578 ,
1629 523 1687 566 ut
1723 521 1804 566 est
1911 509 2056 562 unita
2085 519 2132 562 et
2160 509 2358 561 unitiva
2385 504 2615 558 omnium
2641 518 2822 564 causa,
2845 510 2893 554 et
2921 517 3075 570 super
3100 517 3302 554 omnem
3334 502 3488 554 abla-

259 617 426 683 ligura,
456 586 646 670 forma,
676 607 928 678 qualitas,
959 586 1251 676 quantitas,
1279 599 1508 674 pOndus,
1538 603 1802 663 localilas,
1906 598 2098 649 tionem
2119 607 2191 649 est
2213 609 2449 647 excessus
2472 591 2535 644 ab
2564 591 2799 644 omnibus
2836 586 3140 644 simpliciter
3173 589 3398 644 abso.uti
3431 601 3478 644 et

257 715 482 754 sensuum
507 698 809 768 proprietas
843 706 949 750 tam
990 696 1161 750 activa
1185 710 1343 763 quam
1373 695 1605 762 passiva.
1638 692 1800 746 Simi-
1906 701 2062 753 supra
2093 693 2280 736 totum.

259 791 362 845 liter
390 789 454 843 ab
479 803 544 843 eo
583 802 922 842 rcmovemus
963 787 1411 839 inordinaiionem
1444 801 1472 837 a
1501 783 1805 837 carnalibus

260 879 678 948 concupiscentiis
701 879 1126 947 provenientem,
1159 886 1213 932 et
1241 877 1648 945 completionem
1687 889 1805 927 car-

259 972 375 1026 nalis
401 969 648 1024 desiderii
672 968 685 999 ¹
711 983 741 1021 a
768 967 1136 1020 materialihus
1159 965 1494 1036 passionibus
1519 963 1802 1032 perturbar

258 1075 348 1117 tam
375 1062 450 1116 vel
490 1061 758 1115 turbidam
809 1058 1028 1112 factam.
1072 1057 1202 1111 Item
1252 1069 1586 1110 removemus
1631 1054 1698 1106 ab
1740 1067 1806 1105 eo

261 1151 600 1223 impotentiam
646 1149 732 1202 vel
778 1147 1195 1203 invaletudinem
1243 1148 1538 1212 subjectum
1590 1145 1806 1199 casibus

258 1240 591 1296 sensibilibus.
623 1238 755 1292 Item
788 1253 1123 1292 removemus
1146 1238 1213 1291 ab
1235 1252 1298 1291 eo
1323 1234 1540 1289 luminis
1569 1233 1805 1304 indigen-

261 1331 400 1394 tiam,
424 1338 476 1382 et
504 1327 854 1382 variationem
875 1367 890 1391 ,
919 1326 1003 1381 vel
1033 1326 1432 1398 generationem
1455 1365 1469 1390 ,
1501 1323 1585 1378 vel
1623 1337 1807 1378 corru-

259 1421 498 1490 ptionem,
546 1429 602 1474 et
651 1417 1003 1483 divisionem,
1045 1433 1166 1472 cum
1202 1433 1305 1472 non
1344 1415 1417 1471 sit
1465 1431 1529 1471 ex
1581 1415 1808 1470 diversis

260 1509 609 1578 compositum.
641 1506 904 1562 Similiter
940 1506 1345 1576 passibilitatem
1377 1505 1708 1560 materialem
1739 1503 1807 1557 ab

259 1614 312 1652 eo
335 1598 650 1661 auferimus,
696 1605 753 1651 et
788 1595 986 1650 [luxum
1039 1594 1420 1666 temporalem,
1453 1611 1572 1649 cum
1606 1611 1708 1649 non
1741 1595 1810 1649 sit

261 1689 430 1756 aliquid
457 1703 669 1752 eorum,
697 1698 792 1742 aut
824 1688 876 1741 in
907 1702 962 1742 se
986 1687 1200 1752 habeat,
1227 1702 1326 1743 nec
1351 1686 1422 1741 sit
1451 1685 1650 1756 aliquid
1681 1701 1806 1741 sen-

262 1778 487 1831 sibilium.

2600 782 2789 822 GLOSSA
2797 805 2812 820 .

1979 861 2178 914 Sensus
2209 862 2328 912 talis
2367 868 2440 911 est
2465 873 2484 912 :
2513 856 2829 912 lncboautes
2859 856 3032 908 denuo
3067 855 3376 924 negationes
3415 863 3486 914 ab

1908 950 2190 1003 altioribus
2215 948 2429 1010 divinis,
2462 946 2706 1005 dicinms,
2743 946 2882 1012 quod
2912 946 3065 1005 Deus,
3099 945 3187 1012 qui
3216 954 3298 998 est
3319 959 3479 999 causa

1906 1040 2167 1101 omnium,
2201 1053 2299 1092 nec
2331 1038 2506 1090 anima
2532 1043 2637 1096 est,
2677 1034 2799 1102 quia
2831 1048 3025 1102 corpus
3065 1050 3169 1088 non
3213 1035 3481 1095 viviﬂcat,

1909 1143 2004 1180 uec
2036 1143 2204 1190 mens,
2229 1127 2351 1196 quia
2381 1141 2484 1178 non
2519 1123 2881 1192 supereminet
2901 1123 3136 1188 animae,
3159 1133 3217 1181 ut
3239 1125 3481 1192 superior

1906 1232 2031 1286 pars
2051 1218 2284 1276 animae,
2311 1231 2405 1269 nec
2436 1213 2767 1283 phantasiam
2801 1213 2982 1274 habet,
3013 1212 3188 1264 divina
3215 1213 3295 1265 vel
3325 1215 3482 1280 Spiri-

1911 1307 2068 1359 lualia
2099 1306 2459 1372 imaginando,
2494 1318 2590 1356 nec
2619 1301 2898 1370 opiniones
2925 1302 2975 1354 in
3003 1301 3244 1354 diversas
3269 1313 3484 1354 senten-

1911 1394 2010 1448 tias
2029 1393 2390 1448 diversimode
2413 1392 2748 1453 declinando,
2764 1405 2861 1444 nec
2885 1390 3143 1443 rationem
3168 1389 3306 1443 inter
3327 1390 3487 1444 dubia

1907 1484 2295 1544 discernenda,
2348 1498 2444 1536 uec
2495 1481 2818 1535 intellectura
2868 1481 3030 1534 habet
3071 1480 3204 1534 citra
3246 1480 3266 1511 ⁸
3315 1480 3486 1535 solum

1912 1589 2128 1627 causam
2157 1581 2303 1626 tanta
2337 1570 2567 1625 visibilia
2605 1568 2921 1630 iusistendo,
2954 1583 3052 1622 nec
3074 1576 3157 1621 est
3186 1567 3324 1622 ratio
3348 1567 3490 1622 inter

1909 1658 2107 1717 bonum
2153 1671 2206 1715 et
2254 1661 2450 1715 malum
2481 1661 2827 1722 discernens,
2872 1672 2970 1711 nec
2998 1657 3299 1710 intellectus
3343 1657 3487 1712 circa

1838 1781 1884 1838 Β
1914 1751 2142 1804 visibilia
2184 1758 2360 1802 creata
2392 1745 2678 1811 insistens,
2710 1761 2807 1800 nec
2843 1746 3070 1808 dicitur,
3110 1745 3233 1814 quia
3262 1760 3367 1799 non
3405 1753 3490 1799 est

1915 1839 2161 1903 effabilis,
2197 1855 2294 1892 nec
2339 1837 2688 1906 intelligitur,
2719 1837 2842 1905 quia
2885 1851 2914 1890 a
2953 1835 3098 1889 nullo
3125 1844 3208 1889 est
3246 1849 3488 1904 compre-

1916 1930 2214 1984 bensibilis.
2245 1928 2314 1983 Ut
2338 1937 2515 1982 autem
2543 1927 2894 1981 decurramus
2915 1942 3009 1996 per
3032 1926 3204 1980 media
3229 1927 3294 1979 ad
3313 1935 3492 1980 extre-

1915 2037 1999 2075 ma
2018 2061 2032 2085 ,
2066 2035 2254 2074 rursus
2282 2020 2532 2081 dicimus,
2560 2019 2702 2086 quod
2744 2033 2916 2086 neque
2943 2032 3196 2072 numerus
3222 2026 3333 2082 est,
3366 2015 3492 2086 quia

1917 2125 2020 2162 non
2052 2117 2135 2163 est
2176 2109 2242 2163 ad
2274 2109 2423 2178 paria
2451 2106 2534 2161 vel
2566 2107 2616 2160 iu
2657 2107 2804 2176 paria
2848 2105 3346 2174 proportiouabilis,
3391 2116 3494 2159 nec

1918 2201 2252 2271 magnitudo,
2279 2199 2402 2268 quia
2432 2212 2535 2251 non
2563 2206 2645 2251 est
2665 2196 3094 2282 augmentahjlis,
3113 2211 3211 2249 nec
3232 2195 3490 2265 parvitas,

1917 2293 2043 2361 quia
2076 2307 2179 2346 non
2213 2299 2295 2344 est
2328 2288 2687 2350 minorabilis,
2731 2302 2830 2340 nec
2862 2285 3176 2355 aequalitas,
3223 2287 3348 2354 quia
3388 2301 3493 2340 non

1907 2394 2001 2440 est
2031 2382 2546 2454 comportionabilis,
2581 2396 2679 2434 nec
2708 2378 3034 2443 similitudo,
3071 2379 3195 2448 quia
3249 2377 3373 2431 nulli
3416 2377 3495 2432 rei

1919 2472 2316 2543 comparabilis,
2368 2485 2466 2524 nec
2513 2467 2922 2531 dissimilitudo,
2973 2467 3096 2535 quia
3139 2483 3169 2520 a
3219 2465 3364 2520 nullo
3411 2474 3496 2520 est

1919 2562 2316 2634 discrepabilis,
2355 2576 2452 2615 uec
2479 2567 2619 2622 stat,
2646 2558 2772 2628 quia
2810 2572 2916 2610 non
2949 2565 3034 2610 est
3059 2571 3144 2610 res
3173 2555 3492 2620 immobilis,

1921 2672 2020 2711 nec
2056 2663 2322 2717 movetur,
2365 2653 2490 2720 quia
2525 2667 2628 2704 non
2672 2659 2757 2704 est
2788 2647 3060 2712 volubilis,
3089 2663 3188 2702 nec
3226 2648 3495 2702 silentium

1921 2749 2052 2818 agit,
2084 2747 2206 2815 quia
2237 2761 2340 2798 non
2369 2753 2451 2797 est
2478 2742 2642 2796 verbo
2666 2739 2884 2795 mentali
2909 2738 2992 2793 vel
3015 2738 3182 2792 vocali
3210 2737 3497 2807 reprehen-

1923 2838 2114 2892 sibilis.
2151 2835 2222 2890 Ut
2249 2843 2427 2888 autem
2464 2832 2529 2886 ad
2557 2846 2767 2885 summa
2795 2846 2893 2900 per
2916 2828 3178 2898 quaedam
3210 2829 3382 2882 media
3417 2841 3498 2882 re-

1922 2937 2200 2982 vertamur
2220 2968 2234 2990 ,
2262 2936 2317 2980 et
2343 2927 2395 2978 in
2426 2923 2649 2979 summis
2679 2924 2941 2976 creaturis
2970 2921 3280 2990 negationes
3311 2919 3498 2972 termi-

1929 3034 2134 3079 nemus,
2166 3018 2415 3078 dicimus,
2439 3015 2580 3084 quod
2610 3027 2706 3066 nec
2734 3012 3011 3065 veritatem
3046 3009 3221 3070 habet,
3249 3009 3396 3077 quasi
3430 3010 3499 3062 ab

1847 3118 1889 3176 C
1923 3112 2028 3165 alio
2055 3109 2310 3164 solidetur
2332 3107 2375 3170 ⁷,
2407 3120 2506 3157 nec
2535 3118 2660 3156 vera
2680 3111 2780 3162 est,
2805 3101 2954 3168 quasi
2981 3098 3048 3152 ab
3074 3099 3178 3151 alio
3205 3106 3498 3158 mutuetur,

1923 3217 2022 3257 nec
2049 3201 2200 3263 vivit,
2233 3206 2290 3251 ut
2314 3198 2382 3251 ab
2409 3195 2514 3248 alio
2543 3193 2900 3250 sensilicetur,
2938 3203 3036 3242 nec
3065 3190 3170 3241 vita
3205 3197 3286 3241 est
3315 3188 3380 3240 ad
3414 3201 3499 3239 re-
3560 3204 3566 3214 '

1922 3291 2153 3364 gendum
2183 3289 2356 3358 adque
2385 3301 2582 3354 corpus
2620 3282 3044 3343 accomodatum,
3077 3293 3175 3332 nec
3203 3278 3499 3332 substantia

1923 3392 2005 3438 est
2033 3379 2383 3434 materialiter
2408 3374 2816 3435 subslantiatus,
2859 3387 2956 3424 uec
2997 3385 3210 3434 aevum,
3243 3371 3364 3438 quia
3396 3384 3500 3424 non

1923 3480 2006 3525 est
2049 3469 2277 3540 spatium
2319 3465 2476 3519 modo
2504 3461 2780 3523 variabile,
2817 3475 2914 3514 nec
2950 3469 3192 3528 tempus,
3239 3459 3364 3526 quia
3395 3471 3500 3510 non

1925 3570 2009 3614 est
2033 3559 2264 3628 spatium
2295 3552 2572 3616 variabile,
2598 3550 2874 3606 mutabile.
2906 3548 3016 3602 Nec
3046 3556 3126 3602 est
3158 3556 3349 3610 tactus,
3377 3547 3503 3615 quia

1929 3650 2224 3705 secundum
2273 3645 2560 3700 essentiam
2605 3657 2708 3695 non
2756 3649 2840 3694 est
2880 3639 3184 3708 aliqualiter
3213 3638 3504 3708 tangibile,

1928 3755 2028 3796 nec
2052 3748 2132 3793 est
2157 3737 2408 3801 scientia,
2446 3733 2571 3803 quia
2601 3748 2706 3785 non
2731 3742 2813 3785 est
2834 3729 3210 3798 cognoscibilis
3231 3768 3246 3792 ,
3284 3743 3382 3782 nec
3411 3740 3504 3780 ve-

1931 3831 2088 3892 ritas,
2104 3827 2228 3897 quia
2246 3841 2349 3880 non
2366 3834 2449 3879 est
2471 3822 2797 3878 intellectum
2817 3820 3057 3890 aequalis
3077 3819 3119 3882 ⁸,
3140 3834 3238 3873 nec
3263 3833 3506 3889 regnum,

1931 3922 2055 3993 quia
2106 3935 2212 3974 non
2257 3926 2342 3974 est
2385 3913 2756 3976 dominabilis,
2787 3926 2886 3966 nec
2924 3909 3213 3978 sapientia,
3239 3909 3362 3978 quia
3403 3924 3506 3961 nou

1932 4019 2018 4066 est
2052 4007 2447 4070 sustentabilis,
2488 4021 2588 4060 nec
2615 4019 2802 4067 unum,
2833 4001 2958 4071 quia
3003 4015 3107 4056 non
3151 4009 3232 4054 est
3261 4001 3312 4052 in
3358 3999 3509 4068 plura

1935 4098 2366 4172 augmentabilis,
2395 4111 2495 4150 nec
2525 4095 2724 4157 unitas,
2754 4093 2880 4160 quia
2913 4106 3018 4146 non
3049 4099 3132 4145 est
3159 4089 3514 4143 materialiter

1936 4188 2296 4251 indivisibilis,
2331 4200 2427 4240 nec
2453 4192 2538 4238 est
2567 4183 2737 4237 deitas
2761 4196 2791 4234 a
2825 4182 2980 4235 nobis
3018 4177 3392 4248 iutelligibilis,
3420 4191 3514 4230 ne-

282 4268 448 4334 deitas,
476 4281 564 4324 aut
593 4271 820 4335 bonitas,
849 4285 941 4323 nec
961 4271 1174 4339 spiritus
1197 4281 1292 4337 est,
1317 4272 1446 4326 sicut
1469 4291 1560 4327 nos
1580 4275 1832 4340 videmus,
1937 4295 2040 4347 que
2068 4279 2300 4342 bonitas,
2347 4277 2472 4346 quia
2509 4290 2614 4328 non
2656 4283 2739 4326 est
2785 4268 3017 4341 qualitas
3060 4269 3380 4331 infusibilis,
3412 4281 3512 4321 nec

283 4372 361 4410 nec
385 4359 591 4426 ﬁliatio,
619 4377 712 4414 nec
739 4363 1044 4429 paternitas,
1068 4377 1159 4414 nec
1182 4361 1328 4414 aliud
1354 4362 1552 4432 aliquid
1573 4367 1833 4434 cognitum
1938 4370 2158 4437 spiritus
2183 4383 2211 4421 a
2245 4367 2396 4420 nobis
2427 4361 2805 4432 iutelligibilis,
2851 4377 2951 4415 nec
3001 4360 3187 4413 ﬁliatio
3231 4359 3299 4413 ab
3341 4359 3512 4412 altero

283 4462 309 4496 α
334 4448 494 4512 nobis,
524 4460 614 4502 aut
649 4450 712 4502 ab
748 4449 853 4502 alio
877 4449 1103 4520 quodam
1127 4451 1453 4506 existentium
1476 4492 1490 4516 ,
1521 4469 1610 4507 nec
1639 4455 1835 4522 aliquid
1866 4467 1920 4526 ι)
1944 4457 2287 4513 subsistentia
2309 4455 2330 4486 ⁹
2359 4452 2709 4508 materialiter
2735 4450 3098 4520 producabilis
3117 4488 3132 4514 ,
3173 4463 3271 4502 nec
3309 4463 3370 4502 es
3420 4446 3518 4500 ali-

283 4549 346 4590 cst
368 4543 711 4601 existentium,
748 4557 910 4610 neque
935 4541 1132 4610 aliquid
1163 4551 1237 4594 est
1264 4542 1540 4595 essentium
1561 4583 1574 4606 ,
1612 4561 1701 4598 nec
1723 4548 1837 4600 ειεξ-
1945 4550 2069 4618 quid
2100 4546 2370 4616 cognitum
2399 4560 2428 4596 a
2455 4543 2607 4597 nobis
2624 4541 2800 4610 plene,
2827 4539 2909 4594 vel
2937 4541 3002 4593 ab
3028 4540 3206 4609 aliquo
3227 4539 3515 4599 existente,

286 4629 452 4682 stcntia
476 4630 645 4698 ipsum
674 4639 984 4698 cognoscunt
1009 4645 1118 4682 esse
1143 4631 1424 4683 secundum
1445 4633 1581 4700 quod
1603 4633 1714 4700 ipsa
1740 4645 1812 4688 est

1946 4655 2039 4693 seu
2071 4637 2304 4699 homine,
2334 4635 2414 4688 vel
2440 4633 2649 4702 angelo,
2683 4647 2780 4686 nec
2804 4640 2890 4685 est
2918 4631 3117 4700 aliquid
3148 4646 3252 4684 non
3283 4631 3518 4684 existen-

735 1883 1141 1953 CAPITULle
1184 1883 1222 1936 v
1249 1895 1296 1938 ι.

265 2019 393 2083 Quod
426 2020 554 2075 nihil
589 2030 665 2076 est
705 2019 1108 2088 intelligibilium
1141 2018 1306 2071 omnis
1328 2015 1682 2088 iintelligibilis
1723 2031 1814 2085 per

682 2087 1040 2144 excellentiam
1069 2087 1297 2141 causalis
1325 2087 1368 2140 ’.

755 2213 1036 2254 EXPOSI'I'IO
1075 2214 1280 2254 TITULI.

324 2329 457 2384 Sit-nt
510 2330 660 2385 enim
709 2344 740 2384 a
785 2344 944 2384 causa
998 2329 1421 2384 causabilissima
1473 2337 1815 2384 removentur

266 2417 526 2480 sensilsilia,
559 2433 682 2472 cum
717 2421 830 2487 ipsa
872 2433 975 2472 non
1004 2419 1073 2474 sit
1099 2419 1398 2483 sensibilis,
1433 2433 1534 2474 nec
1563 2419 1814 2489 inte!ligi-

267 2511 382 2577 bilis,
414 2514 636 2582 ejusque
667 2514 942 2584 dignitatis
973 2513 1042 2568 sit
1079 2513 1206 2567 illud
1236 2513 1490 2568 sensibile
1515 2513 1598 2568 vel
1623 2513 1818 2568 intelli-

265 2607 418 2672 gibile,
449 2606 593 2676 quod
637 2605 711 2660 illi
757 2621 951 2660 causae
983 2607 1052 2660 sit
1083 2604 1441 2669 attribuibile,
1491 2605 1630 2658 hanc
1678 2605 1818 2658 inter

265 2707 542 2752 creaturam
575 2708 631 2753 et
655 2698 969 2752 Creatorem
999 2697 1307 2750 distantiam
1339 2711 1443 2750 non
1479 2705 1564 2750 est
1599 2695 1815 2750 dubium

266 2789 450 2854 operari
483 2789 604 2842 sine
635 2787 814 2842 medio
841 2797 1034 2840 causae
1073 2786 1443 2840 excellentiam
1473 2803 1486 2840 :
1518 2800 1655 2854 quac
1681 2785 1820 2839 sicut

265 2878 308 2930 in
330 2893 381 2932 se
403 2888 479 2933 est
508 2876 816 2936 ineﬂ‘abilis,
851 2876 921 2929 ita
951 2875 1079 2929 nulli
1105 2891 1136 2929 a
1167 2890 1224 2929 se
1249 2884 1468 2929 causato
1494 2883 1577 2929 est
1606 2889 1821 2943 compa-

268 2970 443 3023 rabilis.
469 2968 624 3024 Unde
647 2968 863 3038 quando
885 2967 1028 3020 nulla
1049 2966 1098 3020 ei
1122 2975 1297 3036 potest
1319 2979 1437 3020 esse
1453 2965 1472 2996 ³
1491 2965 1820 3034 comparatio

267 3071 494 3127 congrua,
527 3058 603 3112 ibi
630 3058 775 3112 cadit
800 3072 960 3111 causa
992 3057 1044 3110 in
1072 3055 1318 3110 sensibus
1344 3055 1746 3110 remotionem.‘

919 3190 1144 3232 TEXTUS.

332 3283 518 3339 Rursus
570 3295 741 3338 autem
793 3285 1122 3340 ascendentes
1171 3285 1424 3350 dicimus,
1477 3285 1614 3357 quod
1663 3301 1824 3357 neque

270 3375 424 3428 anima
453 3386 554 3437 est,
583 3392 674 3429 nec
703 3391 866 3440 mens,
895 3392 985 3429 nec
1007 3377 1357 3444 phantasiam,
1391 3392 1482 3430 nec
1507 3377 1821 3445 opinionem,

271 3476 350 3518 aut
378 3468 652 3531 rationem,
676 3477 766 3520 aut
797 3467 1109 3522 intellectum
1139 3469 1310 3533 habet,
1335 3486 1426 3522 nec
1457 3470 1587 3522 ratio
1614 3479 1708 3535 est,
1733 3486 1825 3523 nec

271 3554 560 3620 intellectus,
593 3572 684 3610 nec
721 3555 912 3609 dicitur
931 3597 944 3620 ,
974 3573 1063 3610 nec
1088 3557 1424 3627 intelligitur,
1463 3575 1553 3610 nec
1581 3574 1824 3612 numerus

275 3653 357 3707 est,
377 3661 462 3698 nec
488 3647 644 3708 ordo,
676 3661 768 3698 nec
791 3645 1114 3714 magnitudo,
1139 3662 1229 3699 nec
1255 3648 1504 3714 paruitas,
1527 3663 1619 3700 nec
1638 3663 1827 3717 aequa-

272 3731 398 3795 litas,
427 3751 514 3788 nec
558 3735 868 3798 similitudo,
898 3751 988 3787 nec
1014 3735 1403 3796 dissimilitudo,
1431 3751 1522 3789 nec
1557 3744 1692 3798 stat,
1738 3753 1828 3790 nec

276 3832 522 3886 moretur,
571 3839 735 3894 neque
778 3823 1040 3877 silentium
1085 3825 1223 3894 agit,
1265 3841 1356 3880 nec
1385 3826 1620 3879 uirtutem
1645 3826 1828 3891 habet,

275 3925 354 3962 nec
375 3913 532 3966 virtus
572 3922 681 3975 est,
713 3929 803 3966 nec
837 3912 1042 3976 lumen,
1075 3929 1166 3967 nec
1196 3915 1313 3968 vivit
1337 3955 1351 3978 ,
1389 3931 1550 3986 neque
1578 3917 1681 3970 vita
1722 3926 1826 3980 est,

279 4015 358 4052 nec
383 4003 674 4056 substantia
700 4013 808 4067 est,
859 4020 950 4057 nec
989 4021 1204 4070 aevum,
1252 4022 1415 4075 neque
1458 4016 1690 4076 tempus,
1742 4024 1833 4061 nec

278 4096 426 4142 tactus
450 4091 564 4158 ejus
591 4089 950 4160 intelligibilis,
979 4107 1070 4144 nec
1095 4094 1309 4146 scientia
1327 4133 1343 4157 ,
1375 4109 1467 4147 nec
1496 4097 1711 4158 veritas,
1742 4111 1833 4148 nec

279 4193 493 4248 regnum,
526 4197 690 4251 neque
725 4181 980 4249 sapientia
999 4219 1015 4244 ,
1051 4197 1142 4234 nec
1176 4198 1360 4247 unum,
1390 4199 1481 4236 nec
1510 4185 1713 4256 unitas,
1743 4201 1834 4238 nec

287 4733 365 4770 nec
387 4722 643 4789 cegnoscit
678 4736 760 4783 ea,
791 4736 924 4788 quae
949 4730 1066 4773 sunt
1087 4720 1376 4784 existentia,
1399 4723 1679 4776 secundum
1701 4725 1839 4793 quod

287 4809 543 4862 existentia
571 4818 726 4871 sunt,
769 4825 858 4860 nec
886 4810 1018 4860 ratio
1045 4809 1206 4877 ipsius
1247 4818 1356 4872 est,
1388 4825 1478 4863 nec
1505 4828 1709 4877 nomen,
1751 4831 1841 4868 nec

285 4900 513 4967 cognitio,
545 4917 634 4954 nec
656 4901 918 4963 tenebrae,
942 4915 1032 4952 nec
1053 4899 1246 4961 lumen,
1278 4917 1368 4953 nec
1390 4917 1552 4964 error,
1597 4921 1687 4956 nec
1714 4907 1844 4959 veri-

287 4998 373 5051 tas,
402 5007 492 5044 nec
522 4991 829 5046 universalis
857 4992 1017 5060 ipsius
1044 4991 1066 5022 ⁸
1103 4993 1320 5060 positio,
1361 5009 1450 5046 nec
1493 4995 1716 5061 ablatio,
1757 5000 1846 5052 sed

286 5089 472 5141 eorum,
500 5097 619 5150 qute
647 5089 767 5133 sunt
797 5089 1000 5148 praeter
1022 5081 1186 5148 ipsum
1206 5121 1221 5144 ,
1259 5082 1533 5149 positiones
1555 5095 1601 5138 et
1629 5088 1846 5142 ablatio-

289 5179 367 5219 ια
392 5168 637 5236 facientes
665 5172 854 5238 ipsam,
882 5185 972 5222 nec
992 5171 1253 5239 ponimus,
1281 5189 1370 5225 nec
1393 5175 1703 5243 auferimus,
1728 5197 1850 5248 quo-

1949 4728 2080 4781 tium
2125 4723 2576 4787 iutellectualiter,
2606 4722 2686 4776 vel
2727 4720 2930 4790 aliquid
2972 4721 3316 4775 existentium
3347 4730 3516 4774 mate-

1949 4816 2184 4875 rialiter,
2226 4828 2324 4868 nec
2347 4812 2633 4866 existentia
2668 4813 2837 4881 ipsum
2865 4821 3196 4881 cognoscunt
3225 4814 3518 4866 secundum

1949 4907 2089 4975 quod
2117 4905 2228 4973 ipse
2256 4912 2360 4967 est,
2391 4918 2488 4956 nec
2520 4903 2632 4971 ipsc
2661 4903 2936 4971 cognoscit
2963 4918 3027 4958 ea
3057 4903 3349 4958 secundum
3379 4901 3520 4970 quod

1949 4999 2061 5067 ipsa
2095 4995 2331 5050 existunt
2364 4994 2416 5047 in
2444 5007 2502 5047 sc
2537 4993 2684 5061 ipsis,
2716 4993 2809 5063 sed
2835 4993 3129 5046 secundum
3151 4992 3293 5061 quod
3319 5002 3442 5045 sum
3468 4992 3518 5042 in

1952 5089 2134 5143 verbo.
2182 5087 2312 5140 item
2355 5098 2452 5139 nec
2496 5094 2580 5138 est
2626 5084 2792 5152 ipsius
2829 5081 3107 5137 rationalis
3149 5081 3508 5142 investigatio.

1953 5197 2124 5251 neque
2149 5178 2384 5233 nominis
2426 5176 2726 5246 impositio,
2759 5190 2856 5229 nec
2885 5175 3207 5244 cognitionis
3235 5175 3522 5242 reprehena

1558 5294 1640 5346 VA
1653 5297 1808 5353 lllAE
1845 5294 2241 5356 LECTIONES.

357 5397 372 5428 ¹
401 5397 532 5453 Cod.
566 5401 853 5453 desideriis.

293 5466 470 5522 solum.

945 5399 966 5428 ’
994 5402 1122 5456 Cod.
1154 5403 1435 5457 causunlis.

549 5408 903 5499 essetrex.
945 5408 1435 5499 "i‘.’3".‘“"."é’.'”l'
1542 5408 1716 5499 ’βοειι

601 5468 778 5539 Couj.,
808 5471 925 5524 cod.
957 5472 1160 5525 solidet.

1332 5407 1435 5484 alis.
1542 5408 1716 5484 scan.
1750 5422 1818 5465 et.
1919 5411 2098 5466 ‘Cod.
2134 5407 2531 5484 remocg(5i‘£!).

1239 5472 1260 5502 ⁸
1290 5474 1377 5530 Sic
1402 5475 1685 5544 legendum
1710 5497 1829 5537 esse
1857 5484 2095 5544 videtur;
2126 5482 2246 5533 C01].
2277 5477 2382 5548 εῖίι.

2622 5408 2643 5439 ⁸
2674 5405 2855 5467 Corr.,
2885 5405 3004 5460 cod.
3035 5405 3153 5472 ipsi.
3257 5400 3280 5435 ⁸
3307 5398 3439 5458 Cod.
3469 5408 3515 5453 et

2459 5477 2479 5508 ’
2511 5477 2643 5533 Cod.
2670 5477 3014 5532 subsistentis.

1767 5592 1945 5646 ΝΟΤᾹ
1958 5595 2015 5645 l'l.

360 5679 380 5694 .
418 5653 714 5705 Lanuuium
759 5650 795 5701 Υ
821 5667 923 5703 om.
958 5652 1076 5706 cod.
