3952 6156
447 300 554 358 285

1808 294 2091 352 JOANNIS
2126 296 2322 353 SCOTI

3577 305 3677 359 ΞΜ

448 428 563 474 suo,
607 425 706 467 nec
731 420 814 466 est
845 410 1096 466 tenebrae
1123 425 1154 465 a
1180 410 1380 465 lumine
1420 409 1762 474 deﬁcientes,
1802 425 1902 465 nec
1929 419 2014 465 est
2041 419 2086 473 Α
2118 409 2233 479 ipso
2257 408 2583 475 auferimus,
2612 410 2784 480 ipsum
2813 419 2989 466 tamen
3025 425 3297 480 nunquam
3327 409 3577 479 ponimus
3603 416 3685 468 vel

450 510 627 563 lumen
655 504 1001 573 iutelligibile,
1035 520 1131 558 nec
1166 511 1250 556 est
1286 515 1467 563 error,
1496 516 1604 570 quo
1634 501 1844 556 animus
1870 502 2015 556 deei-
2115 501 2449 567 auferimus,
2491 502 2743 571 quoniam
2787 518 2950 573 super
2974 502 3292 572 positionem
3336 510 3420 555 est
3446 500 3684 570 perfecta

445 604 624 661 piatur
657 604 756 644 nec
801 590 1019 651 veritas,
1061 602 1163 655 qua
1196 585 1214 617 ¹
1241 599 1337 640 sua
1366 583 1628 639 industria
1656 587 1873 640 animus
1901 584 2021 639 illu-
2114 592 2353 646 omnium
2393 607 2589 658 causa,
2630 601 2689 647 et
2730 608 2894 662 super
2937 593 3257 647 ablationem
3302 601 3386 646 est
3431 606 3689 649 excessus

448 680 679 732 minatur
700 678 744 736 '.
771 688 826 732 et
852 677 1071 730 omnino
1092 674 1233 727 nulla
1245 682 1328 729 est
1340 671 1456 742 ejus
1479 673 1674 743 positio
1690 671 1776 728 vel
1796 672 2019 729 ablatio.

2114 681 2234 750 ejus
2259 682 2329 736 ab
2360 685 2611 738 omnibus
2636 693 2692 737 et
2718 698 2880 752 super
2907 682 3087 737 omnia
3125 681 3422 736 absolutus.
3457 679 3684 751 Explicit

445 768 551 824 Sed
577 780 753 823 tamen
792 780 1145 834 quaecunque
1172 765 1273 820 alia
1299 765 1367 820 de
1394 764 1511 834 ipso
1536 763 1803 832 ponimus,
1826 762 1911 818 vel
1946 764 2019 818 ab

2114 789 2243 841 opus
2272 774 2492 828 multum
2521 774 2666 837 utile,
2698 784 2745 828 et
2775 775 3051 828 obscurum
3077 770 3245 826 valde.

1716 932 1968 988 VARIAE
2004 933 2382 991 LECTIONES

518 1047 533 1082 '
559 1047 647 1106 Sic
677 1051 797 1106 cod.
846 1052 893 1083 ’³
919 1050 1098 1122 Conj.,
1127 1051 1246 1106 cod.
1273 1051 1551 1105 insb’atur.

446 1182 1237 1235 Mr:

1237 1222 2768 1431 “amsaaﬁ

2768 1201 3678 1239 rm

1842 1498 2286 1576 HOMILIA

728 1647 836 1773 ΙΝ
908 1646 1447 1773 PROLOGUM
1525 1643 1611 1769 S.
1692 1642 2230 1768 EVANGELII
2305 1639 2817 1770 SECUNDUM
2887 1624 3379 1767 JOANNEM.

1777 1828 1954 1908 (exp.
1997 1830 2050 1895 ι,
2097 1827 2335 1906 1-ιιι.)

439 1982 509 2034 Ex
536 1983 642 2031 rod.
684 1994 767 2031 ms.
805 1981 1140 2031 bibliothecae
1166 1978 1531 2030 Alenconiensis
1555 1979 1734 2039 primus
1755 1977 1908 2026 edidit
1930 1977 1995 2025 Μ.
2022 1976 2157 2025 Felix
2185 1976 2460 2039 Rat'aisson,
2481 1978 2841 2039 nnppprtshsur
2873 1974 2941 2039 (es
2974 1972 3675 2039 biylintliéquesﬂeadéparre-

495 2049 645 2093 monts
669 2044 729 2092 de
753 2043 948 2093 l’Onest.
981 2041 1139 2099 Paris,
1167 2043 1301 2100 18H,
1330 2053 1437 2100 pag.
1463 2034 1678 2101 55t'sq.;
1704 2042 1867 2087 denuo
1889 2039 2089 2087 excudit
2112 2039 2171 2088 Μ.
2197 2034 2500 2089 Saint-Rene
2523 2034 2845 2097 Taillandier,
2869 2038 2982 2086 Scot
3004 2034 3279 2097 Erigéne'a
3308 2034 3358 2085 la
3384 2034 3679 2101 philosophis

493 2103 810 2165 succinctique
825 2142 846 2182 ,1
866 2104 1069 2165 Strasb,
1099 2103 1233 2164 1853,
1257 2116 1363 2163 pag.
1399 2102 1489 2151 199
1513 2114 1621 2161 sqq.

436 2308 694 2380 οῃιθιία
770 2307 1051 2377 Joannis
1121 2305 1304 2375 ,ςοοεί
1388 2303 1817 2374 translatam}
1900 2303 2003 2374 ιε-
2035 2302 2080 2360 Β
2107 2300 2354 2357 humanis
2368 2300 2636 2356 mentibus
2656 2315 2719 2356 ac
2741 2298 3283 2356 seusibusintimare?
3305 2299 3419 2362 Dic,
3447 2312 3675 2367 quaeso,

827 2402 1137 2471 rarchiae
1181 2400 1496 2490 Dionysii
1557 2398 1603 2469 '.

511 2566 624 2620 Vox
657 2565 955 2636 Spirilualis
991 2566 1202 2634 aquilae
1243 2564 1481 2619 auditum
1513 2562 1687 2633 pulsat
1712 2561 2001 2617 Ecclesiae.

436 2654 687 2708 Fxterior
714 2669 908 2709 sensus
929 2663 1295 2709 transeuntem
1320 2655 1547 2722 accipiat
1569 2653 1832 2715 sonitum;
1866 2653 2005 2704 intc-

435 2744 545 2795 rior
572 2742 783 2795 animus
813 2752 1115 2797 manentem
1145 2750 1391 2811 penetret
1412 2741 1759 2796 intellectum.
1793 2739 1905 2793 Vox
1927 2738 2007 2792 al-

432 2833 579 2886 tividi
610 2832 845 2887 volatilis
865 2873 880 2896 ,
921 2848 1027 2887 non
1054 2848 1177 2887 aera
1207 2846 1526 2903 corporeum
1556 2832 1637 2886 vel
1669 2833 1887 2887 aethera
1918 2830 2005 2885 vel

433 2922 594 2977 totius
642 2922 911 2976 sensibilis
962 2923 1146 2976 mundi
1204 2922 1466 2977 ambitum
1534 2921 2002 2990 supervolitantis,

429 3017 521 3070 sed
550 3029 762 3068 Olllllelll
814 3012 1075 3067 theoriam
1096 3053 1110 3075 ,
1146 3012 1288 3066 ultra
1337 3012 1515 3066 omnia
1538 3052 1553 3076 ,
1584 3027 1723 3081 quae
1751 3021 1908 3077 sunt,
1950 3020 2006 3066 et

429 3121 567 3176 quae
596 3121 701 3159 non
742 3112 897 3169 sunt,
927 3102 1430 3159 eitivolis'intimae
1470 3102 1773 3173 theologiae
1814 3101 2003 3172 pennis

428 3196 758 3252 clarissimae
811 3209 1147 3264 superaeque
1201 3194 1670 3262 contemplationis
1730 3194 2005 3248 obtutibus

428 3284 881 3341 transcendentis.
913 3284 1046 3338 Dico
1069 3292 1246 3337 autem
1270 3298 1408 3352 quae
1434 3290 1590 3348 sunt,
1618 3298 1756 3353 quae
1779 3285 1891 3338 sive
1910 3284 2004 3338 bu-

428 3391 647 3432 manum
679 3377 794 3430 sive
817 3375 1121 3443 angelicum
1146 3389 1251 3428 non
1275 3374 1496 3429 omnino
1530 3373 1737 3443 fugiunt
1761 3389 2001 3439 sensum,

2108 2391 2193 2444 cui
2224 2399 2370 2445 tanta
2402 2405 2464 2446 ac
2487 2390 2610 2444 talis
2647 2400 2730 2445 est
2769 2391 2965 2445 donata
3005 2391 3211 2461 gratia?
3257 2390 3523 2445 Fortassis
3551 2392 3676 2459 quis

2106 2480 2246 2533 dicet
2277 2494 2292 2532 :
2324 2494 2534 2534 summo
2562 2479 2750 2534 vertici
2790 2479 3151 2548 apostolorum
3174 2520 3189 2545 ,
3220 2479 3380 2533 Petro
3403 2478 3556 2542 dico,
3584 2479 3678 2547 qui

2104 2567 2331 2623 Domino
2360 2569 2706 2639 interroganti
2725 2610 2739 2633 ,
2771 2583 2928 2638 quem
2969 2583 3027 2622 se
3054 2583 3173 2622 esse
3202 2567 3559 2631 existimaret,
3589 2583 3678 2620 re-

2104 2659 2319 2728 spondit
2350 2672 2364 2711 :
2400 2677 2418 2709 α
2456 2657 2533 2711 Tu
2568 2673 2626 2712 es
2649 2657 2895 2713 Christus
2919 2657 3087 2712 Filius
3113 2658 3206 2712 Dei
3232 2658 3335 2711 vivi
3366 2678 3411 2710 ›.
3441 2657 3547 2712 Sed
3568 2674 3675 2712 non

2108 2759 2309 2804 temere
2332 2790 2347 2815 ,
2383 2757 2441 2804 ut
2469 2749 2680 2820 opinor,
2709 2749 2829 2818 quis
2853 2748 3075 2814 dixerit,
3100 2748 3218 2818 plus
3241 2749 3292 2803 in
3319 2758 3443 2820 typo
3469 2747 3594 2803 ﬁdei
3620 2760 3679 2803 et

2106 2838 2368 2901 actionis,
2404 2852 2565 2905 quam
2602 2837 2858 2892 scientiae
2880 2850 2932 2891 et
2957 2837 3419 2906 contemplationis
3456 2838 3679 2891 Petrum

2106 2926 2229 2981 talia
2252 2927 2451 2981 dixisse
2469 2966 2482 2991 ,
2507 2941 2568 2980 ea
2589 2926 2793 2979 scilicet
2821 2926 3056 2990 ratione,
3083 2941 3188 2994 qua
3210 2924 3400 2981 Petrus
3421 2926 3472 2980 in
3497 2925 3675 2979 forma

2104 3017 2331 3072 actionis
2380 3031 2443 3070 ac
2488 3015 2608 3070 fidei
2660 3014 2906 3085 ponitur,
2937 3013 3169 3071 Joannes
3213 3023 3387 3071 autem
3432 3026 3684 3070 contem-

2103 3106 2353 3176 plationis
2393 3115 2555 3174 atque
2599 3105 2857 3160 scientiae
2906 3113 3088 3176 typum
3120 3104 3379 3160 imitatur.
3421 3103 3573 3160 Unus
3603 3106 3679 3158 si-
3714 3149 3721 3157 .

2103 3197 2318 3265 quidem
2349 3196 2701 3250 decumbebat
2728 3210 2887 3265 super
2920 3204 3107 3265 pectus
3144 3194 3500 3261 Duminicum,
3531 3199 3683 3266 quod

2102 3295 2189 3341 est
2212 3286 2686 3356 contemplationis
2719 3294 3117 3341 sacramentum
3140 3325 3156 3350 ,
3193 3284 3327 3340 alter
3350 3299 3511 3354 saepe
3542 3285 3681 3339 titu-

2102 3377 2264 3432 babat
2278 3418 2292 3441 ,
2318 3378 2469 3446 quasi
2490 3377 2727 3446 trepidae
2745 3376 2973 3431 actionis
2991 3375 3312 3448 symbolum.
3339 3375 3497 3432 Actio
3523 3391 3682 3431 nam-

425 3481 547 3523 cum
578 3474 698 3536 post
724 3465 891 3519 Deum
930 3464 1070 3528 sint,
1118 3472 1173 3518 et
1206 3478 1392 3518 eorum
1442 3479 1752 3527 numerum,
1775 3479 1913 3533 quae
1933 3465 2001 3518 ab
2099 3484 2206 3539 que
2246 3468 2621 3523 mandatorum
2652 3467 2955 3521 divinorum
2979 3507 2996 3531 ,
3046 3467 3358 3536 priusquam
3394 3466 3683 3536 perveniat

424 3572 530 3611 una
548 3555 787 3609 omnium
805 3568 965 3607 causa
987 3553 1198 3607 condita
1221 3562 1382 3616 sunt,
1406 3567 1511 3606 non
1537 3553 1832 3618 excedant;
1861 3568 1999 3621 quae
2103 3554 2155 3608 in
2186 3554 2427 3608 habitum
2447 3594 2462 3619 ,
2487 3568 2651 3623 puras
2671 3552 2959 3621 aliquando
2982 3552 3240 3607 discernit
3267 3552 3474 3621 species
3503 3552 3680 3606 virtu-

427 3661 555 3701 vero
599 3661 705 3699 non
755 3652 910 3708 sunt,
939 3659 1078 3712 quae
1114 3643 1357 3713 profecto
1391 3658 1580 3698 omnes
1624 3643 2005 3712 intelligentiae
2032 3636 2076 3700 C
2109 3651 2250 3706 tum,
2280 3643 2567 3712 aliquando
2592 3642 2795 3697 fallitur
2813 3642 2930 3712 ejus
2945 3642 3235 3713 judicium,
3265 3642 3563 3699 carnalium
3586 3657 3683 3695 eo-

425 3737 568 3791 vires
599 3736 927 3804 relinquunt.
953 3733 1268 3804 Supervolat
1299 3735 1477 3803 itaque
1506 3733 1694 3789 beatus
1722 3734 1998 3804 theologus

426 3822 661 3880 Joannes
701 3840 804 3878 non
846 3824 1018 3878 solum
1056 3838 1194 3892 quae
1243 3821 1468 3891 intelligi
1518 3836 1583 3876 ac
1617 3822 1719 3876 dici
1752 3829 1997 3891 possunt,

428 3929 615 3969 verum
645 3913 806 3967 etiam
837 3913 889 3966 in
919 3928 1003 3976 ea,
1042 3926 1179 3981 quae
1215 3919 1471 3980 superant
1496 3925 1713 3965 omnem
1755 3909 1999 3964 intellec-

428 4015 541 4060 tum
576 4014 631 4059 et
653 4004 1135 4074 signiﬁcationem,
1167 4003 1574 4071 supervehitur,
1606 4009 1867 4069 extraque
1884 4014 2000 4055 om-

424 4095 519 4149 nia
546 4094 800 4149 inell'abili
837 4095 1034 4148 mentis
1061 4093 1243 4148 volatu
1267 4093 1319 4146 in
1347 4107 1544 4147 arcana
1571 4092 1732 4146 unius
1756 4092 2000 4146 omnium

429 4186 679 4256 principii
731 4185 1003 4241 exaltatur
1030 4225 1045 4250 ,
1083 4183 1786 4254 incomprehensibilemqne
1833 4183 2002 4252 ipsius

426 4276 673 4345 principii
704 4286 759 4331 et
785 4277 969 4342 verbi,
995 4276 1100 4330 hoc
1127 4284 1207 4330 est
1228 4274 1404 4329 Patris
1428 4282 1484 4328 et
1505 4272 1659 4338 Filii,
1686 4273 1890 4328 unitarn
1912 4287 2001 4328 su-

424 4367 962 4437 peressentialitatem
980 4405 995 4429 ,
1025 4380 1125 4419 nec
1163 4378 1269 4418 non
1298 4372 1354 4418 et
1378 4363 1684 4418 distinctam
1708 4361 1997 4432 supersub—

424 4456 833 4511 stantialitatem
861 4471 994 4527 pure
1036 4458 1339 4519 dinoscens,
1370 4454 1721 4524 Evangelium
1742 4469 1897 4509 suum
1920 4454 2002 4507 in-

421 4542 604 4607 choat,
627 4544 809 4598 dicens
836 4563 848 4597 :
874 4544 938 4597 In
964 4546 1217 4613 principia
1241 4554 1350 4598 erat
1384 4541 1626 4597 Verbum.

492 4630 538 4685 0
577 4631 732 4686 beate
757 4631 1025 4695 Joannes,
1083 4648 1188 4687 non
1238 4634 1506 4688 immerito
1549 4633 1804 4687 vocitaris
1834 4631 2000 4687 Joan-

423 4736 538 4777 nes.
566 4719 798 4776 Ebreum
830 4736 1022 4776 nomen
1064 4731 1146 4777 est
1179 4721 1448 4787 Joannes,
1486 4721 1638 4790 cujus
1678 4723 2003 4792 interpreta-

366 4844 371 4848 -
424 4811 498 4866 lio
533 4826 724 4882 graece
762 4810 802 4886 ᾧ
840 4814 1127 4887 ἕχαρίσατο
1154 4826 1216 4879 ει,
1254 4814 1421 4867 latine
1462 4829 1590 4868 vero
1623 4815 1707 4867 cui
1750 4815 2002 4867 donatum

424 4917 520 4955 est.
548 4900 646 4955 Cui
680 4903 822 4955 enim
868 4903 1233 4973 theologorum
1283 4904 1540 4958 donatum
1582 4910 1696 4965 est,
1736 4903 1879 4969 quod
1907 4903 2000 4957 tibi

2100 3732 2419 3800 gitationum
2447 3732 2656 3788 nebulis
2684 3733 3084 3788 obumbratum.
3113 3733 3337 3787 lutimae
3373 3747 3504 3787 vero
3528 3733 3683 3787 theo-

2100 3823 2213 3877 riae
2240 3823 2408 3888 acies,
2437 3833 2719 3892 postquam
2743 3822 2909 3877 semel
2933 3823 3178 3877 veritatis
3204 3823 3538 3893 perspexerit
3558 3824 3683 3877 vul-

2102 3917 2250 3973 tum,
2301 3925 2638 3981 nequaquam
2690 3911 3069 3980 repercutitur,
3112 3926 3386 3981 nunquam
3424 3910 3636 3966 fallitur
3662 3952 3679 3976 ,

2099 3998 2242 4053 nulla
2272 4000 2498 4071 caligine
2522 4000 2822 4056 occultatur
2855 4001 2908 4055 in
2940 4007 3278 4070 perpetuum.

2167 4088 2340 4143 Ambo
2362 4097 2538 4143 tamen
2568 4096 2794 4143 currunt
2818 4091 2884 4144 ad
2908 4097 3331 4145 monumentum.
3361 4088 3685 4146 Monumen-

2098 4186 2213 4231 tum
2243 4176 2443 4232 Christi
2478 4186 2563 4232 est
2592 4177 2773 4232 divina
2804 4176 3119 4246 Scriptura,
3151 4176 3205 4231 in
3232 4192 3340 4246 qua
3375 4177 3683 4233 divinitatis

2098 4277 2155 4322 et
2184 4267 2533 4322 humanitatis
2574 4267 2691 4335 ejus
2711 4269 2966 4338 mysteria
2993 4267 3315 4322 densissima
3345 4267 3513 4325 veluti
3541 4281 3685 4337 qua-

2100 4361 2221 4413 dam
2264 4359 2579 4413 muniuntur
2610 4366 2779 4427 petra.
2833 4355 2938 4413 Sed
2984 4356 3218 4413 Joannes
3259 4359 3562 4426 praecurrit
3599 4360 3685 4415 ei-

2100 4448 2206 4501 tius
2232 4446 2410 4501 Petro.
2434 4446 2658 4503 Acutius
2678 4461 2909 4514 namque
2932 4454 3092 4514 atque
3115 4446 3350 4500 velocius
3372 4446 3567 4501 intima
3601 4447 3687 4501 di-

2100 4539 2343 4593 vinorum
2374 4552 2594 4606 operum
2618 4546 2865 4607 penetrat
2892 4544 3098 4591 secreta
3135 4536 3307 4591 virtus
3336 4537 3646 4607 contempla
3663 4567 3687 4581 -

2103 4628 2262 4682 tionis
2287 4628 2503 4697 penitus
2537 4625 2880 4695 puriﬁcatae,
2913 4642 3076 4694 quam
3110 4626 3341 4681 actionis
3365 4626 3545 4681 adhuc
3582 4643 3688 4695 pu-

2102 4719 2413 4774 riﬁcandae.
2450 4716 2829 4772 Verumtamen
2858 4716 3034 4785 primo
3072 4716 3237 4770 intrat
3256 4715 3457 4771 Petrus
3480 4716 3535 4773 in
3562 4725 3688 4771 mo-

2102 4816 2445 4871 numentum,
2484 4806 2677 4860 deinde
2709 4804 2976 4869 Joannes,
3006 4821 3071 4860 ac
3093 4806 3230 4860 sicut
3249 4807 3408 4860 ambo
3430 4816 3685 4870 currunt,

2104 4898 2261 4952 ambo
2313 4896 2535 4950 intrant.
2584 4894 2779 4949 Petrus
2825 4894 3091 4963 siquidem
3143 4894 3268 4949 lidei
3324 4893 3628 4965 symbolum
3667 4935 3688 4959 ,

424 5004 508 5046 est
536 4991 789 5046 donatum
809 5032 823 5056 ,
856 4993 1036 5047 abdita
1070 4991 1319 5047 videlicet
1339 4992 1533 5047 summi
1562 4991 1687 5073 boni
1710 4999 1990 5061 penetrare
2024 4973 2066 5031 ί)
2093 4987 2328 5044 Joannes
2357 4986 2622 5057 signiﬁcat
2658 4984 3004 5073 intellectum.
3033 4983 3109 5039 Ac
3138 4998 3236 5053 per
3264 4984 3389 5073 hoc,
3418 4983 3686 5073 quoniam

427 5082 702 5153 mysteria,
723 5092 776 5137 et
803 5097 890 5148 ea,
911 5098 1048 5152 quae
1078 5083 1173 5137 tibi
1203 5082 1433 5139 revelata
1458 5091 1514 5139 et
1543 5072 1811 5138 declarata
1843 5089 1990 5147 sunt,
2098 5078 2486 5147 scriptumest:
2508 5093 2527 5127 α
2549 5074 2659 5130 Nisi
2676 5072 3037 5138 credideritis,
3059 5088 3164 5128 non
3181 5072 3489 5142 intelligetis
3512 5090 3558 5137 ι,
3581 5086 3687 5126 ne-

1705 5192 1959 5249 VARIAE
1994 5187 2389 5245 LECTIONES.

496 5266 515 5299 ⁸
549 5266 682 5323 Cod.
718 5266 993 5354 (iterare/tie
1020 5266 1260 5320 Dianisii.

494 5461 520 5490 ι
552 5448 643 5503 Sic
672 5449 823 5505 locus
867 5448 1103 5519 reparari
1137 5447 1315 5500 debet.
1368 5445 1424 5499 In
1466 5444 1649 5499 codice
1693 5442 1888 5513 legitur
1928 5438 2006 5492 oi-

402 5528 691 5595 _erapicato
716 5568 731 5589 ,
760 5529 900 5597 quod
941 5538 1024 5583 est
1067 5526 1108 5600 ᾧ
1150 5533 1500 5589 ΕΧΑΡΙΟΔΤΟ,
1524 5524 1575 5577 id
1603 5525 1744 5593 quod
1770 5523 2005 5577 editores

423 5606 490 5659 cl.
531 5608 748 5660 omnino
792 5608 987 5679 fugisse
1029 5609 1256 5665 videtur.
1303 5607 1358 5662 S.
1396 5606 1748 5675 Hieronymus
1792 5620 2005 5676 quoque

1928 5321 2173 5381 NOTAE.

2101 5436 2488 5510 interpretatur
2506 5449 2539 5510 Ξ
2560 5431 2795 5510 Joannes
2816 5479 2833 5502 ,
2880 5437 2936 5493 in
2970 5456 3073 5510 quo
3106 5449 3192 5510 est
3220 5441 3409 5510 gratia,
3446 5437 3528 5492 vel
3564 5442 3697 5493 Do-

2101 5503 2460 5574 mini’gratia.
2505 5504 2788 5559 Derivatur
2828 5503 3185 5596 enim-Im?
3221 5503 3259 5563 va
3304 5503 3424 5567 .‘l‘ll‘tl
3463 5516 3518 5562 et
3548 5516 3651 5592 ιεζῑ
3676 5550 3696 5577 ,

2105 5608 2176 5661 ita
2209 5615 2269 5661 ut
2297 5607 2515 5678 proprie
2551 5607 2817 5677 signiﬁcet
2855 5627 2939 5667 cui
2985 5611 3178 5668 latiora
3226 5611 3497 5680 prapitr‘us.
