3952 6156
270 198 360 253 285

1177 210 1404 267 HOMIL.
1449 210 1516 266 IN
1555 210 1849 268 PROLOG.
1887 212 2142 268 EVANG.
2177 212 2324 270 SEC.
2358 212 2549 272 JOAN.

3351 186 3469 274 E86

269 322 478 379 tesserio
490 320 763 392 praecedit
779 320 907 377 ﬁdes
920 321 972 377 in
989 333 1392 379 monumentum
1414 332 1630 380 sanctae
1644 322 1819 393 Scrip-
1846 330 1891 388 Α
1908 324 2288 392 accipere,nisi
2316 326 2463 394 prius
2494 327 3063 396 incomprehensibilis
3078 328 3323 383 veritatis
3342 345 3467 398 par—

271 426 424 477 turae,
444 413 637 467 deinde
653 426 883 480 sequens
905 412 1069 467 intrat
1094 414 1416 479 intellectus,
1435 415 1519 468 cui
1544 429 1638 482 per
1653 412 1811 466 ﬁdem

271 510 598 576 praeparatur
624 501 819 555 aditus.
848 500 1038 555 Petrus
1063 502 1243 570 itaque
1271 502 1539 557 Christum
1571 503 1735 557 Deum
1759 512 1815 557 et

268 596 513 651 hominem
530 593 642 662 jam
671 594 870 648 factum
900 594 953 647 in
978 595 1306 663 temporibus
1327 595 1602 665 cognovit,
1630 604 1686 649 ct
1707 596 1810 649 ait:

274 706 290 738 t
320 687 387 742 Tu
406 700 464 741 es
502 685 750 741 Christus
779 684 949 739 Filius
976 684 1066 739 Dei
1093 683 1201 740 vivi
1233 705 1278 739 ι.
1301 686 1577 741 Altissime
1599 687 1813 741 volavit.

270 776 359 832 Sed
381 773 538 829 altius
568 774 653 827 ille
673 813 689 838 ,
717 775 809 843 qui
844 774 1074 829 eundem
1114 773 1387 829 Christum
1414 775 1581 829 Deum
1611 774 1677 829 de
1709 775 1818 829 Deo

272 876 380 921 ante
401 864 582 920 omnia
628 873 871 932 tempora
899 864 1137 932 genitura
1169 863 1459 928 intellexit,
1490 864 1676 919 dicens
1707 880 1719 916 :
1750 863 1819 916 In

270 957 502 1027 principio
542 964 655 1008 erat
702 953 941 1007 Verbum.
990 952 1157 1006 Nemo
1202 968 1300 1007 nos
1336 953 1612 1007 existimet
1657 952 1817 1007 Petro

271 1048 506 1105 Joannem
538 1045 830 1116 praeferre.
852 1044 984 1111 Quis
1008 1045 1108 1099 hoc
1131 1043 1362 1100 fecerit?
1389 1044 1647 1111 Quisnam
1677 1052 1823 1099 esset

272 1137 619 1207 apostolorum
661 1136 821 1190 altior
860 1136 990 1201 illo,
1036 1136 1126 1205 qui
1180 1145 1262 1191 est
1304 1145 1359 1192 et
1400 1138 1599 1192 dicitur
1634 1144 1822 1191 vertex

271 1243 433 1283 eorum
457 1227 483 1281 ?
514 1225 629 1299 Non
660 1224 1011 1296 praeferimus
1049 1225 1208 1280 Petro
1232 1224 1494 1280 Joannem
1518 1265 1534 1290 ,
1563 1226 1657 1281 sed
1698 1240 1826 1280 con-

272 1319 472 1374 ferimus
515 1318 716 1373 actioni
765 1317 1302 1387 contemplationem,
1343 1317 1620 1387 purgando
1651 1317 1825 1371 adhuc

273 1412 428 1466 animo
454 1408 696 1479 perfecte
727 1418 1011 1480 purgatum
1033 1449 1048 1474 ,
1073 1409 1384 1464 ascendenti
1423 1409 1599 1463 adhuc
1624 1407 1824 1462 virtute

272 1504 328 1558 ad
358 1486 846 1557 incommutabilem
897 1498 1136 1553 habitum
1177 1513 1271 1566 per
1309 1497 1613 1551 venientem
1656 1496 1673 1525 ¹
1709 1495 1824 1564 jam

269 1593 526 1647 virtutem.
558 1588 673 1643 Non
703 1588 846 1643 enim
876 1603 1018 1643 nunc
1053 1589 1455 1644 consideramus
1499 1587 1823 1657 apostolica-

1910 414 2277 482 tieipationem
2293 417 2490 482 dignus
2509 418 2770 473 t-ﬁiciatur
2791 421 3013 475 habere.
3033 421 3267 475 Sanctus
3284 422 3470 488 itaque

1912 503 2276 570 theolomtsdn
2296 509 2460 562 Deum
2487 513 3156 577 transmutatus,veritatis
3177 513 3467 581 particeps.

1918 589 2088 645 Deum
2122 594 2352 647 Verbum
2384 598 2681 653 subsistere
2704 600 2756 652 iu
2785 600 2893 654 Deo
2926 600 3216 671 principio,
3246 602 3348 655 hoc
3383 611 3471 655 est.

1909 683 2078 736 Deum
2099 685 2294 738 Filium
2320 687 2369 738 in
2401 689 2507 741 l‘eo
2537 682 3061 758 Patre,‘prouuntiat.
3093 692 3156 746 In
3186 695 3469 762 principio,

1911 773 2228 841 itiqujt,erat
2248 772 2484 829 Verbum.
2504 777 2719 831 Intuere
2734 782 2945 834 caelum
2969 790 3242 849 apertum,
3267 783 3368 835 hoc
3385 795 3470 836 est

1912 879 2155 919 summae
2185 882 2248 919 ac
2285 877 2506 920 sanctae
2543 869 2804 924 trinitatis
2832 881 2885 922 et
2909 873 3135 927 unitatis
3170 874 3467 926 revelatum

1912 956 2115 1009 mundo
2169 959 2505 1027 niystetiuui.
2541 959 2926 1014 Animadverte
2951 964 3198 1031 angelum
3225 964 3466 1016 divinum

1912 1062 2076 1116 super
2108 1048 2300 1102 Filium
2332 1051 2564 1104 hominis
2593 1051 2999 1114 ascendentem,
3026 1054 3184 1108 uoltis
3216 1053 3467 1108 videlicet

1911 1139 2360 1195 annuuciantem.
2386 1140 2563 1210 ipsum
2597 1156 2715 1195 esse
2750 1155 2876 1196 ante
2908 1144 3091 1197 omnia
3119 1145 3170 1198 in
3200 1146 3470 1214 principio

1915 1224 2244 1292 Verbum,ac
2268 1244 2385 1280 uio:
2405 1230 2819 1283 descendentem
2844 1231 3252 1297 supereundem
3275 1230 3468 1284 Filium

1918 1316 2180 1381 hominis,
2236 1319 2711 1387 clamantemque:
2752 1319 2817 1373 Et
2850 1320 3070 1374 Verbum
3110 1338 3233 1374 caro
3271 1321 3473 1388 factum

1913 1417 2006 1463 est.
2031 1409 2320 1464 Descendit
2343 1412 2723 1479 evangelizaus
2749 1411 2912 1465 Deum
2938 1412 3172 1465 Verbum
3196 1413 3472 1472 hominem

1921 1499 2123 1553 factum
2157 1501 2651 1569 supernaturaliter
2698 1502 2839 1556 inter
2887 1503 3069 1556 omnia
3108 1517 3170 1556 ex
3217 1503 3471 1571 virgine;

1916 1589 2160 1644 ascendit
2178 1589 2521 1660 proclamans
2537 1589 2921 1647 idemVerbum
2938 1592 3475 1660 superessentialiter

273 1700 371 1739 rum
395 1699 745 1753 personarum
774 1682 1111 1753 dignitatem,
1141 1682 1236 1737 sed
1275 1683 1659 1753 investigamus
1699 1680 1820 1752 pul-
1853 1688 1895 1748 Β
1924 1683 2159 1751 genitum
2190 1695 2255 1732 ex
2278 1678 2438 1733 Patre
2461 1686 2585 1731 ante
2612 1686 2667 1730 et
2710 1677 2849 1730 ultra
2873 1676 3075 1732 omnia.
3108 1676 3175 1731 lu
3202 1677 3458 1747 principio
3480 1713 3499 1741 ,

270 1775 576 1829 cberrimam
601 1773 903 1828 divinorum
927 1773 1307 1842 mysteriorum
1337 1770 1713 1828 differentiam.

328 1863 510 1919 Petrus
534 1865 734 1933 itaque,
764 1865 867 1917 hoc
890 1872 974 1918 est
996 1864 1139 1919 actio
1157 1864 1414 1919 virtutum
1442 1904 1458 1928 ,
1489 1862 1582 1918 Dei
1604 1863 1824 1929 Filium,

270 1952 479 2007 mirabili
505 1962 564 2007 et
585 1951 837 2008 ineffabili
856 1953 1014 2007 modo
1034 1967 1198 2008 carne
1221 1953 1706 2022 circumscriptum,
1732 1968 1828 2022 per

269 2042 498 2096 virtutem
525 2041 650 2096 ﬁdei
680 2049 736 2096 et
757 2042 986 2097 actionis
1013 2042 1356 2112 conspicatur
1383 2058 1398 2095 :
1421 2040 1656 2098 Joannes
1674 2058 1825 2107 vero,

269 2132 359 2189 hoc
380 2143 457 2188 est
483 2133 749 2189 altissima
775 2133 1155 2202 contemplatio
1178 2135 1445 2198 veritatis,
1475 2134 1569 2190 Dei
1595 2135 1828 2190 Verbum

270 2236 354 2289 per
378 2236 433 2277 se
467 2221 778 2277 absolutum
809 2232 866 2277 et
896 2222 1161 2276 inﬁnitum
1193 2223 1246 2277 in
1271 2223 1535 2292 principio
1562 2212 1696 2288 suo,
1727 2224 1830 2278 hoc

270 2319 373 2377 est,
400 2312 451 2365 in
491 2311 661 2366 Patre
686 2326 783 2367 suo
816 2312 1064 2368 miratur.
1094 2313 1285 2369 Petrus
1312 2321 1531 2369 aeterna
1573 2312 1733 2369 simul
1763 2329 1829 2369 ac

269 2401 681 2469 temporalia,in
719 2402 939 2456 Christo
987 2417 1153 2459 unum
1196 2401 1371 2467 facta,
1403 2402 1586 2457 divina
1628 2402 1830 2459 revela-

269 2490 395 2546 tione
422 2492 766 2547 introductus
789 2493 1038 2562 inspicit:
1070 2491 1305 2549 Joannes
1334 2493 1448 2549 sola
1476 2502 1697 2551 aeterna
1716 2492 1832 2562 ejus
1874 2498 1885 2505 “

268 2577 315 2633 in
341 2581 583 2635 notitiam
615 2579 850 2635 ﬁdelium
871 2581 1170 2636 animarum
1198 2582 1509 2636 introducit.

331 2668 618 2739 Spirituale
643 2670 807 2741 igitur
830 2672 1039 2730 πετηνὸυ
1061 2673 1083 2701 ³
1106 2671 1404 2737 citivolum,
1428 2672 1720 2736 dcit-idum,
1742 2671 1833 2727 ,σορ

267 2775 446 2815 annem
484 2762 610 2816 dico
654 2761 958 2831 theologum
978 2800 994 2824 ,
1032 2775 1248 2816 omnem
1274 2762 1542 2817 visibilem
1571 2771 1627 2818 et
1652 2763 1834 2817 invisi-

268 2848 412 2903 bilem
434 2860 743 2904 creaturam
774 2859 1013 2919 superat,
1036 2866 1250 2905 onmem
1277 2851 1603 2906 intellectmn
1635 2860 1831 2915 tranat,

267 2946 316 2990 et
347 2936 655 2993 deiﬁcatum
686 2938 739 2992 in
786 2938 953 2992 Deum
998 2939 1166 2992 intrat
1205 2938 1562 2992 deiﬁcautem.
1597 2939 1641 2993 Ο
1680 2937 1834 2994 beate

1928 1770 2130 1840 inquit,
2150 1778 2259 1823 erat
2293 1767 2536 1821 Verbum.
2570 1767 2636 1820 Et
2664 1769 2989 1831 notandum,
3014 1768 3155 1836 quod
3180 1768 3233 1822 in
3262 1770 3364 1823 hoc
3384 1767 3501 1822 loco

1927 1877 2032 1914 non
2064 1858 2345 1927 temporis,
2368 1857 2460 1912 sed
2486 1856 2816 1911 substantiae
2837 1857 3284 1926 signiﬁcationem
3313 1859 3502 1914 beatus

1926 1948 2251 2019 evangelista
2282 1948 2518 2002 insinuat
2555 1962 2651 2016 per
2673 1949 2810 2002 hanc
2845 1962 3052 2017 vocem,
3084 1963 3222 2017 quae
3255 1956 3338 2002 est
3364 1957 3497 2000 erat.

1927 2038 2061 2093 Nam
2087 2045 2142 2091 et
2187 2037 2382 2107 positio
2413 2035 2550 2104 ejus,
2582 2037 2634 2090 id
2677 2044 2763 2109 est
2781 2052 2897 2090 sum
2918 2075 2934 2101 ,
2978 2038 3120 2090 unde
3149 2036 3502 2105 inaequaliter

1931 2128 2185 2192 flectitur,
2233 2127 2501 2196 duplicem
2541 2125 2783 2182 continet
2821 2126 3171 2180 intellectum.
3200 2126 3503 2196 Aliquam!»

1928 2219 2140 2287 quidem
2163 2218 2564 2272 subsistentiam
2585 2216 2952 2285 cujuscunque
2982 2217 3094 2278 rei,
3125 2218 3189 2271 de
3219 2232 3323 2285 qua
3345 2232 3495 2286 prae-

1929 2310 2157 2372 dicatur,
2181 2308 2384 2381 absque
2408 2306 2514 2360 ullo
2538 2306 2817 2376 temporali
2847 2315 2993 2359 motu
3021 2306 3318 2373 signiﬁcat,
3354 2307 3502 2361 idet:-

1930 2414 2038 2468 quc
2066 2398 2462 2453 substantivum
2488 2397 2710 2451 verbum
2737 2395 3033 2458 vocitatur;
3059 2395 3345 2465 aliquando
3370 2403 3505 2449 tem-

1932 2490 2145 2560 porales
2182 2498 2360 2543 motus
2401 2489 2693 2543 secundum
2743 2489 2971 2551 aliorum
2995 2488 3285 2542 verborum
3323 2486 3506 2540 analo~

1931 2582 2074 2652 giam
2103 2579 2365 2635 declarat.
2397 2578 2529 2634 Tale
2564 2592 2695 2650 ergo
2725 2588 2809 2635 est
2837 2578 2978 2646 quod
3008 2579 3083 2631 ait
3115 2595 3128 2631 :
3161 2577 3226 2631 In
3252 2577 3505 2647 princi-Jio

1933 2681 2045 2724 erat
2078 2668 2300 2724 Verbum
2321 2710 2336 2736 ,
2366 2685 2427 2726 ac
2450 2671 2495 2725 si
2524 2678 2710 2740 aperte
2738 2670 2977 2725 diceret:
3002 2669 3057 2722 ln
3081 2668 3238 2723 Patre
3263 2668 3507 2722 subsistit

1934 2762 2123 2833 Filius.
2155 2762 2289 2828 Quis
2320 2762 2466 2815 enim
2502 2777 2691 2817 sanum
2736 2761 2951 2831 sapiens
2971 2760 3195 2823 dixerit,
3227 2759 3421 2814 Filium
3451 2758 3509 2814 in

1934 2850 2095 2905 Patre
2141 2849 2507 2919 temporalitcr
2555 2864 2790 2918 unquam
2831 2848 3171 2902 substitisse?
3209 2846 3322 2901 lllic
3363 2848 3509 2901 enim

1938 2940 2047 2994 sola
2067 2940 2336 3007 cogitatur
2356 2940 2649 2993 aeternitas
2672 2978 2686 3003 ,
2710 2939 2804 2993 ubi
2836 2938 2949 2992 sola
2979 2936 3296 3005 intelligitur
3318 2936 3513 2989 immu-

270 3023 453 3091 Paule,
485 3036 676 3096 raptus
697 3042 757 3082 es
780 3068 794 3092 ,
818 3035 878 3080 ut
907 3035 961 3080 tu
992 3027 1106 3097 ipse
1134 3027 1329 3082 asseris
1350 3068 1364 3093 ,
1391 3025 1443 3081 in
1469 3028 1680 3082 tertium
1706 3043 1819 3082 eae-
1855 3028 1900 3093 C
1933 3030 2110 3084 tabilis
2135 3029 2355 3083 veritas.
2404 3029 2469 3083 Et
2520 3043 2588 3083 ne
2627 3030 2748 3098 quis
2786 3029 3149 3092 existimaret,
3178 3026 3249 3080 ita
3275 3025 3511 3080 Verbum

268 3115 386 3181 lam,
416 3119 510 3174 sed
544 3134 654 3173 non
698 3133 758 3174 es
782 3127 968 3187 raptus
997 3118 1135 3173 ultra
1177 3133 1337 3173 omne
1378 3118 1615 3184 caelum;
1651 3131 1836 3189 raptus

268 3219 322 3260 es
345 3205 394 3258 in
429 3207 744 3276 paradisum
770 3247 785 3272 ,
834 3207 926 3261 sed
951 3221 1058 3259 non
1100 3221 1160 3262 cs
1206 3215 1392 3275 raptus
1418 3222 1578 3276 super
1620 3222 1835 3261 omnem

268 3297 587 3366 paradisum.
643 3295 879 3351 Joannes
912 3311 1073 3350 omne
1124 3296 1332 3351 caelum
1372 3297 1680 3360 conditum,
1716 3311 1835 3350 om-

270 3401 484 3456 nemque
504 3396 751 3442 creatum
775 3387 1111 3456 paradisum,
1147 3387 1247 3441 hoc
1266 3395 1349 3443 est
1368 3427 1386 3453 ,
1418 3402 1631 3442 onmem
1655 3388 1839 3441 humav

270 3492 381 3531 nam
409 3479 823 3551 angelicamque
871 3476 1263 3548 transgreditur
1291 3488 1555 3533 naturam.
1585 3477 1641 3534 In
1680 3478 1838 3533 tertio

272 3571 405 3624 caelo
422 3612 437 3635 ,
460 3588 493 3626 ο
518 3586 619 3628 vas
647 3572 926 3628 electionis
967 3582 1023 3627 et
1053 3573 1311 3643 magister
1337 3574 1577 3643 gentium
1599 3613 1613 3636 ,
1638 3572 1838 3628 audisti

272 3660 419 3713 verba
441 3658 736 3716 ineffabilia
756 3702 769 3722 ,
798 3677 936 3732 quae
961 3679 1065 3717 non
1088 3662 1215 3717 licet
1251 3662 1451 3716 homini
1486 3661 1650 3731 loqui.
1678 3661 1842 3716 Joan-

273 3767 358 3805 nes
376 3792 393 3815 ,
415 3754 643 3809 intimae
682 3756 929 3811 veritatis
956 3757 1254 3827 inspector,
1284 3757 1425 3811 ultra
1444 3773 1605 3813 omne
1630 3756 1839 3813 caelum

272 3841 319 3896 in
347 3845 603 3912 paradiso
629 3846 1025 3915 paradisorum,
1054 3845 1157 3902 hoc
1183 3856 1261 3903 est
1287 3848 1341 3900 in
1369 3862 1530 3903 causa
1558 3848 1797 3901 omnium
1822 3888 1838 3911 ,

270 3933 460 3987 audivit
484 3950 656 3988 unum
682 3934 936 4000 Verbum,
960 3950 1059 4006 per
1081 3937 1224 4006 quod
1249 3936 1391 3991 facta
1420 3947 1545 3991 sunt
1562 3915 1774 3999 omnia:
1788 3946 1843 3990 et

268 4019 414 4077 libuit
436 4025 485 4079 ei
513 4024 645 4078 illud
670 4025 904 4080 Verbqu
944 4027 1145 4090 dicere,
1190 4027 1603 4096 hominibusque
1628 4026 1841 4094 praedi-

267 4128 401 4181 care,
430 4126 702 4185 quantum
722 4119 1031 4174 hominibus
1058 4118 1355 4189 praedicari
1387 4128 1674 4188 potest,ac
1704 4117 1841 4174 ﬁduo

271 4204 463 4262 cialiter
484 4208 692 4264 clamat
723 4226 736 4262 :
772 4209 838 4263 In
860 4211 1114 4280 principio
1136 4221 1249 4265 erat
1281 4209 1520 4265 Verbum.

330 4296 443 4353 Non
486 4314 624 4370 ergo
669 4299 904 4357 Joannes
955 4312 1075 4357 erat
1124 4303 1316 4367 homo,
1363 4305 1457 4357 sed
1511 4302 1630 4370 plus
1676 4304 1838 4370 quam

1937 3121 1990 3173 in
2015 3120 2278 3189 principio
2298 3120 2592 3175 subsistere
2608 3158 2624 3183 ,
2653 3128 2710 3172 ut
2738 3119 2879 3172 nulla
2913 3116 3337 3173 substantiarum
3362 3113 3510 3170 diffe-

1937 3213 2116 3276 rentia
2136 3212 2571 3282 subintelligatur
2599 3213 2794 3275 inesse,
2825 3210 3083 3271 continuo
3106 3207 3381 3276 subjunxit
3408 3225 3421 3260 :
3444 3205 3514 3260 Et

1950 3301 2171 3356 Verbum
2194 3311 2307 3356 erat
2338 3302 2478 3372 apud
2509 3302 2696 3365 Deum,
2730 3301 2831 3355 hoc
2857 3307 2974 3364 est,
2996 3305 3051 3354 et
3073 3296 3238 3351 Filius
3271 3295 3516 3350 subsistit

1938 3408 2059 3449 eum
2085 3393 2244 3451 Patre
2268 3393 2322 3447 in
2355 3392 2559 3447 unitate
2589 3390 2854 3444 essentiae
2876 3396 2931 3444 et
2963 3385 3300 3442 substantiali
3326 3385 3514 3438 distin-

1941 3492 2136 3545 ctione.
2164 3489 2231 3543 Et
2252 3490 2479 3552 iterum,
2502 3502 2569 3543 ne
2596 3488 2647 3542 in
2672 3486 2925 3556 quopiam
2949 3484 3071 3539 talis
3093 3491 3334 3552 serperet
3358 3494 3516 3534 vene-

1941 3598 2072 3638 nosa
2109 3582 2402 3652 cogitatio,
2437 3582 2675 3637 Verbum
2706 3577 3041 3634 solummodo
3070 3577 3123 3630 in
3165 3574 3323 3629 Patre
3352 3586 3472 3627 esse
3495 3612 3512 3637 ,

1938 3682 1993 3727 et
2018 3688 2139 3727 cum
2163 3673 2275 3728 Deo
2293 3687 2440 3734 esse,
2468 3687 2575 3725 non
2597 3679 2778 3725 autem
2807 3669 2983 3738 ipsum
3011 3667 3241 3721 Verbum
3265 3662 3517 3718 substan-

1943 3763 2138 3818 tialiter
2161 3771 2217 3817 et
2255 3760 2682 3817 coessentialiter
2711 3759 2860 3812 Patri
2907 3757 3076 3813 Deum
3116 3754 3411 3810 subsistere
3446 3779 3518 3789 —

1940 3852 2030 3908 hic
2067 3864 2297 3920 namque
2337 3865 2495 3905 error
2535 3848 2769 3917 perﬁdos
2809 3846 3006 3903 invasit
3044 3844 3363 3899 Arianos—
3391 3854 3518 3909 pro-

1943 3941 2088 3994 tinus
2132 3937 2327 4007 adjecit
2362 3956 2375 3992 :
2410 3938 2483 3992 Et
2516 3938 2656 3992 Deus
2686 3946 2797 3997 erat
2833 3935 3077 3990 Verbum.
3108 3931 3307 3987 Videns
3333 3930 3460 3983 item
3495 3967 3512 3992 ,

1938 4029 2082 4099 quod
2111 4044 2215 4084 non
2245 4028 2481 4084 defuturi
2513 4035 2692 4082 essent
2716 4067 2731 4092 ,
2758 4026 2851 4096 qui
2885 4025 3126 4081 dicerent
3144 4060 3160 4086 ,
3190 4035 3295 4074 non
3320 4019 3386 4072 de
3408 4032 3516 4072 uno

1939 4119 2237 4187 eodemque
2260 4116 2435 4171 Verbo
2455 4116 2841 4185 evangelistam
2865 4112 3148 4182 scripsisse
3179 4122 3194 4161 :
3225 4106 3291 4161 In
3322 4112 3518 4176 princi—

1938 4208 2023 4278 pio
2054 4216 2166 4261 erat
2200 4205 2419 4260 Verbum
2437 4245 2452 4269 ,
2480 4214 2536 4260 et
2557 4205 2696 4259 Deus
2721 4212 2833 4258 erat
2862 4200 3085 4256 Verbum
3105 4238 3120 4261 ,
3148 4196 3243 4251 sed
3264 4195 3407 4249 aliud
3430 4206 3518 4249 vo‘

1943 4298 2109 4352 luisse
2144 4295 2361 4350 Verbum
2390 4296 2445 4349 in
2474 4295 2749 4363 principio,
2781 4291 2924 4345 aliud
2950 4289 3094 4344 Deus
3115 4296 3223 4341 erat
3259 4283 3481 4338 Verbum

270 4385 447 4453 homo,
476 4392 703 4461 quando
724 4403 780 4447 et
807 4394 1042 4463 seipsum
1066 4433 1080 4456 ,
1114 4403 1168 4448 et
1184 4393 1385 4458 omnia,
1417 4409 1557 4463 quae
1579 4402 1734 4457 sunt,
1758 4409 1832 4448 su-

1944 4386 2270 4441 haereticaru
2294 4384 2601 4454 opinionem
2622 4383 2904 4436 destructis
2925 4419 2939 4443 ,
2961 4380 3354 4446 consequenter
3383 4377 3512 4427 sub-

269 4481 461 4544 peravit
479 4521 496 4546 ,
524 4490 585 4536 et
612 4481 866 4536 ineﬁ‘abili
890 4484 1183 4552 sapientiae
1209 4484 1428 4546 virtute,
1448 4475 1841 4552 purissimaque

271 4570 454 4624 mentis
475 4572 733 4625 acumine
759 4574 1047 4627 subvectus
1064 4612 1080 4638 ,
1107 4573 1159 4625 in
1184 4587 1246 4626 ea
1264 4611 1278 4636 ,
1304 4587 1446 4642 quae
1482 4587 1642 4641 super
1659 4572 1841 4626 omnia

269 4667 401 4724 sunt,
422 4669 643 4717 secreta
667 4661 919 4717 videlicet
943 4664 1103 4717 unius
1136 4663 1403 4718 essentiae
1440 4663 1491 4718 in
1521 4663 1845 4719 tribussub—

268 4747 509 4813 stantiis,
534 4757 596 4803 et
624 4749 787 4803 trium
822 4749 1244 4805 substantiarum
1274 4751 1329 4805 in
1352 4767 1457 4805 una
1485 4753 1739 4817 essentia,
1769 4753 1844 4806 in-

266 4847 597 4900 gressusest.
615 4838 731 4894 Non
749 4840 893 4894 enim
909 4840 1066 4894 aliter
1078 4841 1551 4910 potuitascendere
1574 4842 1624 4895 in
1647 4840 1839 4906 Deum,

267 4926 362 4980 nisi
385 4929 540 4996 prius
579 4930 738 4986 ﬁeret
764 4930 925 4985 Deus.
954 4930 1029 5007 Ut
1057 4932 1201 4987 enim
1234 4930 1418 4985 radius
1441 4930 1716 4985 oculorum
1745 4946 1841 4986 no-

267 5028 494 5075 strorum
544 5023 760 5091 species
788 5037 967 5076 rerum
1006 5021 1335 5077 sensibilium
1376 5020 1689 5089 coloresque
1732 5036 1840 5076 non

267 5109 406 5175 prius
432 5121 622 5180 potest
645 5111 876 5177 sentire,
917 5126 1077 5181 quam
1105 5125 1165 5165 se
1187 5109 1456 5181 solaribus
1479 5109 1645 5163 radiis
1666 5108 1839 5171 immi-

267 5210 424 5264 seeat,
452 5216 739 5271 unumque
771 5202 822 5256 in
852 5202 983 5271 ipsis
1006 5209 1061 5255 et
1080 5216 1204 5257 cum
1235 5200 1364 5269 ipsis
1388 5200 1503 5267 ﬁat,
1526 5199 1599 5253 ita
1628 5199 1840 5253 animus

270 5302 581 5347 sanctorum
614 5308 807 5362 puram
853 5308 1039 5350 rerum
1075 5280 1433 5362 spiritualium
1463 5331 1479 5357 ,
1520 5306 1842 5360 omnemque

270 5379 610 5439 intellectum
656 5386 1023 5471 superantium
1071 5384 1431 5455 cognitionem
1488 5398 1593 5438 non
1653 5382 1843 5436 sudem

1945 4476 2111 4531 nectit
2132 4492 2145 4528 :

2019 4568 2134 4623 Hoc
2156 4569 2346 4624 eratin
2370 4566 2624 4639 principio
2666 4565 2807 4635 apud
2842 4564 3044 4626 Deum,
3083 4576 3148 4615 ac
3176 4560 3224 4613 si
3270 4558 3514 4613 diceret:

1946 4661 2050 4716 boc
2080 4659 2310 4714 Verbum
2332 4698 2348 4724 ,
2377 4658 2518 4727 quod
2541 4658 2682 4712 Deus
2701 4663 2786 4711 est
2803 4694 2820 4720 ,
2848 4652 2983 4724 apud
3011 4652 3180 4706 Deum
3205 4649 3378 4720 ipsum
3400 4652 3483 4700 est
3501 4683 3517 4707 ,

1945 4761 2001 4807 et
2031 4766 2135 4806 non
2167 4742 2310 4804 aliud
2335 4750 2465 4820 quid
2494 4756 2615 4804 erat
2663 4749 2718 4803 in
2747 4745 3032 4816 principio.
3070 4741 3178 4797 Sed
3209 4737 3518 4811 signiﬁcan-

1949 4845 2057 4898 tius
2081 4858 2148 4898 ex
2179 4842 2510 4921 Graecorum
2534 4838 2931 4909 exemplaribus
2964 4841 3140 4905 potest
3185 4829 3429 4897 intelligi.
3454 4823 3517 4921 In
3552 4892 3557 4897 ,

1947 4935 2027 4991 eis
2052 4935 2193 4990 enim
2393 4932 2667 4994 scribitur,
2692 4930 2743 4985 id
2773 4936 2886 4993 est,
2912 4928 3015 4991 hic,
3048 4934 3104 4980 et
3125 4929 3302 4994 potest
3330 4917 3517 4973 referri

1945 5026 2014 5079 ad
2040 5034 2361 5094 utrumque,
2392 5024 2458 5078 ad
2494 5020 2728 5077 Verbum
2758 5018 3011 5074 videlicet
3055 5024 3111 5069 et
3158 5014 3358 5074 Deum;
3386 5008 3519 5061 haee

1944 5116 2141 5186 quippe
2169 5114 2275 5169 duo
2303 5113 2521 5169 nomina
2546 5112 2671 5172 Θιός
2701 5119 2757 5165 et
2792 5110 2935 5183 λόγος
2967 5106 3106 5177 apud
3131 5103 3367 5160 Graecos
3404 5110 3519 5186 ma-

1944 5184 2137 5260 sculini
2163 5202 2376 5273 generis
2405 5209 2551 5257 sunt.
2578 5201 2656 5256 Ac
2680 5215 2776 5270 per
2805 5200 2905 5254 hoc
2934 5199 3004 5253 ita
3031 5202 3210 5266 potest
3248 5184 3471 5253 intelligi
3501 5198 3518 5237 :

1937 5304 1984 5349 et
2008 5293 2145 5348 Deus
2165 5302 2278 5347 erat
2312 5292 2553 5358 Verbum;
2581 5292 2664 5345 Iti'c
2684 5290 2869 5345 eratin
2887 5285 3142 5357 principio
3164 5281 3302 5349 apud
3328 5277 3516 5337 Deum,

1942 5392 2192 5453 tamluam
2222 5384 2266 5439 si
2296 5383 2413 5439 lucc
2457 5383 2659 5439 clarius
2704 5380 2902 5436 dixerit
2930 5396 2940 5407 ·
2970 5376 3067 5431 llic
3108 5373 3250 5427 Deus
3281 5366 3513 5423 Ver-brut

1537 5472 1791 5527 VARIAE
1829 5472 2226 5528 LECTIONES.

337 5566 352 5598 ¹
382 5571 567 5629 t'orr.,
598 5568 663 5620 lt.
691 5570 1087 5638 pervenientem.
1167 5568 1186 5597 ¹
1208 5565 1383 5634 Ctirr.,
1412 5565 1531 5622 cod.
1562 5576 1787 5620 aetatum
