3952 6156
455 271 552 328 287

1811 267 1931 323 10A
1943 270 2094 326 NNlS
2134 273 2328 328 SCOTI

443 383 586 452 apud
618 381 783 438 Deum
803 423 818 446 .
855 383 966 452 ipse
987 392 1100 448 est,
1130 383 1194 436 de
1219 397 1324 449 quo
1348 382 1452 434 dixi
1482 384 1506 432 ε’
1529 382 1590 434 1η
1612 381 1866 452 principio
1895 395 2008 438 erat
2040 393 2083 447 Α
2117 401 2220 440 non
2246 387 2514 455 potuistis,
2547 389 2672 456 quid
2697 397 2852 444 extra
2887 405 2971 444 me
3000 390 3174 446 facere
3198 396 3456 462 potestis?
3482 399 3620 460 Nam
3648 413 3702 454 οι

460 471 697 526 Verbum.
1502 525 1509 533 .

515 562 704 616 Omnia
729 579 821 631 per
839 563 1006 630 ipsum
1039 561 1178 628 facta
1204 571 1345 613 sunt.
1371 560 1473 614 Per
1497 562 1666 630 ipsum
1693 561 1856 615 Deum
1883 561 2010 614 Ver-

451 659 594 718 bum,
621 655 702 708 vel
725 670 821 724 per
847 655 1016 722 ipsum
1045 653 1278 706 Verbum
1309 654 1473 706 Deum
1495 655 1672 708 omnia
1698 655 1838 708 facta
1862 663 2008 708 sunt.

448 745 516 802 Ει
541 746 664 815 quid
695 755 777 799 est
811 746 987 798 omnia
1007 761 1098 814 per
1129 748 1295 813 ipsum
1319 746 1460 814 facta
1485 756 1635 810 sunt,
1661 747 1762 800 nisi
1789 765 1802 799 :
1833 763 1896 802 eo
1918 763 1984 801 na

449 849 631 895 scente
651 847 777 893 ante
816 839 996 892 omnia
1023 853 1088 891 ex
1125 838 1282 891 Patre
1303 878 1318 900 ,
1359 840 1538 891 omnia
1563 855 1684 893 cum
1705 840 1822 909 ipso
1841 849 1894 893 et
1916 854 2010 908 per

447 931 616 1001 ipsum
668 931 806 985 facta
866 931 1040 984 sunt?
1087 929 1218 984 Nam
1260 931 1425 1000 ipsius
1472 946 1537 984 ex
1587 929 1747 984 Patre
1793 947 2012 999 genera-

439 1023 518 1078 tio
549 1024 662 1093 ipsa
697 1031 780 1076 est
825 1037 1110 1076 causarum
1149 1037 1388 1074 omnunn
1427 1022 1700 1085 conditio,
1743 1023 2009 1076 omnium-

439 1129 582 1182 que,
627 1128 766 1181 quae
826 1127 892 1166 ex
949 1114 1126 1166 causis
1172 1113 1222 1164 in
1279 1127 1471 1182 genera
1523 1121 1576 1167 et
1627 1115 1832 1181 species
1889 1128 2010 1200 pro.-

439 1202 674 1265 cedunt,
723 1202 967 1271 operatio
1029 1211 1082 1258 et
1134 1200 1376 1255 ell'ectus.
1444 1201 1546 1254 Per
1607 1202 2006 1271 generationem

435 1292 635 1362 quippe
686 1293 778 1346 Dei
832 1307 899 1347 ex
947 1292 1055 1345 Deo
1105 1292 1373 1360 principio
1431 1291 1569 1344 facta
1621 1303 1748 1345 sunt
1803 1295 2003 1346 omnia.

437 1383 577 1434 Audi
629 1382 867 1435 divinum
915 1390 970 1434 et
1023 1379 1288 1434 ineffabile
1330 1382 1706 1450 paradoxum,
1751 1383 2009 1436 irrcsera-

434 1471 538 1528 bne
563 1483 852 1538 secretum,
877 1473 1162 1534 invisibile,
1185 1472 1528 1540 profundum,
1552 1474 2009 1543 incomprehensi-

435 1561 540 1618 biie
572 1564 901 1634 mysterium.
933 1562 1036 1615 Per
1059 1578 1162 1616 non
1191 1561 1520 1626 factum,sed
1545 1563 1804 1632 genitum,
1824 1565 2006 1616 omnia

442 1647 600 1715 facta,
627 1653 720 1706 sed
749 1667 851 1705 non
875 1651 1074 1719 genita.
1105 1650 1536 1719 Principium,ex
1556 1666 1660 1719 quo
1683 1653 1883 1714 omnia,
1909 1652 2009 1706 Pa-

2117 475 2186 528 ihi
2214 491 2318 528 non
2356 475 2466 532 ἆνεν
2484 519 2498 542 ,
2527 478 2618 532 sed
2654 484 2842 558 χωρὶς,
2871 481 2971 536 hoc
2992 492 3092 546 est,
3127 499 3230 538 non
3260 487 3398 551 sine,
3430 494 3522 546 sed
3548 509 3697 554 extra

2113 566 2304 620 Graeci
2338 570 2598 623 scribunt.
2624 571 2859 628 Facilius
2881 582 3058 627 autem
3081 585 3363 646 propterea
3389 581 3520 646 dixi,
3544 586 3695 652 quia.

2117 656 2239 708 dum
2279 657 2402 726 quis
2443 659 2590 713 audit
2620 661 2730 714 sine
2762 662 2902 730 ipso,
2938 672 3110 731 potest
3139 675 3330 732 putare
3375 669 3490 724 sine
3532 672 3698 741 ipsius

2111 745 2338 799 consilio
2385 747 2465 800 vel
2500 747 2788 816 adiutorio,
2837 766 2902 806 ac
2933 767 3030 820 per
3060 754 3162 808 hoc
3206 770 3311 810 non
3346 767 3539 825 totum,
3588 778 3694 815 non

2119 837 2298 891 omnia
2352 837 2439 892 'illi
2497 839 2803 906 distribuit;
2860 844 3082 898 audiens
3137 860 3264 900 vero
3323 860 3506 914 extra,
3561 852 3696 906 nihil

2110 930 2330 982 omnino
2361 929 2632 999 relinquit,
2675 934 2818 1001 quod
2849 934 2899 988 in
2932 935 3046 1003 ipso
3074 946 3128 990 ct
3159 954 3256 1007 per
3289 940 3462 1009 ipsum
3491 941 3693 999 factum

2111 1032 2216 1069 non
2246 1017 2335 1070 sit.

2181 1105 2334 1171 Quod
2359 1107 2554 1177 factum
2578 1119 2652 1163 est
2676 1109 2731 1162 in
2752 1110 2862 1178 ipso
2895 1112 2997 1166 vita
3019 1123 3150 1167 erat.
3194 1113 3481 1184 Postquam
3518 1135 3696 1176 remo-

2111 1196 2316 1250 tissima
2363 1199 2508 1251 omni
2550 1201 2757 1254 ratione
2788 1209 2841 1253 et
2869 1202 3141 1258 intellectu
3181 1207 3370 1261 beatus
3412 1211 3691 1280 evangeli-

2110 1295 2222 1341 stes
2251 1288 2430 1343 divina
2471 1291 2727 1344 rcvelavit
2762 1294 3037 1361 mysteria.
3072 1295 3238 1350 Deum
3271 1299 3503 1356 Verbum
3546 1305 3692 1360 vide-

2111 1374 2236 1429 licet
2276 1376 2330 1430 in
2383 1377 2492 1432 Deo
2533 1379 2803 1448 loquente,
2855 1382 2907 1435 in
2969 1383 3231 1439 ambobus
3280 1387 3690 1461 intelligentiam

2109 1467 2282 1521 sancti
2315 1467 2546 1536 Spiritus
2577 1471 2791 1526 divinae
2821 1473 3131 1542 Scripturae
3169 1481 3691 1548 contemplatoribus

2109 1557 2548 1628 relinquens—ut
2568 1561 2734 1626 enim,
2763 1563 2853 1632 qui
2873 1563 3126 1633 loquitur,
3157 1566 3207 1620 in
3230 1568 3414 1634 verbo,
3441 1575 3582 1641 quod
3615 1574 3688 1630 lo-

2109 1649 2318 1716 quitur,
2374 1650 2677 1704 necessario
2730 1653 2976 1720 spiritum
3040 1657 3252 1724 proﬂat,
3301 1659 3372 1713 ita
3415 1660 3558 1718 Deus
3596 1663 3691 1720 Pa-

430 1749 514 1794 ter
539 1749 658 1806 est;
691 1740 1013 1810 principium
1033 1780 1047 1802 ,
1075 1754 1175 1808 per
1200 1740 1340 1808 quod
1363 1741 1560 1803 omnia,
1587 1740 1753 1794 Filius
1773 1750 1871 1796 est.
1905 1741 2007 1795 Pa-
2043 1730 2084 1786 Β
2115 1749 2196 1794 ter
2255 1741 2414 1794 simul
2475 1751 2530 1796 et
2593 1744 2762 1798 semel
2821 1756 2877 1799 et
2933 1746 3126 1802 Filium
3189 1765 3342 1806 suum
3372 1766 3377 1771 '
3408 1755 3578 1824 gignit
3635 1769 3690 1813 et

441 1839 513 1886 Ire
551 1831 799 1900 loquente
831 1831 1052 1884 verbum
1080 1845 1255 1893 suum,
1289 1831 1390 1885 hoc
1420 1840 1503 1885 est
1523 1871 1536 1892 ,
1576 1830 1733 1884 Patre
1758 1831 2012 1901 gignente

431 1921 749 1990 sapientiam
771 1936 942 1981 suam,
975 1919 1153 1972 omnia
1179 1920 1326 1972 tiunt.
1351 1919 1616 1989 Propheta
1643 1921 1746 1972 ait:
1769 1939 1788 1970 ι
1818 1919 2008 1974 Omnia

431 2028 480 2065 tn
511 2010 772 2081 sapientia
820 2009 993 2063 fecisti
1035 2029 1053 2060 ι
1084 2025 1098 2074 ;
1130 2018 1186 2064 et
1215 2009 1362 2072 alibi,
1391 2025 1675 2079 personam
1706 2008 1881 2064 Patris
1923 2011 2007 2063 in-

426 2102 717 2156 troduceus
746 2117 758 2152 :
791 2119 808 2151 ‹
845 2098 1123 2153 Eructavit
1145 2115 1242 2154 cor
1269 2115 1444 2154 meum
1476 2119 1518 2154 ι.
1552 2100 1616 2154 Ει
1642 2100 1767 2169 quid
1797 2108 2006 2153 eructa-

433 2192 504 2245 vit
523 2208 616 2246 cor
639 2191 831 2246 suum?
859 2190 971 2260 ipse
997 2191 1214 2257 exponit
1247 2207 1259 2242 :
1284 2209 1302 2240 ι
1337 2191 1557 2244 verbum
1589 2191 1784 2245 bonum
1811 2190 1932 2244 dico
1960 2209 2006 2256 ι,

430 2285 650 2338 verbum
699 2285 893 2338 bonum
938 2283 1147 2350 loquor,
1199 2283 1389 2336 Filium
1434 2283 1632 2338 bonum
1679 2283 1853 2352 gigno.
1902 2281 2008 2337 Cor

433 2373 608 2434 patris
635 2380 718 2427 est
745 2387 840 2426 sua
874 2372 1087 2441 propria
1127 2370 1448 2433 substantia,
1477 2371 1542 2423 de
1575 2386 1680 2440 qua
1721 2371 1897 2440 genita
1923 2379 2006 2425 est

452 2461 546 2517 "iiii
595 2463 808 2533 propria
863 2464 1189 2525 substantia;
1246 2464 1516 2532 praecedit
1570 2461 1730 2516 Pater
1769 2463 2003 2538 Verbum

427 2569 530 2607 non
554 2564 766 2617 natura,
796 2554 890 2606 sed
916 2568 1097 2606 causa.
1119 2553 1253 2605 Audi
1282 2554 1452 2621 ipsum
1481 2553 1672 2605 Filium
1696 2553 1959 2606 dicentem
1985 2568 1999 2607 :

434 2661 450 2693 ι
499 2639 655 2695 Pater
694 2641 864 2708 major
897 2649 977 2693 est
1007 2656 1092 2694 me
1121 2659 1163 2702 ι,
1190 2641 1489 2695 substantia
1518 2641 1632 2710 ejus
1661 2657 1818 2694 causa
1849 2656 2003 2698 meae

427 2734 762 2788 substantiae
793 2741 894 2786 est.
945 2731 1252 2796 Praecedit,
1300 2733 1515 2802 inquam
1535 2772 1549 2796 ,
1579 2731 1740 2785 Pater
1768 2731 2000 2786 Verbum

425 2826 715 2881 causaliter
741 2865 754 2889 ,
797 2823 1073 2892 praecedit
1101 2822 1268 2876 Filius
1295 2823 1472 2876 omnia
1494 2863 1508 2886 ,
1540 2839 1676 2892 quae
1704 2839 1799 2892 per
1825 2823 1998 2891 ipsum

423 2932 564 2970 taeta
597 2925 743 2976 sunt.
777 2914 1111 2967 naturaliter.
1145 2911 1456 2967 Substantia
1484 2911 1604 2967 Filii
1649 2911 1796 2967 Patri
1845 2927 2001 2967 coae-

423 3019 577 3060 terna
619 3015 719 3060 est.
763 3003 1075 3059 Substantia
1105 3018 1310 3065 eorum,
1345 3018 1482 3072 quae
1510 3018 1607 3072 per
1636 3003 1807 3071 ipsum
1855 3004 1997 3056 facta

2113 1828 2373 1899 Spiritum
2425 1848 2580 1887 suum
2635 1851 2732 1905 per
2786 1838 3021 1907 genitum
3079 1856 3232 1896 suum
3279 1846 3617 1912 producit—-
3637 1860 3689 1904 et

2110 1931 2391 1990 postquam
2434 1937 2533 1991 per
2576 1923 2744 1979 Deum
2785 1927 2978 1982 Filium
3025 1932 3206 1984 omnia
3257 1932 3398 1987 facta
3430 1952 3583 1999 esse.
3636 1949 3685 1992 et

2112 2009 2243 2063 nihil
2264 2022 2416 2065 extra
2442 2013 2616 2082 ipsum
2639 2016 2934 2071 subsistere
2970 2021 3216 2083 astruxit,
3242 2023 3402 2078 veluti
3427 2024 3496 2078 ab
3521 2025 3689 2080 altero

2108 2099 2403 2166 primordio
2444 2117 2574 2157 suae
2616 2105 2925 2173 theologiae.
2961 2109 3154 2161 seriem
3194 2110 3406 2176 direxit,
3451 2114 3683 2168 dicens:

2111 2188 2264 2253 Quod
2287 2190 2484 2258 factum
2504 2203 2577 2246 est
2600 2195 2654 2246 in
2681 2195 2792 2263 ipso
2812 2195 2914 2248 vita
2934 2207 3064 2250 erat.
3085 2197 3360 2253 Praedixit
3385 2203 3551 2263 enim,
3579 2218 3687 2255 om-

2110 2280 2198 2332 nia
2234 2296 2326 2348 per
2351 2281 2520 2349 ipsum
2548 2282 2689 2351 facta
2711 2295 2853 2347 sunt,
2891 2302 2954 2339 ac
2981 2287 3212 2358 velutLa
3250 2291 3501 2358 quopiam
3530 2307 3689 2362 roga-

2109 2378 2195 2425 tus
2224 2372 2288 2426 de
2315 2373 2401 2436 iis,
2427 2387 2566 2441 quae
2593 2389 2691 2443 per
2717 2375 2882 2430 Deum
2917 2375 3149 2431 Verbum
3185 2379 3322 2433 facta
3349 2390 3474 2434 sunt
3503 2398 3517 2434 :
3552 2397 3687 2451 quo-

2109 2461 2268 2516 modo
2307 2471 2362 2516 et
2394 2465 2520 2530 quid
2558 2464 2612 2517 in
2651 2465 2766 2532 ipso
2790 2476 2945 2520 erant
2972 2508 2985 2528 ,
3017 2483 3154 2536 quae
3185 2483 3278 2538 per
3315 2470 3488 2539 ipsmn
3542 2469 3685 2526 facta

2107 2552 2268 2606 sunt?
2297 2554 2572 2621 respondit
2595 2564 2650 2609 et
2677 2556 2752 2608 ait
2781 2574 2792 2607 :
2835 2555 2986 2620 Quod
3018 2558 3213 2623 [‘actum
3245 2569 3319 2612 est
3355 2561 3409 2614 in
3441 2562 3554 2628 ἱρεο
3577 2564 3689 2617 vita

2103 2653 2234 2696 erat.
2265 2643 2414 2709 Quae
2444 2645 2707 2698 sententia
2737 2646 3020 2714 dupliciter
3060 2651 3460 2716 prouuuciatur.
3497 2652 3686 2709 Potest

2107 2733 2248 2786 enim
2292 2734 2648 2802 subdistingui
2678 2752 2690 2787 :
2720 2734 2874 2800 Quod
2897 2737 3092 2805 factum
3117 2751 3210 2800 est.
3243 2756 3305 2795 ac
3339 2742 3530 2799 deinde
3559 2747 3686 2799 sub-

2098 2823 2247 2892 jungi
2272 2824 2325 2875 in
2345 2823 2455 2892 ipso
2486 2825 2587 2878 vita
2611 2835 2721 2878 erat
2739 2867 2752 2889 ,
2780 2835 2956 2894 potest
2985 2829 3146 2882 etiam
3173 2832 3250 2886 sic
3271 2849 3282 2884 :
3303 2831 3456 2898 Quod
3480 2835 3686 2902 factum

2103 2922 2176 2965 est
2205 2913 2260 2965 in
2283 2913 2417 2981 ipso,
2444 2928 2506 2966 ac
2530 2913 2724 2968 deinde
2745 2915 3031 2971 subinferri
3056 2920 3160 2972 rita
3190 2930 3318 2974 erat.
3355 2923 3430 2976 Ac
3461 2939 3559 2991 per
3579 2928 3687 2979 hoc

2105 3003 2158 3057 in
2180 3004 2384 3058 duabus
2406 3006 2931 3075 pronuntiationibus
2951 3009 3082 3064 duos
3104 3013 3440 3079 speculamur
3469 3016 3681 3071 intelle-

424 3105 570 3160 sunt,
611 3095 880 3149 inchoavit
910 3095 961 3147 in
993 3095 1107 3163 ipso
1149 3109 1268 3148 esse
1295 3103 1420 3146 ante
1449 3103 1684 3161 tempora
1716 3092 1996 3154 secularia,
2028 3070 2073 3132 (ἶ
2105 3104 2241 3148 ctus.
2272 3093 2391 3148 Non
2423 3097 2566 3150 enim
2596 3098 2782 3152 eadem
2814 3099 3020 3153 theoria
3055 3110 3157 3164 est,
3187 3118 3323 3170 quae
3343 3105 3468 3158 dicit
3498 3124 3510 3156 :
3536 3109 3685 3175 quod

425 3202 528 3241 non
553 3188 603 3239 in
635 3194 896 3252 tempore,
927 3185 1020 3237 sed
1047 3198 1168 3236 cum
1202 3183 1550 3250 temporibus.
1577 3181 1808 3249 Tempus
1827 3181 1997 3248 siqui-

423 3280 544 3332 dem
587 3276 727 3328 inter
765 3284 942 3326 cetera
966 3311 980 3335 ,
1009 3285 1147 3340 quae
1181 3270 1316 3323 facta
1344 3278 1489 3334 sunt,
1523 3269 1720 3324 factum
1747 3278 1861 3334 est;
1892 3285 1998 3325 non

425 3377 605 3419 autem
633 3372 994 3433 procreatum,
1023 3362 1117 3415 sed
1139 3371 1495 3414 concreatum.
1522 3358 1588 3413 Et
1608 3375 1746 3429 quae
1766 3369 1848 3414 est
1874 3375 2001 3414 con-

424 3455 700 3525 sequentia
731 3453 904 3517 verbi,
928 3453 1069 3526 quod
1087 3451 1319 3506 locutum
1345 3460 1426 3506 est
1453 3465 1516 3506 os
1549 3450 1850 3504 Altissimi?
1883 3451 1999 3506 Non

422 3548 564 3599 enim
607 3545 659 3598 in
700 3559 891 3596 vanum
935 3543 1146 3597 locutus
1171 3551 1254 3596 est
1288 3541 1466 3606 Pater,
1501 3557 1606 3595 non
1647 3541 1998 3604 infructuose,

423 3649 530 3686 non
559 3633 676 3686 sine
717 3645 910 3701 magno
953 3629 1175 3696 effectu;
1203 3646 1327 3683 nam
1368 3641 1424 3684 et
1462 3629 1704 3684 homines
1734 3629 1918 3702 [inter]
1944 3645 2003 3684 se

423 3723 569 3792 ipsos
611 3723 891 3792 loquentes
939 3721 1140 3791 aliquid
1182 3722 1234 3774 in
1278 3720 1498 3773 auribus
1526 3719 1855 3773 audientium
1883 3717 2001 3772 elli-

422 3815 588 3869 ciunt.
629 3813 753 3867 Tria
803 3813 984 3882 itaque
1033 3813 1254 3867 credere
1293 3824 1346 3866 et
1382 3811 1679 3882 intelligere
1720 3811 1998 3873 debemus,

421 3905 726 3975 loquentem
753 3905 1006 3970 Patrem,
1050 3905 1458 3975 pronunciatunt
1482 3904 1739 3966 Verbum,
1770 3918 1834 3958 ea
1864 3919 2004 3974 quae

421 3997 724 4054 elliciuntur
752 4014 846 4068 per
886 3999 1139 4052 Verbum.
1168 3999 1329 4052 Pater
1359 3998 1614 4066 loquitur,
1659 3998 1892 4054 Verbum
1920 3999 2002 4067 gi-

427 4091 627 4161 gnitur,
670 4091 850 4145 omnia
891 4089 1215 4145 elliciuntur.
1258 4091 1397 4144 Audi
1447 4089 1789 4158 Prophetam,
1838 4103 2004 4158 quum

419 4187 540 4250 ipse
576 4183 729 4246 dixit,
766 4193 812 4234 et
856 4181 996 4251 facta
1024 4190 1175 4244 sunt,
1208 4180 1310 4235 hoc
1333 4190 1435 4244 est,
1473 4178 1703 4234 Verbum
1731 4195 1884 4232 suum
1914 4194 2004 4250 ge-

426 4275 563 4332 nuit.
592 4289 686 4341 per
705 4275 846 4344 quod
886 4273 1025 4327 facta
1061 4281 1186 4327 sunt
1215 4272 1414 4326 omnia.
1448 4271 1516 4324 Et
1552 4285 1618 4324 ne
1648 4269 1786 4324 forte
1815 4271 2002 4326 existi-

425 4379 602 4418 mares
623 4380 827 4428 eorum,
853 4379 991 4433 quae
1021 4376 1167 4427 sunt,
1191 4364 1450 4432 quaedam
1475 4362 1687 4430 quidem
1711 4376 1806 4431 per
1829 4363 2000 4430 ipsum

426 4453 520 4509 Dei
551 4453 783 4508 Verbum
832 4454 971 4508 facta
1000 4470 1140 4519 esse,
1169 4455 1433 4524 quaedam
1474 4469 1603 4508 vero
1631 4463 1784 4508 extra
1834 4455 2003 4523 ipsum

427 4556 519 4598 aut
555 4544 696 4598 facta
740 4561 860 4600 esse
889 4556 979 4599 aut
1024 4547 1311 4601 existentia
1343 4561 1438 4615 per
1469 4547 1776 4616 semetipsa,
1830 4546 1903 4599 ita
1947 4555 2008 4600 ut

427 4649 533 4688 non
561 4635 739 4687 omnia
759 4675 773 4697 ,
795 4651 935 4703 quae
962 4645 1122 4698 Sunt,
1151 4646 1204 4689 et
1246 4651 1385 4705 quae
1414 4651 1518 4690 non
1556 4645 1714 4701 sunt,
1748 4637 1813 4690 ad
1842 4651 2006 4690 unum

428 4723 749 4792 principium
783 4725 1085 4778 refcrantur
1108 4765 1120 4786 ,
1153 4720 1550 4778 donclusionem
1593 4727 1756 4778 totius
1800 4725 2008 4778 theolo-

429 4812 548 4880 giae
586 4812 827 4865 subdidit
867 4827 881 4864 :
914 4822 959 4865 et
987 4814 1096 4865 sine
1121 4814 1230 4882 ipso
1255 4812 1448 4882 factum
1473 4821 1546 4864 est
1578 4812 1707 4864 nihil
1725 4829 1741 4875 ;
1775 4813 1875 4867 hoc
1903 4823 2009 4878 est,

431 4901 564 4956 nihil
591 4911 745 4956 extra
777 4905 950 4971 ipsum
989 4911 1069 4955 est
1097 4901 1322 4964 factum,
1351 4902 1478 4969 quia
1507 4901 1619 4969 ipse
1643 4902 1830 4976 abibit.
1873 4903 2011 4956 intra

431 5009 490 5050 se
531 4997 994 5064 coutprehendeus
1023 4995 1222 5056 omnia,
1253 5003 1307 5048 et
1335 4993 1464 5047 nihil
1488 4993 1537 5046 ei
1557 5003 1902 5048 coaeternum
1930 4995 2012 5049 vel

430 5085 889 5142 consubstantiale
926 5085 1242 5155 intelligitur
1273 5085 1353 5136 vel
1384 5085 1734 5139 coessetttiale
1755 5125 1768 5149 ,
1796 5093 2013 5155 praeter

432 5197 586 5235 senm
626 5179 837 5233 Putrem
868 5188 921 5231 et
959 5193 1112 5230 suum
1155 5176 1413 5246 Spiritum
1455 5194 1483 5230 a
1521 5176 1680 5232 Patre
1708 5193 1804 5247 per
1837 5177 2009 5247 ipsum

433 5277 831 5345 procedentem.
866 5270 930 5324 Et
971 5269 1072 5330 hoc
1103 5267 1312 5321 facilius
1343 5268 1396 5321 in
1431 5268 1643 5323 Graeco
1671 5270 1827 5323 datur
1855 5269 2012 5324 intel-

432 5369 545 5435 ligi.
597 5366 693 5421 Ubi
734 5365 874 5418 enim
925 5363 1097 5417 Latini
1147 5367 1351 5427 ponunt
1390 5363 1502 5413 sine
1543 5363 1672 5429 ipso.
1715 5363 1784 5416 ibi
1821 5361 2011 5418 Graeci

435 5461 600 5532 χωρὶς
633 5459 828 5520 αὐτοῦ,
897 5455 997 5509 hoc
1056 5463 1139 5509 est
1191 5461 1346 5508 extra
1406 5453 1596 5520 ipsum.
1655 5452 1914 5505 Similiter
1960 5461 2014 5505 et

437 5551 550 5611 ipse
578 5547 835 5599 Dominus
865 5544 975 5598 suis
1004 5544 1280 5612 discipuits
1304 5543 1432 5596 dicit
1462 5561 1473 5593 ;
1511 5560 1527 5588 ς
1570 5541 1731 5593 Extra
1764 5557 1844 5595 me
1882 5538 2011 5594 nihil

437 5635 655 5702 potestis
681 5633 856 5688 facere
892 5651 934 5683 ι.
967 5631 1068 5697 Qui
1105 5645 1202 5700 per
1228 5644 1342 5696 vos,
1387 5631 1578 5700 inquit,
1602 5642 1756 5684 extra
1787 5649 1868 5683 me
1899 5633 2009 5684 licri

2033 4423 2082 4482 D

2103 3183 2327 3250 factum,
2354 3184 2486 3240 locis
2530 3188 2969 3257 temporibusque
3016 3191 3325 3254 discretum,
3365 3195 3690 3264 generibus,

2101 3271 2290 3329 formis
2312 3275 2656 3343 numerisque
2687 3276 2996 3331 distinctum
3018 3319 3031 3344 ,
3065 3281 3405 3337 sensibilihus
3431 3285 3685 3354 intelligi-

2103 3363 2405 3433 bilibusque
2433 3367 2749 3421 substantiis
2795 3382 2889 3421 seu
2932 3383 3268 3440 compactum
3300 3389 3392 3428 seu
3431 3391 3686 3447 segrega~

2103 3461 2215 3508 tum
2237 3494 2253 3518 ,
2283 3455 2387 3512 hoc
2415 3465 2580 3509 totum
2607 3457 2659 3510 in
2691 3457 2805 3526 ipso
2827 3459 2937 3512 vita
2967 3471 3114 3523 erat;
3143 3472 3197 3515 et
3237 3479 3300 3518 ea
3328 3480 3466 3533 quae
3504 3466 3687 3521 decla-

2103 3556 2190 3601 rat
2217 3565 2229 3600 :
2256 3548 2399 3617 quod
2438 3547 2638 3602 factum
2685 3559 2768 3604 est
2810 3551 2861 3604 iu
2901 3552 3036 3621 ipso,
3072 3569 3176 3608 non
3227 3556 3372 3610 aliud
3409 3567 3530 3611 erat
3575 3552 3687 3614 nisi

2102 3637 2232 3700 vita,
2263 3646 2321 3690 ut
2359 3637 2430 3692 sit
2475 3653 2707 3693 sensus:
2739 3637 2964 3702 Omnia,
2995 3658 3133 3711 quae
3179 3660 3273 3712 per
3318 3647 3490 3715 ipsum
3541 3647 3688 3701 facta

2101 3736 2248 3794 Sunt,
2269 3727 2322 3780 in
2351 3729 2466 3798 ipso
2487 3730 2592 3781 vita
2627 3740 2748 3782 sunt
2775 3739 2827 3783 et
2849 3749 3011 3784 unum
3037 3742 3178 3787 sunt.
3206 3735 3371 3788 Erant
3390 3736 3556 3798 enim,
3583 3739 3690 3792 hoc

2101 3825 2184 3872 est
2213 3817 2512 3872 subsistunt
2539 3819 2591 3872 in
2631 3821 2746 3888 ipso
2771 3822 3078 3885 causaliter,
3122 3823 3433 3892 priusquam
3473 3826 3584 3877 sint
3633 3827 3688 3878 in

2104 3911 2409 3980 semetipsis
2444 3911 2706 3967 ell'ective.
2757 3913 2928 3967 Aliter
2957 3915 3098 3968 enim
3141 3916 3392 3984 suhipso
3427 3929 3552 3970 sunt
3595 3933 3688 3982 ea,

2104 4014 2242 4068 quae
2284 4016 2380 4070 per
2426 4002 2598 4070 ipsum
2645 4002 2791 4058 facta
2835 4012 2979 4068 sunt,
3010 4004 3167 4059 aliter
3201 4005 3253 4058 in
3286 4006 3400 4073 ipso
3424 4014 3552 4061 sunt
3598 4024 3688 4071 ea,

2105 4106 2264 4159 quam
2312 4093 2426 4161 ipse
2455 4103 2556 4148 est.
2590 4092 2782 4150 Omnia
2818 4096 3021 4164 itaque,
3048 4111 3184 4164 quae
3222 4111 3317 4165 per
3348 4095 3578 4152 Verbum
3611 4099 3692 4152 fa-

2104 4189 2190 4234 cta
2233 4191 2382 4245 sunt,
2429 4183 2482 4236 in
2513 4184 2626 4253 ipso
2663 4185 2848 4237 vivunt
2892 4185 3420 4250 incommutabiliter,
3470 4198 3528 4241 et
3579 4189 3692 4242 vita

2106 4280 2230 4324 sunt
2254 4273 2352 4336 ;‘in
2392 4289 2498 4342 qtto
2527 4290 2697 4342 neque
2731 4274 2949 4330 fuerunt
2975 4276 3153 4330 omnia
3184 4275 3570 4346 temporalibus
3601 4278 3636 4331 it
3663 4303 3696 4320 -

2111 4361 2348 4415 tervallis
2376 4377 2468 4416 seu
2511 4363 2785 4427 localibus,
2823 4380 2918 4418 nec
2944 4365 3122 4419 futura
3157 4375 3305 4429 sunt,
3349 4368 3442 4420 sed
3485 4366 3697 4420 solum-

2110 4451 2269 4504 modo
2289 4467 2451 4520 super
2473 4454 2648 4506 omnia
2675 4462 2910 4522 tempora
2933 4464 2987 4509 et
3012 4455 3126 4509 loca
3147 4455 3198 4508 in
3225 4455 3340 4524 ipso
3368 4471 3534 4509 unum
3562 4467 3693 4510 sunt

2111 4549 2166 4592 et
2191 4541 2567 4595 universaliter
2597 4544 2896 4597 subsistunt
2923 4544 3173 4608 visibilia,
3208 4544 3521 4608 invisibilia,
3566 4561 3698 4598 car—

2112 4631 2348 4700 poralia,
2395 4633 2787 4700 incorporalia,
2849 4635 3161 4698 rationalia,
3201 4634 3532 4688 irrationalia
3559 4674 3576 4700 ,
3637 4647 3700 4689 et

2113 4721 2428 4790 simpliciter
2455 4721 2661 4775 caelum
2690 4734 2743 4773 et.
2773 4732 2912 4775 terra
2936 4765 2946 4782 ,
2972 4725 3230 4792 abyssus,
3251 4733 3304 4776 et
3332 4738 3699 4792 quaecunque

2116 4812 2166 4860 in
2191 4811 2270 4862 eis
2308 4822 2452 4871 sunt,
2485 4813 2536 4863 in
2564 4812 2677 4879 ipso
2703 4812 2910 4873 vivunt,
2940 4825 2991 4864 et
3013 4815 3119 4865 vita
3145 4821 3290 4876 sunt,
3314 4824 3368 4867 et
3396 4814 3699 4867 aeternali-

2117 4906 2200 4951 ter
2222 4900 2540 4962 subsistunt,
2569 4911 2622 4953 et
2641 4916 2779 4968 quae
2803 4903 2955 4955 nobis
2979 4905 3123 4955 omni
3148 4913 3294 4956 motu
3322 4903 3469 4956 vitali
3498 4918 3704 4958 carem

2115 4991 2384 5054 videntur,
2418 4993 2468 5046 in
2495 4994 2669 5048 Verbo
2702 4987 2903 5048 viv‘uut.
2943 4996 3045 5048 Sed
3070 4997 3112 5048 si
3141 4997 3389 5065 quaeris,
3417 4999 3707 5063 quomodo

2116 5081 2195 5134 vel
2224 5097 2327 5149 qua
2353 5083 2559 5137 ratione
2581 5086 2782 5147 omnia,
2823 5101 2960 5154 quae
2990 5102 3086 5152 per
3108 5087 3340 5142 Verbum
3371 5089 3510 5141 tacta
3541 5101 3704 5152 sunt,

2115 5175 2166 5228 in
2200 5177 2314 5244 ipso
2349 5177 2584 5232 vitaliter
2627 5187 2682 5231 et
2729 5178 3072 5232 nniformiter
3109 5188 3164 5232 et
3189 5178 3476 5234 causaliter
3515 5179 3701 5234 subsi-

2114 5277 2284 5328 stunt,
2324 5270 2507 5338 accipe
2547 5269 2915 5338 paradigmata
2957 5282 3023 5322 ex
3065 5279 3437 5323 creaturarum
3473 5280 3712 5332 natura.

2113 5361 2259 5414 disce
2284 5361 2544 5415 factorem
2572 5375 2638 5418 ex
2663 5361 2746 5422 iis,
2772 5377 2913 5431 quae
2937 5361 2988 5414 in
3013 5361 3127 5429 ipso
3149 5371 3204 5415 et
3226 5376 3323 5431 per
3343 5363 3514 5431 ipsum
3548 5359 3712 5416 facta

2116 5461 2259 5504 sunt.
2291 5469 2310 5503 ‹
2344 5450 2633 5505 lnvisibilia
2655 5451 2798 5506 enim
2821 5453 2936 5523 ejus
2966 5470 3014 5518 ι,
3037 5451 3514 5521 :ttaitApostolus,
3543 5471 3562 5500 ο
3601 5469 3718 5523 per

2115 5555 2201 5602 ea,
2232 5556 2366 5608 quae
2392 5540 2527 5594 facta
2555 5552 2680 5594 sunt
2698 5579 2712 5600 ,
2738 5540 3008 5593 intellecta
3035 5540 3446 5609 conspiciuntur
3481 5557 3524 5591 ι.
3548 5539 3718 5594 Cn»-

2116 5629 2346 5698 spicam,
2373 5629 2644 5702 quomodo
2669 5631 2906 5684 ontniun'
2938 5644 3134 5693 rerum,
3165 5643 3300 5697 quas
3325 5639 3507 5680 nmnct‘
3531 5625 3720 5695 bufo:
