3952 6156
274 226 374 300 939

1254 241 1490 299 itomL.
1521 242 1589 298 IN
1634 228 1926 301 PROLOG.
1953 253 2202 310 nunc.
2245 252 2392 307 ssc.
2433 252 2629 318 JOAN,

3398 249 3506 308 390

267 360 538 417 sensibilis
561 361 864 432 globositas
897 363 1341 433 comprehendit,
1370 379 1551 419 causa:
1581 363 1743 418 simul
1775 372 1830 416 et
1859 368 1903 423 Α
1928 364 2229 431 phantasia.
2262 365 2353 420 sed
2380 365 2432 419 in
2458 366 2573 434 ipsa
2607 377 2732 417 vera
2757 361 3112 425 humanitate,
3141 374 3300 430 quam
3330 369 3494 415 totam

266 448 603 504 uniformiter
629 449 684 503 in
710 449 819 505 isto
845 450 983 516 sole,
1009 450 1101 520 qui
1125 450 1424 505 maximum
1450 452 1640 507 mundi
1672 453 1833 506 lumi-

265 555 391 594 nare
412 540 708 605 vocitatur,
726 540 1058 607 subsistunt.
1088 542 1221 597 Inde
1244 558 1483 614 namque
1499 544 1689 598 forma:
1708 558 1831 597 om-

263 629 405 684 nium
427 645 721 699 corporum
750 632 1082 701 procedunt,
1099 634 1227 689 inde
1243 633 1566 690 distantium
1584 634 1832 690 colorum

264 720 625 788 pulchritudo,
638 733 693 778 et
706 735 1093 795 caetera,quae
1107 725 1173 779 de
1190 724 1441 781 sensibili
1458 733 1656 780 natura
1680 741 1835 795 prae-

262 810 424 867 dicari
452 824 707 883 possunt.
737 813 1046 871 Considera
1079 816 1442 887 multiplicem
1479 826 1537 873 et
1559 818 1832 874 inliuitam

260 903 520 957 seminum
537 906 1112 976 virtutem,quomodo
1126 910 1491 965 numerositas
1510 910 1831 977 herbarum,

261 991 549 1061 fructuum,
569 996 898 1052 animalium
921 1000 975 1053 in
1002 1000 1235 1073 singulis
1254 1002 1564 1057 seminibus
1586 1004 1835 1058 contine-

262 1092 361 1153 tpr,
380 1086 661 1153 quomodo
684 1102 753 1142 ex
781 1089 865 1143 eis
887 1091 1063 1159 surgit
1093 1091 1323 1161 pulchra
1343 1093 1647 1148 formarum
1670 1105 1727 1149 et
1748 1094 1834 1149 in-

259 1177 608 1234 numerabilis
632 1180 1054 1251 multiplicitas;
1080 1184 1297 1240 intuere
1316 1185 1679 1241 interioribus
1700 1200 1833 1242 ocu-

260 1272 340 1334 lis,
379 1269 661 1339 quomodo
710 1273 1044 1343 multiplices
1091 1276 1308 1345 regulae
1360 1276 1415 1331 in
1456 1286 1573 1333 arte
1602 1280 1832 1334 artiticis

261 1376 414 1414 unum
428 1372 583 1428 sunt,
604 1372 664 1419 et
692 1364 748 1418 in
773 1366 958 1421 animo
971 1367 1321 1438 disponentis
1332 1384 1426 1424 eas
1441 1370 1633 1426 vivunt
1656 1387 1670 1436 ;
1692 1387 1834 1442 quo-

263 1452 411 1503 modo
466 1451 724 1509 inﬁnitus
758 1454 1029 1510 linearum
1086 1473 1353 1514 numerus
1408 1461 1460 1514 in
1493 1474 1603 1515 uno
1632 1472 1836 1529 puncto

264 1558 418 1595 unum
452 1546 731 1612 subsistit,
786 1558 843 1602 et
873 1548 1192 1618 hujusmodi
1249 1552 1524 1608 naturalia
1580 1556 1835 1624 perspice

262 1635 525 1703 exempla;
556 1652 622 1690 ex
648 1638 851 1707 quibus
867 1642 1037 1697 veluti
1071 1644 1328 1715 physicae
1363 1645 1609 1702 theoxiae
1638 1647 1835 1714 pennis

1927 453 2026 507 sibi
2043 453 2096 507 in
2123 455 2381 509 unitatem
2396 455 2726 510 substantiae
2746 454 3000 523 suscepit,
3025 454 3302 523 apparuit,
3326 466 3503 505 suam-

1932 557 2037 612 que
2062 543 2426 614 cognitionem
2453 544 2703 600 omnibus
2726 538 3177 614 cognoscentibus
3199 556 3256 599 se
3282 541 3501 614 praesti-

1929 630 2011 684 tit.
2039 629 2155 685 Lux
2177 632 2357 700 itaque
2379 631 2648 687 hominum
2676 618 2936 687 Dominus
2965 636 3149 687 noster
3170 628 3328 687 Jesus
3347 625 3500 686 Chri—

1930 731 2064 787 stus,
2094 722 2185 790 qui
2208 722 2259 776 iu
2287 723 2518 777 humana
2549 732 2738 778 natura
2766 723 2911 777 omni
2931 720 3176 778 rationali
3206 731 3260 779 et
3289 720 3504 777 intelle-

1932 814 2092 868 ctuali
2107 823 2388 869 creaturae
2402 813 2633 882 seipsum
2659 812 3039 876 manifestavit,
3058 830 3293 884 suaeque
3312 810 3474 869 divini
3487 845 3504 854 —

1935 911 2078 972 tatis,
2095 924 2198 978 qua
2216 909 2361 964 Patri
2378 906 2618 979 aequalis
2636 919 2740 976 est,
2757 911 2933 965 abdita
2953 911 3204 967 revelavil
3224 912 3476 983 mysteria
3489 952 3502 964 .

2004 997 2186 1053 Etlua:
2219 999 2273 1052 in
2304 998 2525 1053 tenebris
2566 996 2722 1053 lucet.
2761 1000 2897 1054 Audi
2930 996 3241 1070 Apostoluir
3274 1016 3289 1031 ·
3332 1019 3348 1055 ι
3387 996 3508 1056 Fui-

1934 1086 2035 1142 stis
2071 1104 2115 1150 ι,
2147 1087 2342 1156 inquit,
2369 1106 2388 1137 ι
2426 1082 2713 1156 aliquando
2741 1088 3016 1155 tenebrae,
3048 1104 3192 1145 nunc
3215 1105 3389 1146 amem
3419 1092 3507 1143 lux

1937 1176 1990 1229 in
2033 1172 2257 1231 Domino
2289 1194 2333 1229 ι.
2370 1173 2507 1231 Audi
2538 1175 2726 1231 Isaiam
2759 1179 2773 1232 ξ
2812 1196 2831 1230 ι
2861 1178 3182 1235 Sedentibus
3208 1180 3262 1234 in
3291 1181 3505 1251 regione

1936 1266 2159 1320 umbrae
2188 1267 2376 1321 mortis
2401 1266 2490 1320 lux
2513 1275 2632 1321 orta
2657 1274 2740 1322 est
2776 1286 2821 1322 ι.
2854 1266 2967 1322 Lux
2993 1270 3047 1323 in
3077 1270 3315 1325 tenebris
3346 1267 3506 1323 lucet.

1938 1353 2131 1433 Totum
2167 1371 2334 1427 genus
2366 1357 2658 1411 humanum
2686 1357 2879 1412 merito
2912 1358 3188 1429 originalis
3216 1356 3419 1428 peccati
3456 1361 3504 1412 in

1940 1444 2178 1499 tenebris
2195 1453 2313 1499 erat
2330 1485 2345 1510 ,
2376 1460 2483 1500 non
2505 1445 2832 1501 exteriorum
2853 1446 3149 1512 oculorum,
3168 1445 3361 1515 Quibus
3387 1461 3505 1501 seu-

1940 1534 2177 1589 sibiiium
2208 1533 2415 1590 formae
2446 1534 2762 1605 coloresque
2797 1535 3121 1600 sentiuntur,
3157 1532 3250 1589 sed
3293 1534 3504 1588 interio-

1942 1639 2081 1688 rum,
2113 1624 2310 1692 quibus
2340 1623 2754 1694 lntelligibilium
2783 1625 2992 1692 species
3013 1632 3067 1680 et
3087 1623 3504 1695 pulchritudines

268 1723 394 1778 ultra
404 1700 601 1780 omnia
616 1700 942 1795 subvectus,
967 1700 1165 1786 divi-na.
1178 1736 1351 1803 gratia
1365 1734 1611 1804 adjutus,
1631 1700 1820 1789 illumi-

1939 1712 2346 1778 discernuntur;
2375 1726 2483 1767 non
2509 1713 2564 1767 in
2597 1712 2833 1769 tenebris
2858 1714 3016 1804 hujus
3043 1714 3321 1785 caliginesi
3346 1715 3504 1781 aeris,

266 1828 429 1885 natus,
465 1824 683 1891 poteris
711 1841 915 1881 arcana
944 1828 1107 1884 Verbi
1144 1831 1344 1886 mentis
1374 1831 1493 1886 acie
1539 1832 1833 1899 inspicere,

263 1921 328 1974 et,
345 1923 605 1980 quantum
622 1917 789 1972 datur
805 1919 1060 1976 humanis
1075 1923 1642 1993 argumentationibus
1661 1922 1834 1979 Deum

261 2016 403 2055 suum
450 2011 874 2078 quaerentibus,
908 2012 1120 2081 videre,
1165 2016 1442 2085 quomodo
1472 2018 1681 2084 omnia,
1712 2033 1835 2087 qua:

264 2111 347 2163 per
369 2097 604 2155 Verbum
629 2099 774 2158 facta
792 2116 944 2169 sunt,
968 2105 1023 2160 in
1045 2106 1163 2176 ipso
1184 2108 1442 2163 vivuntet
1462 2109 1572 2164 vita
1595 2119 1749 2165 sunt.
1773 2110 1833 2165 lo

263 2189 367 2259 ipso
381 2194 555 2256 enim,
582 2203 643 2249 ut
666 2210 730 2252 os
746 2189 994 2268 loqﬂitur
1013 2199 1289 2266 divinum,
1316 2201 1555 2258 vivimus
1571 2213 1801 2260 etmove
1818 2235 1832 2245 -

264 2297 370 2336 mur
393 2294 447 2338 et
473 2300 678 2341 sumus
699 2296 809 2352 ;et,
831 2297 891 2342 ut
916 2290 995 2343 ait
1025 2305 1255 2360 magnus
1275 2290 1569 2364 Dionysius
1587 2294 1831 2364 Areopa-

261 2377 375 2444 gita,
407 2393 528 2433 esse
566 2380 817 2434 omnium
875 2391 961 2437 est
1011 2385 1491 2452 superessentialis
1540 2387 1827 2443 divinitas.

323 2463 382 2516 Et
411 2467 519 2519 vita
554 2476 673 2520 erat
727 2467 823 2521 tua:
854 2470 1148 2524 hominum.
1189 2472 1283 2527 Dei
1315 2472 1539 2542 Filium,
1576 2492 1760 2544 quem,
1797 2495 1829 2530 υ

259 2556 400 2613 beate
428 2560 715 2631 theologe,
748 2561 905 2634 prius
935 2566 1139 2619 vocasti
1177 2565 1439 2633 Verbum,
1476 2583 1625 2625 nunc
1660 2570 1828 2625 vitam

259 2653 493 2708 nominas
518 2662 582 2709 et
603 2654 807 2709 lucem.
828 2656 942 2712 Nec
964 2658 1242 2715 immerito
1262 2662 1485 2716 mutasti
1507 2662 1831 2732 appellatio-

256 2757 362 2809 nes,
391 2756 448 2800 ut
480 2747 759 2803 distantes
791 2749 952 2806 nobis
1004 2751 1318 2807 iusinuares
1368 2753 1827 2823 signiﬁcationes.

259 2834 480 2894 Verbum
512 2842 797 2911 siquidem
836 2843 930 2900 Dei
974 2845 1169 2902 Filium
1211 2849 1530 2916 nominasti,
1562 2850 1689 2919 quia
1729 2868 1828 2921 per

256 2927 418 2999 ipsum
441 2932 675 2990 locutus
703 2946 790 2991 est
820 2935 981 2995 Pater
1008 2942 1214 3007 omnia,
1239 2955 1409 3011 quum
1446 2943 1564 3012 ipse
1607 2943 1747 2998 dixit
1775 2955 1829 2999 et

1932 1804 2027 1857 sed
2058 1802 2110 1856 in
2148 1802 2384 1857 tenebris
2429 1792 3067 1874 ignorantiae-veritatis;
3094 1820 3201 1860 non
3230 1805 3285 1861 in
3314 1806 3502 1860 absen-

1930 1894 2003 1948 tia
2026 1894 2181 1959 lucis,
2211 1909 2349 1965 quae
2373 1894 2628 1950 mundum
2649 1910 2966 1966 corporeum
2996 1897 3256 1963 declarat,
3298 1899 3391 1953 sed
3449 1900 3502 1952 in

1918 2017 2153 2073 absentia
2179 2015 2336 2082 lucis,
2351 2029 2489 2085 quae
2515 2012 2771 2070 mundum
2799 2014 3173 2085 incorporeum
3197 2008 3482 2071 illuminat.

1912 2106 2037 2160 Post
2052 2105 2205 2174 cujus
2230 2115 2409 2161 ortum
2439 2120 2507 2160 ex
2540 2104 2744 2176 virgine
2772 2104 2860 2158 lux
2895 2105 3203 2161 intenebris
3228 2105 3400 2172 locet,
3430 2123 3484 2160 ιιι

1907 2184 2162 2250 cordibus
2173 2193 2420 2249 videlicet
2440 2208 2498 2248 se
2511 2192 2962 2265 cognoscentium.
2982 2190 3243 2259 Quoniam
3261 2210 3385 2248 vero
3410 2204 3482 2247 to-

1914 2296 2023 2339 tum
2086 2291 2255 2354 genus
2299 2284 2591 2338 humanum
2641 2282 2850 2336 induas
2899 2280 3063 2337 veluti
3117 2290 3298 2352 partes
3351 2278 3481 2337 div.-

1912 2376 2088 2443 ditur,
2139 2378 2194 2431 in
2250 2382 2344 2431 eus
2395 2372 2666 2439 videlicet,
2702 2388 2929 2441 quorum
2974 2374 3137 2428 corda
3178 2368 3484 2444 CognitiOne

1914 2468 2157 2523 veritatis
2208 2462 2506 2521 illuminata
2550 2474 2707 2531 sunt,
2767 2473 2822 2519 et
2859 2475 2981 2530 eos,
3032 2463 3123 2535 qui
3188 2463 3241 2519 tn
3291 2464 3487 2521 obscu-

1916 2549 2143 2614 rissimis
2211 2557 2387 2611 adhuc
2445 2555 2737 2627 impietatis
2797 2564 2958 2626 atque
3014 2555 3272 2625 perﬁdiae
3342 2564 3488 2612 tene--

1913 2650 2027 2705 bris
2068 2653 2420 2720 permanent,
2470 2646 2800 2718 evangelista
2853 2643 3129 2715 subiunxit
3178 2663 3192 2701 :
3244 2664 3293 2702 ei
3348 2657 3487 2703 lene-

1914 2744 2036 2797 brae
2086 2755 2204 2797 eum
2261 2757 2365 2795 non
2404 2739 2915 2810 comprehenderunt.
2970 2739 3049 2794 Ac
3100 2739 3145 2793 si
3209 2739 3488 2794 evidenter

1914 2837 2119 2891 «liceret
2173 2851 2189 2889 :
2243 2833 2360 2887 Lux
2409 2831 2461 2886 in
2511 2830 2746 2886 tenebris
2790 2829 3025 2884 ﬁdelium
3073 2830 3375 2884 animarum
3418 2831 3493 2882 lu-

1910 2923 2018 2979 cet,
2076 2920 2132 2966 et
2184 2913 2357 2981 magis
2412 2926 2475 2966 ac
2534 2913 2706 2983 magis
2763 2915 2936 2981 lucet,
2994 2915 3159 2971 aiide
3197 2918 3485 2983 inclinans,

248 3021 370 3075 facta
393 3035 553 3091 sunt;
581 3026 755 3081 lucem
782 3043 909 3083 vero
932 3037 986 3083 et
1009 3003 1344 3101 vitain,vquia
1370 3003 1510 3089 idem
1533 3033 1700 3090 Filius
1719 3014 1877 3101 luXC
1996 3003 2235 3101 Spe.0ie'n
2266 3003 2534 3101 mide”;
2564 3004 2857 3101 “"8”?
2884 3018 3015 3101 Y8.”
3038 3007 3291 3101 cardinem.
3316 3011 3485 3077 per“.

248 3120 318 3165 εει
357 3123 408 3167 ει
436 3114 541 3169 τίω
577 3117 853 3181 omnium,
883 3132 1023 3187 quae
1055 3135 1151 3189 per
1188 3096 1361 3190 ipsum
1402 3120 1542 3178 facta
1570 3134 1714 3180 sum.
1745 3125 1812 3180 El
1843 3096 1875 3101 '
1907 3096 1997 3151 dia
2013 3096 2605 3190 etignorantialucem
2627 3096 2787 3190 Verbi
2823 3096 2915 3154 Dei
2950 3097 3005 3153 in
3032 3104 3197 3156 carne
3221 3100 3485 3169 fulgentis

247 3203 360 3268 quid
393 3204 696 3260 illuminat?
721 3205 839 3262 Non
878 3187 1184 3276 aliud,_nisi
1208 3187 1444 3283 seipsum
1468 3255 1483 3278 ,
1515 3224 1568 3270 et
1599 3215 1813 3274 Patrem
1903 3202 2013 3244 ¹¹⁰¹¹
2042 3187 2606 3283 ⁰⁰¹¹Ψτθί¹⁰δ¹δθτ¹¹ηθ’
2716 3188 3085 3283 βυεουνιιιυπη
3111 3201 3196 3246 ⁸³⁸
3224 3192 3370 3246 θ¹¹ί¹¹¹
3407 3212 3427 3244 ³
3465 3232 3481 3255 ‘

249 3304 405 3345 suum.
432 3293 551 3349 Lux
587 3296 769 3366 itaque
788 3306 890 3363 est,
920 3307 974 3352 et
1001 3300 1235 3371 seipsum
1263 3278 1551 3372 illuminat,
1576 3307 1812 3376 seipsum
1905 3290 1966 3376 "At
2021 3282 2098 3334 an
2128 3279 2463 3376 Ανθδιθωθῖ,
2511 3292 2530 3330 ⁸
2566 3278 2845 3376 iusim”?
2867 3295 2963 3376 cf"
2992 3295 3182 3376 90mm
3237 3302 3283 3376 ’3
3311 3293 3365 3376 gl
3384 3300 3487 3376 es".

250 3383 426 3437 mundo
457 3385 725 3452 declarat,
780 3403 838 3443 se
887 3389 1060 3458 ipsum
1083 3369 1479 3461 'ignoramihus
1588 3369 1815 3452 ηηςηπο,
1904 3374 2112 3438 pientes
2147 3385 2205 3425 se
2240 3386 2362 3425 esse
2412 3371 2660 3425 dicentes
2697 3370 2849 3425 stulti
2881 3369 3012 3427 facti
3063 3380 3215 3427 sunt.
3246 3371 3351 3428 Sed
3382 3374 3487 3429 iste

252 3480 363 3524 sm.
410 3473 527 3528 Lux
588 3476 804 3533 divinae
852 3480 1175 3549 cognilionis
1217 3484 1283 3537 de
1330 3486 1530 3541 mundo
1568 3488 1810 3552 facessit,
1902 3477 2098 3517 sensus
2122 3462 2364 3515 moralis.
2385 3462 2613 3532 Physica
2638 3478 2767 3517 vero
2788 3463 2984 3517 borum
3008 3463 3306 3520 verborum
3330 3470 3484 3520 then.

249 3560 358 3616 dum
410 3565 579 3621 homo
626 3567 798 3622 Deum
863 3570 1118 3625 deseruit.
1179 3572 1474 3642 Dupliciter
1537 3592 1664 3646 eigo
1721 3577 1809 3637 lux

250 3663 443 3707 aeterna
484 3671 543 3710 se
591 3656 761 3726 ipsam
801 3660 998 3714 mundo
1036 3660 1305 3727 declarat,
1349 3680 1445 3733 per
1475 3664 1809 3736 Scriptorum

250 3742 473 3799 videlicet
496 3756 552 3800 et
587 3756 912 3803 creaturam.
952 3748 1068 3805 Non
1099 3754 1242 3807 enim
1273 3755 1430 3810 aliter
1460 3757 1512 3810 in
1542 3758 1697 3812 nobis
1729 3757 1809 3811 di-

248 3827 351 3883 vina
380 3836 621 3904 cognitio
648 3846 971 3903 renovatur,
998 3840 1098 3894 nisi
1126 3854 1222 3910 per
1244 3843 1455 3899 divinae
1498 3844 1811 3915 Scripturae

247 3920 404 3986 apices
426 3934 481 3978 et
506 3933 797 3981 creaturae
822 3930 1047 3997 species.
1078 3930 1303 4001 Eloqnia
1336 3935 1482 3990 disce
1512 3936 1690 3991 divina
1713 3979 1727 4002 ,
1752 3947 1807 3992 et

248 4007 293 4060 in
315 4011 611 4068 animo’tuo
646 4030 834 4070 eorum
861 4020 1083 4088 concipe
1113 4021 1466 4090 intellectum,
1491 4025 1543 4079 in
1575 4043 1682 4097 quo
1710 4044 1803 4084 co-

245 4113 449 4168 gnosces
469 4103 734 4159 Verbum.
770 4106 939 4163 Seusu
963 4124 1223 4180 corporeo
1246 4112 1449 4169 formas
1476 4132 1538 4170 ac
1565 4117 1803 4186 pulchri-

246 4190 434 4280 tudines
453 4210 635 4251 rerum
659 4199 879 4268 percipe
902 4198 1259 4270 sensibilium,
1282 4215 1337 4260 et
1360 4207 1411 4261 in
1436 4209 1515 4262 eis
1540 4208 1803 4280 intelliges

246 4276 390 4336 Deum
411 4283 668 4353 Verbum,
694 4297 749 4342 et
773 4287 826 4342 in
851 4288 917 4345 iis
940 4292 1190 4348 omnibus
1213 4294 1285 4348 nil
1306 4296 1449 4349 aliud
1483 4290 1575 4352 tibi
1600 4276 1802 4355 veritas

1906 3553 1984 3605 ria
2024 3552 2150 3606 talis
2176 3562 2276 3608 est.
2312 3551 2559 3606 llumaun
2609 3563 2829 3617 natura,
2885 3554 2987 3608 etsi
3038 3568 3146 3607 non
3208 3569 3485 3623 peccaret,

1906 3646 2021 3698 suis
2053 3645 2291 3714 propriis
2320 3646 2532 3699 viribus
2585 3644 2769 3699 lucere
2802 3658 2911 3699 non
2954 3654 3160 3715 posset.
3186 3645 3304 3700 Non
3336 3648 3483 3701 enim

1907 3736 2229 3792 naturaliter
2255 3737 2345 3790 lux
2377 3746 2484 3800 est,
2516 3735 2613 3791 sed
2670 3737 2947 3807 particeps
2992 3738 3148 3793 lucis.
3185 3737 3365 3809 Capax
3414 3741 3489 3794 si-

1904 3826 2125 3897 quidem
2155 3827 2454 3897 sapientiae
2489 3836 2593 3890 est,
2653 3841 2764 3883 non
2822 3829 2935 3896 ipsa
2980 3829 3273 3898 sapientia,
3325 3832 3485 3901 cujus

1906 3921 2328 3991 porticipatione
2360 3922 2578 3991 sapiens
2619 3922 2736 3977 ileri
2788 3933 2987 3992 potest.
3038 3923 3193 3978 Sicut
3230 3939 3362 3993 ergo
3392 3940 3487 3978 aer

1908 4016 2009 4066 iste
2024 4028 2123 4083 per
2156 4029 2216 4068 se
2247 4014 2427 4082 ipsum
2461 4030 2567 4068 non
2596 4014 2761 4080 lucet,
2795 4016 2890 4070 sed
2928 4016 3280 4071 tenebrarum
3326 4032 3487 4071 voca-

1906 4100 2035 4154 bulo
2063 4110 2441 4170 nuncupatus,
2473 4116 2647 4172 capax
2682 4112 2862 4159 tamen
2891 4105 3088 4160 solaris
3118 4104 3341 4159 luminis
3362 4116 3485 4159 est:

1907 4192 1981 4246 ita
2010 4201 2199 4247 nostra
2235 4201 2453 4260 natura,
2486 4195 2616 4248 dum
2655 4210 2759 4267 per
2788 4210 2847 4251 se
2882 4196 3054 4266 ipsam
3081 4196 3486 4262 consideratur,

1907 4284 2181 4350 quaedam
2217 4283 2510 4339 tenebrosa
2541 4285 2874 4350 substantia,
2905 4299 3075 4354 capax
3105 4300 3170 4341 ac
3216 4287 3492 4356 particeps

245 4370 517 4431 declarabit
572 4387 793 4449 praeter
836 4380 1034 4449 ipsum,
1082 4385 1173 4452 qui
1223 4383 1353 4439 fecit
1391 4387 1595 4452 omnia,
1644 4396 1799 4443 extra

1918 4375 2050 4428 lucis
2083 4373 2408 4444 sapientiae.
2449 4374 2514 4428 Et
2540 4375 3004 4444 quemadmodum
3046 4375 3326 4445 praefatus
3368 4394 3487 4443 aer,

244 4478 380 4527 quem
402 4454 1018 4541 nihil'contemplaturus
1053 4489 1142 4539 es,
1186 4475 1311 4545 quia
1341 4477 1454 4546 ipse
1486 4488 1567 4533 est
1594 4481 1794 4535 omnia.

244 4549 546 4647 [seminibus
572 4563 753 4647 enim,
787 4578 925 4632 quae
950 4574 1102 4633 sunt,
1128 4565 1383 4637 quidquid
1412 4577 1513 4647 est,
1542 4570 1656 4639 ipse
1695 4581 1796 4628 est.
1842 4636 1848 4640 _

247 4630 303 4688 Ut
323 4639 459 4693 enim
480 4643 699 4697 nullum
721 4630 926 4701 bonum
944 4630 1327 4717 substantiale,
1345 4640 1421 4708 ita
1443 4630 1588 4709 nulla
1610 4673 1805 4712 essen-

240 4726 304 4780 tia
322 4734 718 4803 prazteripsum
749 4747 835 4790 est
861 4741 944 4793 vel
978 4742 1312 4797 substantia.
1342 4744 1411 4799 Et
1439 4747 1544 4800 vita
1575 4758 1690 4803 erat
1712 4750 1808 4804 lux

238 4819 509 4882 Matinum.
529 4826 715 4893 Quare
733 4829 828 4883 tua:
846 4832 1058 4887 addidit
1075 4834 1347 4890 hominum
1362 4838 1387 4890 ?
1408 4837 1572 4905 Quasi
1597 4843 1807 4911 specia-

240 4912 350 4969 liter
366 4933 427 4971 ac
446 4922 677 4990 proprie
704 4922 797 4977 lux
822 4926 894 4978 sit
920 4926 1227 4989 hominum.
1255 4931 1349 4997 qui
1371 4943 1453 4985 est
1474 4933 1565 4987 lux
1588 4938 1805 5005 angelo-

238 5011 365 5068 rum,
383 5006 475 5060 lux
496 5010 879 5067 universitatis
901 5017 1157 5081 conditae,
1180 5016 1274 5071 lux
1301 5018 1470 5075 totius
1494 5023 1676 5078 visibnl
1704 5044 1729 5078 s
1751 5039 1809 5080 et

239 5090 515 5152 invisibilis
545 5099 903 5156 existentize?
938 5107 1023 5157 An
1059 5107 1203 5160 forte
1236 5107 1478 5163 Verbum
1520 5113 1807 5167 vivilicans

241 5185 407 5237 omnia
436 5190 759 5257 specialiter
792 5206 856 5244 ac
887 5198 1108 5262 proprie
1141 5197 1230 5250 lux
1256 5198 1542 5253 hominum
1570 5200 1801 5267 dicitur,

240 5277 351 5342 quia
371 5279 423 5332 in
447 5281 677 5337 homine
698 5298 809 5338 non
842 5286 1025 5340 solum
1050 5288 1392 5357 hominibus,
1419 5308 1609 5348 verum
1637 5299 1800 5349 etiam

239 5367 446 5433 anguis,
472 5373 740 5441 omnique
770 5388 1058 5444 creaturae,
1096 5379 1295 5436 divina:
1327 5385 1659 5453 cognitionis
1683 5404 1804 5455 par-

239 5456 389 5529 ticeps
419 5463 539 5518 ﬁeri
570 5465 798 5533 valenti,
833 5469 1077 5539 seipsum
1122 5474 1462 5533 declaravit?
1505 5477 1625 5533 Non
1658 5498 1802 5535 enim

238 5562 322 5616 per
341 5556 598 5624 angelum
626 5559 1051 5632 angelis,neque
1065 5580 1164 5634 per
1179 5570 1435 5638 angelum
1463 5573 1799 5640 hominibus,

238 5643 319 5694 κύ
356 5662 450 5715 per
478 5649 761 5707 hominem
789 5663 842 5707 et
876 5655 1187 5715 hominibus
1218 5669 1271 5716 et
1323 5665 1559 5734 angelis,
1608 5684 1713 5721 non
1746 5685 1798 5724 ιιι

538 5750 807 5808 ιἋΤιιυι..
851 5749 1094 5814 CXXII.

1910 4465 2039 4519 dum
2070 4464 2236 4518 solari
2277 4464 2429 4519 radio
2450 4466 2763 4535 participat,
2805 4481 2912 4521 non
2950 4466 3157 4522 dicitur
3192 4482 3291 4538 per
3314 4483 3376 4522 se
3402 4469 3490 4520 lu-

1910 4569 2058 4621 cere,
2079 4557 2172 4609 sed
2203 4554 2333 4609 solis
2347 4554 2613 4624 splendor
2631 4556 2834 4612 dicitur
2855 4559 2908 4612 in
2927 4572 2996 4613 eo
3018 4572 3307 4629 apparere,
3333 4560 3407 4614 ita
3432 4570 3493 4614 ut

1907 4655 1962 4698 et
1995 4646 2299 4700 naturalem
2323 4661 2477 4701 suam
2511 4648 2910 4704 obscuritatem
2944 4665 3051 4704 non
3081 4650 3295 4720 perdat,
3326 4661 3383 4706 et
3409 4653 3493 4705 lu-

1909 4747 2029 4793 Cem
2066 4741 2546 4804 supervenientem
2602 4743 2657 4796 in
2690 4758 2750 4798 se
2786 4743 3038 4815 recipiat,
3095 4745 3169 4799 ita
3201 4746 3489 4800 rationalis

1907 4839 2126 4884 nostrae
2162 4841 2390 4887 naturae
2429 4848 2577 4903 pars,
2628 4834 2757 4888 dum
2786 4835 3157 4904 praesentiam
3192 4834 3288 4891 Dei
3324 4835 3491 4892 Verbi

1908 4921 2174 4990 possidet,
2195 4938 2302 4977 non
2326 4938 2425 4992 per
2451 4940 2512 4978 se
2539 4925 3013 4995 resintelligibiles
3026 4937 3080 4983 et
3107 4926 3280 4982 Deum
3302 4942 3491 4993 suum,

1908 5013 2005 5067 sed
2029 5029 2130 5083 per
2158 5015 2386 5070 insitum
2412 5018 2519 5071 sibi
2542 5016 2790 5071 divinum
2810 5018 2995 5072 lumen
3019 5019 3321 5088 cognoscit.
3350 5023 3490 5073 Auut

1910 5109 2087 5174 ipsum
2113 5105 2348 5162 Verbum
2378 5124 2434 5164 ιι
2458 5108 2577 5164 Non
2604 5124 2701 5165 vos
2729 5128 2777 5177 ι,
2797 5111 2999 5180 inquit,
3024 5113 3291 5181 cestisqui
3312 5112 3491 5179 loqui-

1882 5200 2067 5265 'miui,
2109 5200 2205 5254 sed
2264 5200 2506 5272 Spiritus
2538 5204 2708 5259 vestri
2776 5203 2979 5271 Patris,
3011 5205 3104 5274 qui
3151 5205 3395 5274 loquitur
3436 5206 3488 5256 in

1914 5294 2071 5348 vobis
2117 5314 2162 5349 ι.
2198 5295 2311 5351 llac
2368 5314 2473 5351 una
2528 5298 2806 5353 sententia
2862 5299 3034 5353 voluit
3072 5311 3173 5352 nos
3205 5300 3403 5351 dooere
3433 5297 3489 5350 id

1910 5389 2088 5457 ipsum
2122 5389 2178 5443 in
2219 5392 2421 5445 ceteris
2480 5392 2808 5463 intelligere,
2864 5407 2929 5446 ac
2968 5404 3190 5460 semper
3248 5389 3302 5444 in
3357 5406 3490 5444 aure

1909 5484 2095 5537 cordis
2120 5484 2299 5538 nostri
2329 5482 2589 5539 ineﬂabili
2622 5487 2786 5541 modo
2809 5500 3005 5539 sonare
3031 5500 3046 5537 :
3080 5499 3180 5537 nos
3211 5496 3310 5537 vos
3335 5484 3490 5549 estis,

1911 5580 2001 5645 qui
2037 5577 2252 5643 lucetis,
2288 5580 2382 5633 sed
2417 5579 2658 5648 Spiritus
2699 5579 2873 5633 Patris
2896 5578 3086 5644 vestri,
3123 5576 3219 5649 qui
3256 5578 3403 5634 lucet
3438 5596 3491 5633 ιιι

1914 5669 2088 5739 vobis,
2121 5671 2220 5727 hoc
2249 5684 2351 5742 est,
2382 5688 2465 5729 me
2488 5675 2539 5728 in
2576 5672 2735 5726 vobis
2766 5674 2944 5727 lucere
2977 5674 3133 5727 vobis
3157 5674 3492 5737 manilestat,
3520 5707 3524 5710 ι

3029 5763 3097 5826 10
