3920 6154
312 213 408 271 2.43

1244 196 1476 268 ttoutL.
1519 206 1583 267 lN
1618 210 1915 269 rumne.
1957 208 2183 270 eum.
2251 214 2398 270 SEC.
2438 208 2625 270 που.

3436 214 3542 269 294

314 331 391 399 qui
417 328 476 381 de
500 324 730 382 occultis
746 334 977 385 naturae
1004 322 1211 381 sinibus
1234 323 1289 382 in
1314 329 1465 385 hunc
1494 329 1751 385 mundum
1776 347 1871 400 per
1902 334 1946 391 Α
1979 333 2305 387 imminuisse.
2324 333 2648 387 'l‘rcstameu
2676 330 2905 387 tinnulos
2933 317 3190 387 debemus
3218 320 3518 403 intelligere

308 415 691 490 generatiomm
742 415 875 475 10015
926 414 1378 488 mulput'ibttsque
1418 420 1683 484 veniunt,
1720 435 1874 476 acce-

307 509 455 585 peris,
492 507 669 578 qualis
709 505 1038 569 iluntinatio
1062 519 1149 569 est
1176 510 1229 564 in
1256 509 1361 565 hac
1389 512 1499 572 vita
1526 512 1875 570 nascentibus

307 609 359 659 ut
382 599 677 661 moriantur
694 637 711 659 ,
754 600 1133 669 crescentibm
1160 607 1219 654 ut
1242 602 1667 671 eorruntpantur
1683 640 1698 664 ,
1720 615 1873 661 cotu-

306 689 480 763 positis
507 695 569 748 ut
592 693 901 755 solvantur,
933 691 1002 747 de
1034 690 1357 761 quietudine
1399 690 1612 751 silentis
1648 700 1873 753 naturae

306 781 353 837 in
386 779 811 854 inquietudinem
828 778 1212 841 tumultuantis
1233 778 1486 837 miseriae
1517 778 1871 845 cadentibus?

306 875 410 935 Dic.
439 886 665 943 quaeso,
693 869 871 940 qualis
896 868 986 925 lux
1016 879 1136 924 erat
1164 867 1470 938 spiritualis
1512 877 1568 924 et
1595 876 1873 940 vera‘prov

304 964 483 1019 creatis
504 965 561 1017 in
590 962 699 1018 vita
725 961 1039 1029 transitoria
1063 970 1117 1017 et
1132 957 1310 1017 falsa?
1336 960 1604 1032 Numquid
1635 964 1871 1023 mundus

304 1054 392 1109 iste
438 1052 690 1109 alienatis
720 1066 751 1113 ξι
792 1066 925 1111 .vero
964 1051 1180 1119 lutnine
1229 1052 1558 1111 conveniens
1606 1053 1871 1109 habitatio

302 1145 410 1198 est?
438 1142 714 1211 Nquuid
749 1141 899 1215 regio
920 1141 1152 1207 umbrae
1180 1142 1397 1207 mortis,
1429 1152 1484 1196 et
1508 1141 1868 1213 lacrypuarnm

305 1233 565 1301 vallis,.et
593 1232 930 1303 ignorantiae
966 1228 1338 1302 profundum,
1368 1240 1423 1285 et
1452 1238 1672 1287 terrena
1714 1232 1871 1289 habi-

302 1325 438 1390 tatio,
470 1326 769 1389 httmanum
812 1323 1054 1391 animum
1092 1334 1432 1393 aggravans,
1464 1329 1517 1393 et
1546 1339 1613 1379 ex
1646 1324 1758 1381 veri
1786 1320 1869 1387 lu-

301 1416 445 1471 minis
471 1415 719 1477 contuitu
765 1413 1053 1479 interjorrs
1077 1413 1264 1471 oculos
1304 1412 1599 1480 elimitans,
1627 1427 1734 1469 non
1766 1415 1866 1469 im-

299 1509 475 1565 merito
502 1509 753 1573 dicitur?
799 1506 917 1571 Non
950 1522 1089 1579 ergo
1135 1508 1200 1567 de
1244 1506 1332 1570 iis,
1391 1507 1484 1577 qui
1533 1508 1601 1564 de
1635 1508 1866 1569 occultis

279 1597 548 1655 seminum
585 1597 766 1661 causis
793 1597 847 1652 in
873 1597 1080 1667 species
1103 1611 1396 1668 corporeas
1416 1598 1737 1668 procedunt,
1772 1599 1866 1653 de-

1976 422 2218 490 Quorum
2242 423 2450 494 primus
2472 432 2580 487 est,
2609 423 2700 492 qui
2726 422 2972 479 absolute
3006 421 3136 478 solis
3186 420 3542 478 invisibilihns

1974 522 2030 567 et
2073 513 2449 583 spiritualibus
2494 516 2750 568 virtutmn
2785 513 3041 583 impletur
3083 513 3437 577 substantiis;
3488 512 3542 567 in

1970 616 2133 671 quem
2160 602 2469 672 quicunque
2497 603 2724 665 venerit,
2752 601 2968 671 plenam
3012 610 3172 657 verae
3197 596 3338 657 lucis
3362 598 3540 671 possi-

1966 690 2067 743 det
2091 690 2576 761 participationem.
2622 690 2930 755 Secundus,
2960 689 3054 761 qui
3089 690 3332 761 praefato
3377 705 3544 760 oppo-

1966 778 2117 833 nitur
2146 794 2178 835 e
2208 779 2441 844 diverso,
2488 781 2746 851 quoniam
2776 781 3020 843 absolute
3065 797 3131 837 ex
3186 782 3541 839 invisibilibus

1972 876 2029 921 et
2084 869 2462 938 corporalibus
2518 870 2866 926 constituitur
2908 873 3133 927 naturis.
3180 872 3250 927 Et
3295 875 3543 944 quamvis

1972 958 2343 1014 universitatis
2366 958 2603 1025 infimam
2634 961 2873 1015 obtineat
2902 963 3330 1031 proportionem,
3375 963 3432 1019 in
3475 980 3543 1023 en

1966 1059 2151 1105 salven
2174 1059 2299 1104 erat
2328 1049 2588 1115 Verbum,
2626 1059 2682 1105 et
2720 1065 2815 1121 per
2855 1049 3090 1106 Verbum
3132 1051 3309 1108 facitis
3340 1062 3448 1119 est,
3484 1062 3542 1109 et

1959 1150 2055 1198 ‘est
2088 1144 2298 1212 primus
2337 1142 2537 1213 gradus
2566 1144 2633 1197 ad
2675 1143 3037 1212 cognitionem
3068 1145 3312 1201 veritatis
3354 1160 3542 1201 ascen-

1966 1233 2101 1289 dere
2138 1245 2234 1301 per
2275 1245 2469 1287 sensus
2506 1231 2837 1297 volentibus;
2891 1233 3102 1302 species
3135 1248 3366 1304 namque
3416 1235 3542 1289 visi-

1964 1321 2155 1376 bilium
2202 1321 2270 1376 ad
2324 1321 2687 1392 cognitionem
2736 1322 3082 1377 invisibilium
3128 1323 3537 1379 ratiocinantem

1964 1412 2194 1467 attrahit
2220 1412 2481 1469 animum.
2515 1412 2730 1468 Tertius
2754 1413 2985 1468 mundus
3026 1421 3129 1481 est,
3151 1413 3245 1485 qui
3272 1414 3538 1471 rationem

1968 1501 2277 1559 medietatis
2319 1501 2502 1566 habet,
2548 1511 2605 1557 et
2647 1502 2981 1572 superiorem
3011 1504 3353 1573 spiritalium.
3378 1513 3432 1559 ct
3458 1506 3541 1563 iu-

1966 1588 2221 1646 feriorem
2238 1591 2595 1661 corporalium
2617 1592 2669 1646 in
2693 1608 2751 1648 se
2782 1592 2897 1661 ipso
2918 1594 3151 1663 copulat,
3171 1603 3225 1651 et
3248 1595 3314 1651 de
3326 1596 3541 1655 duobus

297 1684 468 1740 bemus
499 1685 804 1755 intelligere
835 1702 850 1739 :
882 1701 1018 1756 quae
1065 1685 1328 1743 illuminat
1357 1702 1561 1747 onlnem
1606 1688 1863 1743 hominem
1898 1685 1941 1743 Β
1968 1696 2135 1739 unum
2172 1681 2324 1748 facit,
2355 1692 2411 1738 et
2438 1682 2491 1737 in
2522 1683 2741 1741 homine
2778 1683 2895 1739 solo
2940 1684 3291 1755 intelligitur,
3333 1685 3389 1741 in
3431 1700 3539 1755 quo

297 1775 565 1829 "aiatait
598 1776 656 1829 in
682 1776 937 1829 mundum
962 1815 977 1840 ,
1006 1775 1103 1829 sed
1148 1777 1215 1830 de
1254 1774 1350 1841 iis,
1379 1776 1470 1845 qui
1513 1776 1868 1845 spiritualiter

296 1878 383 1934 per
405 1865 813 1937 generationem
838 1869 1067 1936 gratiae,
1100 1879 1238 1936 quae
1261 1864 1494 1920 daturin
1518 1866 1888 1936 baptismate,.

297 1956 344 2009 in
391 1956 648 2012 mundum
698 1955 923 2017 veniunt
973 1944 1335 2018 invisibilem,
1365 1954 1456 2027 qui
1500 1955 1864 2025 nativitatem,

297 2062 417 2120 quae
440 2047 745 2103 secundum
776 2045 1129 2118 corruptibile
1156 2061 1354 2117 corpus
1383 2055 1487 2113 est,
1525 2058 1862 2117 spernentes,

296 2140 645 2203 nativitatem,
673 2153 812 2208 quae
850 2146 933 2193 est
979 2137 1273 2192 secundum
1325 2136 1597 2211 spiritum,
1636 2136 1863 2208 eligunt,

298 2231 542 2285 mundum
569 2230 664 2301 qui
696 2230 950 2285 deorsum
981 2236 1065 2282 est
1093 2227 1397 2291 calcantes,
1427 2237 1479 2283 et
1510 2227 1560 2281 in
1606 2230 1864 2287 mundmn

296 2322 378 2401 qui
402 2324 695 2377 desursum
719 2330 805 2375 est
831 2320 1221 2384 ascendentes,
1274 2319 1494 2375 umbras
1528 2320 1866 2388 ignorantiae

297 2421 343 2467 et
368 2413 557 2468 mortis
584 2411 903 2479 deserentes
922 2451 938 2475 ,
987 2410 1160 2465 lucem
1197 2410 1496 2481 sapientiae
1525 2419 1578 2465 et
1605 2411 1747 2465 vitae
1772 2427 1867 2489 ap-

295 2514 560 2573 petentes,
611 2502 702 2557 lilii
757 2503 1034 2559 hominum
1085 2516 1205 2558 esse
1245 2502 1583 2567 desinentes,
1629 2503 1722 2557 ﬁlii
1770 2505 1863 2558 Dei

297 2596 400 2652 ﬁeri
430 2597 776 2659 inchoantes,
807 2595 1067 2650 mundum
1103 2595 1356 2653 vitiorum
1378 2604 1766 2667 postponentes
1810 2606 1864 2651 et

298 2688 345 2739 in
370 2687 678 2756 semetipsis
708 2687 1050 2741 destruentes
1077 2725 1092 2750 ,
1140 2686 1400 2740 mundum
1432 2686 1693 2740 virtutum
1739 2695 1865 2745 ante

297 2776 468 2832 oculos
498 2777 702 2832 mentis
729 2776 1139 2837 constituentes,
1172 2785 1227 2829 et
1256 2775 1307 2829 in
1339 2790 1461 2830 eum
1503 2777 1632 2831 totis
1662 2778 1865 2834 viribus

298 2873 583 2925 ascendere
624 2870 914 2924 inhiantes.
950 2869 1056 2925 Eas
1088 2869 1268 2938 itaque
1289 2883 1416 2922 vera
1454 2851 1861 2935 luiailluminat,

297 2960 377 3029 qui
412 2959 465 3015 in
506 2959 766 3015 mundum
818 2960 1073 3013 virtutum
1110 2960 1350 3023 veniunt,
1386 2974 1490 3013 non
1527 2975 1643 3025 eos,
1672 2962 1777 3032 .qui
1808 2962 1861 3015 in

297 3052 544 3104 mundum
580 3051 833 3113 vitiorum
878 3056 1060 3103 ruunt.

359 3141 423 3197 in
447 3143 645 3197 mundo
677 3151 808 3195 erat.
839 3141 894 3195 In
923 3139 1026 3195 hoc
1052 3139 1171 3195 loco
1200 3140 1455 3194 mundum
1496 3139 1728 3211 appellat
1753 3154 1858 3193 non

293 3235 453 3291 solum
483 3231 812 3306 generaliter
834 3230 1099 3286 visibilem
1122 3242 1451 3297 creaturam,
1480 3248 1666 3287 verum
1696 3233 1858 3287 etiam

293 3324 591 3394 specialiter
633 3322 911 3391 rationalis
956 3330 1199 3384 naturae,
1249 3336 1390 3390 quae
1426 3322 1476 3375 in
1507 3321 1725 3376 homine
1754 3331 1858 3384 est,

294 3416 663 3470 substantiam.
705 3414 761 3468 In
804 3414 888 3468 his
927 3412 1195 3484 siquidem
1236 3414 1508 3480 omnibus,
1546 3423 1621 3477 et,
1648 3421 1707 3468 ut
1730 3414 1858 3469 sim-

296 3505 497 3576 pliciter
522 3506 725 3569 dicam,
762 3507 817 3560 in
854 3505 1208 3560 universitate
1259 3504 1477 3560 condita
1501 3502 1738 3559 Verbum
1770 3505 1857 3558 lux

296 3611 413 3654 vera
439 3606 579 3652 erat.
611 3597 756 3652 Idem
780 3596 1046 3661 subsistit,
1072 3604 1128 3650 et
1149 3611 1366 3667 semper
1398 3606 1536 3661 erat,
1575 3597 1699 3667 quia
1726 3614 1861 3650 nuu-

296 3702 445 3760 quam
473 3689 532 3744 in
559 3689 814 3743 omnibus
844 3686 1140 3743 subsistere
1170 3689 1403 3744 desistit.
1450 3688 1521 3744 Ut
1558 3689 1723 3751 enim,
1768 3688 1858 3757 qui

298 3778 543 3852 loquitur,
568 3781 694 3836 dum
722 3778 981 3848 loquitur,
1004 3779 1202 3834 desinit
1226 3794 1331 3834 vox
1357 3777 1474 3846 eius
1494 3794 1639 3843 esse,
1667 3780 1865 3834 desinit

296 3878 349 3926 et
370 3871 686 3928 evanescit:
718 3872 799 3925 sic
842 3870 1093 3925 caelestis
1132 3870 1302 3924 'Pater
1341 3873 1385 3925 si
1426 3873 1661 3927 Verbum
1704 3886 1860 3927 sumn

293 3959 433 4032 loqui
460 3962 715 4023 cessarit,
756 3959 982 4016 eﬂ‘ectus
1013 3960 1196 4028 Verbi,
1248 3964 1351 4017 hoc
1389 3972 1494 4028 est,
1541 3963 1864 4017 universitas

298 4054 504 4110 condita
550 4070 656 4110 non
687 4053 1014 4108 substiterit.
1048 4051 1426 4109 Universitatis
1457 4069 1692 4124 namque
1738 4070 1865 4109 con-

296 4141 433 4200 ditae
456 4142 773 4200 substitutio
801 4151 884 4197 est
905 4151 960 4196 et
980 4142 1290 4211 permansio
1320 4142 1413 4199 Dei
1442 4142 1618 4197 Patris
1640 4143 1864 4209 locutio,

293 4232 393 4289 hoc
423 4244 532 4300 est,
569 4244 792 4289 aeterna
832 4242 887 4288 et
916 4233 1389 4289 incommutabilis
1431 4234 1515 4289 sui
1568 4232 1730 4290 Verbi
1776 4248 1866 4302 ge-

295 4329 517 4383 neratio.
553 4327 741 4383 Potest
782 4328 949 4381 etiam
1002 4342 1108 4382 non
1156 4327 1599 4383 irrationabiliter
1644 4330 1711 4384 de
1762 4329 1866 4383 hoc

1964 1773 2145 1829 omnis
2188 1782 2438 1829 creatura
2482 1773 2771 1833 adunatur.
2817 1772 3054 1843 Corpore
3078 1775 3225 1831 enim
3248 1784 3461 1835 constat
3485 1785 3540 1829 et

1965 1865 2167 1923 anima.
2210 1864 2420 1934 Corpus
2464 1864 2530 1925 de
2576 1864 2679 1921 hoc
2733 1865 2951 1925 mundo,
2990 1865 3226 1929 animam
3256 1865 3324 1920 de
3369 1865 3541 1921 altern

1966 1959 2167 2015 mundo
2206 1958 2497 2029 colligens,
2548 1973 2713 2017 unmn
2753 1958 2887 2016 facit
2933 1966 3206 2017 ornatum.
3244 1959 3313 2015 Et
3342 1972 3539 2029 corpus

1966 2050 2183 2120 quidem
2214 2065 2438 2107 omnem
2473 2065 2814 2120 corpoream,
2845 2050 3026 2117 anima
3058 2064 3187 2107 vero
3213 2064 3428 2111 omnem
3457 2051 3537 2105 in-

1964 2153 2277 2210 corporeatn
2305 2139 2546 2210 possidet
2572 2150 2839 2195 naturam.
2858 2139 3031 2205 Quae,
3056 2139 3183 2195 dum
3220 2140 3539 2209 compagine

1966 2244 2072 2284 um
2114 2228 2529 2301 conglobantur,
2560 2242 2721 2291 cuine
2752 2229 3079 2291 mundanum
3112 2228 3345 2289 hominis
3374 2230 3542 2285 conii-

1962 2319 2117 2377 ciunt
2158 2328 2561 2383 ornamentum.
2614 2317 2847 2387 ldeQQue
2878 2319 3039 2381 homo
3079 2318 3279 2383 dicitur
3318 2318 3535 2382 omnis;

1963 2411 2139 2466 omnis
2188 2424 2422 2478 namque
2469 2416 2719 2464 creatura
2762 2424 2814 2475 tu
2867 2409 2984 2479 ipso
3026 2407 3174 2469 velut
3217 2407 3270 2463 in
3323 2407 3538 2463 ollicinn

1963 2504 2196 2575 quatiam
2224 2501 2523 2563 caullator.
2566 2500 2704 2565 Hinc
2733 2510 2789 2557 et
2820 2501 2936 2572 ipse
2964 2500 3223 2559 Dominus
3261 2501 3538 2570 praedica-

1965 2596 2102 2653 turis
2128 2596 2407 2666 discipulis
2434 2596 2712 2665 praecepit
2742 2612 2755 2649 :
2792 2612 2814 2646 ι
2846 2594 3167 2655 Praedicate
3187 2592 3537 2664 Evangelium

1963 2688 2111 2743 omni
2128 2697 2423 2744 creaturae
2452 2706 2500 2742 t.
2526 2686 2817 2754 lsteigitur
2840 2686 3090 2749 mundus,
3112 2685 3221 2743 hoc
3249 2694 3333 2740 est
3344 2686 3536 2749 homo,

1965 2778 2283 2834 Creatorem
2314 2794 2471 2841 suum
2510 2795 2617 2835 non
2679 2778 2968 2849 cognovit,
3020 2792 3195 2846 neque
3246 2793 3343 2847 per
3406 2777 3540 2842 legis

1964 2869 2201 2938 scriptae
2242 2868 2511 2939 symbola,
2558 2883 2735 2938 neque
2759 2884 2856 2938 per
2886 2868 3112 2948 visibilis
3128 2877 3412 2933 creaturae
3439 2885 3535 2937 pa-

1966 2961 2262 3031 radigtnata
2297 2961 2466 3017 Deum
2493 2976 2649 3018 suum
2668 2961 2841 3019 .voluit
2862 2975 3210 3029 cognoscere,
3236 2962 3534 3019 carnalium

1888 3041 1934 3103 C
1964 3052 2351 3123 cogitationum
2379 3052 2608 3109 vinculis
2626 3054 2895 3109 detentus.
2932 3051 3001 3105 Et
3035 3052 3263 3109 mundus
3290 3068 3406 3113 eum:
3428 3069 3535 3107 non

1963 3147 2216 3215 cognovit.
2258 3145 2372 3202 Non
2410 3147 2665 3218 cognovit
2690 3147 2853 3203 homo
2872 3144 3046 3202 Deum
3078 3144 3332 3208 Verbum,
3362 3160 3541 3216 neque

1964 3248 2088 3292 ante
2109 3238 2681 3309 humanationemcjus
2698 3252 2796 3309 per
2807 3253 2866 3293 se
2880 3237 2994 3293 sola
3014 3237 3298 3292 divinitate
3313 3238 3533 3297 nudum.

1963 3341 2063 3382 nec
2090 3336 2211 3397 post
2240 3328 2679 3384 humanationem
2704 3327 2818 3385 sola
2862 3327 3232 3383 incarnatione
3259 3327 3533 3384 vestitum.

1962 3417 2287 3473 lnvisibilem
2351 3419 2662 3489 ignorabat,
2717 3416 2983 3475 visibilem
3034 3417 3295 3487 negabat.
3359 3416 3534 3475 Noluit

1964 3522 2227 3577 quaerere
2260 3515 2612 3578 quaerentem
2653 3522 2744 3572 se;
2777 3507 2947 3563 noluit
2988 3507 3174 3562 audire
3216 3515 3534 3571 vocantem;

1965 3596 2136 3657 noluit
2168 3597 2345 3655 colere
2390 3596 2761 3663 deiﬁcantem;
2794 3595 2964 3655 noluit
3006 3595 3246 3666 recipere
3280 3597 3541 3667 recipien-

1967 3697 2095 3743 tem.

2037 3779 2103 3837 In
2130 3782 2525 3853 propriavenig,
2560 3783 2613 3837 in
2642 3796 2706 3838 ea
2751 3781 3031 3844 videlicet,
3054 3794 3210 3850 .quae
3239 3780 3536 3855 peripsugm

1966 3867 2107 3927 facta
2136 3881 2284 3935 sunt,
2318 3886 2383 3929 ac
2404 3886 2503 3943 per
2536 3874 2638 3933 hoc
2670 3871 2889 3942 propria
2940 3870 3085 3931 illius
3122 3885 3228 3927 non
3265 3860 3540 3929 immerito
3584 3860 3591 3863 ’

1967 3969 2113 4021 sunt.
2138 3960 2317 4022 Enni
2345 3979 2462 4021 cum
2486 3961 2640 4035 [non]
2676 3962 2692 3993 ¹
2722 3970 3036 4030 receperunt.
3064 3959 3173 4015 Sui
3193 3967 3318 4015 sunt
3348 3973 3542 4016 omnes

1968 4038 2231 4115 homines,
2254 4067 2394 4122 quies
2412 4043 2579 4109 voluit
2608 4050 2875 4109 redimere
2892 4058 2957 4104 et
2988 4048 3236 4107 redemit.

2036 4142 2309 4217 Quotquot
2336 4154 2510 4203 autem
2538 4151 2837 4213 receperam
2871 4157 3013 4207 eum,
3040 4139 3182 4197 dedit
3217 4141 3291 4193 eis
3318 4150 3544 4208 potesta-

1970 4256 2069 4301 tem
2097 4242 2236 4313 ﬁlios
2262 4241 2361 4297 Dei
2414 4238 2550 4307 ﬁeri,
2580 4235 2906 4293 credentibus
2936 4235 2990 4288 in
3018 4234 3227 4288 neruine
3254 4235 3391 4304 ejus.
3419 4233 3539 4289 .lam

1970 4334 2228 4390 dividitur
2252 4345 2360 4387 non
2400 4327 2709 4385 humanitas
2744 4324 3026 4381 rationalis
3066 4322 3273 4388 mundi,
3308 4325 3404 4379 sed
3442 4339 3541 4379 vo-

297 4416 489 4473 mundo
515 4416 760 4473 sensibili
787 4416 1127 4473 solummodo
1163 4417 1298 4472 haec
1337 4420 1605 4472 sententia
1651 4420 1862 4488 pracdi~
1894 4408 1942 4468 Ῑ)
1970 4427 2179 4490 luntas;
2213 4428 2564 4494 segregantur
2598 4426 2907 4487 receptores
2963 4415 3230 4473 incantati
3290 4415 3447 4473 Verbi
3510 4432 3540 4469 a

296 4507 422 4573 cari,
448 4523 585 4578 quae
609 4508 687 4564 ait
719 4526 733 4562 :
767 4506 834 4563 In
858 4508 1054 4563 mundo
1079 4520 1212 4574 erat,
1249 4520 1297 4564 et
1324 4511 1549 4565 mundus
1573 4528 1665 4581 per
1690 4514 1859 4581 ipsum

298 4596 460 4664 {caus
488 4607 579 4653 est.
610 4597 693 4654 Ne
714 4597 855 4654 forte
878 4599 1000 4668 quis
1036 4608 1255 4668 putaret
1287 4600 1598 4656 Manicheae
1622 4602 1865 4659 haeresis

296 4701 534 4755 consors,
561 4689 821 4746 mundum
848 4692 1122 4761 corporeis
1140 4692 1391 4748 sensibus
1418 4696 1859 4751 succumbentem

295 4779 555 4837 adiabolo
577 4781 746 4837 fuisse
770 4791 1033 4844 creatum,
1067 4792 1121 4836 et
1149 4798 1254 4836 non
1285 4798 1315 4837 a
1341 4782 1599 4839 Creatore
1620 4785 1861 4841 omnium

294 4870 579 4929 visibilium
604 4883 660 4929 et
688 4874 1068 4940 invisibilium,
1108 4874 1391 4946 theologus
1424 4877 1699 4933 subnectit
1748 4896 1760 4930 :
1796 4878 1861 4933 lu

294 4970 487 5018 mundo
518 4977 652 5032 erat,
688 4967 797 5023 hoc
825 4976 928 5030 est,
972 4968 1025 5022 in
1080 4968 1183 5022 hoc
1212 4969 1412 5022 mundo
1453 4979 1572 5023 erat
1613 4970 1725 5033 ille,
1771 4970 1861 5039 qui

294 5056 532 5110 continet
564 5058 769 5121 omnia,
823 5067 871 5111 et
916 5058 1138 5111 mundus
1185 5074 1278 5127 per
1329 5060 1500 5127 ipsum
1544 5058 1715 5128 factus
1766 5071 1861 5113 est.

294 5139 407 5198 lion
434 5144 577 5200 enim
600 5148 658 5202 in
691 5146 883 5202 alienis
909 5147 1162 5217 operibus
1201 5148 1571 5203 universitatis
1618 5150 1867 5203 conditur

292 5230 523 5298 habitat,
559 5236 653 5291 sed
687 5239 742 5290 in
778 5236 893 5291 suis
928 5250 1067 5305 quae
1106 5235 1252 5291 fecit.
1290 5236 1736 5292 Auimadvertere
1773 5239 1866 5294 de-

293 5324 504 5395 bemus,
534 5329 749 5385 beatum
793 5329 1174 5399 evangelistam
1224 5329 1551 5397 generaliter
1607 5331 1863 5385 mundum

1555 5461 1711 5517 VARI
1730 5463 1806 5517 \E
1844 5462 2246 5521 LECTI'ONES.

366 5581 387 5611 ι
422 5594 528 5634 non
554 5596 657 5636 om.
691 5580 839 5647 cod.,
867 5579 988 5636 add.
1018 5596 1081 5635 ex
1118 5578 1258 5656 erui.

1972 4514 2349 4587 respuentibus
2390 4510 2536 4567 illud.
2565 4507 3027 4566 Fidelescredunt
3052 4506 3343 4563 aduentum
3380 4506 3541 4563 Verbi

1971 4616 2027 4662 et
2053 4605 2282 4662 libenter
2308 4601 2576 4672 recipiunt
2612 4599 2899 4655 Dominum
2934 4599 3042 4654 sui.
3083 4597 3235 4667 lmpii
3265 4607 3467 4670 negant
3488 4608 3539 4654 et

1970 4697 2363 4757 contumaciter
2389 4703 2659 4758 renuunt,
2688 4692 2881 4748 Judaei
2910 4707 3006 4763 per
3028 4691 3317 4755 invidiam,
3350 4693 3540 4762 pagani

1969 4802 2069 4857 per
2118 4785 2492 4857 ignorantiam.
2546 4782 2951 4852 liecipientibus
3005 4779 3152 4837 dedit
3221 4788 3539 4851 potestatem

1974 4877 2113 4931 ﬁlios
2158 4876 2260 4931 .llei
2301 4873 2443 4939 ﬂeri,
2486 4888 2593 4929 non
2622 4871 3006 4941 recipientibus
3038 4870 3148 4927 .dat
3193 4870 3367 4927 adhuc
3411 4883 3534 4938 spa-

1974 4970 2108 5024 tium
2140 4967 2456 5039 recipiendi.
2484 4966 2532 5020 Α
2562 4963 2707 5020 nullo
2735 4963 2881 5019 enim
2922 4959 3168 5023 mdertur
3216 4958 3542 5029 possibilitas
3596 5022 3611 5029 ι

1968 5058 2220 5114 credendi
2247 5057 2300 5112 in
2333 5055 2427 5111 Dei
2444 5054 2674 5118 .Filium,
2704 5061 2761 5108 et
2797 5049 3128 5121 possibilitas
3156 5047 3416 5109 eﬂicicndi
3448 5047 3538 5105 Ι)ιὴ

1968 5149 2170 5213 (illurn;
2204 5151 2307 5204 hoc
2354 5147 2503 5202 enim
2543 5148 2595 5200 in
2638 5143 2871 5200 arbitrio
2912 5141 3151 5198 hominis
3186 5149 3243 5195 et
3280 5152 3538 5206 coOpera-

1969 5241 2115 5295 tione
2134 5239 2346 5309 gratiae
2368 5237 2722 5292 constitutum
2752 5241 2858 5289 est.
2899 5230 3109 5298 Quibus
3137 5228 3284 5283 dedit
3305 5236 3530 5296 potest:-

1970 5340 2079 5385 tem
2135 5328 2276 5383 ﬁlios
2321 5326 2416 5383 Dei
2478 5326 2629 5383 ﬁeri?
2678 5322 3084 5394 Recipientibus
3132 5332 3227 5379 se,
3290 5315 3539 5371 videlicet

3354 5488 3468 5556 ,κδ’
