3952 6156
360 225 466 285 295

1727 219 2008 276 JOA‘NMS
2091 221 2288 278 SCOTl

3509 229 3611 282 296

363 338 703 395 credentibus
723 335 776 390 iu
801 335 1014 390 nomine
1032 331 1166 401 ejus.
1185 330 1333 386 Multi
1359 328 1932 399 recipiuutCliristum.
1969 329 2009 387 Α
2041 337 2390 392 εςρειιάεηιίε
2418 338 2486 394 ad
2518 337 2756 404 patrem,
2786 339 3006 410 quando
3035 339 3105 395 ab
3129 341 3333 412 angelis
3365 358 3613 411 355mm»

361 430 552 487 Ariani
595 427 863 497 recipiunt
905 441 1049 498 eum,
1082 425 1174 478 sed
1211 437 1315 476 non
1358 421 1583 475 credunt
1626 419 1678 472 in
1721 418 1936 472 nomine

363 519 504 588 ejus,
537 533 642 572 non
671 519 898 571 credunt
925 513 1260 583 unigenitum
1289 510 1382 564 Dei
1411 509 1606 564 Filium
1639 507 1787 562 Patri
1809 522 1931 561 con-

363 608 805 669 substantialem;
837 605 1104 675 ὁμοούσιον
1127 616 1250 656 eum
1282 609 1500 670 negant,
1540 600 1641 654 hoc
1659 608 1766 662 est,
1788 597 1936 651 Patri

361 699 798 761 coessentialem;
837 698 1156 772 ἐτεροούσιον
1184 707 1306 748 eum
1347 691 1638 754 afﬁrmant,
1682 690 1785 744 hoc
1831 696 1936 751 est,

361 791 586 845 alterius
613 788 882 844 essentiae
921 801 1082 855 quam
1120 784 1280 838 Pater
1317 791 1420 835 est.
1461 781 1540 834 Ac
1569 794 1664 850 per
1701 780 1938 836 hocnon

359 883 582 953 prodest
605 883 684 936 eis
706 879 980 935 Christum
1015 877 1256 944 recipere
1277 916 1292 941 ,
1328 875 1455 929 dum
1487 880 1755 926 conantur
1797 869 1940 924 veri-

361 986 524 1028 tatem
557 973 674 1043 ejus
700 987 916 1043 negare.
947 970 1047 1036 Qui
1088 984 1218 1023 vero
1251 967 1518 1036 recipiunt
1542 964 1817 1019 Christum
1845 976 1939 1016 ve-

361 1082 476 1120 rum
527 1066 696 1121 Deum
747 1072 802 1119 et
851 1078 1038 1117 verum
1088 1060 1383 1123 hominem,
1414 1066 1469 1112 et
1498 1059 1602 1111 hoc
1631 1054 1942 1110 firmissime

359 1157 605 1221 credunt,
635 1155 714 1210 eis
740 1153 1068 1225 possibilitas
1101 1151 1226 1205 data
1257 1158 1342 1203 est
1378 1147 1518 1201 ﬁlios
1549 1147 1643 1202 Dei
1679 1145 1818 1201 ﬁeri.

2047 438 2133 485 lus
2166 441 2250 485 est
2285 430 2339 484 in
2372 432 2602 486 caelum.
2646 415 2902 502 Et'super
2941 432 3078 489 haec
3117 436 3304 488 omnia
3349 435 3615 490 altissimo

2041 525 2509 590 mentiscontuitu
2531 526 2934 594 contemplatus
2949 526 3178 589 esillud.
3205 528 3328 582 dico
3349 527 3611 594 Verbum,

2042 615 2096 668 in
2128 616 2400 686 principio
2426 631 2527 671 suo
2551 617 2694 685 apud
2724 617 2938 672 Patrem
2963 635 3144 685 suum,
3180 620 3272 673 uhl
3301 621 3483 675 vidisti
3503 623 3612 689 glu-

2041 707 2176 761 riam
2209 709 2330 775 ejus
2367 708 2522 777 quasi
2547 708 2808 777 unigeniti
2840 725 2870 762 a
2892 711 3069 766 Patre.
3102 708 3327 765 Plenum
3349 715 3535 781 gratia.-
3563 721 3613 764 et

2037 799 2294 855 veritatis.
2338 801 2546 870 Duplex
2587 802 2748 872 hujus
2782 803 2996 872 periodi
3039 804 3354 859 intellectus
3386 816 3488 859 est.
3516 805 3616 856 Po-

2039 901 2146 947 test
2178 895 2323 948 enim
2373 894 2440 948 de
2493 895 2858 960 humanitate,
2913 911 2978 950 ac
3013 895 3302 950 divinitate
3348 896 3613 950 incarnati

2037 985 2200 1039 Verbi
2240 986 2432 1055 accipi,
2464 987 2536 1041 ita
2588 995 2647 1040 ut
2688 988 2973 1055 plenitudo
3005 987 3212 1056 gratiae
3235 987 3507 1042 referatur
3546 990 3612 1040 ad

2037 1077 2464 1144 humanitatem,
2492 1078 2778 1148 plenitudo
2810 1095 2940 1134 vero
2973 1081 3229 1135 veritatis
3261 1079 3326 1132 ad
3360 1079 3608 1133 divinita-

2037 1180 2165 1225 tem.
2219 1169 2456 1225 Verbum
2505 1171 2706 1241 quippe
2740 1171 3084 1226 incarnatum
3135 1169 3399 1226 Dominus
3431 1183 3618 1226 uoster

430 1248 535 1316 Qui
560 1265 663 1302 non
688 1264 752 1302 ea:
773 1245 1112 1316 sanguinibus
1135 1284 1150 1308 ,
1176 1257 1338 1312 neque
1365 1256 1429 1293 ea:
1457 1237 1720 1293 voluntate
1741 1237 1936 1302 carnis,

2042 1264 2192 1320 Iesus
2223 1261 2479 1318 Christus
2501 1263 2897 1332 plenitudinem
2926 1265 3131 1335 gratiae
3158 1263 3460 1319 secundum
3511 1265 3616 1318 hu.

360 1357 521 1412 neque
546 1356 611 1394 ex
637 1337 900 1393 voluntate
928 1337 1043 1400 viri,
1083 1336 1172 1388 sed
1214 1349 1278 1387 ea:
1303 1331 1411 1384 Deo
1453 1330 1562 1384 nati
1592 1338 1734 1383 sunt.
1761 1327 1820 1382 In
1843 1341 1941 1381 an-

362 1435 524 1503 tiquis
569 1431 901 1487 Graecorum
940 1425 1339 1496 exemplaribus
1374 1424 1710 1479 solummodo
1749 1423 1941 1479 scribi-

361 1535 450 1579 tur
483 1543 495 1578 :
531 1523 633 1588 Qui
663 1539 767 1576 non
805 1537 869 1574 ex
901 1519 1272 1589 sanguinibus,
1300 1516 1390 1571 sed
1421 1533 1484 1570 ea:
1510 1517 1620 1571 Deo
1650 1517 1762 1571 nati
1795 1525 1936 1570 sunt.

361 1616 476 1670 Non
513 1631 583 1670 ex
627 1613 1001 1683 sanguinibus,
1032 1610 1222 1679 inquit,
1253 1609 1357 1665 hoc
1386 1617 1498 1674 est,
1545 1624 1651 1661 non
1683 1621 1942 1676 corpora-

361 1708 502 1762 libus
525 1676 1013 1775 procreationibus,
1048 1676 1137 1769 qui
1170 1698 1516 1769 adoptionem
1559 1695 1791 1750 ﬁliorum
1845 1695 1941 1750 Dei
1974 1676 2016 1733 Β

362 1798 559 1855 merito
587 1796 709 1851 ﬁdei
741 1794 1143 1864 adipiscuntur;
1177 1790 1273 1844 sed
1308 1805 1339 1843 a
1377 1791 1488 1844 Deo
1515 1787 1677 1842 Patre
1703 1802 1799 1856 per
1823 1785 1944 1856 Spi-

361 1893 523 1948 ritum
552 1898 796 1946 sanctum
830 1888 883 1942 in
921 1883 1376 1941 cohaereditatem
1409 1880 1630 1944 Christi,
1679 1880 1784 1934 hoc
1820 1886 1903 1932 est
1926 1919 1941 1944 ,

359 1985 417 2038 in
447 1979 869 2038 conﬁliolitatem
895 1973 1154 2046 unigeniti
1183 1973 1276 2027 Dei
1299 1973 1421 2026 Filii
1446 1972 1556 2026 nati
1581 1978 1726 2025 sunt.
1761 1969 1945 2041 Neque

361 2089 427 2127 ex
457 2071 719 2126 voluntate
747 2068 954 2131 carnis,
992 2079 1153 2135 neque
1179 2079 1244 2118 ea:
1277 2050 1540 2117 voluntate
1572 2060 1693 2115 viri.
1739 2059 1944 2129 Duplex

364 2161 727 2217 introducitur
773 2172 966 2221 sexus,
1019 2170 1086 2210 ex
1143 2168 1251 2223 quo
1300 2153 1354 2207 in
1397 2165 1564 2206 carne
1606 2150 1943 2206 nascentium

361 2253 654 2308 carnaliter
685 2251 1045 2306 numerositas
1074 2256 1436 2320 propagatur;
1494 2246 1676 2301 carnis
1727 2245 1944 2314 quidem

363 2345 582 2400 nomine
611 2343 926 2403 femineum,
979 2342 1080 2396 viri
1133 2355 1262 2395 vero
1314 2338 1672 2395 masculinum
1712 2350 1946 2407 evange-

362 2436 487 2494 lista
515 2436 838 2506 signiﬁcavit
866 2435 1134 2490 habitum.

430 2527 500 2584 Et
541 2543 609 2582 ne
648 2525 786 2581 forte
828 2527 1016 2580 dicas:
1045 2521 1376 2594 impossibile
1422 2521 1656 2585 videtur,
1689 2517 1946 2573 mortales

361 2621 479 2678 ﬁeri
527 2618 883 2682 immortales,
923 2615 1302 2687 corruptibiles
1347 2612 1695 2682 corruptione
1733 2624 1942 2675 carere,

355 2726 522 2784 puros
552 2709 799 2764 homines
828 2706 965 2760 ﬁlios
995 2705 1089 2760 Dei
1121 2718 1266 2770 esse,
1295 2700 1617 2772 temporales
1643 2698 1942 2754 aeternita-

359 2809 466 2859 tem
485 2801 786 2873 possidere,
810 2813 877 2854 ex
902 2798 990 2864 iis,
1017 2811 1156 2867 quae
1180 2793 1385 2865 majora
1409 2801 1554 2856 sunt,
1582 2792 1766 2860 accipe
1786 2804 1946 2858 argu-

359 2904 633 2959 mentum,
682 2907 789 2962 quo
836 2891 936 2958 rei,
989 2890 1057 2945 de
1103 2903 1206 2960 qua
1259 2887 1495 2951 dubitas,
1552 2884 1730 2954 possis
1783 2881 1942 2938 ﬁdem

359 2987 769 3042 accommodare
794 3003 807 3038 :
839 2983 903 3037 Et
926 2983 1134 3038 verbum
1159 2997 1282 3034 caro
1306 2979 1505 3050 factum
1537 2985 1630 3030 est.
1659 2974 1715 3030 Si
1743 2975 1939 3044 itaque,

355 3077 502 3146 quod
542 3075 662 3146 plus
691 3083 800 3137 est,
836 3071 1026 3142 procul
1050 3069 1213 3125 dubio
1239 3067 1562 3138 praecessit,
1591 3081 1688 3120 cur
1709 3064 1944 3119 incredi-
1971 3053 2014 3114 C

356 3167 466 3223 bile
491 3165 721 3229 videtur,
771 3163 913 3233 quod
963 3162 1144 3216 minus
1190 3167 1294 3224 est,
1343 3170 1503 3228 posse
1550 3156 1844 3227 consequi?
1882 3153 1938 3209 Si

357 3254 526 3313 Filius
555 3255 648 3308 Dei
678 3253 853 3307 factus
881 3259 965 3306 est
991 3252 1174 3314 homo,
1220 3249 1364 3318 quod
1408 3261 1570 3302 nemo
1609 3260 1820 3310 eorum,
1847 3244 1940 3314 qui

357 3358 484 3400 eum
528 3342 816 3411 recipiunt,
866 3337 1113 3406 ambigit,
1146 3336 1274 3406 quid
1303 3336 1522 3400 mirum,
1556 3335 1602 3390 si
1640 3335 1801 3389 homo
1825 3349 1944 3388 cre-

357 3435 493 3490 dens
532 3435 586 3488 in
623 3432 818 3487 Filium
857 3430 952 3484 Dci
992 3429 1133 3484 ﬁlius
1174 3428 1268 3483 Dei
1312 3426 1524 3481 futurus
1575 3426 1680 3480 sit?
1714 3424 1796 3479 Ad
1837 3425 1941 3479 hoc

357 3524 624 3595 siquidem
667 3521 900 3578 Verbum
937 3519 989 3573 in
1019 3534 1238 3574 carnem
1269 3516 1566 3580 descendit,
1598 3524 1658 3570 ut
1684 3515 1736 3569 in
1765 3515 1938 3584 ipsum

359 3636 506 3686 caro,
551 3620 605 3674 id
641 3627 748 3684 est,
778 3618 942 3672 homo
964 3615 1190 3669 credens
1219 3629 1315 3683 per
1343 3626 1563 3667 carnem
1603 3612 1656 3666 in
1705 3611 1940 3667 Verbum

359 3709 637 3774 ascendat,
660 3717 718 3760 ut
749 3721 846 3776 per
871 3702 1170 3758 naturalem
1196 3700 1390 3755 Filium
1421 3701 1757 3772 unigenitum
1784 3701 1938 3755 multi

359 3799 457 3856 ﬁlii
501 3797 805 3854 eﬁiciantur
849 3793 1104 3865 adoptivi.
1150 3792 1268 3848 Non
1299 3800 1520 3862 propter
1548 3792 1780 3861 seipsum
1811 3792 1942 3847 Ver-

359 3891 487 3946 bum
511 3904 637 3944 caro
663 3887 860 3943 factum
887 3897 988 3952 est,
1022 3889 1117 3944 sed
1149 3899 1373 3960 propter
1412 3903 1532 3952 nos,
1578 3887 1670 3958 qui
1711 3903 1814 3942 non
1839 3889 1941 3943 nisi

362 3994 457 4050 per
500 3979 660 4034 Verbi
703 3992 928 4033 carnem
966 3978 1332 4047 potuissemus
1373 3979 1426 4032 in
1466 3976 1559 4032 Dei
1595 3976 1733 4032 ﬁlios
1759 3986 1940 4032 trans-

360 4070 591 4134 mutari;
635 4068 782 4124 solus
827 4069 1128 4136 descendit,
1175 4084 1296 4124 cum
1340 4067 1524 4123 multis
1573 4068 1845 4133 ascendit;
1873 4068 1942 4123 de

360 4161 666 4218 hominibus
717 4159 847 4214 facit
887 4160 1039 4224 deos,
1086 4160 1176 4229 qui
1219 4160 1286 4214 de
1331 4160 1442 4215 Deo
1482 4159 1610 4216 fecit
1642 4159 1937 4215 hominem.

359 4251 429 4306 Et
465 4253 715 4307 habitavit
746 4253 800 4306 in
832 4252 1000 4318 nobis,
1037 4252 1140 4307 hoc
1169 4260 1252 4307 est
1281 4261 1528 4307 naturam
1556 4261 1797 4308 nostram
1821 4267 1943 4323 pos-

358 4343 520 4410 sedit,
570 4353 631 4398 ut
674 4358 804 4399 suae
849 4354 1078 4398 naturae
1116 4358 1216 4398 nos
1254 4343 1547 4414 participes
1594 4343 1817 4398 faceret.
1870 4343 1934 4396 Et

358 4437 578 4491 vidimus
597 4435 824 4506 gloriam
843 4437 980 4506 ejus,
1004 4435 1226 4506 gloriam
1247 4436 1399 4506 quasi
1421 4435 1675 4506 unigeniti
1700 4453 1730 4488 a
1755 4433 1936 4488 Patre.
1971 4420 2018 4479 Ι)

362 4524 462 4580 Ubi
489 4526 708 4590 vidisti,
761 4541 795 4581 ο
850 4527 1007 4581 beate
1055 4526 1342 4597 theologe,
1399 4526 1626 4596 gloriam
1677 4525 1942 4579 incarnati

359 4616 552 4681 Verbi,
577 4615 803 4685 gloriam
841 4615 1121 4669 bumanati
1161 4614 1280 4668 Filii
1310 4613 1439 4668 Dei?
1475 4615 1701 4680 Quando
1728 4615 1945 4669 vidisti?

359 4704 618 4776 Qualibus
639 4703 808 4758 oculis
829 4705 1188 4774 perspexisti?
1210 4703 1613 4774 Corporalibus,
1647 4713 1705 4758 ut
1727 4705 1939 4774 opinor,

360 4797 415 4849 in
462 4802 645 4849 monte
675 4793 1146 4848 .tranformationis
1181 4803 1439 4863 tempore.
1475 4793 1626 4848 Tunc
1654 4794 1795 4847 enim
1835 4802 1943 4846 ter-

360 4887 466 4941 tius
514 4885 708 4939 aderas
759 4884 912 4938 testis
955 4883 1168 4938 divinae
1213 4883 1636 4954 gloriﬁcationis.
1677 4881 1941 4936 Praesens

357 4991 506 5042 eras,
552 4985 614 5030 ut
661 4974 933 5038 existimo,
981 4973 1037 5028 in
1085 4973 1407 5038 Jerusalem,
1443 4982 1499 5027 et
1523 4973 1719 5027 audisti
1749 4987 1936 5027 vocem

359 5067 537 5122 Patris
592 5064 788 5120 Filium
841 5062 1195 5121 clariﬁcantis
1244 5065 1556 5118 dicentem:
1594 5082 1611 5114 ι
1636 5062 1936 5118 Clariﬁcavi

358 5165 414 5209 et
459 5155 656 5210 iterum
703 5152 1084 5208 clariﬁcabo».
1131 5152 1342 5207 Audisti
1391 5160 1598 5206 turmas
1647 5151 1934 5206 infantium

360 5245 804 5316 proclamantium
832 5261 845 5298 :
880 5242 1158 5297 «Hosanna
1189 5243 1297 5296 lilio
1325 5243 1551 5297 David».
1586 5243 1722 5309 Quid
1753 5244 1932 5297 dicam

358 5342 426 5391 de
466 5337 637 5408 gloria
680 5334 1132 5391 resurrectionis?
1170 5333 1359 5390 Vidisti
1394 5350 1516 5389 eum
1561 5343 1932 5403 resurgentem

358 5443 387 5478 a
438 5427 686 5492 mortuis,
731 5425 860 5480 dum
901 5425 966 5479 ad
1016 5433 1066 5479 te
1113 5430 1430 5488 ceterOSQUe
1459 5431 1579 5478 tuos
1607 5423 1944 5492 condiscipu-

355 5517 436 5571 los
493 5515 689 5573 clausis
735 5515 913 5585 jauuis
976 5515 1218 5574 intravit.
1282 5511 1476 5572 Vidisti
1529 5512 1760 5583 gl'iriam
1823 5513 1940 5579 eius

2034 1356 2350 1412 manitatem
2381 1355 2616 1426 accepit,
2647 1356 2906 1426 quoniam
2931 1364 3096 1425 caput
3124 1355 3402 1410 Ecclesiae
3429 1366 3532 1410 est.
3560 1366 3616 1408 et

2035 1447 2436 1519 primogenitus
2471 1448 2761 1508 universae
2793 1459 3099 1512 creaturae,
3150 1426 3258 1500 hoc
3285 1455 3390 1509 est,
3442 1449 3613 1499 totius

2035 1539 2421 1596 universaliter
2441 1538 2820 1604 humanitatis,
2849 1554 2990 1609 quae
3007 1540 3060 1592 in
3087 1539 3206 1609 ipso
3231 1548 3287 1592 et
3313 1553 3410 1608 per
3428 1538 3608 1606 ipsum

2034 1639 2220 1686 sanata
2274 1639 2328 1685 et
2392 1639 2696 1685 restaurata
2749 1642 2854 1686 est.
2902 1631 2959 1684 In
2993 1631 3109 1699 ipso
3155 1629 3299 1691 dico,
3350 1628 3613 1698 quoniam

2035 1723 2336 1778 maximum
2390 1732 2443 1777 et
2499 1724 2806 1794 principale
2857 1723 3169 1793 exemplum
3217 1721 3446 1792 gratiae,
3479 1735 3611 1788 qua,

2037 1816 2206 1874 nullis
2237 1814 2696 1885 praecedentibus
2728 1813 2960 1877 meritis,
2991 1815 3154 1869 homo
3182 1814 3422 1869 efﬁcitur
3448 1811 3611 1869 Deus.

2015 1907 2160 1976 'ipse
2180 1917 2282 1974 est,
2306 1916 2358 1962 et
2391 1908 2444 1961 in
2464 1907 2584 1976 ipso
2608 1906 3044 1976 primordialiter
3071 1907 3480 1962 manifestatum
3503 1916 3613 1960 est.

2039 2002 2142 2056 Per
2173 2001 2348 2070 ipsum
2397 2014 2550 2067 vero,
2585 2001 2840 2069 quoniam
2880 1999 2948 2054 de
2983 1999 3325 2068 plenitudine
3353 2000 3473 2070 ejus
3508 2015 3613 2052 nos

2037 2108 2230 2148 omnes
2253 2091 2558 2161 accipimus
2580 2092 2811 2162 gratiam
2837 2090 3223 2155 deiﬁcationis,
3258 2073 3354 2160 per
3381 2090 3614 2160 gratiam

2039 2184 2192 2250 ﬁdei,
2223 2198 2330 2254 qua
2365 2185 2419 2238 in
2455 2198 2580 2238 eum
2612 2182 2914 2249 credimus,
2941 2192 2998 2238 et
3035 2179 3290 2248 actionis,
3324 2197 3430 2250 qua
3463 2197 3618 2235 man-

2036 2276 2162 2332 data
2194 2275 2319 2346 ejus
2349 2275 2714 2332 custodimus.
2749 2273 2940 2330 Potest
2964 2275 3130 2328 etiam
3179 2273 3462 2343 plenitudo
3492 2289 3619 2343 gra-

2039 2369 2147 2423 tiae
2169 2369 2371 2423 Christi
2397 2369 2464 2424 de
2492 2367 2702 2438 Spiritu
2725 2377 2916 2424 sancto
2940 2365 3194 2434 intelligi.
3212 2365 3445 2420 Sanctus
3467 2381 3570 2418 naa
3595 2392 3619 2403 -

2037 2476 2145 2532 que
2180 2458 2444 2531 Spiritus,
2481 2459 2573 2529 qui
2627 2461 2950 2515 distributor
2980 2467 3036 2514 et
3065 2467 3324 2525 operator
3354 2454 3617 2510 donatiu-

2038 2568 2169 2606 num
2194 2552 2426 2622 gratiae,
2463 2549 2638 2620 gratia
2672 2549 2813 2604 solet
2848 2548 3138 2618 appellari.
3175 2546 3344 2616 Cujus
3374 2546 3618 2615 Spiritus

2039 2641 2376 2712 septiformis
2406 2641 2655 2711 operatio
2688 2640 3086 2694 humanitatem
3109 2639 3310 2694 Christi
3349 2639 3618 2708 implevit,

2042 2745 2098 2791 et
2127 2735 2182 2791 in
2205 2749 2272 2790 eo
2297 2734 2589 2805 requievit,
2612 2734 2754 2789 sicut
2780 2735 2855 2788 ait
2876 2734 3141 2804 prephcta
3169 2750 3184 2787 :
3228 2753 3246 2785 ι
3279 2734 3346 2788 Ει
3372 2733 3623 2803 requies-

2042 2838 2131 2885 cet
2159 2843 2324 2898 super
2350 2843 2476 2882 eum
2534 2828 2766 2898 spiritus
2797 2828 3038 2893 Domini,
3074 2827 3304 2896 Spiritus
3335 2825 3624 2896 sapientia:

2041 2931 2096 2977 et
2111 2908 2504 2987 intellectits,et
2519 2920 2745 2990 spiritus
2765 2919 2980 2974 consilii
2999 2928 3056 2974 et
3074 2918 3435 2979 fortitudinis,
3457 2919 3628 2987 spiri-

2043 3024 2130 3067 tus
2163 3013 2406 3068 scieutite
2440 3023 2496 3067 et
2519 3011 2760 3082 pictatis,
2791 3021 2848 3067 et
2874 3012 3110 3082 replebit
3131 3027 3256 3066 eum
3287 3011 3521 3080 spiritus
3549 3012 3626 3064 ti-

2041 3105 2212 3160 moris
2248 3105 2465 3160 Domiui
2517 3123 2565 3158 ι.
2603 3103 2660 3158 Si
2701 3119 2833 3173 ergo
2864 3105 2931 3159 de
2969 3103 3189 3160 Christo
3213 3119 3312 3174 per
3339 3119 3398 3158 se
3443 3105 3624 3173 ipsum

2041 3201 2125 3255 vis
2149 3200 2420 3270 accipere,
2447 3199 2593 3270 quod
2626 3199 2830 3253 dictum
2879 3208 2966 3254 est
3008 3197 3222 3268 plenum
3278 3199 3507 3268 gratiae,
3558 3200 3629 3253 de

2043 3292 2387 3362 plenitudine
2420 3290 2786 3346 deiﬁcationis
2821 3291 2942 3362 ejus
2978 3301 3032 3345 et
3059 3290 3513 3345 sanctiﬁcationis
3540 3307 3631 3344 se-

2044 3383 2285 3436 cundum
2307 3382 2701 3435 humanitatem
2725 3396 3017 3450 cognosce.
3045 3380 3419 3436 Deiﬁcationis
3438 3393 3627 3436 autem

2043 3477 2190 3542 dico,
2219 3491 2327 3546 qua
2361 3477 2524 3530 homo
2545 3485 2602 3529 et
2631 3476 2772 3528 Deus
2799 3475 2854 3528 in
2887 3475 3149 3530 unitatem
3173 3478 3339 3531 unius
3365 3476 3630 3531 substan-

2047 3578 2156 3628 tiae
2197 3573 2419 3629 adunati
2462 3581 2622 3638 sunt;
2679 3571 3134 3628 sanctiﬁcationis
3167 3583 3320 3634 vero,
3371 3582 3480 3638 qua
3515 3584 3629 3621 non

2045 3667 2222 3721 solum
2273 3666 2341 3721 de
2393 3665 2603 3735 Spiritu
2656 3675 2848 3720 sancto
2878 3675 3201 3734 conceptus,
3239 3676 3428 3716 verum
3459 3661 3629 3715 etiam

2047 3758 2386 3829 plenitudine
2415 3759 2774 3814 donationum
2801 3758 2922 3830 ejus
2955 3757 3197 3828 repletus
3217 3767 3301 3810 est
3325 3771 3340 3820 ;
3367 3769 3432 3809 ac
3459 3755 3630 3808 veluti

2050 3851 2104 3904 in
2127 3850 2440 3906 summitate
2467 3851 2676 3921 mystici
2701 3851 2968 3907 ecclesiae
2989 3848 3301 3905 candelabri
3326 3847 3629 3919 gratiarum

2049 3938 2327 4008 lampades
2351 3939 2402 3993 in
2433 3939 2552 4009 ipso
2579 3952 2636 3995 ct
2663 3938 2732 3994 de
2757 3940 2876 4010 ipso
2898 3939 3120 3994 fulsere.
3145 3937 3201 3992 Si
3230 3952 3361 3992 vero
3385 3937 3632 4012 plenituo

2051 4027 2232 4080 dinem
2259 4029 2468 4096 gratiae
2515 4035 2572 4082 et
2622 4027 2869 4082 veritatis
2903 4025 3169 4082 incarnati
3203 4025 3364 4080 Verbi
3391 4036 3448 4080 et
3478 4024 3638 4079 Novo

2053 4116 2411 4172 Testamento
2447 4117 2622 4171 mavis
2646 4102 2985 4187 intelligere,
3007 4118 3084 4172 sic
3125 4115 3268 4170 idem
3293 4115 3637 4184 evangelista

2054 4205 2221 4274 paulo
2261 4213 2384 4274 post
2429 4203 2651 4260 videtur
2677 4206 2938 4259 sensisse.
2977 4203 3069 4258 Ait
3095 4204 3242 4258 enim
3275 4222 3289 4258 :
3323 4221 3342 4255 ι
3389 4202 3504 4259 Lex
3538 4221 3641 4273 per

2053 4303 2270 4371 Moysen
2297 4301 2419 4354 data
2453 4307 2568 4365 est;
2598 4299 2771 4367 gratia
2798 4306 2980 4352 autem
3011 4306 3067 4351 et
3095 4296 3298 4350 veritas
3323 4310 3421 4364 per
3447 4293 3637 4349 Jesum

2051 4391 2329 4446 Christum
2358 4389 2499 4446 facta
2539 4399 2622 4444 est
2651 4410 2697 4442 ι.
2736 4388 2850 4443 Non
2891 4389 3186 4459 incongrue
3230 4387 3633 4457 pronuntiabis.

2053 4481 2438 4553 plenitudinem
2465 4481 2672 4552 gratiae
2706 4477 2839 4534 Novi
2871 4479 3204 4534 Testamenti
3233 4494 3329 4548 per
3351 4477 3634 4534 Christum

2052 4587 2172 4628 esse
2222 4573 2499 4634 donatam,
2541 4581 2593 4626 et
2632 4571 2883 4640 legalium
2933 4569 3300 4644 symbolarum
3344 4571 3636 4625 veritatem

2054 4665 2107 4718 in
2139 4665 2255 4733 ipso
2291 4679 2412 4718 esse
2449 4663 2739 4732 implexam
2768 4680 2782 4728 ;
2830 4663 2909 4718 sic
2936 4661 3013 4716 ait
3039 4661 3330 4730 Apostolus
3355 4680 3366 4716 :
3397 4680 3415 4712 ι
3439 4662 3495 4715 In
3523 4677 3640 4731 quo

2053 4756 2261 4811 habitat
2291 4755 2562 4825 plenitudo
2594 4755 2894 4809 divinitatis
2923 4753 3280 4823 corporaliter
3307 4769 3364 4818 i;
3393 4752 3633 4823 plenitu-

2051 4846 2232 4900 dinem
2279 4844 2531 4899 videlicet
2575 4844 2870 4898 divinitatis
2916 4845 3175 4915 mysticos
3217 4843 3466 4914 legalium
3511 4861 3637 4900 um-

2049 4936 2266 4990 brarmn
2293 4936 2598 4990 intellectus
2621 4917 3084 5006 appellans,‘quos
3107 4934 3357 4991 Christus
3382 4935 3436 4989 in
3463 4951 3643 4992 carne

2047 5028 2270 5083 veniens
2316 5029 2367 5082 in
2401 5043 2458 5082 se
2491 5029 2606 5099 ipso
2637 5027 3018 5098 corporaliter,
3063 5027 3169 5083 hoc
3214 5035 3318 5092 est,
3363 5027 3636 5083 veraciter

2048 5119 2323 5172 habitasse
2345 5127 2400 5172 et
2425 5118 2608 5172 docuit
2627 5125 2681 5170 et
2705 5115 3094 5183 manifestavit,
3120 5117 3376 5187 quoniam
3406 5116 3522 5186 ipse
3546 5131 3640 5174 εει

2046 5209 2166 5264 fons
2213 5218 2267 5262 et
2309 5208 2586 5277 plenitudo
2632 5208 2952 5279 gratiarum,
3010 5207 3213 5262 veritas
3255 5206 3640 5280 symbolorum

2046 5299 2330 5370 legalium,
2379 5299 2501 5353 linis
2546 5298 2941 5368 prophetalium
2982 5297 3273 5362 visionum,
3321 5295 3405 5351 cui
3454 5296 3636 5367 gloria

2046 5408 2165 5446 cum
2193 5392 2354 5446 Patre
2394 5400 2449 5446 et
2492 5403 2679 5447 sancto
2717 5392 2918 5461 Spiritu
2951 5405 3048 5460 per
3091 5389 3272 5444 omnia
3319 5388 3501 5443 secula
3547 5404 3639 5443 se~

2046 5482 2312 5536 culorum.
2347 5483 2539 5535 Amen.
