3952 6156
317 315 411 367 297

319 441 679 454 __...——..—-._
750 446 908 454 -..—__.
925 443 1584 453 —.-.___..__—--——..__..-_

321 446 679 470 __=..__.._
750 446 908 454 -_____
925 446 1304 453 __.-.____._.__-__

1309 457 1526 469 9—..—

1332 314 1685 367 COilMlCNT.
1740 309 1806 366 IN
1849 310 2074 364 EVANG
2112 308 2254 362 SI‘JC.
2288 307 2476 362 JOAN.

1533 452 2269 486 _____._,___._._._

3419 303 3524 360 298

2375 433 2662 444 ._____..

2137 437 2366 446 ’.οη-ια...

2276 429 3515 465 W

1189 563 1993 682 aonmms
2071 560 2588 678 sco'rx
2657 701 2660 703 λ

1506 779 1709 854 COM
1730 778 1791 852 M
1815 772 2324 850 ENTABIUS

440 961 569 1068 lN
659 959 779 1069 S.
851 958 1776 1072 EVA'NGELIUM
1846 953 2616 1067 SECUNDUM
2677 951 3386 1107 JO-ANNEM.

312 1182 390 1232 Ei.
419 1181 523 1230 cod.
551 1195 638 1229 ms.
675 1179 729 1227 8i
770 1179 887 1228 bibl.
923 1178 1278 1238 Lauduneusis,
1321 1177 1567 1226 membran
1597 1215 1612 1237 ,
1641 1190 1744 1226 sec.
1767 1191 1836 1235 is,
1862 1177 1938 1238 i’;
1993 1177 2180 1238 primus
2217 1174 2348 1222 edid.
2397 1173 2554 1238 Felig
2586 1175 2841 1238 ﬁavaisson
2875 1177 2922 1224 ln
2944 1177 3076 1238 libro
3107 1175 3190 1238 qui
3241 1177 3520 1238 inscribitur

362 1243 604 1305 Catatogue
624 1240 820 1304 general
842 1244 927 1290 des
950 1239 1238 1291 manuscrits
1257 1235 1346 1289 des
1371 1235 1711 1301 bibliothéques
1737 1237 1990 1301 publiques
2008 1239 2092 1286 des
2111 1235 2482 1298 departements,
2519 1236 2656 1284 Tom.
2688 1236 2726 1298 Ι,
2763 1237 2912 1286 Paris.
2937 1236 3078 1299 1849,
3101 1237 3174 1297 4⁸,
3200 1251 3248 1299 p.
3270 1237 3360 1286 505
3380 1252 3516 1300 seqq.

1691 1399 1928 1415 “un-—

663 1531 1367 1593 FRAGMENTUM
1427 1531 1474 1592 Ι.

864 1633 994 1688 CAP.
1025 1630 1064 1698 1,
1098 1632 1283 1686 "-29.

367 1799 423 1852 Ῐη
449 1805 666 1869 Propria
687 1819 808 1874 ergo
833 1804 994 1868 venit,
1031 1804 1136 1857 hoc
1157 1812 1260 1858 est.
1294 1804 1348 1856 in
1383 1803 1616 1854 humana
1654 1809 1849 1862 natura

309 1889 599 1946 incarnatus
629 1901 734 1946 est.
771 1891 838 1945 Et
858 1895 941 1946 sui
971 1909 1086 1944 eum
1124 1908 1226 1944 non
1259 1898 1586 1959 receperunt.
1631 1888 1742 1941 lloc
1770 1887 1852 1941 di-

308 1991 432 2035 ctum
456 1984 629 2037 estde
671 1982 894 2052 perﬁdis
922 1981 1141 2037 Judaeis
1161 1991 1212 2037 et
1243 1983 1496 2034 omnibus
1526 1979 1728 2048 impiis,
1758 1978 1849 2046 qui

310 2075 581 2126 notuerunt
611 2070 708 2127 Dei
755 2072 810 2124 Vr
832 2073 987 2126 rbum
1021 2074 1282 2142 recipere,
1315 2071 1418 2124 hoc
1451 2079 1554 2132 est,
1587 2083 1768 2136 neque
1798 2067 1850 2119 iu

304 2177 413 2216 eum
445 2163 692 2229 credere,
726 2179 904 2229 neque
936 2179 1060 2216 eum
1113 2162 1415 2232 intelligere
1446 2167 1758 2214 voluerunt.
1788 2157 1854 2210 Et

309 2270 363 2308 ne
388 2257 499 2325 quis
533 2266 773 2325 putaret,
803 2272 993 2310 omues
1014 2257 1268 2309 homines
1281 2269 1406 2308 eum
1429 2269 1534 2306 non
1561 2251 1851 2318 recepisse,

307 2362 412 2400 nam
441 2349 508 2403 ab
561 2349 718 2402 initio
770 2348 958 2402 mundi
993 2349 1202 2402 nullum
1239 2357 1454 2413 tempus
1481 2352 1620 2406 erat,
1661 2344 1712 2396 in
1745 2357 1854 2408 quo

305 2451 603 2509 receptores
661 2441 832 2494 divini
889 2440 1059 2495 Verbi
1125 2455 1233 2494 non
1298 2448 1503 2499 essent,
1561 2447 1854 2506 propterea

305 2532 489 2585 addidit
514 2545 541 2585 .‘

365 2622 622 2692 Quotquot
641 2631 817 2675 autem
840 2633 1144 2687 receperunt
1168 2637 1308 2685 eum,
1348 2621 1453 2675 hoc
1476 2632 1579 2684 est,
1603 2624 1856 2691 quicum-

305 2727 395 2777 que
429 2711 786 2769 crediderunt
822 2715 875 2767 in
914 2728 1065 2776 eum,
1101 2711 1242 2765 dedit
1263 2713 1335 2766 eis
1369 2722 1677 2780 potestatem
1719 2716 1856 2783 ﬁlios

306 2803 386 2856 Dri
425 2805 569 2872 ﬁeri,
604 2805 722 2860 Non
759 2805 896 2859 dixit
929 2823 944 2861 :
975 2805 1126 2859 dedit
1157 2806 1236 2862 eis
1271 2815 1592 2876 potestatem
1627 2810 1856 2874 salvari,

284 2907 379 2958 ,aut
403 2897 452 2950 in
467 2897 766 2967 pristinum
800 2907 1002 2953 statum
1032 2899 1427 2966 etdignitatem
1458 2899 1728 2954 humanae
1760 2919 1858 2954 na-

303 2997 437 3042 turae
457 2989 616 3043 dedit
634 2989 712 3043 eis
744 2997 1068 3058 potestatem
1099 2990 1380 3054 redeundi,
1407 2991 1524 3052 sed,
1549 2989 1694 3058 quod
1725 2991 1861 3045 inef-

305 3083 448 3135 labile
461 3091 568 3146 est,
590 3093 644 3137 et
668 3082 821 3136 omni
853 3091 1073 3135 naturae
1097 3099 1194 3151 per
1215 3098 1272 3136 se
1296 3082 1466 3152 ipsam
1500 3084 1856 3152 impossibile,

299 3173 434 3226 dedit
455 3175 535 3228 eis
577 3189 671 3241 per
710 3175 1104 3228 sublimitatem
1141 3189 1270 3227 suae
1305 3177 1512 3242 gratiae
1572 3175 1711 3228 tilios
1768 3174 1858 3228 Dei

304 3260 424 3314 ﬁeri.
454 3262 550 3316 His
576 3263 665 3331 qui
721 3261 938 3313 credunt
976 3262 1028 3312 in
1086 3261 1295 3313 nomine
1328 3260 1464 3329 ejus,
1503 3259 1604 3312 hoc
1636 3270 1738 3318 est.
1779 3259 1862 3312 his

305 3370 382 3415 qun
421 3351 654 3406 credunt
693 3351 946 3404 notitiam
999 3342 1121 3419 ejﬁs
1155 3350 1169 3379 ¹
1202 3359 1258 3403 et
1316 3347 1731 3417 intelligentiam
1762 3362 1858 3416 per

307 3441 444 3490 lin-in
484 3439 538 3492 iu
581 3443 683 3493 hac
725 3439 852 3503 vita,
885 3447 941 3492 et
976 3453 1075 3507 per
1107 3437 1346 3507 speciem
1386 3437 1440 3489 in
1470 3435 1646 3490 altera
1671 3450 1731 3490 se
1769 3451 1855 3491 re-

303 3544 558 3599 cepmros.

363 3620 457 3683 Qui
477 3638 582 3674 non
610 3638 674 3674 ex
697 3623 1059 3691 sanguinibus,
1085 3621 1188 3676 hoc
1214 3630 1315 3687 est,
1341 3623 1432 3690 qui
1464 3638 1568 3675 non
1594 3637 1656 3674 ex
1694 3623 1856 3676 semi-

304 3709 474 3778 nibus;
509 3728 671 3781 neque
696 3729 764 3765 ea:
794 3713 1060 3766 voluntate
1083 3715 1281 3780 carnis,
1312 3713 1414 3767 hoc
1436 3723 1540 3778 est,
1581 3728 1755 3782 neque
1791 3729 1856 3767 cx

304 3815 417 3854 sexu
444 3803 718 3870 femineo;
755 3819 880 3859 caro
903 3807 1104 3874 quippe
1131 3807 1428 3861 femineum
1465 3820 1653 3860 sexum
1695 3821 1858 3876 saepe

303 3893 549 3960 signiﬁcat
575 3913 587 3959 ;
615 3911 784 3963 neque
800 3911 862 3947 ea:
884 3896 1152 3950 voluntate
1175 3897 1296 3962 viri,
1321 3898 1425 3952 hoc
1457 3907 1560 3964 est,
1593 3913 1769 3967 neque
1791 3913 1856 3951 ex

306 3987 492 4042 semine
524 3989 691 4041 virili.
713 3989 898 4042 Potest
929 3989 1092 4043 etiam
1117 3992 1196 4044 sic
1223 3989 1458 4060 intelligi
1483 4007 1643 4060 neque
1675 4006 1738 4044 ea:
1766 4005 1855 4044 vo-

304 4077 486 4130 luntate
513 4083 717 4142 carnis,
749 4089 807 4134 ut
825 4080 1092 4148 expositio
1118 4081 1208 4145 sit,
1227 4081 1376 4149 quod
1393 4083 1661 4148 sequitur,
1687 4099 1854 4153 neque

1888 1527 1930 1582 Α
1961 1527 2174 1582 mireris
2221 1545 2462 1594 carnem,
2488 1530 2540 1584 id
2555 1538 2639 1584 est
2654 1531 2933 1586 mortalem
2958 1532 3257 1594 hominem,
3281 1529 3524 1583 in'lilium

1957 1620 2049 1674 Dei
2071 1637 2224 1688 posse
2251 1622 2482 1676 transire
2506 1637 2601 1691 per
2623 1621 3004 1693 gratiam,cum
3031 1621 3251 1691 majoris
3274 1621 3524 1675 miraculi

1950 1710 2022 1764 sit
2043 1710 2277 1764 Verbum
2297 1727 2422 1766 caro
2445 1711 2805 1767 iactum.Nam
2831 1713 3047 1782 si,quod
3070 1713 3322 1782 superius
3337 1723 3442 1776 est,
3463 1713 3528 1765 ad

1954 1800 2500 1865 inferinsdescendit,
2521 1804 2648 1872 quid
2669 1806 2866 1858 mirum
2915 1805 2956 1858 si
3003 1804 3144 1872 quod
3170 1804 3398 1858 inferius
3425 1813 3529 1866 est,

1954 1892 2006 1945 iu
2027 1894 2099 1954 id,
2124 1895 2267 1965 quod
2291 1879 2567 1964 superius,
2591 1897 2892 1964 superioris
2907 1897 3077 1966 gratia
3103 1906 3318 1966 agente,
3339 1911 3531 1950 ascen-

1953 1986 2066 2047 dat,
2094 1985 2415 2053 praesertim
2441 2001 2564 2040 cum
2593 1986 2656 2040 ad
2679 1986 2782 2040 hoc
2820 1985 3041 2040 Verbum
3055 2003 3177 2040 caro
3206 1987 3401 2056 factum
3433 1988 3524 2048 sit,

1958 2090 2013 2130 ut
2036 2078 2195 2131 homo
2225 2079 2366 2132 ﬁlius
2404 2077 2496 2132 Dei
2527 2078 2716 2132 ﬁeret?
2738 2078 3024 2134 Descendit
3043 2079 3188 2133 enim
3209 2079 3443 2133 Verbum
3472 2077 3527 2130 in

1957 2165 2254 2229 hominem,
2293 2177 2351 2222 ut
2379 2183 2474 2237 per
2499 2169 2674 2237 ipsum
2694 2171 3014 2224 ascenderet
3043 2170 3204 2224 homo
3231 2168 3284 2222 in
3331 2169 3524 2222 Deum.

1957 2256 2112 2312 Sicut
2143 2260 2288 2313 enim
2321 2259 2554 2314 dicimus
2591 2277 2605 2312 :
2637 2258 2877 2314 Verbum
2919 2275 3046 2314 caro
3085 2260 3284 2314 facturr.
3318 2267 3424 2321 est,
3455 2260 3526 2313 ita

1955 2365 2247 2419 possumus
2271 2351 2451 2404 dicere
2481 2368 2495 2403 :
2521 2362 2717 2405 etcaro
2743 2351 2977 2404 Verbum
3001 2350 3140 2403 facta
3170 2360 3273 2404 est.
3298 2350 3362 2403 Et
3401 2349 3527 2402 Ver-

1957 2445 2076 2497 bum
2099 2461 2222 2496 τανο
2249 2443 2450 2511 factum
2477 2451 2572 2506 est,
2606 2442 2739 2496 haec
2761 2443 3069 2511 evangelica
3105 2443 3372 2496 sententia
3405 2458 3532 2510 pro-

1957 2534 2262 2602 loquiorum
2294 2548 2446 2586 more
2482 2531 2736 2584 recurrit.
2769 2530 2828 2582 Et
2858 2531 3109 2583 habitavit
3145 2532 3197 2584 in
3231 2532 3396 2592 nobis,
3425 2531 3527 2584 hoc

1957 2636 2060 2688 est,
2094 2633 2472 2679 conversatum
2519 2633 2604 2679 est
2631 2624 2775 2677 inter
2811 2637 2908 2675 nos
2941 2622 3194 2677 homines
3237 2637 3254 2690 ;
3289 2620 3526 2677 Verbum

1959 2716 2223 2770 habitavit
2246 2716 2298 2770 in
2323 2718 2503 2775 nobis.
2527 2716 2630 2770 hoc
2655 2726 2757 2778 est,
2793 2726 3044 2768 naturam
3072 2724 3316 2768 nostram
3342 2729 3528 2782 posse-

1961 2808 2059 2862 dit.
2083 2808 2146 2860 ls't
2169 2809 2390 2861 uidimus
2411 2809 2637 2878 gloriam
2666 2809 2817 2876 ejus;
2848 2823 2946 2861 nos
2971 2807 3242 2868 videlicet,
3265 2821 3406 2873 quos
3420 2805 3532 2859 elc-

1913 2894 1933 2914 '
1965 2899 2040 2967 git
2065 2899 2132 2950 de
2165 2899 2388 2960 mundo,
2407 2897 2642 2963 vidimus
2666 2899 2893 2966 gloriam
2922 2898 3038 2966 ejus
3063 2897 3114 2950 in
3145 2895 3530 2949 manifestissi-

1965 2990 2069 3043 mis
2088 2987 2385 3050 miraculis,
2410 2988 2462 3042 in
2480 2989 3018 3058 transtiguratioueiu
3042 2998 3226 3042 monte
3240 2986 3530 3056 spirituali,

1965 3082 2018 3135 in
2049 3082 2293 3135 claritate
2343 3081 2797 3142 resurrectionis;
2845 3088 2900 3133 et
2926 3094 3031 3132 non
3059 3078 3219 3132 aliam
3276 3077 3527 3148 gloriam,

1962 3174 2054 3227 sed
2090 3172 2316 3242 gloriam
2331 3172 2588 3240 unigeniti
2607 3189 2636 3222 a
2656 3169 2838 3224 Patre.
2869 3170 3308 3240 Plenumgratic,
3330 3173 3530 3226 subau—

1962 3263 2109 3316 ditur
2152 3280 2164 3314 z
2195 3263 2412 3331 plenum
2445 3260 2684 3314 vidimus
2711 3261 2919 3327 gratiae
2943 3262 3242 3315 secundum
3278 3263 3532 3318 humani-

1965 3365 2152 3416 tatem,
2183 3362 2230 3406 et
2260 3353 2497 3406 ueritatis
2527 3351 2832 3406 secundum
2865 3351 3150 3405 deitatem.

2031 3444 2265 3497 Joannes
2292 3451 2514 3496 testatur
2539 3443 2602 3494 de
2635 3442 2772 3511 ipso,
2809 3439 2984 3495 Verbo
3025 3441 3294 3504 videlicet,
3325 3449 3374 3494 et
3418 3440 3533 3495 cla-

1962 3538 2206 3602 mat,vel,
2227 3539 2368 3590 sicut
2393 3535 2443 3587 in
2462 3535 2669 3589 Graeco
2693 3534 2891 3603 legitur
2919 3551 2933 3587 :
2966 3545 3013 3587 et
3043 3533 3292 3588 clamavit
3308 3534 3484 3586 dicens
3513 3549 3532 3586 :

1961 3629 2065 3682 llic
2082 3637 2194 3683 erat
2211 3643 2362 3698 quem
2385 3628 2514 3689 dixi,
2536 3626 2789 3692 ve|,sicut
2807 3626 2860 3680 in
2881 3625 3334 3680 Graecohabetut’
3351 3643 3366 3683 ς
3383 3642 3534 3696 quem

1959 3723 2213 3790 dicebam,
2241 3722 2384 3792 quod
2414 3720 2584 3775 multo
2606 3718 3006 3789 signiﬁcantius
3033 3717 3288 3772 est.Nam
3317 3718 3533 3787 siprae-

1961 3815 2182 3870 teritum
2202 3812 2524 3881 perfectum,
2552 3814 2695 3880 quod
2719 3818 2805 3863 est
2828 3810 2960 3875 dixi,
2981 3819 3226 3878 poneret,
3252 3819 3532 3877 peractum

1952 3906 2065 3976 jam
2093 3902 2515 3974 praedicationis
2533 3902 2652 3972 ejus
2669 3901 2735 3956 de
2757 3900 2976 3954 Christo
3001 3915 3139 3968 opus
3160 3899 3492 3970 signiﬁcaret
3515 3915 3530 3962 ;

1961 3998 2310 4068 praeteritum
2341 4011 2466 4050 vero
2491 3993 2891 4063 imperfectum,
2909 3993 3054 4061 quod
3081 4001 3166 4046 est
3193 3991 3448 4056 dicebam,
3478 3999 3532 4044 et

1960 4089 2364 4142 inchoationem
2394 4083 2814 4154 praedicationis
2860 4081 3063 4137 Christi
3106 4083 3173 4136 ab
3209 4081 3417 4138 Joanne
3453 4082 3532 4134 si-

303 4183 358 4218 ex
387 4171 646 4223 voluntate
670 4171 930 4224 uiri.N0u
956 4172 1100 4226 enim
1128 4172 1349 4235 desunt,
1380 4175 1470 4244 qui
1501 4173 1846 4230 irrationabi-
1876 4190 1919 4246 ο
1951 4180 2192 4249 gniﬁcat,
2220 4188 2276 4234 et
2308 4178 2488 4233 adhuc
2517 4176 2571 4230 in
2595 4175 2712 4244 ipsa
2743 4173 3146 4243 praedicatione
3177 4186 3532 4242 perseveran-

305 4259 396 4312 lcm
419 4273 645 4324 motum,
674 4278 783 4331 quo
803 4263 1050 4318 homines
1072 4265 1454 4334 concipiuntur
1474 4267 1528 4321 in
1551 4283 1738 4330 carne,
1755 4268 1858 4324 soli

303 4353 437 4405 «arui
463 4356 802 4418 attribuunt,
832 4357 987 4422 quasi
1024 4357 1162 4409 nihil
1195 4359 1260 4412 ad
1289 4360 1526 4412 animam
1567 4363 1857 4429 pertineat,

304 4439 416 4495 dum
441 4459 567 4497 caro
600 4446 722 4498 sine
778 4445 957 4499 anima
1017 4447 1152 4500 nihil
1206 4447 1260 4501 in
1299 4449 1500 4504 talibus
1532 4453 1859 4516 praevaleat.

303 4531 521 4604 Ideoque
553 4537 830 4604 sequitur,
864 4553 1027 4606 neque
1064 4555 1128 4592 ex
1159 4539 1423 4592 voluntate
1459 4542 1583 4605 viri,
1617 4541 1721 4598 hoc
1749 4552 1852 4608 est,

303 4641 457 4698 neque
482 4645 546 4684 ex
569 4631 854 4686 voluntate
889 4631 1059 4686 totius
1082 4631 1344 4687 hominis.
1373 4633 1544 4702 Saepe
1581 4636 1858 4704 sapientis

303 4719 389 4773 viri
416 4723 679 4777 vocabulo
705 4725 980 4777 hominem
1007 4727 1186 4780 solent
1212 4726 1504 4795 appellare.
1527 4725 1630 4780 Sed
1657 4743 1720 4781 ea:
1751 4728 1854 4781 Deo

303 4812 400 4862 nati
421 4824 563 4878 sunt,
595 4829 694 4886 per
717 4815 950 4884 gratiam
980 4815 1233 4870 videlicet
1265 4817 1626 4886 baptismatis,
1659 4819 1710 4871 in
1741 4801 1849 4887 quo

298 4898 559 4972 'ncipiunt
588 4907 878 4960 credentes
899 4906 953 4958 in
989 4905 1266 4961 Christum
1297 4923 1362 4962 ex
1395 4909 1502 4961 Deo
1539 4910 1708 4962 nasci.
1748 4910 1851 4966 Sed

298 5007 358 5047 ne
371 4998 486 5065 quis
501 4998 842 5066 impossibile
866 4998 1222 5063 existimaret,
1246 5000 1521 5054 hominem
1543 5003 1852 5068 mortalem,

297 5089 1295 5160 earnaleru,fragilem,corruptibilem,
1325 5092 1377 5144 in
1399 5100 1606 5145 tantam
1627 5093 1850 5160 gloriam

298 5179 530 5243 cxaltari,
555 5191 614 5234 ut
638 5182 779 5236 ﬁlius
807 5181 900 5236 Dei
927 5182 1100 5248 ﬁeret,
1129 5183 1297 5237 veluti
1323 5185 1655 5254 evangelista
1686 5187 1856 5254 respi-

296 5284 432 5333 raus.
459 5276 807 5343 occultisque
833 5274 1132 5329 inﬁdelium
1164 5275 1593 5345 cogitationibus
1630 5293 1849 5347 respon-

297 5363 437 5428 dens,
464 5366 823 5422 fortissimum
860 5365 1042 5437 pbsuit
1071 5379 1445 5436 argumentum
1481 5387 1497 5423 :

363 5456 423 5508 tit
463 5457 683 5512 Verbum
721 5477 844 5513 caro
883 5463 1078 5530 factum
1107 5473 1206 5514 est.
1257 5463 1330 5515 Ac
1359 5462 1401 5516 si
1444 5462 1644 5516 dixerit
1681 5483 1692 5515 :
1733 5462 1846 5516 Non

1965 4273 2114 4327 tiam.
2153 4269 2247 4324 Hic
2273 4277 2388 4323 erat
2419 4284 2437 4331 ;
2479 4267 2568 4321 hic
2594 4281 2892 4335 pronomen
2931 4272 3019 4319 est
3046 4261 3532 4318 demonstrativum

1963 4365 2266 4434 praesentis
2301 4375 2592 4430 personae;
2622 4374 2686 4413 ac
2708 4373 2806 4426 per
2837 4357 2939 4410 hoc
2962 4356 3124 4408 datur
3153 4353 3400 4422 intelligi,
3435 4353 3526 4406 ad-

1963 4454 2133 4508 fuisse
2159 4451 2438 4506 Christum
2473 4450 2526 4502 in
2557 4449 2652 4502 illo
2683 4450 2825 4510 loco,
2857 4447 2911 4500 in
2952 4459 3061 4514 quo
3093 4441 3334 4498 Joannes
3368 4444 3533 4498 talem

1960 4547 2027 4601 de
2044 4561 2111 4600 eo
2148 4540 2672 4599 demonstrationem
2712 4546 2897 4607 aperte
2933 4537 3249 4592 declaravit.
3290 4535 3402 4591 Nec
3430 4537 3534 4590 hoc

1959 4641 2157 4694 mirum
2182 4653 2198 4704 ;
2225 4649 2384 4703 saepe
2407 4634 2552 4706 enim
2579 4632 2694 4700 ipse
2710 4630 2992 4695 Dominus,
3023 4629 3202 4682 adhuc
3227 4626 3340 4682 fere
3357 4627 3534 4682 omni-

1959 4733 2062 4785 bus
2103 4730 2341 4798 ignotus,
2373 4725 2683 4795 priusquam
2715 4722 3106 4790 baptizaretur,
3135 4729 3192 4774 et
3216 4718 3533 4788 praedicare

1959 4823 2265 4885 inchoaret,
2297 4819 2362 4873 ad
2392 4815 2661 4871 Joannem
2689 4813 2888 4868 solitus
2913 4821 3028 4866 erat
3057 4813 3267 4866 venire.
3298 4810 3533 4879 ideoque

1959 4919 2035 4969 ait
2064 4914 2338 4968 Joannes:
2373 4910 2471 4963 llic
2497 4920 2610 4962 erat
2635 4923 2787 4976 quem
2821 4906 2953 4961 dixi.
2986 4905 3040 4960 lu
3085 4905 3188 4958 hoc
3219 4903 3359 4967 loco,
3392 4902 3536 4957 sicut

1958 5009 2271 5076 frequenter
2297 5013 2352 5058 et
2377 5001 2428 5055 in
2455 5001 2849 5069 superioribus,
2873 4997 3096 5058 verbum
3127 4996 3268 5065 quod
3291 5005 3376 5048 est
3394 5004 3532 5056 erat,

1955 5115 2063 5152 non
2085 5094 2534 5164 signiﬁcationem
2561 5090 2844 5166 temporis,
2873 5089 2964 5143 sed
2992 5088 3331 5148 substantiae
3353 5085 3533 5139 decla-

1955 5199 2058 5254 rat,
2090 5188 2160 5242 ila
2192 5195 2247 5240 ut
2284 5185 2651 5253 intelligamus
2673 5183 2756 5235 hic
2783 5191 2918 5244 erat,
2945 5196 3008 5234 ac
3031 5183 3073 5234 si
3099 5190 3285 5249 aperte
3317 5176 3529 5229 diceret

1960 5281 2043 5333 hic
2070 5289 2167 5340 est,
2200 5277 2288 5331 hic
2316 5275 2588 5340 subsistit,
2619 5289 2778 5343 quem
2803 5273 3051 5326 dicebam
3076 5269 3251 5324 vobis.
3279 5267 3359 5320 Ad
3389 5254 3529 5334 quos

1953 5372 2169 5425 dicebat
2193 5369 2215 5420 ?
2243 5369 2321 5423 Ad
2344 5367 2645 5436 discipulos
2679 5365 2922 5435 profecto
2945 5378 3093 5424 suos,
3123 5360 3325 5430 quibus
3355 5368 3409 5412 et
3439 5359 3531 5411 al.-

1955 5477 2162 5519 scntem
2185 5461 2460 5515 Christum
2491 5457 2851 5530 praedicabat,
2877 5465 2927 5508 et
2955 5462 3290 5520 praesentem
3309 5449 3533 5504 demon-

1563 5609 1812 5665 vantita
1855 5608 2247 5668 Lectiones.

366 5711 377 5737 '
417 5712 550 5764 ιιυι.
583 5717 646 5765 ei.
