3952 6156
376 284 481 345 299

1783 314 2062 371 JOANNIS
2100 318 2293 376 SCOTI

3406 318 3609 390 Δ5οθ

371 410 596 467 stabat.
623 415 775 481 Quod
804 417 855 471 in
893 424 1245 491 sequentibus
1276 397 1676 491 manifestatur,
1719 432 1810 487 ubi
1854 436 1928 485 a’t
1962 433 2002 488 Α
2035 434 2198 489 tionis
2223 438 2344 505 ejus
2368 438 2751 505 confessionis,
2781 441 2886 498 hoc
2910 451 3012 507 est,
3031 446 3260 515 gratiam
3294 447 3492 516 speciei
3507 463 3607 517 pro

372 503 658 573 discipulis
682 509 797 563 suis
822 528 835 563 :
867 510 1002 567 Ecce
1019 514 1197 583 Agnus
1223 514 1317 569 Dei
1343 519 1431 587 qui
1452 530 1568 587 post
1593 536 1674 576 me
1693 534 1938 585 venturus

372 601 465 653 est,
505 595 610 662 vel,
644 598 788 653 sicut
814 600 867 653 in
893 601 1016 656 aliis
1038 604 1323 664 codicibus
1357 611 1642 678 scribitur,
1699 619 1792 684 qui
1819 626 1936 688 post

374 701 454 739 me
482 688 636 741 venit.
671 689 802 744 Nam
843 694 985 761 quod
1007 695 1059 748 in
1087 695 1294 754 Graeco
1319 705 1584 773 scriptum
1616 710 1935 778 ἐργόμεκοτ,

371 778 697 843 etprzeteriti
731 784 989 849 temporis
1018 787 1366 859 participium
1398 806 1561 852 estet
1587 800 1774 857 futuri.
1802 805 1937 857 Ante

372 882 449 919 me
483 866 652 934 factus
690 881 785 923 est.
828 875 900 929 Ac
927 877 971 930 si
1028 891 1213 947 aperte
1263 868 1510 942 diceret:
1555 888 1656 956 Qui
1695 905 1819 963 post
1848 911 1933 951 me

370 957 883 1030 m-dinetemporum
918 966 969 1021 in
999 974 1356 1042 conceptione
1387 988 1442 1033 et
1466 957 1753 1041 nativitate
1781 991 1933 1043 venit

370 1046 420 1099 in
446 1050 730 1120 mundum,
753 1064 880 1112 ante
907 1074 991 1115 me
1030 1061 1204 1120 factus
1225 1078 1331 1133 est,
1358 1070 1492 1128 mihi
1525 1070 1802 1143 praelatus
1844 1094 1933 1133 or-

366 1134 495 1191 dine
535 1137 843 1233 dignitatis;
865 1146 979 1217 Ego
1011 1151 1159 1205 enim
1204 1165 1372 1224 purus
1403 1168 1458 1213 et
1489 1134 1724 1233 simplex
1762 1167 1927 1222 homo

366 1242 511 1293 sum,
537 1231 627 1285 ille
650 1227 773 1302 plus
795 1250 959 1305 quant
979 1241 1164 1307 humo,
1189 1261 1250 1300 ex
1282 1227 1623 1311 humanitate
1645 1268 1701 1313 et
1727 1259 1932 1315 divini-

369 1325 475 1372 tate
495 1325 830 1390 compositus
860 1344 875 1391 ;
906 1330 996 1391 ille
1019 1334 1303 1406 Dominus,
1327 1355 1428 1411 ego
1454 1359 1682 1417 servus;
1708 1350 1796 1404 ille
1811 1368 1930 1409 rex.

366 1422 465 1474 ego
498 1425 823 1478 praecursor.
857 1418 1094 1491 Ideoque
1144 1428 1441 1495 sequitur:
1480 1434 1616 1498 Quia
1650 1440 1799 1506 prior
1850 1461 1930 1498 me

366 1512 503 1563 erat,
537 1517 644 1559 non
665 1506 838 1562 solum
861 1516 1183 1573 aeternitate
1205 1518 1530 1588 divinitatis,
1555 1532 1741 1584 verum
1764 1532 1926 1587 etiam

368 1591 730 1667 humanitatis
748 1600 1030 1671 dignitate.
1060 1607 1162 1662 Sed
1190 1603 1235 1664 si
1259 1615 1382 1679 qitis
1401 1614 1646 1673 intentus
1670 1637 1924 1688 graecum

366 1694 394 1737 ι
415 1699 675 1741 :rmonem
702 1691 1020 1762 inspexerit,
1040 1700 1147 1753 alio
1172 1704 1330 1756 modo
1351 1705 1611 1778 intelliget
1637 1713 1780 1780 quod
1800 1714 1875 1769 alt
1905 1734 1918 1768 :

364 1779 455 1845 qui
486 1790 599 1846 post
632 1800 712 1838 me
743 1795 985 1844 venturus
1012 1803 1087 1847 est
1113 1792 1232 1861 hoc,
1270 1806 1375 1864 ρξ’,
1399 1802 1491 1869 qui
1534 1779 1764 1870 postmc
1790 1824 1920 1862 ven.

367 1877 525 1925 turus
551 1872 709 1938 foret,
738 1879 818 1932 vel
849 1881 939 1948 qui
977 1895 1095 1949 post
1127 1901 1212 1941 me
1232 1891 1379 1944 venit
1412 1892 1464 1945 in
1495 1896 1778 1955 mundum.
1810 1910 1929 1953 ante

366 1974 447 2013 me
469 1960 644 2028 facta:
668 1976 763 2032 est,
785 1969 887 2024 hoc
908 1983 1012 2039 est,
1039 1984 1223 2030 curam
1250 1994 1333 2032 tne
1348 1988 1595 2050 apparuit
1627 2002 1642 2042 :
1664 1995 1718 2042 et
1738 2005 1930 2057 quem-

363 2052 655 2110 admodum
689 2063 1009 2130 prophetavi
1048 2078 1103 2121 et
1127 2073 1355 2140 cognovi
1394 2090 1517 2129 eum
1550 2052 1931 2147 spiritualibus

365 2145 563 2210 oeulis,
602 2149 726 2203 dum
748 2167 924 2207 essem
957 2157 1010 2210 in
1047 2169 1226 2223 tttero,
1257 2163 1329 2217 ita
1354 2178 1407 2220 ct
1442 2180 1585 2223 nunc
1617 2175 1930 2231 carnalibus

365 2250 429 2290 rc
451 2238 533 2293 -|is
549 2254 730 2296 coram
750 2261 834 2300 me
852 2247 1073 2315 factum,
1094 2252 1145 2306 id
1164 2265 1267 2321 est,
1290 2257 1598 2315 venientem
1618 2269 1928 2336 'consp'cor.

366 2326 522 2395 Quod
545 2331 688 2386 enim
725 2335 777 2388 in
819 2334 1033 2393 Graeco
1062 2342 1324 2411 scriptum
1357 2326 1771 2421 cst£p1tpoaﬂéti
1804 2375 1930 2426 μου,

370 2418 588 2484 proprie
639 2420 1029 2492 interpretatur
1085 2448 1099 2483 :
1154 2449 1334 2487 coram
1386 2418 1629 2503 me,ihoc
1664 2453 1768 2509 est,
1804 2418 1932 2502 ante

365 2509 552 2563 oculos
578 2529 746 2569 meos.
784 2518 849 2573 Et
878 2523 1005 2589 quid
1036 2525 1088 2577 itt
1113 2539 1179 2578 eo
1212 2530 1503 2598 perspicio,
1531 2534 1645 2588 sive
1673 2538 1932 2603 spiritua-

368 2602 513 2655 t‘lius
541 2603 655 2659 sive
682 2613 1064 2677 corporalibus
1085 2617 1297 2672 oculis?
1321 2619 1437 2679 Non
1467 2625 1637 2687 aliud,
1669 2602 1773 2684 nisi
1804 2632 1932 2700 quia

362 2692 513 2759 prior
547 2709 634 2751 me
653 2708 794 2765 erat,
815 2715 936 2765 seu,
968 2713 1028 2758 ut
1062 2708 1527 2777 signiﬁcantiusin
1561 2692 1935 2790 Graeco,quia

368 2783 578 2853 primus
610 2791 713 2845 mei
744 2803 880 2848 erat.
920 2796 999 2857 Ad
1035 2797 1140 2854 hoc
1169 2801 1354 2871 itaque
1385 2806 1439 2860 in
1472 2783 1786 2876 praesentia
1813 2783 1933 2869 mea

364 2882 540 2936 {.uztus
560 2890 664 2947 est,
695 2895 756 2940 ut
785 2900 1177 2957 cognoscerem
1201 2877 1352 2949 illum
1388 2899 1625 2966 primum
1657 2918 1800 2972 esse,
1831 2906 1935 2963 hoc

363 2982 466 3038 est,
494 2974 549 3029 in
580 2977 837 3033 omnibus
867 2995 951 3046 me
986 2985 1343 3050 praecedere.
1375 2987 1821 3050 Praeceditenim
1850 3015 1936 3054 me

2041 526 2213 593 gratia
2268 528 2416 593 ﬁdei,
2470 532 2699 600 gratiam
2739 533 3101 590 dedicationis
3138 538 3189 591 in
3240 536 3444 602 futuro,
3504 554 3604 608 pro

2040 618 2211 683 gratia
2236 619 2465 677 actionis
2499 632 2550 677 et
2582 626 2845 681 scientiae
2874 626 2927 681 in
2962 630 3257 696 praesenti.
3289 630 3355 685 Et
3381 646 3450 685 ne
3482 632 3606 701 quis

2039 724 2252 774 eorttm,
2273 714 2366 780 qui
2393 728 2450 767 se.
2475 714 2842 784 glorianturin
2869 718 3009 788 lege,
3044 720 3385 776 existimaret
3407 737 3606 791 aegra-

2042 801 2169 854 tiam
2197 811 2250 855 et
2278 806 2566 860 veritatem
2599 824 2664 862 ex
2691 809 2811 879 lege
2844 812 3146 881 accepisse,
3173 813 3438 870 continuo
3468 814 3605 870 sub-

2033 893 2167 957 jecit
2203 911 2219 950 ε

2109 983 2246 1049 Quia
2275 986 2474 1055 lex’per
2505 986 2717 1059 Moysen
2744 993 2875 1047 data
2897 1002 2995 1047 est.
3017 988 3093 1047 Ac
3117 996 3160 1049 si
3185 994 3411 1050 dixisset
3436 1013 3451 1062 ;
3474 994 3609 1050 Proq

2038 1085 2225 1145 pterea
2254 1077 2379 1134 dico
2402 1095 2465 1134 ex
2493 1080 2841 1150 plenitudine
2871 1083 3077 1140 Christi
3102 1101 3201 1140 nos
3237 1102 3427 1144 omnes
3452 1104 3607 1143 acce-

2037 1170 2182 1236 pisse
2206 1171 2433 1240 gratiam
2461 1184 2517 1228 et
2544 1175 2855 1242 veritatem,
2879 1185 2934 1232 et
2961 1182 3068 1232 non
3100 1193 3167 1232 ex
3190 1178 3330 1250 lege,
3360 1181 3490 1250 quia
3519 1181 3605 1236 lex

2037 1263 2407 1318 t:mtmumodo
2434 1280 2531 1331 per
2561 1266 2777 1337 Moysen
2811 1269 2933 1323 data
2964 1280 3072 1333 est,
3091 1286 3230 1340 quae
3254 1271 3456 1326 nullam
3485 1287 3609 1342 gra-

2037 1350 2162 1401 tiam
2190 1353 2589 1419 accipientibus
2611 1371 2729 1411 eam
2763 1350 3068 1414 secundum
3094 1360 3330 1417 litteram
3361 1361 3610 1429 imperti.

2034 1450 2141 1504 tur,
2169 1444 2426 1510 quoniam
2459 1445 2595 1499 nihil
2619 1448 2764 1501 aliud
2787 1459 2892 1510 est,
2914 1451 3017 1504 nisi
3044 1451 3238 1506 umbra
3262 1452 3525 1521 quaedam
3549 1466 3608 1507 et

2033 1532 2336 1600 symbolum
2364 1535 2500 1591 Νονί
2529 1536 2883 1595 Testamenti.
2909 1540 3099 1596 Gratia
3125 1552 3175 1596 et
3201 1546 3390 1598 veritas
3412 1542 3608 1612 perlevi

2028 1635 2145 1673 sum
2168 1620 2433 1677 Christum
2465 1625 2608 1693 facta
2632 1637 2729 1681 est.
2760 1628 2945 1684 Potest
2972 1640 3023 1685 et
3053 1634 3135 1687 sic
3165 1634 3393 1704 intelligi
3428 1653 3444 1688 :
3477 1636 3608 1704 quia

2032 1711 2045 1764 Ι
2086 1727 2137 1773 x,
2158 1713 2284 1769 dum
2309 1717 2755 1775 consideraturin
2777 1722 2966 1792 Moysi,
2993 1723 3046 1777 id
3066 1724 3218 1779 estin
3239 1724 3418 1781 littera
3435 1726 3605 1788 nuda.

2031 1803 2375 1859 solummodo
2406 1808 2491 1862 lex
2523 1819 2641 1876 est;
2677 1810 2805 1865 dum
2840 1828 2969 1869 vero
3002 1814 3052 1869 in
3080 1814 3319 1879 Christo,
3356 1817 3529 1886 gratia
3549 1829 3609 1872 et

2035 1896 2237 1951 veritas
2268 1907 2376 1952 est.
2404 1899 2643 1968 Spiritus
2666 1905 2813 1956 enim
2849 1904 2984 1973 legis
3007 1907 3181 1975 gratia
3212 1915 3268 1962 et
3298 1908 3501 1961 veritas
3522 1917 3609 1963 est

2035 1985 2086 2038 in
2115 1985 2334 2043 Christo
2364 1989 2518 2048 Jesu.
2555 1991 2665 2047 Lex
2704 1997 2909 2065 itaque,
2951 1997 3296 2053 considerata
3325 1998 3379 2053 in
3410 1998 3606 2071 Moysi,

2034 2090 2139 2129 non
2165 2086 2247 2131 est
2267 2081 2441 2147 gratia
2464 2089 2519 2147 et
2545 2082 2775 2150 veritas;
2803 2085 2856 2139 in
2881 2085 3099 2141 Christo
3126 2089 3332 2152 autem,
3359 2090 3529 2158 gratia
3553 2099 3611 2143 et

2036 2169 2240 2223 veritas
2265 2178 2371 2224 est.
2406 2164 2608 2228 Beatus
2637 2175 2972 2246 Augustinus
2995 2179 3070 2232 ita
3099 2177 3268 2234 Vetus
3292 2172 3609 2235 Testamen—

2038 2267 2152 2313 tum
2184 2258 2448 2318 discernit
2471 2278 2502 2317 a
2532 2263 2728 2332 Novo;
2750 2252 2844 2323 ait
2875 2268 3019 2322 enim
3059 2286 3072 2323 :
3116 2269 3225 2325 Lex
3265 2272 3386 2325 data
3412 2283 3519 2332 est.
3550 2283 3611 2327 ut

2035 2346 2204 2413 gratia
2247 2358 2638 2417 quaereretur;
2671 2354 2844 2422 gratia
2899 2363 3081 2408 autem
3139 2358 3261 2409 data
3289 2366 3394 2420 est,
3436 2365 3497 2410 ut
3523 2357 3610 2411 lex

2040 2437 2383 2505 impleretur.
2409 2443 2536 2498 Tria
2562 2445 2745 2514 itaque
2778 2450 3041 2517 proponit
3074 2454 3089 2516 ;
3122 2450 3316 2518 legem,
3352 2451 3607 2518 gratiam,

2037 2529 2321 2584 veritatem
2349 2549 2363 2598 ;
2390 2541 2503 2588 tres
2537 2536 2839 2592 ierarchias
2866 2539 3173 2603 insinuans,
3202 2555 3361 2593 unam
3389 2542 3608 2608 quidem

2038 2621 2092 2676 in
2115 2620 2679 2696 VeteriTestameuto,
2708 2628 2761 2682 in
2789 2628 3197 2684 obscurissimis
3216 2621 3611 2699 aenigmatibus

2038 2714 2326 2782 traditam;
2361 2721 2684 2785 secundam,
2714 2732 2876 2791 quam
2907 2730 2965 2778 et
2993 2724 3225 2778 mediam
3261 2723 3518 2790 dicimus,
3552 2724 3609 2779 in

2036 2804 2189 2859 Novo
2244 2808 2615 2873 Testamento.
2657 2812 2709 2866 in
2749 2828 2860 2882 quo
2903 2814 3233 2868 abundantia
3271 2814 3500 2883 gratiae.
3556 2823 3615 2871 et

2037 2906 2251 2961 eorum,
2286 2912 2427 2967 quae
2462 2901 2687 2970 mystice
2720 2886 2782 2956 in
2798 2904 2915 2973 lege
2951 2912 3005 2957 et
3032 2904 3178 2959 dicta
3203 2914 3255 2958 et
3288 2905 3429 2958 facta
3458 2912 3611 2968 Sunt,

2039 2988 2388 3053 apertissima
2416 2990 2712 3048 declaratio
2739 3003 2858 3059 est;
2888 2995 3129 3060 tertiam,
3152 2995 3437 3049 caelestem
3462 2993 3614 3054 dico.

365 3066 417 3119 in
437 3066 774 3136 plenitudine
791 3074 1022 3141 gratiae.
1048 3076 1322 3149 Quidquid
1344 3082 1513 3151 gratia
1530 3088 1803 3154 possideo,
1825 3107 1929 3146 ηοη
1959 3108 2005 3172 c
2036 3076 2146 3144 jam
2183 3077 2237 3132 in
2268 3080 2368 3134 hac
2395 3082 2503 3135 vita
2535 3083 2907 3150 inclinantem,
2958 3093 3014 3140 et
3044 3089 3097 3139 in
3123 3087 3291 3140 altera
3312 3085 3422 3138 vita
3452 3084 3617 3151 perii.

363 3159 607 3227 aliunde,
648 3164 752 3217 nisi
779 3180 843 3217 ex
878 3167 1218 3234 plenitudine
1249 3174 1461 3251 gratiaq
1488 3176 1662 3245 ipsius
1690 3183 1926 3252 accipio.

364 3250 495 3305 Ideo
524 3264 933 3322 consequenter
956 3257 1209 3326 adjunxit
1244 3278 1259 3312 :

432 3342 497 3395 Et
525 3344 589 3396 de
610 3344 935 3412 plenitudine
955 3347 1068 3417 ejus
1103 3367 1195 3407 nos
1217 3366 1394 3411 omnes
1422 3361 1732 3428 accepimus.
1761 3363 1932 3431 Quam

366 3435 762 3503 plenitudinem
822 3439 993 3494 dicit?
1027 3443 1144 3499 Non
1184 3445 1371 3508 aliam.
1410 3450 1513 3506 nisi
1566 3468 1685 3508 eam
1719 3457 1787 3512 de
1828 3475 1934 3530 qua

363 3524 618 3592 Superius
633 3524 803 3582 dixit:
824 3524 892 3591 Et
910 3528 1131 3595 vidimus
1146 3533 1372 3601 gloriam
1390 3538 1523 3606 ejus,
1543 3540 1767 3609 gloriam

365 3615 623 3685 unigeniti
655 3634 687 3673 α
712 3614 892 3684 Patre,
919 3621 1127 3690 plenum
1169 3631 1356 3696 gratia.-
1391 3641 1439 3684 et
1472 3636 1729 3693 veritatis.
1760 3614 1938 3695 Pleni-

368 3707 499 3760 “tio
516 3708 719 3780 quippe
743 3713 951 3782 gratiae
975 3706 1275 3772 secundum
1307 3720 1721 3794 humanitatem,
1747 3739 1802 3785 et
1827 3732 1939 3800 ple-

366 3797 562 3861 nitudo
586 3801 1003 3871 veritatisjuxta
1024 3806 1364 3867 divinitatem
1390 3814 1444 3871 in
1470 3816 1690 3875 Christo
1710 3797 1935 3881 habitat.

371 3892 525 3947 Unde
551 3894 629 3948 ait
664 3898 959 3967 Apostolus
997 3916 1013 3957 ξ
1052 3901 1103 3955 in
1142 3919 1250 3972 quo
1302 3907 1588 3975 plenitudo
1631 3911 1939 3971 divinitatis

368 3985 744 4054 corporaliter,
769 3990 868 4045 hoc
885 4001 970 4048 est
988 3994 1512 4067 veraciter,ltabitat.
1539 3999 1643 4057 Sed
1663 4008 1938 4074 quomodo

370 4080 421 4131 in
444 4076 663 4134 Christo
682 4082 965 4149 plenitudo
991 4086 1193 4154 gratiae
1216 4093 1517 4147 secundum
1546 4094 1937 4167 humanitatem

367 4170 581 4226 habitat
610 4173 668 4226 ’?
690 4173 807 4229 Non
836 4175 1015 4244 aliter,
1049 4179 1158 4238 nisi
1190 4183 1335 4251 quod
1366 4185 1482 4254 ipse
1511 4187 1585 4242 sit
1617 4190 1852 4258 primum
1885 4202 1943 4255 et,
1988 4208 1997 4216 ·

370 4266 659 4320 maximum
701 4265 919 4325 divinae
968 4271 1177 4342 gratiae
1233 4278 1566 4345 exemplum,
1596 4280 1649 4333 in
1689 4296 1756 4335 eo
1794 4284 1937 4352 quod

368 4358 531 4410 hotuo
565 4359 839 4428 Christus,
893 4364 1062 4420 nullis
1116 4368 1579 4435 praecedentibus
1610 4374 1842 4441 meritis,
1880 4377 1935 4430 in

2037 3172 2309 3236 ciendam,
2336 3176 2388 3228 in
2414 3190 2519 3244 qua
2541 3190 2710 3245 purae
2736 3179 2975 3233 veritatis
3002 3177 3411 3247 contemplatio,
3444 3178 3498 3231 in
3527 3179 3616 3232 his

2036 3263 2129 3332 qui
2165 3264 2517 3331 dedicantur,
2578 3268 2789 3340 absque
2822 3268 2931 3346 pila
2990 3268 3222 3333 caligine
3284 3267 3606 3322 donabitur.

2036 3354 2217 3411 Prima
2247 3354 2431 3424 itaque
2455 3357 2724 3412 ierarchia
2762 3358 2898 3428 legis
2936 3360 3181 3422 nomine,
3216 3357 3454 3412 secunda
3482 3372 3608 3426 gra-

2042 3448 2167 3511 tiae,
2204 3451 2362 3502 tcrtia
2386 3448 2630 3504 veritatis
2650 3451 3014 3520 appellatione
3040 3452 3365 3505 insinuatur.
3392 3449 3465 3504 De
3489 3449 3617 3517 qui-

2040 3541 2143 3595 bus
2176 3541 2351 3595 tribus
2384 3542 2669 3597 ierarchiis
2700 3544 2949 3612 quisquis
2984 3545 3200 3613 plenius
3224 3543 3365 3598 scire
3394 3541 3618 3597 deside-

2042 3639 2146 3694 rat,
2180 3632 2321 3703 legat
2351 3620 2598 3687 sanctu'm
2642 3633 2955 3705 Dionysium
2993 3634 3372 3703 AreOpagitam
3404 3634 3448 3686 '.

2109 3721 2275 3777 Deum
2307 3739 2455 3776 nemo
2513 3722 2639 3777 vidit
2679 3742 2932 3795 unquam.
2986 3724 3065 3779 Ad
3095 3723 3373 3779 cumulum
3438 3723 3621 3777 laudis

2043 3813 2402 3883 plenitudinis
2434 3810 2638 3870 Christi
2668 3816 2888 3869 additur
2910 3815 3057 3885 quod
3079 3816 3156 3870 ait
3199 3832 3213 3872 :
3251 3816 3418 3870 Deum
3451 3829 3620 3869 nemo

2045 3905 2181 3960 vidit
2243 3918 2503 3974 unquam,
2563 3912 2620 3959 et
2698 3906 2853 3974 quasi
2918 3907 3021 3960 hac
3071 3908 3356 3961 occasione
3399 3905 3620 3959 divinae

2044 3995 2435 4053 invisibilitatis
2481 3998 2630 4052 muni
2661 3997 3005 4053 beatitudine
3033 3996 3271 4052 humana
3304 3999 3620 4068 privaretur

2045 4101 2236 4145 natura
2270 4122 2339 4131 —
2375 4093 2547 4161 ipsius
2607 4107 2841 4163 namque
2895 4093 3287 4159 contemplatio
3347 4107 3474 4146 vera
3527 4106 3619 4149 est

2044 4184 2328 4239 beatitudo
2355 4215 2424 4225 —-
2452 4187 2495 4240 si
2534 4202 2640 4245 non
2679 4188 3015 4241 succurrerit
3044 4186 3228 4240 divina
3258 4186 3471 4240 houitas
3507 4202 3606 4250 per

2047 4276 2485 4336 incarnationem
2546 4279 2807 4344 unigeniti
2842 4278 2964 4347 Filii
3024 4279 3144 4343 Dei,
3174 4279 3266 4349 qui
3308 4279 3362 4333 iu
3420 4294 3616 4344 carne,

2048 4372 2153 4429 ltoc
2214 4384 2297 4429 est
2376 4376 2430 4429 in
2492 4372 2607 4429 toto
2666 4375 2909 4443 homine,
2975 4392 3138 4445 quem
3202 4372 3436 4442 accepit,
3504 4391 3633 4429 IIOII’

368 4450 626 4504 unitatem
661 4454 1024 4519 substantia»,
1051 4455 1164 4521 vel,
1199 4459 1541 4518 utusitatius
1572 4462 1772 4530 dicam,
1809 4484 1929 4536 per-
1968 4440 2012 4499 ί)
2045 4466 2221 4521 solum
2252 4484 2309 4524 se
2340 4470 2517 4537 ipsum
2538 4470 2779 4551 aperuit.
2804 4468 2898 4524 sed
2927 4470 3155 4523 omnino
3184 4478 3343 4521 antea
3372 4467 3623 4531 incogni‘

365 4555 531 4595 senae
562 4550 878 4614 assumptus
910 4559 1013 4603 cst.
1045 4549 1330 4607 Plenitudo
1380 4563 1561 4609 autem
1599 4560 1843 4613 veritatis
1878 4564 1931 4616 in

365 4634 483 4700 ipso
513 4637 834 4700 naturaliter
854 4646 958 4704 est,
996 4642 1121 4710 quia
1148 4643 1269 4711 ipse
1296 4652 1382 4700 est
1414 4647 1680 4714 veritatis,
1708 4650 1826 4720 ipso
1852 4665 1932 4707 te-

364 4737 519 4779 sautc
556 4743 572 4779 :
611 4745 630 4778 ι
663 4729 772 4798 Ego
816 4745 936 4785 sum
971 4733 1076 4797 via,
1106 4737 1310 4791 veritas
1338 4747 1394 4792 et
1424 4739 1557 4794 vita.
1595 4759 1612 4791 ι
1651 4740 1725 4795 De
1752 4744 1929 4812 pleni-

366 4818 553 4872 tudine
586 4819 744 4890 igitur
765 4823 881 4892 ejus
897 4825 1197 4887 secundum
1228 4828 1623 4885 humanitatem
1648 4844 1705 4886 et
1726 4835 1926 4891 divini-

365 4916 387 4961 t
407 4904 530 4961 item
565 4926 663 4963 nos
681 4927 873 4967 onmes
901 4916 1236 4984 accepimus.
1260 4917 1367 4989 Nos
1386 4924 1561 4974 omnes
1585 4921 1738 4984 dicit,
1758 4924 1849 4991 qui
1868 4923 1935 4979 de

365 4997 662 5054 Israelitico
686 5002 905 5072 populo‘
930 5020 1050 5058 eum
1095 5009 1423 5077 recepimus,
1442 5016 1498 5064 et
1522 5010 1614 5079 qui
1645 5011 1711 5066 de
1733 5015 1937 5067 ceteris

366 5092 534 5146 totius
552 5093 739 5148 mundi
760 5095 1079 5152 nationibus
1103 5100 1155 5153 in
1174 5114 1298 5154 eum
1320 5102 1930 5174 crediderunt,gratiam

363 5185 700 5255 accepimus,
724 5202 831 5258 qua
858 5187 911 5241 in
940 5203 1062 5243 cum
1086 5190 1382 5259 credimus,
1410 5202 1464 5249 ct
1498 5195 1802 5260 veritatem,
1827 5213 1931 5267 qua

365 5260 539 5347 ipsum
564 5279 938 5353 intelligimus.
972 5281 1037 5335 Et
1059 5284 1162 5337 hoc
1188 5292 1272 5338 est
1292 5286 1434 5354 quod
1463 5290 1711 5357 sequitur
1738 5306 1752 5345 :
1788 5290 1931 5345 Gra-

363 5372 493 5424 tiam
517 5389 611 5441 pro
629 5375 827 5448 gratia,
855 5387 912 5429 ut
935 5376 1295 5432 subaudiatur
1321 5379 1419 5433 :de
1448 5380 1783 5450 plenitudine
1812 5384 1934 5454 ejus

364 5466 676 5541 accepimus
716 5472 944 5537 gratiam
1006 5488 1103 5538 pro
1130 5470 1339 5538 gratia;
1395 5474 1623 5541 gratiam
1677 5476 1931 5528 videlicet

366 5559 839 5626 CO‘tlettlri.'li0llta
868 5554 1109 5623 γυιὶιᾲιζδ
1135 5578 1232 5631 pro
1253 5573 1423 5632 gratia
1451 5568 1572 5641 tidei
1601 5567 1920 5618 inhumanu-

2046 4567 2159 4612 tum
2208 4558 2375 4615 Deum
2421 4563 2634 4620 Patrem
2693 4563 3013 4618 hominibus
3047 4562 3438 4626 manifestavit,
3470 4562 3621 4614 sicut

2042 4652 2117 4710 ait
2140 4651 2254 4723 ipse
2278 4672 2292 4708 :
2313 4676 2330 4706 α
2355 4644 2698 4733 Manifeslavi
2720 4671 2919 4717 nomen
2947 4664 3098 4710 tttum
3123 4651 3458 4713 hominibus,
3478 4666 3622 4721 quos

2041 4744 2238 4802 dedisti
2266 4747 2395 4800 mihi
2436 4765 2453 4798 ι
2490 4761 2508 4817 ε
2546 4757 2599 4803 et
2624 4749 2820 4803 iterum
2855 4740 3106 4815 Philippo
3123 4743 3406 4816 quaerenti
3443 4753 3500 4797 et
3532 4742 3621 4797 di-

2041 4838 2184 4891 centi
2217 4853 2231 4891 :
2274 4855 2291 4888 ι
2332 4822 2562 4893 Ostende
2595 4838 2753 4893 nobis
2783 4834 3026 4901 Patrem,
3052 4848 3109 4892 et
3141 4826 3339 4889 sutlicit
3368 4832 3527 4888 nobis
3568 4850 3617 4898 ι,

2050 4927 2415 4996 respondetur
2449 4941 2465 4983 :
2510 4946 2529 4981 ι
2557 4928 2828 4999 Philippe,
2858 4929 2952 5000 qui
2989 4942 3074 4982 me
3106 4926 3275 4992 videt,
3301 4935 3355 4978 et
3392 4923 3611 4979 Patrem

2045 5019 2192 5073 videt
2216 5034 2393 5072 meum
2429 5034 2487 5086 »ς
2519 5027 2574 5073 et.
2600 5020 2834 5073 iterum:
2872 5037 2889 5069 ι
2923 5017 3098 5081 Nemo
3127 5016 3260 5070 vidit
3283 5013 3479 5069 Filium
3508 5012 3617 5066 nisi

2044 5104 2224 5170 Pater,
2258 5123 2437 5178 neque
2494 5108 2710 5164 Patrem
2767 5108 2869 5163 nisi
2920 5107 3112 5172 Filius,
3158 5120 3214 5161 et
3244 5105 3332 5160 cui
3371 5102 3615 5157 voluerit

2040 5197 2211 5254 Filius
2240 5202 2481 5255 revelare
2515 5218 2563 5256 ι.
2597 5198 2710 5259 Nec
2731 5201 2907 5257 solum
2939 5199 3043 5255 hoc
3066 5194 3132 5252 de
3156 5195 3492 5257 hominibus,
3517 5206 3620 5245 ve-

2045 5307 2164 5344 rum
2194 5293 2356 5347 etiam
2390 5288 2457 5351 de
2489 5294 2696 5363 angelis
2727 5292 3163 5362 intelligendum.
3193 5286 3325 5341 Nam
3352 5294 3408 5360 et
3435 5282 3623 5353 angeli

2046 5383 2218 5441 Deum
2246 5399 2428 5448 suum,
2461 5385 2552 5452 qui
2594 5398 2813 5438 omnem
2852 5382 3190 5436 intellectum
3213 5382 3526 5455 exsuperat,
3560 5373 3622 5429 iu

2044 5490 2143 5529 sua
2185 5481 2376 5527 natura
2415 5488 2751 5544 cognoscere
2783 5489 2887 5527 uou
2918 5479 3235 5541 potuerunt.
3264 5467 3390 5537 quia
3423 5464 3625 5517 imis"

2043 5572 2165 5623 bilis
2207 5570 2588 5638 etincoguitus
2624 5575 2727 5629 est,
2768 5565 2820 5618 ν.
2845 5567 2942 5619 rho
2975 5579 3101 5621 vero
3129 5562 3411 5616 illcal‘llal'l
3438 5556 3625 5611 domi!

1655 5661 1906 5729 VAltlAl'J
1951 5660 2350 5717 Luct‘toxts.

441 5719 460 5788 ἦ
495 5721 607 5776 Cod
664 5729 905 5781 υοδδέιίει.
989 5732 1006 5759 ¹
1042 5731 1117 5785 Cu
1142 5732 1171 5782 ‘.
1218 5731 1601 5794 .lt'inuuqiluut.
