3920 6154
269 279 357 336 3M
1290 296 1644 357 COMMENT.
1684 300 1752 355 iN
1799 295 2022 355 EVANG
2088 302 2233 357 δερ.
2270 304 2460 362 JOAN.
3377 327 3483 383 ειη

271 412 382 451 num
405 410 556 453 suum
582 398 972 469 intellexerunt,
1004 404 1096 460 Dei
1128 408 1375 467 videlicet
1418 413 1632 479 Filium,
1674 425 1729 472 et
1758 418 1808 472 in
1847 416 1887 473 A
1920 414 2090 483 ipsum
2138 420 2252 475 ei».
2302 422 2359 477 In
2410 426 2636 494 epistola
2698 443 2796 485 sua
2859 430 3094 490 Joannes

271 489 371 557 ipso
404 495 459 544 et
493 505 586 559 per
621 492 790 581 ipsum
831 503 997 552 totam
1023 509 1283 559 remotam
1326 506 1394 559 ab
1417 507 1667 564 omnibus
1691 508 1811 563 Tri-

272 579 492 634 nitatem.
540 579 923 641 Universaliter
962 588 1142 658 itaque
1182 600 1236 646 et
1272 595 1516 651 rationali
1561 607 1616 651 et
1655 598 1809 654 intel-

272 668 463 723 lectuali
514 679 793 728 creaturae
844 675 1046 745 profuit
1087 679 1180 735 Dei
1211 680 1373 739 Verbi
1414 686 1807 752 inhumanatio,

274 759 495 814 rationali
542 761 790 819 videlicet
835 767 901 821 ad
934 769 1236 827 libertatem
1281 784 1508 831 naturae
1543 794 1606 833 ex
1638 789 1812 839 morte

272 856 319 902 et
335 849 541 905 servitio
562 850 846 919 diabolico,
869 865 924 911 et
948 873 1014 913 ex
1037 860 1339 931 ignorantia
1368 869 1631 936 veritatis,
1661 870 1813 929 intel-

273 937 462 994 lectuali
487 955 614 996 vero
640 942 705 997 ad
730 952 1151 1018 cognoscendam
1181 968 1331 1011 suam
1368 952 1605 1026 causam,
1650 976 1811 1033 quam

272 1032 400 1097 prius
421 1031 718 1102 ignorabat.
741 1034 875 1095 Hinc
894 1038 1181 1111 Apostolus
1209 1064 1222 1097 :
1254 1065 1273 1097 ‹
1301 1045 1358 1101 1η
1380 1065 1487 1120 quo
1512 1031 1811 1109 restaurata

271 1128 379 1175 sunt
414 1122 618 1186 omnia,
665 1140 803 1195 quae
844 1128 898 1185 in
938 1131 1091 1189 caelo
1128 1144 1185 1190 et
1223 1135 1278 1191 in
1318 1148 1462 1193 terra
1486 1160 1536 1223 ιζ
1567 1141 1673 1199 Sed
1707 1160 1813 1205 non

270 1211 511 1268 immerito
529 1218 829 1284 quaeritur,
856 1235 951 1276 cur
971 1223 990 1256 ¹
1027 1223 1080 1279 in
1103 1224 1283 1284 Veteri
1314 1211 1657 1291 Testamento
1678 1244 1733 1293 et
1760 1237 1813 1299 in

273 1300 396 1357 Novo
436 1302 749 1376 frequenter
786 1308 997 1383 legatur
1038 1315 1105 1371 de
1135 1318 1264 1386 Deo,
1310 1320 1619 1385 hominibus
1648 1341 1814 1396 appa.

271 1393 436 1457 ruisse,
473 1396 586 1452 sive
625 1399 911 1456 visibiliter
947 1408 1250 1466 carnalibus
1293 1413 1495 1481 oculis,
1534 1416 1647 1475 sive
1681 1418 1816 1475 invi‘

269 1482 470 1543 sibiliter
487 1490 821 1565 propheticis
847 1495 1158 1565 visionibus,
1183 1501 1308 1557 dum
1326 1503 1676 1577 Evangelium
1700 1510 1775 1565 ait
1800 1529 1813 1567 :

272 1592 293 1643 ε
309 1572 454 1628 Deum
489 1594 649 1633 nemo
689 1580 822 1637 vidit
859 1600 1091 1657 unquam
1117 1609 1161 1642 ι.
1199 1589 1305 1649 Sed
1336 1593 1379 1649 si
1421 1572 1627 1653 de'solo
1658 1596 1817 1655 Patre

268 1662 534 1733 diceretur,
579 1664 887 1739 quod'eum
937 1692 1094 1733 nemo
1133 1682 1301 1748 vidit,
1347 1683 1602 1745 facillime
1643 1692 1792 1749 solve

3201 455 3218 487 ι
3248 439 3461 496 Scimus

1916 507 2040 579 quia
2077 510 2168 564 filii
2220 512 2313 567 Dei
2361 530 2579 583 sumus,
2635 520 2728 576 sed
2777 522 3012 578 nondum
3061 530 3308 597 apparuit
3356 531 3485 601 quid

1914 599 2136 656 erimus.
2177 602 2389 661 Scimus
2423 620 2600 663 autem
2628 613 2789 680 quia,
2830 629 2951 668 cum
2994 616 3105 683 ipse
3145 599 3486 687 apparuerit,

1897 689 2216 747 'videbimus
2237 709 2381 763 eum,
2406 698 2559 755 sicuti
2585 710 2668 755 est
2687 721 2732 755 ι.
2761 702 2956 759 Paulus
2982 705 3110 760 item
3137 724 3150 761 :
3184 726 3201 758 ι
3235 707 3488 765 Videmus

1918 796 2061 836 nunc
2091 798 2189 855 per
2233 785 2507 854 speculum
2555 789 2606 844 in
2653 792 2975 863 aenigmate,
3013 804 3140 852 tunc
3177 806 3359 854 autem
3407 798 3486 855 fac

1916 871 2054 927 ciem
2101 875 2167 929 ad
2213 874 2404 933 faciem
2441 899 2487 942 ι,
2531 889 2814 952 ceteraque
2862 885 2912 938 id
2963 900 3150 955 genus.
3197 888 3362 956 Quid,
3390 890 3488 965 _iu—

1918 979 2099 1033 quam,
2130 966 2311 1022 vident
2354 970 2599 1028 homines
2640 982 2695 1029 et
2738 977 2945 1047 angeli,
2984 979 3068 1034 vel
3114 981 3281 1037 visuri
3327 993 3486 1049 sunt,

1916 1055 2042 1111 dum
2072 1060 2409 1128 apertissime
2433 1073 2489 1119 et
2524 1076 2742 1122 sanctus
2770 1068 3084 1127 Ambrosius
3113 1082 3169 1129 et
3200 1075 3486 1146 Dionysius

1915 1143 2235 1216 Areopagita
2258 1150 2463 1219 absque
2486 1151 2590 1206 ulla
2614 1156 2957 1213 cunctatione
2983 1159 3271 1229 inculcant,
3295 1143 3486 1228 Deum,

1918 1247 2182 1289 summam
2229 1238 2350 1295 dico
2377 1239 2720 1309 Trinitatem,
2768 1245 2900 1301 nulli
2946 1261 3042 1317 per
3080 1265 3138 1304 se
3172 1250 3342 1320 ipsam
3390 1268 3491 1307 un—

1917 1339 2077 1394 quam
2109 1331 2442 1399 apparuisse,
2484 1349 2761 1405 nunquam
2787 1352 3066 1407 apparere,
3096 1354 3367 1409 nunquam
3398 1357 3491 1412 ap-

1915 1417 2256 1486 pariturum?
2298 1420 2593 1492 Apparebit
2636 1427 2819 1496 itaque
2869 1428 2922 1482 in
2972 1431 3309 1501 theoplianiis
3352 1434 3487 1496 suis.

1917 1505 2022 1560 hoc
2050 1515 2132 1562 est
2170 1510 2367 1567 divinis
2395 1515 2838 1590 apparitionibus,
2869 1517 2921 1571 in
2953 1518 3147 1586 quibus
3178 1521 3332 1591 juxta
3369 1523 3492 1578 alti-

1920 1596 2156 1653 tudinem
2206 1601 2454 1669 puritatis
2504 1611 2558 1657 et
2612 1604 2826 1660 virtutis
2871 1608 3293 1680 uniuscujusque
3348 1613 3490 1668 Deus

1920 1689 2217 1756 apparebit.
2249 1690 2628 1761 TheOphaniae
2677 1704 2855 1751 autem
2901 1709 3027 1753 sunt
3056 1715 3241 1757 omnes
3278 1712 3487 1759 creatu-

271 1762 395 1807 retur
431 1760 695 1825 quaestio,
744 1770 805 1816 ut
854 1780 1082 1835 persona
1127 1770 1246 1826 Filii
1284 1784 1341 1829 et
1376 1775 1610 1847 Spiritus
1636 1776 1889 1863 sanctiB
1915 1790 2008 1833 rae
2052 1779 2290 1836 Visibiles
2329 1760 2750 1852 eliiIlViSibileS.
2799 1804 2893 1857 per
2938 1805 3072 1860 quas
3124 1792 3285 1856 Deus.
3333 1801 3389 1850 ει
3434 1794 3488 1848 in

267 1856 400 1910 saepe
424 1843 790 1919 intelligantur
815 1854 1098 1913 visiliiliter
1124 1843 1457 1937 apparuisse,
1486 1869 1658 1929 solum
1686 1854 1815 1931 vero

267 1929 448 1987 Patrem
496 1930 766 1999 reniotum
813 1943 883 1998 ab
927 1951 1071 2005 omni
1116 1929 1338 2011 visione.
1385 1956 1651 2025 Quoniam
1686 1976 1817 2021 vero

268 2039 353 2079 non
373 2028 433 2082 de
457 2045 557 2083 una
582 2046 831 2101 persona,
865 2038 959 2094 sed
981 2041 1046 2095 de
1073 2044 1187 2099 sola
1210 2045 1489 2115 'l‘rinitate,
1515 2066 1651 2120 quae
1676 2052 1817 2109 Deus

266 2133 381 2172 unus
420 2130 526 2185 est,
572 2124 677 2180 hoc
734 2126 1053 2200 intelligitur
1109 2135 1344 2202 dictum,
1400 2160 1417 2189 ο
1451 2140 1617 2197 Deum
1659 2158 1817 2200 nemo

268 2204 376 2260 vidit
413 2225 646 2281 unquam
670 2233 718 2281 ι,
759 2221 1047 2277 essentiam
1088 2223 1339 2284 videlicet
1372 2240 1427 2284 et
1460 2231 1816 2309 substantiam

266 2298 398 2353 unius
432 2299 734 2368 Trinitatis,
779 2313 1035 2380 quoniam
1091 2327 1309 2388 superat
1350 2334 1565 2377 omnem
1608 2301 1817 2383 intelle-

266 2394 389 2442 ctum
424 2393 703 2451 rationalis
728 2408 783 2453 et
820 2399 1194 2464 intellectualis
1224 2419 1530 2477 creaturae,
1573 2428 1677 2469 non
1724 2415 1820 2471 im-

266 2480 430 2570 merito
481 2485 914 2559 investigandum
976 2506 1096 2564 est,
1154 2500 1296 2570 quod
1353 2502 1640 2570 apparuit,
1693 2505 1816 2563 dum

267 2568 434 2622 dicitur
463 2577 606 2664 υςηε
645 2575 759 2631 είς-ε
803 2579 1083 2638 visibilitcr
1121 2568 1233 2642 sive
1269 2568 1616 2650 invisibiliter
1653 2610 1818 2666 appa-

266 2654 430 2710 ruisse.
452 2648 653 2717 Beatus
665 2664 995 2737 Augustinus
1009 2670 1386 2734 incunctanter
1404 2683 1596 2752 aperit,
1617 2648 1816 2749 Filriitm

265 2749 547 2813 apparuisse
588 2753 644 2806 in
675 2752 857 2811 Veteri
903 2757 1269 2832 Testamento,
1301 2785 1406 2827 non
1436 2749 1630 2831 tamen
1670 2775 1724 2830 in
1753 2792 1816 2832 ea

265 2836 555 2904 Subslanlia,
599 2858 707 2913 qua
753 2846 899 2904 Patri
944 2853 1185 2921 aequalis
1230 2866 1345 2923 est,
1385 2861 1481 2917 sed
1530 2863 1582 2918 in
1636 2865 1816 2935 aliqua

266 2927 472 2998 subjecta
500 2945 778 3002 creatura,
819 2941 934 2995 sive
972 2941 1166 2997 visibili
1197 2945 1310 3003 sive
1348 2947 1623 3011 invisibili.
1659 2927 1817 3010 Simi-

266 3014 371 3073 liter
393 3026 606 3091 quando
631 3029 943 3095 apparuisse
964 3029 1197 3103 Spiritus
1222 3035 1436 3107 legitur,
1464 3042 1611 3097 verbi
1642 3045 1815 3115 gratia

268 3106 310 3160 in
345 3113 511 3179 specie
548 3114 852 3181 columbae,
896 3134 999 3174 non
1039 3136 1137 3191 per
1174 3138 1233 3178 se
1266 3125 1438 3203 ipsum
1484 3130 1537 3183 in
1578 3106 1672 3185 ea-
1691 3134 1817 3188 suh-
1843 3123 1888 3185 C

266 3200 455 3267 stantia,
488 3218 599 3275 qua
628 3203 775 3259 Patri
802 3216 861 3263 et
887 3208 1023 3265 Filio
1061 3200 1429 3272 coessentialis
1468 3228 1580 3285 est,
1624 3223 1718 3277 sed
1761 3222 1817 3278 in

266 3287 476 3356 subjecta
520 3304 777 3349 creatura
826 3308 910 3352 est
953 3300 1391 3360 existimandum.
1435 3305 1492 3362 Id
1532 3308 1705 3383 ipsum
1750 3311 1818 3367 de

266 3374 404 3434 Patre
427 3382 687 3456 intellige.
715 3384 963 3445 Visiones
983 3391 1147 3450 etiam
1189 3374 1594 3467 prophetarum,
1621 3402 1816 3477 quibus

266 3472 527 3542 prophetae
568 3476 741 3533 Deum
792 3480 989 3538 vidisse
1042 3485 1414 3556 perhibentur,
1463 3491 1531 3549 de
1578 3472 1817 3563 subjecta

267 3563 467 3630 quadam
495 3567 769 3638 spirituali
798 3581 1043 3627 creatura
1076 3573 1250 3632 factae
1278 3588 1435 3647 sunt;
1461 3581 1817 3644 substantiam

267 3662 375 3707 vero
393 3653 626 3711 divinam
652 3672 751 3728 per
768 3674 827 3715 se
853 3661 1022 3732 ipsam
1056 3664 1198 3721 nullo
1218 3667 1377 3724 modo
1399 3670 1479 3726 eis
1504 3674 1819 3745 apparuisse

267 3738 526 3816 Dionysius
566 3748 948 3808 incunctanter
981 3757 1203 3824 astruit,
1234 3774 1302 3815 ne
1340 3738 1625 3821 invisibilis
1651 3774 1705 3820 et
1736 3767 1820 3822 in-

266 3840 739 3907 comprehensibilis
773 3843 954 3915 aliquo
999 3848 1158 3904 modo
1208 3851 1379 3908 videri
1422 3864 1516 3909 aut
1565 3872 1817 3929 compre-

268 3920 400 3979 hendi
423 3942 579 3997 posse
610 3930 967 3988 existimetur.
993 3934 1279 4003 Quaeritur
1299 3943 1685 4008 etiam,,utrutn
1717 3949 1819 4006 hoc

268 4008 478 4083 [dicatur
518 4018 962 4093 delhominihus
1008 4027 1345 4088 solummodo
1387 4035 1562 4092 adhuc
1612 4038 1663 4093 in
1717 4024 1817 4096 hac

265 4102 357 4157 vita
376 4107 706 4179 degentibus,
731 4128 839 4168 non
868 4125 1047 4173 autem
1073 4119 1139 4174 de
1166 4121 1455 4190 virtutibus
1476 4127 1815 4195 caelestibus,

264 4202 384 4261 quae
401 4211 609 4270 semper
628 4200 683 4255 in
716 4202 893 4257 divina
918 4209 1371 4279 contemplatione
1389 4217 1711 4274 consistunt.
1734 4220 1817 4275 Ad

267 4279 355 4339 hoc
386 4286 687 4356 dicendum,
715 4292 838 4362 quia
880 4294 1056 4353 nullus
1095 4297 1361 4357 humanae
1401 4319 1496 4358 seu
1541 4309 1817 4377 angelicae

266 4380 464 4431 naturae
489 4380 758 4451 particeps
784 4383 957 4453 ipsum
998 4385 1164 4443 Deum
1203 4404 1302 4459 per
1324 4406 1383 4447 se
1408 4393 1584 4465 ipsum
1630 4397 1683 4455 in
1714 4414 1812 4455 sua

1916 1867 2112 1941 quibus
2157 1885 2317 1947 saepe
2358 1877 2641 1945 apparuit,
2679 1886 2733 1930 et
2774 1889 3019 1948 apparet,
3061 1891 3118 1936 et
3146 1884 3491 1952 appariturns

1917 1968 2020 2017 est.
2068 1960 2202 2017 Item
2264 1964 2465 2020 virtute
2530 1968 3032 2039 purgatissimarum
3091 1971 3394 2026 animarum
3431 1983 3485 2027 et

1915 2050 2282 2111 intellectuum
2328 2055 2684 2126 theophaniae
2712 2066 2865 2124 sunt,
2912 2067 2967 2114 et
3008 2059 3062 2115 in
3109 2061 3188 2116 eis
3226 2076 3489 2132 quaeren.

1918 2144 2061 2207 libus
2099 2153 2155 2201 et
2191 2145 2537 2219 diligentibus
2579 2163 2639 2203 se
2681 2149 2824 2205 Deus
2851 2150 3183 2217 manifestat,
3212 2153 3265 2209 in
3295 2154 3491 2222 quibus

1915 2234 2079 2293 veluti
2127 2236 2445 2306 quibusdam
2494 2239 2725 2294 nubibus
2763 2243 3043 2311 rapiuntur
3068 2243 3239 2298 sancti
3277 2243 3487 2298 obviam

1915 2325 2147 2391 Christo,
2176 2329 2314 2383 sicut
2339 2328 2412 2382 ait
2432 2328 2753 2398 Apostolus:
2791 2351 2809 2383 σ
2840 2331 3133 2401 Rapiemur
3159 2333 3212 2386 in
3256 2333 3487 2387 nubibus

1916 2415 2129 2475 obviam
2172 2417 2386 2474 Christo
2408 2439 2454 2485 ι,
2500 2422 2671 2477 nubes
2715 2423 2990 2492 appellans
3033 2424 3344 2480 altitudines
3379 2424 3493 2480 cla-

1917 2506 2161 2563 rissimas
2178 2507 2388 2563 divinae
2410 2509 2668 2575 theoriae,
2696 2511 2746 2565 in
2770 2526 2873 2581 qua
2896 2528 3109 2582 semper
3129 2529 3250 2569 cum
3273 2514 3490 2569 Christo

1916 2603 2094 2651 erunt.
2127 2593 2265 2653 Hinc
2313 2606 2423 2663 est,
2467 2599 2609 2668 quod
2655 2598 2940 2683 Dionysius
2981 2602 3103 2683 ait:
3144 2619 3163 2653 ι
3188 2603 3326 2657 Etsi
3370 2604 3491 2673 quis

1918 2698 2067 2751 eum,
2088 2685 2257 2743 Deum
2282 2687 2547 2753 videlicet,
2575 2688 2774 2745 vidisse
2801 2676 3019 2756 dixeiit,
3044 2705 3151 2746 non
3183 2706 3305 2746 eum
3335 2693 3489 2759 vidit,

1917 2777 2010 2831 sed
2039 2774 2242 2846 aliquid
2272 2774 2341 2831 ab
2368 2791 2432 2833 eo
2463 2774 2680 2847 factum.
2710 2777 2828 2847 Ipse
2867 2780 3008 2833 enim
3047 2781 3269 2835 omnino
3313 2781 3493 2836 invisi.

1916 2865 2041 2920 bilis
2067 2873 2172 2931 est,
2200 2865 2290 2933 qui
2322 2865 2512 2920 melius
2539 2868 2829 2923 nesciendo
2859 2869 3049 2933 scitur,
3076 2878 3131 2924 et
3161 2870 3314 2940 cujus
3340 2870 3490 2938 igno-

1917 2957 2093 3015 rantia
2116 2970 2242 3011 vera
2268 2969 2351 3011 est
2378 2958 2642 3031 sapientia
2664 2978 2706 3011 ι.
2734 2956 3045 3028 Unigem'tus
3074 2956 3267 3024 Filius,
3304 2960 3393 3029 qui
3417 2970 3491 3012 est

1918 3050 1974 3103 in
2009 3050 2129 3103 sinu
2174 3047 2383 3115 Patris;
2410 3048 2493 3105 vel
2528 3056 2589 3103 ut
2629 3049 2682 3104 in
2714 3047 2920 3104 Graeco
2963 3048 3256 3104 scribitur:
3287 3049 3379 3120 qui
3408 3059 3491 3104 est

1920 3138 1973 3195 in
2004 3138 2123 3195 sinu
2209 3135 2403 3201 Patris,
2432 3136 2519 3193 vel
2555 3138 2606 3191 in
2633 3132 2839 3194 sinibus
2862 3137 3059 3193 Patris.
3086 3137 3143 3193 In
3171 3138 3490 3207 quibusdam

1919 3228 2198 3289 codicibus
2238 3226 2568 3289 Graecorum
2616 3229 2962 3300 singulariter
3002 3230 3152 3284 sinus
3194 3228 3372 3287 Patris
3410 3228 3490 3284 di-

1918 3318 2079 3381 citur,
2112 3317 2165 3377 in
2195 3317 2520 3387 quibusdam
2566 3318 2869 3393 pluraliter,
2908 3320 3061 3389 quasi
3093 3319 3245 3383 sinus
3292 3317 3490 3377 multos

1917 3406 2081 3465 Pater
2137 3407 2355 3465 habeat.
2405 3406 2527 3478 Ipse
2576 3408 2863 3467 enarravit.
2920 3407 3241 3479 llnigenitus
3305 3407 3489 3479 itaque

1916 3499 2087 3569 Filius
2124 3500 2292 3556 Deum
2344 3499 2602 3563 narravit,
2651 3499 2754 3556 hoc
2799 3507 2911 3564 est,
2947 3499 3013 3571 (in
3062 3514 3121 3554 se
3171 3499 3289 3569 ipso
3319 3498 3490 3555 maui-

1919 3593 2157 3657 festavit,
2192 3608 2296 3651 non
2349 3594 2405 3648 in
2438 3601 2697 3667 quantum
2729 3592 2984 3649 divinitas
3029 3591 3169 3662 ejus,
3198 3604 3338 3662 quae
3379 3605 3494 3647 om-

1919 3684 2052 3741 nino
2112 3682 2402 3745 invisibilis
2438 3691 2552 3747 est,
2607 3682 2701 3739 sed
2754 3683 2808 3743 in
2855 3690 3116 3752 quantum
3160 3681 3490 3747 humanitas,

1917 3789 2110 3844 quam,
2156 3785 2217 3831 ut
2257 3789 2317 3830 se
2362 3775 2534 3844 ipsum
2585 3782 2639 3829 et
2680 3772 2897 3828 Patrem
2943 3788 3129 3840 suum,
3180 3787 3388 3827 necnon
3437 3780 3493 3826 et

1922 3863 2182 3937 Spiritum
2213 3874 2461 3921 sanctum
2489 3878 2646 3918 suum
2675 3862 2986 3918 hominibus
3029 3861 3403 3918 manifestaret
3435 3870 3491 3917 et

1919 3955 2144 4024 angelis,
2179 3956 2409 4025 accepit.
2451 3954 2585 4017 Nam
2631 3955 2864 4010 humana
2893 3954 3096 4018 anima,
3132 3954 3258 4008 dum
3300 3967 3398 4022 per
3435 3966 3493 4005 so

1919 4045 2089 4116 ipsam
2119 4045 2403 4101 invisibilis
2427 4046 2518 4111 sit,
2550 4059 2649 4115 per
2674 4055 2852 4099 motus
2881 4059 3009 4099 suos
3037 4056 3350 4112 corporeos,
3377 4054 3485 4094 non

1918 4137 2045 4205 quid
2072 4135 2163 4200 sit,
2193 4137 2287 4191 sed
2315 4137 2438 4205 quia
2476 4137 2570 4203 sit,
2599 4134 2928 4190 manifestat.
2960 4132 3027 4204 Et
3056 4131 3184 4204 quid
3210 4139 3315 4195 est,
3343 4129 3489 4200 quod

1919 4227 2035 4281 ait:
2069 4244 2087 4277 ι
2116 4224 2217 4292 Qui
2247 4235 2330 4281 est
2357 4226 2409 4280 in
2453 4226 2573 4280 sinu
2606 4224 2785 4280 Patris
2806 4242 2824 4275 ι
2874 4222 2958 4278 vel
2991 4240 3010 4273 ι
3039 4221 3093 4275 in
3142 4218 3352 4274 sinibus
3389 4216 3490 4270 Pa-

1918 4314 2020 4369 tris
2044 4314 2104 4368 »ἲ
2133 4312 2328 4369 Utrum
2379 4312 2523 4368 aliud
2566 4321 2652 4368 est
2679 4313 2829 4367 sinus
2876 4310 3074 4375 Patris,
3119 4306 3263 4362 aliud
3304 4306 3492 4375 unige-

1918 4404 2064 4458 nitus
2090 4403 2258 4459 Filius
2287 4402 2495 4457 Patris?
2522 4400 2639 4457 Non
2669 4400 2838 4467 aliud,
2868 4399 2961 4455 sed
2987 4396 3297 4470 unigenitus
3322 4395 3491 4451 Filius

268 4466 456 4537 propria
499 4478 695 4549 natura
740 4482 918 4542 potest
960 4481 1333 4551 contemplari.
1376 4484 1529 4553 Quod
1556 4489 1702 4545 enim
1754 4492 1809 4546 in
1841 4469 1891 4529 θ
1919 4496 2035 4565 ipse
2078 4504 2165 4553 est
2209 4495 2360 4549 sinus
2396 4491 2589 4547 Patris.
2636 4491 2801 4546 Sinus
2847 4497 3027 4544 autem
3078 4487 3254 4545 Patris
3295 4487 3492 4541 dicitur

267 4552 413 4614 latino
467 4562 651 4619 codice
698 4565 999 4636 scriptum,
1050 4587 1069 4620 ε
1096 4569 1264 4626 Deum
1310 4552 1467 4631 nemo
1496 4577 1628 4633 vidit
1664 4598 1709 4645 ι,
1757 4582 1811 4637 in

268 4659 440 4713 graeco
463 4670 483 4703 ι
521 4652 689 4708 Deum
722 4656 900 4712 nullus
926 4658 1058 4713 vidit
1085 4678 1142 4728 »ς
1176 4662 1338 4727 οὐδείς
1365 4667 1562 4739 quippe
1585 4678 1639 4725 et
1667 4688 1815 4726 nemo

269 4745 315 4792 ei
352 4744 517 4801 nullus
556 4748 962 4820 interpretatur.
1011 4754 1148 4821 Quid
1192 4773 1320 4830 ergo
1355 4769 1574 4817 sanctae
1603 4764 1817 4823 animae

268 4827 518 4892 hominum
562 4848 620 4894 et
665 4843 839 4896 sancti
884 4844 1186 4903 intellectus
1243 4827 1555 4919 angelorum
1602 4854 1812 4921 vident,

268 4926 376 4985 dum
401 4931 561 4990 Deum
589 4935 791 5001 vident,
817 4938 861 4994 si
891 4939 1061 5012 ipsum
1093 4943 1259 4997 Deum
1285 4959 1391 4998 non
1428 4945 1629 5010 vident,
1654 4962 1815 5015 quem

268 5018 429 5078 videre
464 5028 849 5095 perhibentur?
872 5032 1032 5088 Verbi
1066 5033 1260 5103 gratia,
1289 5044 1348 5089 ut
1374 5051 1541 5105 pauca
1566 5039 1811 5108 exempla

267 5106 325 5161 de
343 5113 513 5170 multis
533 5133 820 5188 ponamus,
846 5119 1031 5177 Esaias
1062 5122 1190 5177 vidit
1226 5124 1504 5178 Dominum
1539 5106 1810 5183 sedentem

267 5210 411 5266 super
436 5205 618 5261 solium
645 5207 939 5264 excelsum.
966 5209 1222 5265 Dominus
1246 5210 1379 5266 dicit
1398 5211 1450 5265 in
1482 5212 1809 5285 Evangelio:

272 5303 288 5335 ι
312 5286 485 5361 Augeli
521 5310 705 5350 eorum
741 5311 953 5367 semper
994 5300 1175 5354 vident
1222 5298 1413 5354 faciem
1459 5299 1638 5357 Patris
1672 5306 1809 5371 mei,

264 5376 345 5440 qui
371 5379 421 5433 in
446 5384 607 5441 caelis
624 5394 762 5440 esti.
789 5386 949 5442 item:
988 5405 1006 5439 ι
1037 5388 1137 5455 Qui
1168 5389 1341 5460 diligit
1371 5405 1475 5455 me,
1497 5392 1750 5464 diligetur
1781 5412 1810 5449 a

268 5462 412 5523 Patre
445 5486 580 5539 meo,
619 5483 677 5530 et
701 5488 801 5546 ego
825 5476 1039 5545 diligam
1068 5491 1220 5545 eum,
1266 5487 1319 5534 ct
1348 5462 1700 5537 manifestabo
1729 5498 1814 5538 me

334 5633 348 5663 ¹
374 5632 497 5689 Cod.
520 5654 613 5693 cur
633 5654 773 5692 (itm.

1916 4583 2104 4646 Filius,
2137 4583 2260 4653 quia
2290 4581 2505 4637 Patrem
2542 4578 2835 4636 insinuavit
2874 4578 3093 4633 mundo.
3126 4574 3293 4632 Sinus
3327 4575 3492 4631 etiam

1917 4674 2096 4730 Patris
2130 4672 2648 4743 unigenitus,Filius
2694 4678 2808 4739 est,
2856 4671 2983 4741 quia
3029 4671 3082 4725 in
3129 4667 3357 4727 secretis
3392 4680 3491 4736 pa-

1917 4773 2103 4819 ternae
2130 4772 2353 4819 naturae
2381 4777 2594 4834 semper
2621 4771 2728 4829 est,
2759 4762 2901 4817 sicut
2929 4761 3045 4832 ipse
3088 4760 3164 4815 ait
3188 4778 3201 4815 :
3236 4777 3255 4810 ι
3284 4758 3396 4829 Ego
3436 4757 3491 4811 in

1917 4854 2099 4921 Patre,
2132 4863 2186 4911 et
2231 4854 2395 4910 Pater
2419 4854 2475 4909 in
2504 4869 2592 4909 me
2622 4863 2707 4909 est
2731 4872 2777 4908 ι.
2824 4851 3283 4921 Quemadmodum
3328 4848 3493 4918 igitur

1919 4946 2109 5000 domus
2134 4943 2310 5000 Patris
2340 4944 2651 5015 unigenitus
2690 4943 2861 5000 Filius
2898 4950 3003 5008 est,
3030 4943 3172 4998 sicut
3214 4941 3330 5012 ipse
3374 4939 3487 4993 ait:

1925 5054 1944 5087 ι
1972 5037 2029 5092 In
2055 5037 2215 5092 domo
2243 5035 2420 5090 Patris
2449 5036 2555 5091 mei
2592 5036 2905 5092 mansiones
2934 5035 3134 5091 multae
3172 5042 3383 5098 sunt»;
3427 5045 3493 5087 ac

1917 5129 1962 5183 si
1985 5127 2189 5183 diceret
2213 5144 2227 5180 :
2250 5126 2309 5181 In
2335 5142 2440 5191 me,
2471 5127 2523 5180 in
2553 5141 2661 5196 quo
2689 5125 2846 5182 Pater
2876 5127 3040 5182 veluti
3068 5127 3120 5180 in
3151 5141 3245 5179 sua
3272 5121 3487 5191 propria

1918 5218 2075 5273 domo
2110 5217 2335 5280 habitat,
2384 5215 2581 5272 multae
2626 5217 2935 5273 mansiones
2962 5224 3126 5280 sunt;
3159 5214 3213 5268 in
3239 5226 3303 5267 ea
3343 5210 3487 5263 enim

1917 5306 2283 5375 unusquisque
2314 5320 2470 5361 suam
2515 5306 2876 5377 receptionem
2911 5304 3011 5375 p‘ro
3042 5304 3156 5359 suis
3188 5297 3396 5354 meritis
3436 5307 3490 5350 et

1917 5395 2086 5465 ipsius
2105 5395 2278 5467 gratia
2325 5395 2709 5466 possidebunt:
2738 5396 2813 5449 ita
2842 5402 2897 5449 et
2927 5394 3078 5449 sinus
3098 5388 3279 5443 Patris
3292 5395 3377 5443 est
3400 5386 3488 5441 Fi—
3573 5399 3583 5407 ’

1916 5485 2052 5550 lius;
2085 5486 2138 5540 in
2171 5484 2288 5555 ipso
2307 5488 2451 5543 enim
2476 5486 2664 5566 recipit
2691 5485 2869 5549 Pater,
2893 5490 2949 5538 et
2968 5478 3195 5549 colligit,
3217 5491 3357 5554 quos
3377 5477 3488 5533 vult

1568 5575 1824 5632 vomas
1858 5578 2258 5659 LECTIOleZS.
