  <div class='ocr_page' id='page_1' title='image "/cluster/home/n/w/nwhite01/storage/ocr_20150623/122/hvd.32044054759840/189.png"; bbox 0 0 3952 6156; ppageno 0'>
   <div class='ocr_carea' id='block_1_1' title="bbox 426 296 536 355">
    <p class='ocr_par' dir='ltr' id='par_1_1' title="bbox 426 296 536 355">
     <span class='ocr_line' id='line_1_1' title="bbox 426 296 536 355; baseline 0.027 -4"><span class='ocrx_word' id='word_1_1' title='bbox 426 296 536 355; x_wconf 79' lang='lat'><strong>505</strong></span> 
     </span>
    </p>
   </div>
   <div class='ocr_carea' id='block_1_2' title="bbox 1789 303 2307 376">
    <p class='ocr_par' dir='ltr' id='par_1_2' title="bbox 1789 303 2307 376">
     <span class='ocr_line' id='line_1_2' title="bbox 1789 303 2307 376; baseline 0.014 -15"><span class='ocrx_word' id='word_1_2' title='bbox 1789 303 2072 376; x_wconf 72' lang='lat' dir='ltr'><strong>JOANNIS</strong></span> <span class='ocrx_word' id='word_1_3' title='bbox 2112 308 2307 368; x_wconf 84' lang='lat' dir='ltr'><strong>SCOTI</strong></span> 
     </span>
    </p>
   </div>
   <div class='ocr_carea' id='block_1_3' title="bbox 2710 246 2822 256">
    <p class='ocr_par' dir='ltr' id='par_1_3' title="bbox 2710 246 2822 256">
     <span class='ocr_line' id='line_1_3' title="bbox 2710 246 2822 256; baseline -0.009 -1"><span class='ocrx_word' id='word_1_4' title='bbox 2710 249 2753 256; x_wconf 65' lang='grc' dir='ltr'><strong>-ο-</strong></span> <span class='ocrx_word' id='word_1_5' title='bbox 2790 246 2822 254; x_wconf 68' lang='grc' dir='ltr'><strong>νιν</strong></span> 
     </span>
    </p>
   </div>
   <div class='ocr_carea' id='block_1_4' title="bbox 3563 322 3663 381">
    <p class='ocr_par' dir='ltr' id='par_1_4' title="bbox 3563 322 3663 381">
     <span class='ocr_line' id='line_1_4' title="bbox 3563 322 3663 381; baseline -0.02 0"><span class='ocrx_word' id='word_1_6' title='bbox 3563 322 3663 381; x_wconf 65' lang='grc'><strong>304</strong></span> 
     </span>
    </p>
   </div>
   <div class='ocr_carea' id='block_1_5' title="bbox 423 408 3664 502">
    <p class='ocr_par' dir='ltr' id='par_1_5' title="bbox 423 408 3664 502">
     <span class='ocr_line' id='line_1_5' title="bbox 423 408 3664 502; baseline 0.009 -34"><span class='ocrx_word' id='word_1_7' title='bbox 423 413 673 482; x_wconf 80' lang='lat' dir='ltr'><strong>recipere</strong></span> <span class='ocrx_word' id='word_1_8' title='bbox 698 420 753 471; x_wconf 78' lang='lat' dir='ltr'><strong>et</strong></span> <span class='ocrx_word' id='word_1_9' title='bbox 802 408 1072 483; x_wconf 79' lang='lat' dir='ltr'><strong>colligere.</strong></span> <span class='ocrx_word' id='word_1_10' title='bbox 1117 409 1430 480; x_wconf 76' lang='lat' dir='ltr'><strong>Enarravit;</strong></span> <span class='ocrx_word' id='word_1_11' title='bbox 1462 413 1561 471; x_wconf 92' lang='lat' dir='ltr'><strong>hoc</strong></span> <span class='ocrx_word' id='word_1_12' title='bbox 1588 425 1667 471; x_wconf 91' lang='lat' dir='ltr'><strong>est</strong></span> <span class='ocrx_word' id='word_1_13' title='bbox 1696 458 1710 482; x_wconf 91' lang='lat'><strong>,</strong></span> <span class='ocrx_word' id='word_1_14' title='bbox 1743 419 1984 475; x_wconf 78' lang='lat' dir='ltr'><strong>doctrina</strong></span> <span class='ocrx_word' id='word_1_15' title='bbox 2015 427 2060 481; x_wconf 82' lang='lat' dir='ltr'><strong>A</strong></span> <span class='ocrx_word' id='word_1_16' title='bbox 2090 438 2181 479; x_wconf 87' lang='lat' dir='ltr'><strong>seu</strong></span> <span class='ocrx_word' id='word_1_17' title='bbox 2214 434 2234 476; x_wconf 59' lang='grc' dir='ltr'>ξ</span> <span class='ocrx_word' id='word_1_18' title='bbox 2276 440 2374 497; x_wconf 84' lang='lat' dir='ltr'><strong>ego</strong></span> <span class='ocrx_word' id='word_1_19' title='bbox 2398 408 2515 483; x_wconf 84' lang='lat' dir='ltr'><strong>sum</strong></span> <span class='ocrx_word' id='word_1_20' title='bbox 2564 426 2799 485; x_wconf 81' lang='lat' dir='ltr'><strong>Joannes</strong></span> <span class='ocrx_word' id='word_1_21' title='bbox 2826 430 2963 488; x_wconf 80' lang='lat' dir='ltr'><strong>illius</strong></span> <span class='ocrx_word' id='word_1_22' title='bbox 2989 431 3343 502; x_wconf 66' lang='lat' dir='ltr'><strong>Zachariae»,</strong></span> <span class='ocrx_word' id='word_1_23' title='bbox 3372 437 3469 494; x_wconf 87' lang='lat' dir='ltr'><strong>sed</strong></span> <span class='ocrx_word' id='word_1_24' title='bbox 3498 441 3664 498; x_wconf 87' lang='lat' dir='ltr'><strong>dixit:</strong></span> 
     </span>
    </p>
   </div>
   <div class='ocr_carea' id='block_1_6' title="bbox 426 502 1994 568">
    <p class='ocr_par' dir='ltr' id='par_1_6' title="bbox 426 502 1994 568">
     <span class='ocr_line' id='line_1_6' title="bbox 426 502 1994 568; baseline 0.005 -9"><span class='ocrx_word' id='word_1_25' title='bbox 426 513 482 559; x_wconf 89' lang='lat' dir='ltr'><strong>et</strong></span> <span class='ocrx_word' id='word_1_26' title='bbox 504 502 932 559; x_wconf 89' lang='lat' dir='ltr'><strong>manifestatione</strong></span> <span class='ocrx_word' id='word_1_27' title='bbox 959 503 979 533; x_wconf 77' lang='grc'><strong>⁸</strong></span> <span class='ocrx_word' id='word_1_28' title='bbox 1018 517 1146 557; x_wconf 89' lang='lat' dir='ltr'><strong>suae</strong></span> <span class='ocrx_word' id='word_1_29' title='bbox 1189 504 1579 563; x_wconf 70' lang='lat' dir='ltr'><strong>incarnationis</strong></span> <span class='ocrx_word' id='word_1_30' title='bbox 1616 508 1780 565; x_wconf 89' lang='lat' dir='ltr'><strong>Deum</strong></span> <span class='ocrx_word' id='word_1_31' title='bbox 1805 512 1994 568; x_wconf 82' lang='lat' dir='ltr'><strong>invisi-</strong></span> 
     </span>
    </p>
   </div>
   <div class='ocr_carea' id='block_1_7' title="bbox 420 591 1993 667">
    <p class='ocr_par' dir='ltr' id='par_1_7' title="bbox 420 591 1993 667">
     <span class='ocr_line' id='line_1_7' title="bbox 420 591 1993 667; baseline 0.006 -20"><span class='ocrx_word' id='word_1_32' title='bbox 420 592 585 647; x_wconf 80' lang='lat' dir='ltr'><strong>bilem</strong></span> <span class='ocrx_word' id='word_1_33' title='bbox 613 591 999 645; x_wconf 87' lang='lat' dir='ltr'><strong>demonstravit</strong></span> <span class='ocrx_word' id='word_1_34' title='bbox 1021 599 1075 645; x_wconf 91' lang='lat' dir='ltr'><strong>et</strong></span> <span class='ocrx_word' id='word_1_35' title='bbox 1097 591 1430 649; x_wconf 77' lang='lat' dir='ltr'><strong>demonstrat</strong></span> <span class='ocrx_word' id='word_1_36' title='bbox 1451 596 1993 667; x_wconf 51' lang='lat' dir='ltr'><strong>egdcmonstraturus</strong></span> 
     </span>
    </p>
   </div>
   <div class='ocr_carea' id='block_1_8' title="bbox 420 682 1992 764">
    <p class='ocr_par' dir='ltr' id='par_1_8' title="bbox 420 682 1992 764">
     <span class='ocr_line' id='line_1_8' title="bbox 420 682 1992 764; baseline 0.01 -29"><span class='ocrx_word' id='word_1_37' title='bbox 420 691 534 746; x_wconf 75' lang='lat' dir='ltr'><strong>est;</strong></span> <span class='ocrx_word' id='word_1_38' title='bbox 563 682 699 737; x_wconf 89' lang='lat' dir='ltr'><strong>sicut</strong></span> <span class='ocrx_word' id='word_1_39' title='bbox 719 683 795 736; x_wconf 87' lang='lat' dir='ltr'><strong>ait</strong></span> <span class='ocrx_word' id='word_1_40' title='bbox 823 682 876 736; x_wconf 91' lang='lat' dir='ltr'><strong>in</strong></span> <span class='ocrx_word' id='word_1_41' title='bbox 905 683 1018 752; x_wconf 90' lang='lat' dir='ltr'><strong>ipsa</strong></span> <span class='ocrx_word' id='word_1_42' title='bbox 1044 686 1342 753; x_wconf 85' lang='lat' dir='ltr'><strong>sententia,</strong></span> <span class='ocrx_word' id='word_1_43' title='bbox 1371 702 1533 756; x_wconf 88' lang='lat' dir='ltr'><strong>quam</strong></span> <span class='ocrx_word' id='word_1_44' title='bbox 1562 691 1721 759; x_wconf 90' lang='lat' dir='ltr'><strong>paulo</strong></span> <span class='ocrx_word' id='word_1_45' title='bbox 1745 695 1992 764; x_wconf 81' lang='lat' dir='ltr'><strong>superius</strong></span> 
     </span>
    </p>
   </div>
   <div class='ocr_carea' id='block_1_9' title="bbox 418 771 1986 852">
    <p class='ocr_par' dir='ltr' id='par_1_9' title="bbox 418 771 1986 852">
     <span class='ocr_line' id='line_1_9' title="bbox 418 771 1986 852; baseline 0.01 -28"><span class='ocrx_word' id='word_1_46' title='bbox 418 771 842 828; x_wconf 77' lang='lat' dir='ltr'><strong>introduximus:</strong></span> <span class='ocrx_word' id='word_1_47' title='bbox 865 792 883 825; x_wconf 82' lang='lat' dir='ltr'><strong>t</strong></span> <span class='ocrx_word' id='word_1_48' title='bbox 912 774 1013 842; x_wconf 84' lang='lat' dir='ltr'><strong>Qui</strong></span> <span class='ocrx_word' id='word_1_49' title='bbox 1035 775 1206 846; x_wconf 79' lang='lat' dir='ltr'><strong>diligit</strong></span> <span class='ocrx_word' id='word_1_50' title='bbox 1234 793 1335 839; x_wconf 87' lang='lat' dir='ltr'><strong>me,</strong></span> <span class='ocrx_word' id='word_1_51' title='bbox 1364 779 1648 849; x_wconf 90' lang='lat' dir='ltr'><strong>diligitura</strong></span> <span class='ocrx_word' id='word_1_52' title='bbox 1665 782 1824 838; x_wconf 88' lang='lat' dir='ltr'><strong>Patre</strong></span> <span class='ocrx_word' id='word_1_53' title='bbox 1846 800 1986 852; x_wconf 86' lang='lat' dir='ltr'><strong>meo,</strong></span> 
     </span>
    </p>
   </div>
   <div class='ocr_carea' id='block_1_10' title="bbox 418 866 1984 948">
    <p class='ocr_par' dir='ltr' id='par_1_10' title="bbox 418 866 1984 948">
     <span class='ocr_line' id='line_1_10' title="bbox 418 866 1984 948; baseline 0.011 -30"><span class='ocrx_word' id='word_1_54' title='bbox 418 874 474 918; x_wconf 90' lang='lat' dir='ltr'><strong>et</strong></span> <span class='ocrx_word' id='word_1_55' title='bbox 508 881 607 935; x_wconf 84' lang='lat' dir='ltr'><strong>ego</strong></span> <span class='ocrx_word' id='word_1_56' title='bbox 644 866 860 935; x_wconf 83' lang='lat' dir='ltr'><strong>diligam</strong></span> <span class='ocrx_word' id='word_1_57' title='bbox 900 883 1047 934; x_wconf 89' lang='lat' dir='ltr'><strong>eum,</strong></span> <span class='ocrx_word' id='word_1_58' title='bbox 1089 879 1143 925; x_wconf 91' lang='lat' dir='ltr'><strong>et</strong></span> <span class='ocrx_word' id='word_1_59' title='bbox 1174 871 1532 933; x_wconf 83' lang='lat' dir='ltr'><strong>manifestabo</strong></span> <span class='ocrx_word' id='word_1_60' title='bbox 1555 890 1638 930; x_wconf 88' lang='lat' dir='ltr'><strong>me</strong></span> <span class='ocrx_word' id='word_1_61' title='bbox 1669 877 1841 948; x_wconf 83' lang='lat' dir='ltr'><strong>ipsum</strong></span> <span class='ocrx_word' id='word_1_62' title='bbox 1871 881 1919 937; x_wconf 90' lang='lat' dir='ltr'><strong>ei</strong></span> <span class='ocrx_word' id='word_1_63' title='bbox 1940 900 1984 937; x_wconf 74' lang='grc' dir='ltr'><strong>ι.</strong></span> 
     </span>
    </p>
   </div>
   <div class='ocr_carea' id='block_1_11' title="bbox 488 952 1984 1037">
    <p class='ocr_par' dir='ltr' id='par_1_11' title="bbox 488 952 1984 1037">
     <span class='ocr_line' id='line_1_11' title="bbox 488 952 1984 1037; baseline 0.011 -31"><span class='ocrx_word' id='word_1_64' title='bbox 488 952 558 1007; x_wconf 80' lang='lat' dir='ltr'><strong>Et</strong></span> <span class='ocrx_word' id='word_1_65' title='bbox 603 955 701 1008; x_wconf 84' lang='lat' dir='ltr'><strong>hoc</strong></span> <span class='ocrx_word' id='word_1_66' title='bbox 736 965 813 1011; x_wconf 77' lang='lat' dir='ltr'><strong>est</strong></span> <span class='ocrx_word' id='word_1_67' title='bbox 847 959 1199 1013; x_wconf 84' lang='lat' dir='ltr'><strong>testimonium</strong></span> <span class='ocrx_word' id='word_1_68' title='bbox 1229 960 1471 1015; x_wconf 79' lang='lat' dir='ltr'><strong>Joannis.</strong></span> <span class='ocrx_word' id='word_1_69' title='bbox 1514 963 1596 1018; x_wconf 86' lang='lat' dir='ltr'><strong>Ac</strong></span> <span class='ocrx_word' id='word_1_70' title='bbox 1646 966 1691 1030; x_wconf 86' lang='lat' dir='ltr'><strong>si</strong></span> <span class='ocrx_word' id='word_1_71' title='bbox 1745 967 1984 1037; x_wconf 75' lang='lat' dir='ltr'><strong>diceret;</strong></span> 
     </span>
    </p>
   </div>
   <div class='ocr_carea' id='block_1_12' title="bbox 417 1042 1988 1117">
    <p class='ocr_par' dir='ltr' id='par_1_12' title="bbox 417 1042 1988 1117">
     <span class='ocr_line' id='line_1_12' title="bbox 417 1042 1988 1117; baseline 0.011 -20"><span class='ocrx_word' id='word_1_72' title='bbox 417 1042 531 1115; x_wconf 73' lang='lat' dir='ltr'><strong>Hoc</strong></span> <span class='ocrx_word' id='word_1_73' title='bbox 577 1051 785 1117; x_wconf 74' lang='lat' dir='ltr'><strong>totum,</strong></span> <span class='ocrx_word' id='word_1_74' title='bbox 830 1047 971 1116; x_wconf 91' lang='lat' dir='ltr'><strong>quod</strong></span> <span class='ocrx_word' id='word_1_75' title='bbox 1032 1047 1302 1114; x_wconf 76' lang='lat' dir='ltr'><strong>diximus,</strong></span> <span class='ocrx_word' id='word_1_76' title='bbox 1338 1051 1406 1105; x_wconf 88' lang='lat' dir='ltr'><strong>ab</strong></span> <span class='ocrx_word' id='word_1_77' title='bbox 1443 1067 1508 1112; x_wconf 90' lang='lat' dir='ltr'><strong>eo</strong></span> <span class='ocrx_word' id='word_1_78' title='bbox 1546 1053 1662 1109; x_wconf 89' lang='lat' dir='ltr'><strong>loco</strong></span> <span class='ocrx_word' id='word_1_79' title='bbox 1711 1075 1729 1106; x_wconf 74' lang='grc' dir='ltr'>ι</span> <span class='ocrx_word' id='word_1_80' title='bbox 1756 1054 1988 1115; x_wconf 81' lang='lat' dir='ltr'><strong>Joannes</strong></span> 
     </span>
    </p>
   </div>
   <div class='ocr_carea' id='block_1_13' title="bbox 416 1130 1988 1220">
    <p class='ocr_par' dir='ltr' id='par_1_13' title="bbox 416 1130 1988 1220">
     <span class='ocr_line' id='line_1_13' title="bbox 416 1130 1988 1220; baseline 0.014 -37"><span class='ocrx_word' id='word_1_81' title='bbox 416 1130 778 1188; x_wconf 82' lang='lat' dir='ltr'><strong>testimonium</strong></span> <span class='ocrx_word' id='word_1_82' title='bbox 806 1130 1052 1206; x_wconf 77' lang='lat' dir='ltr'><strong>perhibet</strong></span> <span class='ocrx_word' id='word_1_83' title='bbox 1078 1157 1097 1188; x_wconf 77' lang='grc' dir='ltr'><strong><em>ι</em></strong></span> <span class='ocrx_word' id='word_1_84' title='bbox 1129 1153 1298 1220; x_wconf 85' lang='lat' dir='ltr'><strong>usque</strong></span> <span class='ocrx_word' id='word_1_85' title='bbox 1328 1143 1401 1196; x_wconf 87' lang='lat' dir='ltr'><strong>ad</strong></span> <span class='ocrx_word' id='word_1_86' title='bbox 1432 1143 1484 1197; x_wconf 88' lang='lat' dir='ltr'><strong>id</strong></span> <span class='ocrx_word' id='word_1_87' title='bbox 1516 1146 1659 1214; x_wconf 90' lang='lat' dir='ltr'><strong>quod</strong></span> <span class='ocrx_word' id='word_1_88' title='bbox 1696 1156 1797 1213; x_wconf 89' lang='lat' dir='ltr'><strong>est,</strong></span> <span class='ocrx_word' id='word_1_89' title='bbox 1827 1166 1846 1198; x_wconf 84' lang='grc'>‹</span> <span class='ocrx_word' id='word_1_90' title='bbox 1898 1149 1988 1205; x_wconf 91' lang='lat' dir='ltr'><strong>ille</strong></span> 
     </span>
    </p>
   </div>
   <div class='ocr_carea' id='block_1_14' title="bbox 416 1224 1986 1304">
    <p class='ocr_par' dir='ltr' id='par_1_14' title="bbox 416 1224 1986 1304">
     <span class='ocr_line' id='line_1_14' title="bbox 416 1224 1986 1304; baseline 0.013 -29"><span class='ocrx_word' id='word_1_91' title='bbox 416 1224 763 1290; x_wconf 66' lang='lat' dir='ltr'><strong>enarravit»,</strong></span> <span class='ocrx_word' id='word_1_92' title='bbox 812 1226 1178 1282; x_wconf 85' lang='lat' dir='ltr'><strong>testimonium</strong></span> <span class='ocrx_word' id='word_1_93' title='bbox 1234 1229 1457 1287; x_wconf 85' lang='lat' dir='ltr'><strong>Joannis</strong></span> <span class='ocrx_word' id='word_1_94' title='bbox 1495 1244 1577 1289; x_wconf 89' lang='lat' dir='ltr'><strong>est</strong></span> <span class='ocrx_word' id='word_1_95' title='bbox 1619 1241 1986 1304; x_wconf 88' lang='lat' dir='ltr'><strong>praecursoris</strong></span> 
     </span>
    </p>
   </div>
   <div class='ocr_carea' id='block_1_15' title="bbox 414 1312 1984 1389">
    <p class='ocr_par' dir='ltr' id='par_1_15' title="bbox 414 1312 1984 1389">
     <span class='ocr_line' id='line_1_15' title="bbox 414 1312 1984 1389; baseline 0.013 -23"><span class='ocrx_word' id='word_1_96' title='bbox 414 1312 484 1367; x_wconf 89' lang='lat' dir='ltr'><strong>de</strong></span> <span class='ocrx_word' id='word_1_97' title='bbox 514 1328 599 1379; x_wconf 92' lang='lat' dir='ltr'><strong>eo,</strong></span> <span class='ocrx_word' id='word_1_98' title='bbox 646 1316 799 1387; x_wconf 87' lang='lat' dir='ltr'><strong>cujus</strong></span> <span class='ocrx_word' id='word_1_99' title='bbox 838 1331 1158 1387; x_wconf 88' lang='lat' dir='ltr'><strong>praecursor</strong></span> <span class='ocrx_word' id='word_1_100' title='bbox 1187 1331 1288 1377; x_wconf 92' lang='lat' dir='ltr'><strong>est.</strong></span> <span class='ocrx_word' id='word_1_101' title='bbox 1323 1323 1526 1380; x_wconf 87' lang='lat' dir='ltr'><strong>Deinde</strong></span> <span class='ocrx_word' id='word_1_102' title='bbox 1569 1326 1731 1383; x_wconf 89' lang='lat' dir='ltr'><strong>veluti</strong></span> <span class='ocrx_word' id='word_1_103' title='bbox 1771 1343 1838 1385; x_wconf 91' lang='lat' dir='ltr'><strong>ex</strong></span> <span class='ocrx_word' id='word_1_104' title='bbox 1878 1331 1984 1389; x_wconf 90' lang='lat' dir='ltr'><strong>alio</strong></span> 
     </span>
    </p>
   </div>
   <div class='ocr_carea' id='block_1_16' title="bbox 417 1403 1985 1483">
    <p class='ocr_par' dir='ltr' id='par_1_16' title="bbox 417 1403 1985 1483">
     <span class='ocr_line' id='line_1_16' title="bbox 417 1403 1985 1483; baseline 0.015 -28"><span class='ocrx_word' id='word_1_105' title='bbox 417 1403 718 1470; x_wconf 80' lang='lat' dir='ltr'><strong>primordio</strong></span> <span class='ocrx_word' id='word_1_106' title='bbox 747 1408 1077 1464; x_wconf 85' lang='lat' dir='ltr'><strong>narrationis</strong></span> <span class='ocrx_word' id='word_1_107' title='bbox 1105 1411 1324 1480; x_wconf 90' lang='lat' dir='ltr'><strong>incipit,</strong></span> <span class='ocrx_word' id='word_1_108' title='bbox 1366 1413 1589 1470; x_wconf 89' lang='lat' dir='ltr'><strong>dicens:</strong></span> <span class='ocrx_word' id='word_1_109' title='bbox 1618 1416 1842 1483; x_wconf 85' lang='lat' dir='ltr'><strong>Quando</strong></span> <span class='ocrx_word' id='word_1_110' title='bbox 1886 1424 1985 1477; x_wconf 86' lang='lat' dir='ltr'><strong>mi-</strong></span> 
     </span>
    </p>
   </div>
   <div class='ocr_carea' id='block_1_17' title="bbox 409 1492 1978 1566">
    <p class='ocr_par' dir='ltr' id='par_1_17' title="bbox 409 1492 1978 1566">
     <span class='ocr_line' id='line_1_17' title="bbox 409 1492 1978 1566; baseline 0.015 -23"><span class='ocrx_word' id='word_1_111' title='bbox 409 1501 593 1547; x_wconf 78' lang='lat' dir='ltr'><strong>serunt</strong></span> <span class='ocrx_word' id='word_1_112' title='bbox 631 1492 826 1549; x_wconf 83' lang='lat' dir='ltr'><strong>Judaei</strong></span> <span class='ocrx_word' id='word_1_113' title='bbox 861 1496 926 1550; x_wconf 87' lang='lat' dir='ltr'><strong>ab</strong></span> <span class='ocrx_word' id='word_1_114' title='bbox 966 1496 1293 1555; x_wconf 86' lang='lat' dir='ltr'><strong>Jerosolimis</strong></span> <span class='ocrx_word' id='word_1_115' title='bbox 1322 1511 1428 1557; x_wconf 90' lang='lat' dir='ltr'><strong>cet.</strong></span> <span class='ocrx_word' id='word_1_116' title='bbox 1478 1503 1547 1559; x_wconf 87' lang='lat' dir='ltr'><strong>Et</strong></span> <span class='ocrx_word' id='word_1_117' title='bbox 1585 1514 1669 1561; x_wconf 90' lang='lat' dir='ltr'><strong>est</strong></span> <span class='ocrx_word' id='word_1_118' title='bbox 1706 1509 1839 1564; x_wconf 90' lang='lat' dir='ltr'><strong>ordo</strong></span> <span class='ocrx_word' id='word_1_119' title='bbox 1862 1523 1978 1566; x_wconf 82' lang='lat' dir='ltr'><strong>ver-</strong></span> 
     </span>
    </p>
   </div>
   <div class='ocr_carea' id='block_1_18' title="bbox 415 1577 1990 1668">
    <p class='ocr_par' dir='ltr' id='par_1_18' title="bbox 415 1577 1990 1668">
     <span class='ocr_line' id='line_1_18' title="bbox 415 1577 1990 1668; baseline 0.011 -32"><span class='ocrx_word' id='word_1_120' title='bbox 415 1584 601 1639; x_wconf 78' lang='lat' dir='ltr'><strong>borum</strong></span> <span class='ocrx_word' id='word_1_121' title='bbox 627 1602 641 1642; x_wconf 88' lang='lat'>:</span> <span class='ocrx_word' id='word_1_122' title='bbox 676 1585 741 1640; x_wconf 88' lang='lat' dir='ltr'><strong>Et</strong></span> <span class='ocrx_word' id='word_1_123' title='bbox 769 1588 1033 1658; x_wconf 81' lang='lat' dir='ltr'><strong>confessus</strong></span> <span class='ocrx_word' id='word_1_124' title='bbox 1053 1600 1149 1657; x_wconf 85' lang='lat' dir='ltr'><strong>est,</strong></span> <span class='ocrx_word' id='word_1_125' title='bbox 1172 1577 1221 1645; x_wconf 74' lang='lat' dir='ltr'><strong>ei</strong></span> <span class='ocrx_word' id='word_1_126' title='bbox 1260 1609 1363 1646; x_wconf 89' lang='lat' dir='ltr'><strong>non</strong></span> <span class='ocrx_word' id='word_1_127' title='bbox 1398 1596 1618 1665; x_wconf 80' lang='lat' dir='ltr'><strong>negavit,</strong></span> <span class='ocrx_word' id='word_1_128' title='bbox 1648 1599 1860 1668; x_wconf 81' lang='lat' dir='ltr'><strong>quando</strong></span> <span class='ocrx_word' id='word_1_129' title='bbox 1888 1602 1990 1655; x_wconf 84' lang='lat' dir='ltr'><strong>mi-</strong></span> 
     </span>
    </p>
   </div>
   <div class='ocr_carea' id='block_1_19' title="bbox 412 1673 1984 1752">
    <p class='ocr_par' dir='ltr' id='par_1_19' title="bbox 412 1673 1984 1752">
     <span class='ocr_line' id='line_1_19' title="bbox 412 1673 1984 1752; baseline 0.013 -28"><span class='ocrx_word' id='word_1_130' title='bbox 412 1682 591 1726; x_wconf 70' lang='lat' dir='ltr'><strong>serunt</strong></span> <span class='ocrx_word' id='word_1_131' title='bbox 603 1673 797 1730; x_wconf 81' lang='lat' dir='ltr'><strong>Judaei</strong></span> <span class='ocrx_word' id='word_1_132' title='bbox 808 1676 870 1729; x_wconf 88' lang='lat' dir='ltr'><strong>ab</strong></span> <span class='ocrx_word' id='word_1_133' title='bbox 883 1675 919 1730; x_wconf 83' lang='lat' dir='ltr'><strong>J</strong></span> <span class='ocrx_word' id='word_1_134' title='bbox 922 1678 1162 1733; x_wconf 80' lang='lat' dir='ltr'><strong>erosolim</strong></span> <span class='ocrx_word' id='word_1_135' title='bbox 1170 1681 1212 1733; x_wconf 87' lang='lat' dir='ltr'><strong>is</strong></span> <span class='ocrx_word' id='word_1_136' title='bbox 1227 1682 1518 1738; x_wconf 78' lang='lat' dir='ltr'><strong>sacerdotes</strong></span> <span class='ocrx_word' id='word_1_137' title='bbox 1531 1694 1579 1739; x_wconf 86' lang='lat' dir='ltr'><strong>et</strong></span> <span class='ocrx_word' id='word_1_138' title='bbox 1596 1685 1796 1752; x_wconf 85' lang='lat' dir='ltr'><strong>levitas,</strong></span> <span class='ocrx_word' id='word_1_139' title='bbox 1819 1695 1875 1742; x_wconf 85' lang='lat' dir='ltr'><strong>et</strong></span> <span class='ocrx_word' id='word_1_140' title='bbox 1895 1703 1984 1745; x_wconf 76' lang='lat' dir='ltr'><strong>re-</strong></span> 
     </span>
    </p>
   </div>
   <div class='ocr_carea' id='block_1_20' title="bbox 2102 515 3665 585">
    <p class='ocr_par' dir='ltr' id='par_1_20' title="bbox 2102 515 3665 585">
     <span class='ocr_line' id='line_1_20' title="bbox 2102 515 3665 585; baseline 0.01 -17"><span class='ocrx_word' id='word_1_141' title='bbox 2102 534 2121 568; x_wconf 74' lang='lat' dir='ltr'><strong>t</strong></span> <span class='ocrx_word' id='word_1_142' title='bbox 2149 515 2259 585; x_wconf 85' lang='lat' dir='ltr'><strong>Ego</strong></span> <span class='ocrx_word' id='word_1_143' title='bbox 2279 533 2397 572; x_wconf 90' lang='lat' dir='ltr'><strong>sum</strong></span> <span class='ocrx_word' id='word_1_144' title='bbox 2422 534 2525 573; x_wconf 89' lang='lat' dir='ltr'><strong>vox</strong></span> <span class='ocrx_word' id='word_1_145' title='bbox 2545 539 2588 573; x_wconf 77' lang='grc' dir='ltr'><strong>ι.</strong></span> <span class='ocrx_word' id='word_1_146' title='bbox 2614 518 2728 574; x_wconf 84' lang='grc' dir='ltr'><strong>Νοη</strong></span> <span class='ocrx_word' id='word_1_147' title='bbox 2756 521 2899 576; x_wconf 93' lang='lat' dir='ltr'><strong>enim</strong></span> <span class='ocrx_word' id='word_1_148' title='bbox 2931 523 2983 577; x_wconf 88' lang='lat' dir='ltr'><strong>in</strong></span> <span class='ocrx_word' id='word_1_149' title='bbox 3013 539 3070 579; x_wconf 90' lang='lat' dir='ltr'><strong>se</strong></span> <span class='ocrx_word' id='word_1_150' title='bbox 3100 525 3386 581; x_wconf 83' lang='lat' dir='ltr'><strong>humanam</strong></span> <span class='ocrx_word' id='word_1_151' title='bbox 3418 529 3665 585; x_wconf 68' lang='lat' dir='ltr'><strong>substan-</strong></span> 
     </span>
    </p>
   </div>
   <div class='ocr_carea' id='block_1_21' title="bbox 2096 605 3668 684">
    <p class='ocr_par' dir='ltr' id='par_1_21' title="bbox 2096 605 3668 684">
     <span class='ocr_line' id='line_1_21' title="bbox 2096 605 3668 684; baseline 0.008 -26"><span class='ocrx_word' id='word_1_152' title='bbox 2096 605 2224 659; x_wconf 88' lang='lat' dir='ltr'><strong>tiam</strong></span> <span class='ocrx_word' id='word_1_153' title='bbox 2254 608 2637 675; x_wconf 86' lang='lat' dir='ltr'><strong>consideravit,</strong></span> <span class='ocrx_word' id='word_1_154' title='bbox 2682 625 2782 666; x_wconf 89' lang='lat' dir='ltr'><strong>nec</strong></span> <span class='ocrx_word' id='word_1_155' title='bbox 2807 610 3099 667; x_wconf 87' lang='lat' dir='ltr'><strong>humanam</strong></span> <span class='ocrx_word' id='word_1_156' title='bbox 3136 618 3561 684; x_wconf 82' lang='lat' dir='ltr'><strong>generationem,</strong></span> <span class='ocrx_word' id='word_1_157' title='bbox 3598 622 3668 673; x_wconf 79' lang='lat' dir='ltr'><strong>si-</strong></span> 
     </span>
    </p>
   </div>
   <div class='ocr_carea' id='block_1_22' title="bbox 2094 695 3667 777">
    <p class='ocr_par' dir='ltr' id='par_1_22' title="bbox 2094 695 3667 777">
     <span class='ocr_line' id='line_1_22' title="bbox 2094 695 3667 777; baseline 0.008 -29"><span class='ocrx_word' id='word_1_158' title='bbox 2094 695 2308 763; x_wconf 83' lang='lat' dir='ltr'><strong>quidem</strong></span> <span class='ocrx_word' id='word_1_159' title='bbox 2348 698 2487 753; x_wconf 90' lang='lat' dir='ltr'><strong>ultra</strong></span> <span class='ocrx_word' id='word_1_160' title='bbox 2534 699 2669 756; x_wconf 84' lang='lat' dir='ltr'><strong>haec</strong></span> <span class='ocrx_word' id='word_1_161' title='bbox 2710 701 2888 755; x_wconf 89' lang='lat' dir='ltr'><strong>omnia</strong></span> <span class='ocrx_word' id='word_1_162' title='bbox 2931 702 3199 759; x_wconf 89' lang='lat' dir='ltr'><strong>exaltatus</strong></span> <span class='ocrx_word' id='word_1_163' title='bbox 3224 714 3308 760; x_wconf 89' lang='lat' dir='ltr'><strong>est</strong></span> <span class='ocrx_word' id='word_1_164' title='bbox 3344 722 3667 777; x_wconf 79' lang='lat' dir='ltr'><strong>praecursor</strong></span> 
     </span>
    </p>
   </div>
   <div class='ocr_carea' id='block_1_23' title="bbox 2094 783 3650 861">
    <p class='ocr_par' dir='ltr' id='par_1_23' title="bbox 2094 783 3650 861">
     <span class='ocr_line' id='line_1_23' title="bbox 2094 783 3650 861; baseline 0.009 -23"><span class='ocrx_word' id='word_1_165' title='bbox 2094 783 2275 840; x_wconf 81' lang='lat' dir='ltr'><strong>Verbi.</strong></span> <span class='ocrx_word' id='word_1_166' title='bbox 2308 786 2555 843; x_wconf 86' lang='lat' dir='ltr'><strong>Deseruit</strong></span> <span class='ocrx_word' id='word_1_167' title='bbox 2590 789 2792 854; x_wconf 87' lang='lat' dir='ltr'><strong>omnia,</strong></span> <span class='ocrx_word' id='word_1_168' title='bbox 2834 804 2973 861; x_wconf 87' lang='lat' dir='ltr'><strong>quae</strong></span> <span class='ocrx_word' id='word_1_169' title='bbox 3016 790 3157 846; x_wconf 89' lang='lat' dir='ltr'><strong>intra</strong></span> <span class='ocrx_word' id='word_1_170' title='bbox 3187 795 3444 850; x_wconf 90' lang='lat' dir='ltr'><strong>mundum</strong></span> <span class='ocrx_word' id='word_1_171' title='bbox 3485 797 3650 852; x_wconf 84' lang='lat' dir='ltr'><strong>conti-</strong></span> 
     </span>
    </p>
   </div>
   <div class='ocr_carea' id='block_1_24' title="bbox 2092 879 3661 951">
    <p class='ocr_par' dir='ltr' id='par_1_24' title="bbox 2092 879 3661 951">
     <span class='ocr_line' id='line_1_24' title="bbox 2092 879 3661 951; baseline 0.006 -22"><span class='ocrx_word' id='word_1_172' title='bbox 2092 883 2307 942; x_wconf 88' lang='lat' dir='ltr'><strong>nentur,</strong></span> <span class='ocrx_word' id='word_1_173' title='bbox 2334 879 2575 934; x_wconf 87' lang='lat' dir='ltr'><strong>ascendit</strong></span> <span class='ocrx_word' id='word_1_174' title='bbox 2603 880 2655 934; x_wconf 90' lang='lat' dir='ltr'><strong>in</strong></span> <span class='ocrx_word' id='word_1_175' title='bbox 2682 880 2871 945; x_wconf 86' lang='lat' dir='ltr'><strong>altum,</strong></span> <span class='ocrx_word' id='word_1_176' title='bbox 2898 879 3073 937; x_wconf 88' lang='lat' dir='ltr'><strong>factus</strong></span> <span class='ocrx_word' id='word_1_177' title='bbox 3119 891 3203 937; x_wconf 89' lang='lat' dir='ltr'><strong>est</strong></span> <span class='ocrx_word' id='word_1_178' title='bbox 3231 899 3335 939; x_wconf 90' lang='lat' dir='ltr'><strong>vox</strong></span> <span class='ocrx_word' id='word_1_179' title='bbox 3366 885 3551 951; x_wconf 84' lang='lat' dir='ltr'><strong>Verbi,</strong></span> <span class='ocrx_word' id='word_1_180' title='bbox 3584 887 3661 941; x_wconf 88' lang='lat' dir='ltr'><strong>ita</strong></span> 
     </span>
    </p>
   </div>
   <div class='ocr_carea' id='block_1_25' title="bbox 2092 965 3665 1041">
    <p class='ocr_par' dir='ltr' id='par_1_25' title="bbox 2092 965 3665 1041">
     <span class='ocr_line' id='line_1_25' title="bbox 2092 965 3665 1041; baseline 0.008 -24"><span class='ocrx_word' id='word_1_181' title='bbox 2092 972 2150 1017; x_wconf 93' lang='lat' dir='ltr'><strong>ut</strong></span> <span class='ocrx_word' id='word_1_182' title='bbox 2179 965 2381 1029; x_wconf 84' lang='lat' dir='ltr'><strong>nullam</strong></span> <span class='ocrx_word' id='word_1_183' title='bbox 2432 966 2484 1020; x_wconf 93' lang='lat' dir='ltr'><strong>in</strong></span> <span class='ocrx_word' id='word_1_184' title='bbox 2529 980 2590 1022; x_wconf 89' lang='lat' dir='ltr'><strong>se</strong></span> <span class='ocrx_word' id='word_1_185' title='bbox 2630 966 2989 1034; x_wconf 85' lang='lat' dir='ltr'><strong>substantiam</strong></span> <span class='ocrx_word' id='word_1_186' title='bbox 3029 969 3309 1037; x_wconf 81' lang='lat' dir='ltr'><strong>fateretur,</strong></span> <span class='ocrx_word' id='word_1_187' title='bbox 3360 983 3578 1041; x_wconf 81' lang='lat' dir='ltr'><strong>praeter</strong></span> <span class='ocrx_word' id='word_1_188' title='bbox 3612 967 3665 1031; x_wconf 80' lang='lat' dir='ltr'><strong>id</strong></span> 
     </span>
    </p>
   </div>
   <div class='ocr_carea' id='block_1_26' title="bbox 2091 1054 3662 1133">
    <p class='ocr_par' dir='ltr' id='par_1_26' title="bbox 2091 1054 3662 1133">
     <span class='ocr_line' id='line_1_26' title="bbox 2091 1054 3662 1133; baseline 0.008 -26"><span class='ocrx_word' id='word_1_189' title='bbox 2091 1054 2232 1123; x_wconf 92' lang='lat' dir='ltr'><strong>quod</strong></span> <span class='ocrx_word' id='word_1_190' title='bbox 2253 1063 2408 1118; x_wconf 79' lang='lat' dir='ltr'><strong>extra</strong></span> <span class='ocrx_word' id='word_1_191' title='bbox 2430 1070 2645 1119; x_wconf 90' lang='lat' dir='ltr'><strong>omnem</strong></span> <span class='ocrx_word' id='word_1_192' title='bbox 2673 1066 2978 1113; x_wconf 89' lang='lat' dir='ltr'><strong>creaturam</strong></span> <span class='ocrx_word' id='word_1_193' title='bbox 3004 1074 3072 1113; x_wconf 88' lang='lat' dir='ltr'><strong>ex</strong></span> <span class='ocrx_word' id='word_1_194' title='bbox 3106 1058 3429 1125; x_wconf 84' lang='lat' dir='ltr'><strong>abundantia</strong></span> <span class='ocrx_word' id='word_1_195' title='bbox 3456 1064 3662 1133; x_wconf 77' lang='lat' dir='ltr'><strong>gratiae</strong></span> 
     </span>
    </p>
   </div>
   <div class='ocr_carea' id='block_1_27' title="bbox 2089 1147 3663 1218">
    <p class='ocr_par' dir='ltr' id='par_1_27' title="bbox 2089 1147 3663 1218">
     <span class='ocr_line' id='line_1_27' title="bbox 2089 1147 3663 1218; baseline 0.005 -17"><span class='ocrx_word' id='word_1_196' title='bbox 2089 1147 2329 1218; x_wconf 70' lang='lat' dir='ltr'><strong>accepit,</strong></span> <span class='ocrx_word' id='word_1_197' title='bbox 2346 1162 2465 1204; x_wconf 89' lang='lat' dir='ltr'><strong>esse</strong></span> <span class='ocrx_word' id='word_1_198' title='bbox 2493 1148 2744 1205; x_wconf 91' lang='lat' dir='ltr'><strong>videlicet</strong></span> <span class='ocrx_word' id='word_1_199' title='bbox 2774 1164 2875 1205; x_wconf 89' lang='lat' dir='ltr'><strong>vox</strong></span> <span class='ocrx_word' id='word_1_200' title='bbox 2905 1150 3087 1207; x_wconf 81' lang='lat' dir='ltr'><strong>Verbi.</strong></span> <span class='ocrx_word' id='word_1_201' title='bbox 3117 1150 3233 1215; x_wconf 84' lang='lat' dir='ltr'><strong>Hoc</strong></span> <span class='ocrx_word' id='word_1_202' title='bbox 3259 1161 3436 1213; x_wconf 87' lang='lat' dir='ltr'><strong>autem</strong></span> <span class='ocrx_word' id='word_1_203' title='bbox 3468 1169 3663 1209; x_wconf 88' lang='lat' dir='ltr'><strong>nomen</strong></span> 
     </span>
    </p>
   </div>
   <div class='ocr_carea' id='block_1_28' title="bbox 2089 1239 3665 1313">
    <p class='ocr_par' dir='ltr' id='par_1_28' title="bbox 2089 1239 3665 1313">
     <span class='ocr_line' id='line_1_28' title="bbox 2089 1239 3665 1313; baseline 0.006 -21"><span class='ocrx_word' id='word_1_204' title='bbox 2089 1253 2196 1292; x_wconf 91' lang='lat' dir='ltr'><strong>non</strong></span> <span class='ocrx_word' id='word_1_205' title='bbox 2238 1255 2269 1294; x_wconf 91' lang='lat' dir='ltr'><strong>a</strong></span> <span class='ocrx_word' id='word_1_206' title='bbox 2299 1254 2357 1295; x_wconf 91' lang='lat' dir='ltr'><strong>se</strong></span> <span class='ocrx_word' id='word_1_207' title='bbox 2392 1239 2529 1309; x_wconf 92' lang='lat' dir='ltr'><strong>ipso,</strong></span> <span class='ocrx_word' id='word_1_208' title='bbox 2575 1239 2672 1295; x_wconf 90' lang='lat' dir='ltr'><strong>sed</strong></span> <span class='ocrx_word' id='word_1_209' title='bbox 2717 1239 2874 1312; x_wconf 88' lang='lat' dir='ltr'><strong>longe</strong></span> <span class='ocrx_word' id='word_1_210' title='bbox 2905 1248 3030 1296; x_wconf 86' lang='lat' dir='ltr'><strong>ante</strong></span> <span class='ocrx_word' id='word_1_211' title='bbox 3075 1242 3143 1297; x_wconf 85' lang='lat' dir='ltr'><strong>ab</strong></span> <span class='ocrx_word' id='word_1_212' title='bbox 3172 1242 3331 1298; x_wconf 86' lang='lat' dir='ltr'><strong>Esaia</strong></span> <span class='ocrx_word' id='word_1_213' title='bbox 3381 1245 3665 1313; x_wconf 79' lang='lat' dir='ltr'><strong>propheta.</strong></span> 
     </span>
    </p>
   </div>
   <div class='ocr_carea' id='block_1_29' title="bbox 2088 1328 3669 1405">
    <p class='ocr_par' dir='ltr' id='par_1_29' title="bbox 2088 1328 3669 1405">
     <span class='ocr_line' id='line_1_29' title="bbox 2088 1328 3669 1405; baseline 0.004 -22"><span class='ocrx_word' id='word_1_214' title='bbox 2088 1328 2198 1385; x_wconf 92' lang='lat' dir='ltr'><strong>imo</strong></span> <span class='ocrx_word' id='word_1_215' title='bbox 2245 1344 2277 1384; x_wconf 91' lang='lat' dir='ltr'><strong>a</strong></span> <span class='ocrx_word' id='word_1_216' title='bbox 2325 1329 2527 1400; x_wconf 89' lang='lat' dir='ltr'><strong>Spiritu</strong></span> <span class='ocrx_word' id='word_1_217' title='bbox 2582 1343 2768 1387; x_wconf 90' lang='lat' dir='ltr'><strong>sancto</strong></span> <span class='ocrx_word' id='word_1_218' title='bbox 2806 1346 2903 1402; x_wconf 89' lang='lat' dir='ltr'><strong>per</strong></span> <span class='ocrx_word' id='word_1_219' title='bbox 2945 1332 3156 1389; x_wconf 86' lang='lat' dir='ltr'><strong>Esaiam</strong></span> <span class='ocrx_word' id='word_1_220' title='bbox 3194 1334 3297 1390; x_wconf 89' lang='lat' dir='ltr'><strong>sibi</strong></span> <span class='ocrx_word' id='word_1_221' title='bbox 3330 1342 3413 1390; x_wconf 92' lang='lat' dir='ltr'><strong>est</strong></span> <span class='ocrx_word' id='word_1_222' title='bbox 3440 1336 3669 1405; x_wconf 80' lang='lat' dir='ltr'><strong>imposi-</strong></span> 
     </span>
    </p>
   </div>
   <div class='ocr_carea' id='block_1_30' title="bbox 2089 1418 3667 1500">
    <p class='ocr_par' dir='ltr' id='par_1_30' title="bbox 2089 1418 3667 1500">
     <span class='ocr_line' id='line_1_30' title="bbox 2089 1418 3667 1500; baseline 0.004 -27"><span class='ocrx_word' id='word_1_223' title='bbox 2089 1426 2219 1474; x_wconf 90' lang='lat' dir='ltr'><strong>tum.</strong></span> <span class='ocrx_word' id='word_1_224' title='bbox 2258 1418 2443 1489; x_wconf 86' lang='lat' dir='ltr'><strong>itaque</strong></span> <span class='ocrx_word' id='word_1_225' title='bbox 2479 1434 2580 1491; x_wconf 91' lang='lat' dir='ltr'><strong>ego</strong></span> <span class='ocrx_word' id='word_1_226' title='bbox 2622 1435 2741 1475; x_wconf 91' lang='lat' dir='ltr'><strong>sum</strong></span> <span class='ocrx_word' id='word_1_227' title='bbox 2782 1435 2923 1486; x_wconf 85' lang='lat' dir='ltr'><strong>vox,</strong></span> <span class='ocrx_word' id='word_1_228' title='bbox 2954 1438 3061 1476; x_wconf 92' lang='lat' dir='ltr'><strong>non</strong></span> <span class='ocrx_word' id='word_1_229' title='bbox 3092 1437 3208 1477; x_wconf 88' lang='lat' dir='ltr'><strong>mea</strong></span> <span class='ocrx_word' id='word_1_230' title='bbox 3239 1439 3365 1489; x_wconf 86' lang='lat' dir='ltr'><strong>vox,</strong></span> <span class='ocrx_word' id='word_1_231' title='bbox 3396 1423 3504 1500; x_wconf 81' lang='lat' dir='ltr'><strong>sed</strong></span> <span class='ocrx_word' id='word_1_232' title='bbox 3549 1424 3667 1479; x_wconf 87' lang='lat' dir='ltr'><strong>cla-</strong></span> 
     </span>
    </p>
   </div>
   <div class='ocr_carea' id='block_1_31' title="bbox 2086 1510 3670 1574">
    <p class='ocr_par' dir='ltr' id='par_1_31' title="bbox 2086 1510 3670 1574">
     <span class='ocr_line' id='line_1_31' title="bbox 2086 1510 3670 1574; baseline 0.003 -11"><span class='ocrx_word' id='word_1_233' title='bbox 2086 1510 2284 1565; x_wconf 86' lang='lat' dir='ltr'><strong>mantis</strong></span> <span class='ocrx_word' id='word_1_234' title='bbox 2327 1525 2461 1574; x_wconf 84' lang='lat' dir='ltr'><strong>vox;</strong></span> <span class='ocrx_word' id='word_1_235' title='bbox 2504 1525 2607 1566; x_wconf 88' lang='lat' dir='ltr'><strong>vox</strong></span> <span class='ocrx_word' id='word_1_236' title='bbox 2652 1510 2796 1565; x_wconf 90' lang='lat' dir='ltr'><strong>enim</strong></span> <span class='ocrx_word' id='word_1_237' title='bbox 2832 1511 3056 1566; x_wconf 90' lang='lat' dir='ltr'><strong>relative</strong></span> <span class='ocrx_word' id='word_1_238' title='bbox 3104 1512 3317 1568; x_wconf 88' lang='lat' dir='ltr'><strong>dicitur.</strong></span> <span class='ocrx_word' id='word_1_239' title='bbox 3368 1511 3670 1568; x_wconf 85' lang='lat' dir='ltr'><strong>Clamantts</strong></span> 
     </span>
    </p>
   </div>
   <div class='ocr_carea' id='block_1_32' title="bbox 2085 1596 3667 1672">
    <p class='ocr_par' dir='ltr' id='par_1_32' title="bbox 2085 1596 3667 1672">
     <span class='ocr_line' id='line_1_32' title="bbox 2085 1596 3667 1672; baseline 0.005 -23"><span class='ocrx_word' id='word_1_240' title='bbox 2085 1596 2247 1668; x_wconf 83' lang='lat' dir='ltr'><strong>igitur</strong></span> <span class='ocrx_word' id='word_1_241' title='bbox 2280 1598 2461 1663; x_wconf 85' lang='lat' dir='ltr'><strong>Verbi,</strong></span> <span class='ocrx_word' id='word_1_242' title='bbox 2501 1599 2604 1655; x_wconf 92' lang='lat' dir='ltr'><strong>hoc</strong></span> <span class='ocrx_word' id='word_1_243' title='bbox 2632 1598 2736 1665; x_wconf 80' lang='lat' dir='ltr'><strong>est,</strong></span> <span class='ocrx_word' id='word_1_244' title='bbox 2781 1614 2880 1671; x_wconf 92' lang='lat' dir='ltr'><strong>per</strong></span> <span class='ocrx_word' id='word_1_245' title='bbox 2914 1616 3135 1657; x_wconf 88' lang='lat' dir='ltr'><strong>carnem</strong></span> <span class='ocrx_word' id='word_1_246' title='bbox 3167 1603 3532 1672; x_wconf 86' lang='lat' dir='ltr'><strong>praedicantis</strong></span> <span class='ocrx_word' id='word_1_247' title='bbox 3558 1619 3667 1657; x_wconf 82' lang='lat' dir='ltr'><strong>vox</strong></span> 
     </span>
    </p>
   </div>
   <div class='ocr_carea' id='block_1_33' title="bbox 2084 1686 3672 1762">
    <p class='ocr_par' dir='ltr' id='par_1_33' title="bbox 2084 1686 3672 1762">
     <span class='ocr_line' id='line_1_33' title="bbox 2084 1686 3672 1762; baseline 0.003 -19"><span class='ocrx_word' id='word_1_248' title='bbox 2084 1696 2168 1743; x_wconf 91' lang='lat' dir='ltr'><strong>est</strong></span> <span class='ocrx_word' id='word_1_249' title='bbox 2210 1686 2464 1744; x_wconf 77' lang='lat' dir='ltr'><strong>Jodnnes.</strong></span> <span class='ocrx_word' id='word_1_250' title='bbox 2504 1690 2572 1746; x_wconf 86' lang='lat' dir='ltr'><strong>Et</strong></span> <span class='ocrx_word' id='word_1_251' title='bbox 2600 1690 2689 1745; x_wconf 91' lang='lat' dir='ltr'><strong>ubi</strong></span> <span class='ocrx_word' id='word_1_252' title='bbox 2735 1690 2938 1746; x_wconf 87' lang='lat' dir='ltr'><strong>clamat</strong></span> <span class='ocrx_word' id='word_1_253' title='bbox 2975 1692 3236 1758; x_wconf 83' lang='lat' dir='ltr'><strong>Verbum,</strong></span> <span class='ocrx_word' id='word_1_254' title='bbox 3265 1693 3418 1762; x_wconf 85' lang='lat' dir='ltr'><strong>cujus</strong></span> <span class='ocrx_word' id='word_1_255' title='bbox 3448 1710 3547 1747; x_wconf 81' lang='lat' dir='ltr'><strong>vox</strong></span> <span class='ocrx_word' id='word_1_256' title='bbox 3582 1704 3672 1749; x_wconf 81' lang='lat' dir='ltr'><strong>est</strong></span> 
     </span>
    </p>
   </div>
   <div class='ocr_carea' id='block_1_34' title="bbox 411 1761 3673 1844">
    <p class='ocr_par' dir='ltr' id='par_1_34' title="bbox 411 1761 3673 1844">
     <span class='ocr_line' id='line_1_34' title="bbox 411 1761 3673 1844; baseline 0.007 -27"><span class='ocrx_word' id='word_1_257' title='bbox 411 1761 576 1831; x_wconf 91' lang='lat' dir='ltr'><strong>liqua.</strong></span> <span class='ocrx_word' id='word_1_258' title='bbox 606 1764 744 1833; x_wconf 81' lang='lat' dir='ltr'><strong>Quid</strong></span> <span class='ocrx_word' id='word_1_259' title='bbox 768 1775 1070 1836; x_wconf 80' lang='lat' dir='ltr'><strong>autemnon</strong></span> <span class='ocrx_word' id='word_1_260' title='bbox 1089 1773 1534 1844; x_wconf 88' lang='lat' dir='ltr'><strong>negavit,etquid</strong></span> <span class='ocrx_word' id='word_1_261' title='bbox 1562 1776 1846 1834; x_wconf 88' lang='lat' dir='ltr'><strong>confessus</strong></span> <span class='ocrx_word' id='word_1_262' title='bbox 1862 1779 1982 1835; x_wconf 79' lang='lat' dir='ltr'><strong>est?</strong></span> <span class='ocrx_word' id='word_1_263' title='bbox 2015 1769 2057 1830; x_wconf 87' lang='grc' dir='ltr'><strong><em>Β</em></strong></span> <span class='ocrx_word' id='word_1_264' title='bbox 2083 1778 2351 1836; x_wconf 82' lang='lat' dir='ltr'><strong>Joannes?</strong></span> <span class='ocrx_word' id='word_1_265' title='bbox 2394 1779 2463 1836; x_wconf 89' lang='lat' dir='ltr'><strong>In</strong></span> <span class='ocrx_word' id='word_1_266' title='bbox 2524 1782 2745 1836; x_wconf 86' lang='lat' dir='ltr'><strong>deserto.</strong></span> <span class='ocrx_word' id='word_1_267' title='bbox 2813 1781 2926 1836; x_wconf 82' lang='lat' dir='ltr'><strong>Hoc</strong></span> <span class='ocrx_word' id='word_1_268' title='bbox 2970 1782 3239 1838; x_wconf 84' lang='lat' dir='ltr'><strong>desertum</strong></span> <span class='ocrx_word' id='word_1_269' title='bbox 3288 1761 3440 1837; x_wconf 89' lang='lat' dir='ltr'><strong>multi</strong></span> <span class='ocrx_word' id='word_1_270' title='bbox 3477 1783 3673 1839; x_wconf 88' lang='lat' dir='ltr'><strong>volunt</strong></span> 
     </span>
    </p>
   </div>
   <div class='ocr_carea' id='block_1_35' title="bbox 480 1853 1978 1930">
    <p class='ocr_par' dir='ltr' id='par_1_35' title="bbox 480 1853 1978 1930">
     <span class='ocr_line' id='line_1_35' title="bbox 480 1853 1978 1930; baseline 0.013 -23"><span class='ocrx_word' id='word_1_271' title='bbox 480 1853 619 1919; x_wconf 80' lang='lat' dir='ltr'><strong>Quia</strong></span> <span class='ocrx_word' id='word_1_272' title='bbox 664 1872 766 1911; x_wconf 79' lang='lat' dir='ltr'><strong>non</strong></span> <span class='ocrx_word' id='word_1_273' title='bbox 798 1874 914 1912; x_wconf 74' lang='lat' dir='ltr'><strong>sum</strong></span> <span class='ocrx_word' id='word_1_274' title='bbox 958 1876 1051 1930; x_wconf 85' lang='lat' dir='ltr'><strong>ego</strong></span> <span class='ocrx_word' id='word_1_275' title='bbox 1092 1859 1351 1916; x_wconf 75' lang='lat' dir='ltr'><strong>Christus.</strong></span> <span class='ocrx_word' id='word_1_276' title='bbox 1382 1863 1652 1921; x_wconf 81' lang='lat' dir='ltr'><strong>Putabant</strong></span> <span class='ocrx_word' id='word_1_277' title='bbox 1694 1868 1839 1929; x_wconf 87' lang='lat' dir='ltr'><strong>enim</strong></span> <span class='ocrx_word' id='word_1_278' title='bbox 1882 1867 1978 1925; x_wconf 84' lang='lat' dir='ltr'><strong>Ju-</strong></span> 
     </span>
    </p>
   </div>
   <div class='ocr_carea' id='block_1_36' title="bbox 409 1942 1978 2027">
    <p class='ocr_par' dir='ltr' id='par_1_36' title="bbox 409 1942 1978 2027">
     <span class='ocr_line' id='line_1_36' title="bbox 409 1942 1978 2027; baseline 0.012 -32"><span class='ocrx_word' id='word_1_279' title='bbox 409 1944 525 1997; x_wconf 85' lang='lat' dir='ltr'><strong>daei</strong></span> <span class='ocrx_word' id='word_1_280' title='bbox 567 1942 825 2003; x_wconf 88' lang='lat' dir='ltr'><strong>Joannem</strong></span> <span class='ocrx_word' id='word_1_281' title='bbox 860 1947 1159 2017; x_wconf 86' lang='lat' dir='ltr'><strong>Baptistam</strong></span> <span class='ocrx_word' id='word_1_282' title='bbox 1206 1949 1479 2007; x_wconf 88' lang='lat' dir='ltr'><strong>Christum</strong></span> <span class='ocrx_word' id='word_1_283' title='bbox 1528 1953 1714 2019; x_wconf 87' lang='lat' dir='ltr'><strong>fuisse,</strong></span> <span class='ocrx_word' id='word_1_284' title='bbox 1748 1958 1874 2027; x_wconf 89' lang='lat' dir='ltr'><strong>quia</strong></span> <span class='ocrx_word' id='word_1_285' title='bbox 1925 1958 1978 2025; x_wconf 82' lang='lat' dir='ltr'><strong>in</strong></span> 
     </span>
    </p>
   </div>
   <div class='ocr_carea' id='block_1_37' title="bbox 412 2036 1983 2109">
    <p class='ocr_par' dir='ltr' id='par_1_37' title="bbox 412 2036 1983 2109">
     <span class='ocr_line' id='line_1_37' title="bbox 412 2036 1983 2109; baseline 0.013 -23"><span class='ocrx_word' id='word_1_286' title='bbox 412 2036 687 2104; x_wconf 74' lang='lat' dir='ltr'><strong>prophetis</strong></span> <span class='ocrx_word' id='word_1_287' title='bbox 721 2038 1085 2108; x_wconf 70' lang='lat' dir='ltr'><strong>praedictum,</strong></span> <span class='ocrx_word' id='word_1_288' title='bbox 1139 2043 1279 2109; x_wconf 89' lang='lat' dir='ltr'><strong>quod</strong></span> <span class='ocrx_word' id='word_1_289' title='bbox 1328 2043 1381 2098; x_wconf 91' lang='lat' dir='ltr'><strong>in</strong></span> <span class='ocrx_word' id='word_1_290' title='bbox 1424 2046 1682 2101; x_wconf 89' lang='lat' dir='ltr'><strong>mundum</strong></span> <span class='ocrx_word' id='word_1_291' title='bbox 1724 2060 1983 2108; x_wconf 88' lang='lat' dir='ltr'><strong>venturus</strong></span> 
     </span>
    </p>
   </div>
   <div class='ocr_carea' id='block_1_38' title="bbox 413 2126 1979 2209">
    <p class='ocr_par' dir='ltr' id='par_1_38' title="bbox 413 2126 1979 2209">
     <span class='ocr_line' id='line_1_38' title="bbox 413 2126 1979 2209; baseline 0.013 -32"><span class='ocrx_word' id='word_1_292' title='bbox 413 2135 577 2187; x_wconf 72' lang='lat' dir='ltr'><strong>esset.</strong></span> <span class='ocrx_word' id='word_1_293' title='bbox 643 2126 907 2183; x_wconf 84' lang='lat' dir='ltr'><strong>Putabant</strong></span> <span class='ocrx_word' id='word_1_294' title='bbox 956 2146 1169 2201; x_wconf 90' lang='lat' dir='ltr'><strong>quoque</strong></span> <span class='ocrx_word' id='word_1_295' title='bbox 1224 2149 1347 2187; x_wconf 90' lang='lat' dir='ltr'><strong>eum</strong></span> <span class='ocrx_word' id='word_1_296' title='bbox 1397 2134 1604 2191; x_wconf 84' lang='lat' dir='ltr'><strong>Heliam</strong></span> <span class='ocrx_word' id='word_1_297' title='bbox 1657 2137 1979 2209; x_wconf 84' lang='lat' dir='ltr'><strong>Thesbiten,</strong></span> 
     </span>
    </p>
   </div>
   <div class='ocr_carea' id='block_1_39' title="bbox 414 2220 1983 2296">
    <p class='ocr_par' dir='ltr' id='par_1_39' title="bbox 414 2220 1983 2296">
     <span class='ocr_line' id='line_1_39' title="bbox 414 2220 1983 2296; baseline 0.014 -29"><span class='ocrx_word' id='word_1_298' title='bbox 414 2227 637 2287; x_wconf 89' lang='lat' dir='ltr'><strong>propter</strong></span> <span class='ocrx_word' id='word_1_299' title='bbox 665 2220 884 2285; x_wconf 84' lang='lat' dir='ltr'><strong>nimiam</strong></span> <span class='ocrx_word' id='word_1_300' title='bbox 916 2222 998 2275; x_wconf 91' lang='lat' dir='ltr'><strong>sui</strong></span> <span class='ocrx_word' id='word_1_301' title='bbox 1042 2221 1451 2293; x_wconf 86' lang='lat' dir='ltr'><strong>abstinentiam,</strong></span> <span class='ocrx_word' id='word_1_302' title='bbox 1478 2234 1532 2280; x_wconf 92' lang='lat' dir='ltr'><strong>et</strong></span> <span class='ocrx_word' id='word_1_303' title='bbox 1560 2229 1896 2296; x_wconf 85' lang='lat' dir='ltr'><strong>castitatem,</strong></span> <span class='ocrx_word' id='word_1_304' title='bbox 1928 2240 1983 2289; x_wconf 87' lang='lat' dir='ltr'><strong>et</strong></span> 
     </span>
    </p>
   </div>
   <div class='ocr_carea' id='block_1_40' title="bbox 406 2307 1983 2392">
    <p class='ocr_par' dir='ltr' id='par_1_40' title="bbox 406 2307 1983 2392">
     <span class='ocr_line' id='line_1_40' title="bbox 406 2307 1983 2392; baseline 0.01 -31"><span class='ocrx_word' id='word_1_305' title='bbox 406 2307 702 2372; x_wconf 66' lang='lat' dir='ltr'><strong>Solitariam</strong></span> <span class='ocrx_word' id='word_1_306' title='bbox 730 2310 915 2383; x_wconf 68' lang='lat' dir='ltr'><strong>vitam,</strong></span> <span class='ocrx_word' id='word_1_307' title='bbox 941 2318 996 2378; x_wconf 82' lang='lat' dir='ltr'><strong>et</strong></span> <span class='ocrx_word' id='word_1_308' title='bbox 1033 2312 1390 2385; x_wconf 82' lang='lat' dir='ltr'><strong>asperrimam</strong></span> <span class='ocrx_word' id='word_1_309' title='bbox 1437 2316 1753 2373; x_wconf 89' lang='lat' dir='ltr'><strong>delictorum</strong></span> <span class='ocrx_word' id='word_1_310' title='bbox 1799 2335 1983 2392; x_wconf 84' lang='lat' dir='ltr'><strong>repre-</strong></span> 
     </span>
    </p>
   </div>
   <div class='ocr_carea' id='block_1_41' title="bbox 406 2397 1978 2471">
    <p class='ocr_par' dir='ltr' id='par_1_41' title="bbox 406 2397 1978 2471">
     <span class='ocr_line' id='line_1_41' title="bbox 406 2397 1978 2471; baseline 0.011 -20"><span class='ocrx_word' id='word_1_311' title='bbox 406 2397 745 2471; x_wconf 77' lang='lat' dir='ltr'><strong>hensionem,</strong></span> <span class='ocrx_word' id='word_1_312' title='bbox 785 2408 841 2471; x_wconf 81' lang='lat' dir='ltr'><strong>et</strong></span> <span class='ocrx_word' id='word_1_313' title='bbox 886 2401 1233 2457; x_wconf 88' lang='lat' dir='ltr'><strong>durissimum</strong></span> <span class='ocrx_word' id='word_1_314' title='bbox 1281 2404 1550 2462; x_wconf 87' lang='lat' dir='ltr'><strong>vindictae</strong></span> <span class='ocrx_word' id='word_1_315' title='bbox 1596 2406 1813 2466; x_wconf 82' lang='lat' dir='ltr'><strong>futurae</strong></span> <span class='ocrx_word' id='word_1_316' title='bbox 1863 2419 1978 2468; x_wconf 90' lang='lat' dir='ltr'><strong>ter-</strong></span> 
     </span>
    </p>
   </div>
   <div class='ocr_carea' id='block_1_42' title="bbox 408 2488 1980 2570">
    <p class='ocr_par' dir='ltr' id='par_1_42' title="bbox 408 2488 1980 2570">
     <span class='ocr_line' id='line_1_42' title="bbox 408 2488 1980 2570; baseline 0.012 -31"><span class='ocrx_word' id='word_1_317' title='bbox 408 2502 608 2541; x_wconf 82' lang='lat' dir='ltr'><strong>rorem.</strong></span> <span class='ocrx_word' id='word_1_318' title='bbox 646 2488 714 2542; x_wconf 89' lang='lat' dir='ltr'><strong>Et</strong></span> <span class='ocrx_word' id='word_1_319' title='bbox 772 2499 991 2560; x_wconf 88' lang='lat' dir='ltr'><strong>praeter</strong></span> <span class='ocrx_word' id='word_1_320' title='bbox 1032 2492 1134 2547; x_wconf 92' lang='lat' dir='ltr'><strong>hoc</strong></span> <span class='ocrx_word' id='word_1_321' title='bbox 1194 2496 1483 2563; x_wconf 88' lang='lat' dir='ltr'><strong>putabant,</strong></span> <span class='ocrx_word' id='word_1_322' title='bbox 1528 2512 1681 2564; x_wconf 74' lang='lat' dir='ltr'><strong>eum,</strong></span> <span class='ocrx_word' id='word_1_323' title='bbox 1717 2499 1980 2570; x_wconf 86' lang='lat' dir='ltr'><strong>Joannem</strong></span> 
     </span>
    </p>
   </div>
   <div class='ocr_carea' id='block_1_43' title="bbox 406 2577 1977 2654">
    <p class='ocr_par' dir='ltr' id='par_1_43' title="bbox 406 2577 1977 2654">
     <span class='ocr_line' id='line_1_43' title="bbox 406 2577 1977 2654; baseline 0.013 -25"><span class='ocrx_word' id='word_1_324' title='bbox 406 2577 543 2642; x_wconf 89' lang='lat' dir='ltr'><strong>dico,</strong></span> <span class='ocrx_word' id='word_1_325' title='bbox 592 2593 758 2632; x_wconf 91' lang='lat' dir='ltr'><strong>unum</strong></span> <span class='ocrx_word' id='word_1_326' title='bbox 805 2579 1037 2650; x_wconf 88' lang='lat' dir='ltr'><strong>aliquem</strong></span> <span class='ocrx_word' id='word_1_327' title='bbox 1090 2596 1160 2638; x_wconf 88' lang='lat' dir='ltr'><strong>ex</strong></span> <span class='ocrx_word' id='word_1_328' title='bbox 1212 2585 1491 2654; x_wconf 88' lang='lat' dir='ltr'><strong>prophetis</strong></span> <span class='ocrx_word' id='word_1_329' title='bbox 1545 2588 1743 2645; x_wconf 86' lang='lat' dir='ltr'><strong>iterum</strong></span> <span class='ocrx_word' id='word_1_330' title='bbox 1792 2608 1977 2649; x_wconf 90' lang='lat' dir='ltr'><strong>surre-</strong></span> 
     </span>
    </p>
   </div>
   <div class='ocr_carea' id='block_1_44' title="bbox 405 2668 1979 2752">
    <p class='ocr_par' dir='ltr' id='par_1_44' title="bbox 405 2668 1979 2752">
     <span class='ocr_line' id='line_1_44' title="bbox 405 2668 1979 2752; baseline 0.011 -30"><span class='ocrx_word' id='word_1_331' title='bbox 405 2669 570 2734; x_wconf 89' lang='lat' dir='ltr'><strong>xisse,</strong></span> <span class='ocrx_word' id='word_1_332' title='bbox 593 2668 838 2726; x_wconf 87' lang='lat' dir='ltr'><strong>videntes</strong></span> <span class='ocrx_word' id='word_1_333' title='bbox 876 2673 1166 2728; x_wconf 87' lang='lat' dir='ltr'><strong>maximam</strong></span> <span class='ocrx_word' id='word_1_334' title='bbox 1198 2677 1513 2745; x_wconf 85' lang='lat' dir='ltr'><strong>prophetiae</strong></span> <span class='ocrx_word' id='word_1_335' title='bbox 1559 2681 1787 2752; x_wconf 79' lang='lat' dir='ltr'><strong>gratiam</strong></span> <span class='ocrx_word' id='word_1_336' title='bbox 1816 2683 1870 2738; x_wconf 88' lang='lat' dir='ltr'><strong>in</strong></span> <span class='ocrx_word' id='word_1_337' title='bbox 1913 2700 1979 2741; x_wconf 90' lang='lat' dir='ltr'><strong>eo</strong></span> 
     </span>
    </p>
   </div>
   <div class='ocr_carea' id='block_1_45' title="bbox 405 2758 1979 2847">
    <p class='ocr_par' dir='ltr' id='par_1_45' title="bbox 405 2758 1979 2847">
     <span class='ocr_line' id='line_1_45' title="bbox 405 2758 1979 2847; baseline 0.015 -38"><span class='ocrx_word' id='word_1_338' title='bbox 405 2758 716 2827; x_wconf 83' lang='lat' dir='ltr'><strong>profecisse.</strong></span> <span class='ocrx_word' id='word_1_339' title='bbox 749 2780 768 2813; x_wconf 75' lang='grc' dir='ltr'>ι</span> <span class='ocrx_word' id='word_1_340' title='bbox 802 2761 917 2817; x_wconf 85' lang='grc' dir='ltr'><strong>Νοη</strong></span> <span class='ocrx_word' id='word_1_341' title='bbox 941 2779 1059 2819; x_wconf 90' lang='lat' dir='ltr'><strong>sum</strong></span> <span class='ocrx_word' id='word_1_342' title='bbox 1085 2780 1186 2837; x_wconf 88' lang='lat' dir='ltr'><strong>ego</strong></span> <span class='ocrx_word' id='word_1_343' title='bbox 1209 2785 1253 2832; x_wconf 74' lang='grc' dir='ltr'><strong>ι,</strong></span> <span class='ocrx_word' id='word_1_344' title='bbox 1281 2767 1476 2839; x_wconf 86' lang='lat' dir='ltr'><strong>inquit,</strong></span> <span class='ocrx_word' id='word_1_345' title='bbox 1506 2788 1525 2821; x_wconf 73' lang='grc' dir='ltr'><strong><em>ι</em></strong></span> <span class='ocrx_word' id='word_1_346' title='bbox 1557 2771 1827 2841; x_wconf 85' lang='lat' dir='ltr'><strong>Christus,</strong></span> <span class='ocrx_word' id='word_1_347' title='bbox 1855 2777 1979 2847; x_wconf 91' lang='lat' dir='ltr'><strong>quia</strong></span> 
     </span>
    </p>
   </div>
   <div class='ocr_carea' id='block_1_46' title="bbox 408 2848 1980 2923">
    <p class='ocr_par' dir='ltr' id='par_1_46' title="bbox 408 2848 1980 2923">
     <span class='ocr_line' id='line_1_46' title="bbox 408 2848 1980 2923; baseline 0.011 -18"><span class='ocrx_word' id='word_1_348' title='bbox 408 2848 608 2909; x_wconf 80' lang='lat' dir='ltr'><strong>Christi</strong></span> <span class='ocrx_word' id='word_1_349' title='bbox 628 2868 950 2923; x_wconf 89' lang='lat' dir='ltr'><strong>praecursor</strong></span> <span class='ocrx_word' id='word_1_350' title='bbox 973 2870 1089 2911; x_wconf 91' lang='lat' dir='ltr'><strong>sum</strong></span> <span class='ocrx_word' id='word_1_351' title='bbox 1108 2865 1163 2912; x_wconf 91' lang='lat' dir='ltr'><strong>et</strong></span> <span class='ocrx_word' id='word_1_352' title='bbox 1183 2873 1286 2913; x_wconf 84' lang='lat' dir='ltr'><strong>vox</strong></span> <span class='ocrx_word' id='word_1_353' title='bbox 1312 2860 1597 2919; x_wconf 87' lang='lat' dir='ltr'><strong>clamantis</strong></span> <span class='ocrx_word' id='word_1_354' title='bbox 1624 2863 1676 2918; x_wconf 92' lang='lat' dir='ltr'><strong>in</strong></span> <span class='ocrx_word' id='word_1_355' title='bbox 1694 2866 1908 2923; x_wconf 90' lang='lat' dir='ltr'><strong>deserto</strong></span> <span class='ocrx_word' id='word_1_356' title='bbox 1931 2887 1980 2922; x_wconf 73' lang='grc' dir='ltr'><strong>ι.</strong></span> 
     </span>
    </p>
   </div>
   <div class='ocr_carea' id='block_1_47' title="bbox 476 2939 1979 3028">
    <p class='ocr_par' dir='ltr' id='par_1_47' title="bbox 476 2939 1979 3028">
     <span class='ocr_line' id='line_1_47' title="bbox 476 2939 1979 3028; baseline 0.011 -31"><span class='ocrx_word' id='word_1_357' title='bbox 476 2939 662 2999; x_wconf 78' lang='lat' dir='ltr'><strong>Helias</strong></span> <span class='ocrx_word' id='word_1_358' title='bbox 695 2960 748 2997; x_wconf 85' lang='lat' dir='ltr'><strong>es</strong></span> <span class='ocrx_word' id='word_1_359' title='bbox 784 2953 840 2998; x_wconf 87' lang='lat' dir='ltr'><strong>tu</strong></span> <span class='ocrx_word' id='word_1_360' title='bbox 862 2945 888 2999; x_wconf 85' lang='lat'><strong><em>?</em></strong></span> <span class='ocrx_word' id='word_1_361' title='bbox 926 2944 995 2999; x_wconf 86' lang='lat' dir='ltr'><strong>Et</strong></span> <span class='ocrx_word' id='word_1_362' title='bbox 1040 2946 1173 3003; x_wconf 70' lang='lat' dir='ltr'><strong>dixit</strong></span> <span class='ocrx_word' id='word_1_363' title='bbox 1200 2961 1218 3005; x_wconf 82' lang='lat'><strong>.&#39;</strong></span> <span class='ocrx_word' id='word_1_364' title='bbox 1243 2948 1365 3019; x_wconf 81' lang='lat' dir='ltr'><strong>Non</strong></span> <span class='ocrx_word' id='word_1_365' title='bbox 1410 2968 1545 3006; x_wconf 89' lang='lat' dir='ltr'><strong>sum.</strong></span> <span class='ocrx_word' id='word_1_366' title='bbox 1594 2952 1737 3011; x_wconf 81' lang='lat' dir='ltr'><strong>Haec</strong></span> <span class='ocrx_word' id='word_1_367' title='bbox 1763 2959 1979 3028; x_wconf 87' lang='lat' dir='ltr'><strong>negatio</strong></span> 
     </span>
    </p>
   </div>
   <div class='ocr_carea' id='block_1_48' title="bbox 406 3032 1971 3113">
    <p class='ocr_par' dir='ltr' id='par_1_48' title="bbox 406 3032 1971 3113">
     <span class='ocr_line' id='line_1_48' title="bbox 406 3032 1971 3113; baseline 0.013 -28"><span class='ocrx_word' id='word_1_368' title='bbox 406 3032 614 3089; x_wconf 88' lang='lat' dir='ltr'><strong>duobus</strong></span> <span class='ocrx_word' id='word_1_369' title='bbox 648 3036 821 3100; x_wconf 84' lang='lat' dir='ltr'><strong>modis</strong></span> <span class='ocrx_word' id='word_1_370' title='bbox 868 3036 1202 3109; x_wconf 83' lang='lat' dir='ltr'><strong>intelligitur.</strong></span> <span class='ocrx_word' id='word_1_371' title='bbox 1247 3038 1362 3107; x_wconf 84' lang='lat' dir='ltr'><strong>Non</strong></span> <span class='ocrx_word' id='word_1_372' title='bbox 1395 3056 1541 3110; x_wconf 88' lang='lat' dir='ltr'><strong>sum,</strong></span> <span class='ocrx_word' id='word_1_373' title='bbox 1566 3043 1723 3111; x_wconf 89' lang='lat' dir='ltr'><strong>dixit,</strong></span> <span class='ocrx_word' id='word_1_374' title='bbox 1770 3046 1971 3113; x_wconf 83' lang='lat' dir='ltr'><strong>Helias,</strong></span> 
     </span>
    </p>
   </div>
   <div class='ocr_carea' id='block_1_49' title="bbox 402 3113 2046 3206">
    <p class='ocr_par' dir='ltr' id='par_1_49' title="bbox 402 3113 2046 3206">
     <span class='ocr_line' id='line_1_49' title="bbox 402 3113 2046 3206; baseline 0.009 -27"><span class='ocrx_word' id='word_1_375' title='bbox 402 3125 498 3180; x_wconf 86' lang='lat' dir='ltr'><strong>sed</strong></span> <span class='ocrx_word' id='word_1_376' title='bbox 527 3125 581 3180; x_wconf 89' lang='lat' dir='ltr'><strong>in</strong></span> <span class='ocrx_word' id='word_1_377' title='bbox 620 3126 810 3206; x_wconf 87' lang='lat' dir='ltr'><strong>spiritu</strong></span> <span class='ocrx_word' id='word_1_378' title='bbox 839 3136 894 3186; x_wconf 87' lang='lat' dir='ltr'><strong>et</strong></span> <span class='ocrx_word' id='word_1_379' title='bbox 944 3129 1140 3187; x_wconf 84' lang='lat' dir='ltr'><strong>virtute</strong></span> <span class='ocrx_word' id='word_1_380' title='bbox 1183 3130 1299 3199; x_wconf 84' lang='lat' dir='ltr'><strong>lleli</strong></span> <span class='ocrx_word' id='word_1_381' title='bbox 1342 3134 1486 3189; x_wconf 86' lang='lat' dir='ltr'><strong>veni.</strong></span> <span class='ocrx_word' id='word_1_382' title='bbox 1532 3134 1664 3201; x_wconf 83' lang='lat' dir='ltr'><strong>Item</strong></span> <span class='ocrx_word' id='word_1_383' title='bbox 1697 3152 1805 3192; x_wconf 91' lang='lat' dir='ltr'><strong>non</strong></span> <span class='ocrx_word' id='word_1_384' title='bbox 1853 3153 1971 3203; x_wconf 77' lang='lat' dir='ltr'><strong>sum</strong></span> <span class='ocrx_word' id='word_1_385' title='bbox 2004 3113 2046 3176; x_wconf 59' lang='grc' dir='ltr'><strong>(ί</strong></span> 
     </span>
    </p>
   </div>
   <div class='ocr_carea' id='block_1_50' title="bbox 404 3217 1974 3298">
    <p class='ocr_par' dir='ltr' id='par_1_50' title="bbox 404 3217 1974 3298">
     <span class='ocr_line' id='line_1_50' title="bbox 404 3217 1974 3298; baseline 0.01 -28"><span class='ocrx_word' id='word_1_386' title='bbox 404 3217 612 3283; x_wconf 83' lang='lat' dir='ltr'><strong>Helias;</strong></span> <span class='ocrx_word' id='word_1_387' title='bbox 656 3218 744 3273; x_wconf 87' lang='lat' dir='ltr'><strong>ille</strong></span> <span class='ocrx_word' id='word_1_388' title='bbox 786 3219 929 3274; x_wconf 84' lang='lat' dir='ltr'><strong>enim</strong></span> <span class='ocrx_word' id='word_1_389' title='bbox 977 3221 1317 3277; x_wconf 89' lang='lat' dir='ltr'><strong>solummodo</strong></span> <span class='ocrx_word' id='word_1_390' title='bbox 1362 3226 1647 3295; x_wconf 87' lang='lat' dir='ltr'><strong>propheta,</strong></span> <span class='ocrx_word' id='word_1_391' title='bbox 1694 3243 1795 3298; x_wconf 87' lang='lat' dir='ltr'><strong>ego</strong></span> <span class='ocrx_word' id='word_1_392' title='bbox 1844 3245 1974 3293; x_wconf 84' lang='lat' dir='ltr'><strong>vero</strong></span> 
     </span>
    </p>
   </div>
   <div class='ocr_carea' id='block_1_51' title="bbox 402 3308 1974 3391">
    <p class='ocr_par' dir='ltr' id='par_1_51' title="bbox 402 3308 1974 3391">
     <span class='ocr_line' id='line_1_51' title="bbox 402 3308 1974 3391; baseline 0.009 -29"><span class='ocrx_word' id='word_1_393' title='bbox 402 3322 510 3363; x_wconf 85' lang='lat' dir='ltr'><strong>non</strong></span> <span class='ocrx_word' id='word_1_394' title='bbox 554 3308 725 3366; x_wconf 84' lang='lat' dir='ltr'><strong>solum</strong></span> <span class='ocrx_word' id='word_1_395' title='bbox 755 3311 1040 3381; x_wconf 83' lang='lat' dir='ltr'><strong>propheta,</strong></span> <span class='ocrx_word' id='word_1_396' title='bbox 1089 3313 1183 3367; x_wconf 91' lang='lat' dir='ltr'><strong>sed</strong></span> <span class='ocrx_word' id='word_1_397' title='bbox 1223 3323 1278 3368; x_wconf 89' lang='lat' dir='ltr'><strong>et</strong></span> <span class='ocrx_word' id='word_1_398' title='bbox 1305 3330 1665 3384; x_wconf 89' lang='lat' dir='ltr'><strong>praecursor..</strong></span> <span class='ocrx_word' id='word_1_399' title='bbox 1682 3317 1800 3374; x_wconf 85' lang='lat' dir='ltr'><strong>Non</strong></span> <span class='ocrx_word' id='word_1_400' title='bbox 1830 3322 1974 3391; x_wconf 87' lang='lat' dir='ltr'><strong>quod</strong></span> 
     </span>
    </p>
   </div>
   <div class='ocr_carea' id='block_1_52' title="bbox 409 3402 1975 3480">
    <p class='ocr_par' dir='ltr' id='par_1_52' title="bbox 409 3402 1975 3480">
     <span class='ocr_line' id='line_1_52' title="bbox 409 3402 1975 3480; baseline 0.007 -25"><span class='ocrx_word' id='word_1_401' title='bbox 409 3413 603 3455; x_wconf 84' lang='lat' dir='ltr'><strong>omnes</strong></span> <span class='ocrx_word' id='word_1_402' title='bbox 650 3402 949 3470; x_wconf 88' lang='lat' dir='ltr'><strong>prophetae</strong></span> <span class='ocrx_word' id='word_1_403' title='bbox 1001 3419 1387 3473; x_wconf 89' lang='lat' dir='ltr'><strong>praecursores</strong></span> <span class='ocrx_word' id='word_1_404' title='bbox 1442 3406 1642 3463; x_wconf 89' lang='lat' dir='ltr'><strong>Christi</strong></span> <span class='ocrx_word' id='word_1_405' title='bbox 1680 3426 1787 3466; x_wconf 87' lang='lat' dir='ltr'><strong>non</strong></span> <span class='ocrx_word' id='word_1_406' title='bbox 1844 3413 1975 3480; x_wconf 89' lang='lat' dir='ltr'><strong>sint,</strong></span> 
     </span>
    </p>
   </div>
   <div class='ocr_carea' id='block_1_53' title="bbox 403 3492 1975 3567">
    <p class='ocr_par' dir='ltr' id='par_1_53' title="bbox 403 3492 1975 3567">
     <span class='ocr_line' id='line_1_53' title="bbox 403 3492 1975 3567; baseline 0.008 -20"><span class='ocrx_word' id='word_1_407' title='bbox 403 3492 497 3547; x_wconf 84' lang='lat' dir='ltr'><strong>sed</strong></span> <span class='ocrx_word' id='word_1_408' title='bbox 547 3495 691 3565; x_wconf 89' lang='lat' dir='ltr'><strong>quod</strong></span> <span class='ocrx_word' id='word_1_409' title='bbox 727 3494 905 3551; x_wconf 90' lang='lat' dir='ltr'><strong>nullus</strong></span> <span class='ocrx_word' id='word_1_410' title='bbox 946 3498 1331 3567; x_wconf 85' lang='lat' dir='ltr'><strong>prophetarum</strong></span> <span class='ocrx_word' id='word_1_411' title='bbox 1383 3499 1542 3555; x_wconf 92' lang='lat' dir='ltr'><strong>simul</strong></span> <span class='ocrx_word' id='word_1_412' title='bbox 1584 3516 1705 3557; x_wconf 92' lang='lat' dir='ltr'><strong>cum</strong></span> <span class='ocrx_word' id='word_1_413' title='bbox 1755 3503 1975 3559; x_wconf 85' lang='lat' dir='ltr'><strong>Christo</strong></span> 
     </span>
    </p>
   </div>
   <div class='ocr_carea' id='block_1_54' title="bbox 405 3586 1974 3664">
    <p class='ocr_par' dir='ltr' id='par_1_54' title="bbox 405 3586 1974 3664">
     <span class='ocr_line' id='line_1_54' title="bbox 405 3586 1974 3664; baseline 0.008 -25"><span class='ocrx_word' id='word_1_414' title='bbox 405 3600 513 3641; x_wconf 88' lang='lat' dir='ltr'><strong>uno</strong></span> <span class='ocrx_word' id='word_1_415' title='bbox 536 3586 834 3659; x_wconf 88' lang='lat' dir='ltr'><strong>eodemque</strong></span> <span class='ocrx_word' id='word_1_416' title='bbox 860 3602 1001 3644; x_wconf 89' lang='lat' dir='ltr'><strong>anno</strong></span> <span class='ocrx_word' id='word_1_417' title='bbox 1033 3599 1192 3651; x_wconf 84' lang='lat' dir='ltr'><strong>natus</strong></span> <span class='ocrx_word' id='word_1_418' title='bbox 1217 3599 1320 3655; x_wconf 89' lang='lat' dir='ltr'><strong>est,</strong></span> <span class='ocrx_word' id='word_1_419' title='bbox 1354 3593 1443 3661; x_wconf 92' lang='lat' dir='ltr'><strong>qui</strong></span> <span class='ocrx_word' id='word_1_420' title='bbox 1473 3592 1626 3649; x_wconf 82' lang='lat' dir='ltr'><strong>ﬁeret</strong></span> <span class='ocrx_word' id='word_1_421' title='bbox 1652 3610 1974 3664; x_wconf 90' lang='lat' dir='ltr'><strong>praecursor</strong></span> 
     </span>
    </p>
   </div>
   <div class='ocr_carea' id='block_1_55' title="bbox 405 3676 1972 3755">
    <p class='ocr_par' dir='ltr' id='par_1_55' title="bbox 405 3676 1972 3755">
     <span class='ocr_line' id='line_1_55' title="bbox 405 3676 1972 3755; baseline 0.008 -27"><span class='ocrx_word' id='word_1_422' title='bbox 405 3690 570 3746; x_wconf 87' lang='lat' dir='ltr'><strong>parvo</strong></span> <span class='ocrx_word' id='word_1_423' title='bbox 595 3676 770 3747; x_wconf 88' lang='lat' dir='ltr'><strong>spatio</strong></span> <span class='ocrx_word' id='word_1_424' title='bbox 795 3677 1129 3753; x_wconf 81' lang='lat' dir='ltr'><strong>interposito.</strong></span> <span class='ocrx_word' id='word_1_425' title='bbox 1162 3679 1425 3751; x_wconf 69' lang='lat' dir='ltr'><strong>Propheta</strong></span> <span class='ocrx_word' id='word_1_426' title='bbox 1455 3699 1508 3736; x_wconf 88' lang='lat' dir='ltr'><strong>es</strong></span> <span class='ocrx_word' id='word_1_427' title='bbox 1534 3684 1628 3737; x_wconf 85' lang='lat' dir='ltr'><strong>tu?</strong></span> <span class='ocrx_word' id='word_1_428' title='bbox 1653 3683 1972 3755; x_wconf 83' lang='lat' dir='ltr'><strong>Respondit:</strong></span> 
     </span>
    </p>
   </div>
   <div class='ocr_carea' id='block_1_56' title="bbox 401 3765 1968 3848">
    <p class='ocr_par' dir='ltr' id='par_1_56' title="bbox 401 3765 1968 3848">
     <span class='ocr_line' id='line_1_56' title="bbox 401 3765 1968 3848; baseline 0.007 -26"><span class='ocrx_word' id='word_1_429' title='bbox 401 3765 545 3823; x_wconf 85' lang='lat' dir='ltr'><strong>Non.</strong></span> <span class='ocrx_word' id='word_1_430' title='bbox 562 3767 693 3823; x_wconf 87' lang='lat' dir='ltr'><strong>Item</strong></span> <span class='ocrx_word' id='word_1_431' title='bbox 707 3768 993 3840; x_wconf 81' lang='lat' dir='ltr'><strong>dupliciter</strong></span> <span class='ocrx_word' id='word_1_432' title='bbox 1015 3772 1330 3843; x_wconf 80' lang='lat' dir='ltr'><strong>intelligitur</strong></span> <span class='ocrx_word' id='word_1_433' title='bbox 1354 3793 1366 3828; x_wconf 87' lang='lat'><strong>:</strong></span> <span class='ocrx_word' id='word_1_434' title='bbox 1391 3783 1504 3841; x_wconf 87' lang='lat' dir='ltr'><strong>aut,</strong></span> <span class='ocrx_word' id='word_1_435' title='bbox 1525 3778 1652 3848; x_wconf 88' lang='lat' dir='ltr'><strong>quia</strong></span> <span class='ocrx_word' id='word_1_436' title='bbox 1674 3777 1968 3848; x_wconf 88' lang='lat' dir='ltr'><strong>plusquam</strong></span> 
     </span>
    </p>
   </div>
   <div class='ocr_carea' id='block_1_57' title="bbox 400 3850 1973 3940">
    <p class='ocr_par' dir='ltr' id='par_1_57' title="bbox 400 3850 1973 3940">
     <span class='ocr_line' id='line_1_57' title="bbox 400 3850 1973 3940; baseline 0.008 -27"><span class='ocrx_word' id='word_1_437' title='bbox 400 3860 661 3931; x_wconf 87' lang='lat' dir='ltr'><strong>propheta</strong></span> <span class='ocrx_word' id='word_1_438' title='bbox 691 3870 802 3927; x_wconf 87' lang='lat' dir='ltr'><strong>est,</strong></span> <span class='ocrx_word' id='word_1_439' title='bbox 847 3862 987 3917; x_wconf 86' lang='lat' dir='ltr'><strong>sicut</strong></span> <span class='ocrx_word' id='word_1_440' title='bbox 1020 3862 1087 3935; x_wconf 87' lang='lat' dir='ltr'><strong>de</strong></span> <span class='ocrx_word' id='word_1_441' title='bbox 1114 3878 1179 3919; x_wconf 93' lang='lat' dir='ltr'><strong>eo</strong></span> <span class='ocrx_word' id='word_1_442' title='bbox 1230 3862 1476 3933; x_wconf 81' lang='lat' dir='ltr'><strong>Christus</strong></span> <span class='ocrx_word' id='word_1_443' title='bbox 1505 3850 1804 3940; x_wconf 84' lang='lat' dir='ltr'><strong>praedicat,</strong></span> <span class='ocrx_word' id='word_1_444' title='bbox 1852 3870 1973 3925; x_wconf 88' lang='lat' dir='ltr'><strong>ideo</strong></span> 
     </span>
    </p>
   </div>
   <div class='ocr_carea' id='block_1_58' title="bbox 403 3950 1972 4031">
    <p class='ocr_par' dir='ltr' id='par_1_58' title="bbox 403 3950 1972 4031">
     <span class='ocr_line' id='line_1_58' title="bbox 403 3950 1972 4031; baseline 0.006 -28"><span class='ocrx_word' id='word_1_445' title='bbox 403 3960 563 4020; x_wconf 84' lang='lat' dir='ltr'><strong>negat</strong></span> <span class='ocrx_word' id='word_1_446' title='bbox 589 3964 647 4004; x_wconf 93' lang='lat' dir='ltr'><strong>se</strong></span> <span class='ocrx_word' id='word_1_447' title='bbox 676 3950 993 4021; x_wconf 88' lang='lat' dir='ltr'><strong>prophetam</strong></span> <span class='ocrx_word' id='word_1_448' title='bbox 1020 3967 1168 4030; x_wconf 77' lang='lat' dir='ltr'><strong>esse,</strong></span> <span class='ocrx_word' id='word_1_449' title='bbox 1192 3966 1286 4027; x_wconf 80' lang='lat' dir='ltr'><strong>aut</strong></span> <span class='ocrx_word' id='word_1_450' title='bbox 1332 3956 1475 4025; x_wconf 88' lang='lat' dir='ltr'><strong>quod</strong></span> <span class='ocrx_word' id='word_1_451' title='bbox 1514 3957 1754 4031; x_wconf 80' lang='lat' dir='ltr'><strong>opinioni</strong></span> <span class='ocrx_word' id='word_1_452' title='bbox 1785 3974 1972 4015; x_wconf 92' lang='lat' dir='ltr'><strong>eorum</strong></span> 
     </span>
    </p>
   </div>
   <div class='ocr_carea' id='block_1_59' title="bbox 402 4041 1976 4115">
    <p class='ocr_par' dir='ltr' id='par_1_59' title="bbox 402 4041 1976 4115">
     <span class='ocr_line' id='line_1_59' title="bbox 402 4041 1976 4115; baseline 0.006 -19"><span class='ocrx_word' id='word_1_453' title='bbox 402 4041 698 4111; x_wconf 62' lang='lat' dir='ltr'><strong>rrspondit.</strong></span> <span class='ocrx_word' id='word_1_454' title='bbox 721 4041 988 4097; x_wconf 87' lang='lat' dir='ltr'><strong>Putabant</strong></span> <span class='ocrx_word' id='word_1_455' title='bbox 1010 4044 1174 4110; x_wconf 88' lang='lat' dir='ltr'><strong>enim,</strong></span> <span class='ocrx_word' id='word_1_456' title='bbox 1190 4042 1451 4102; x_wconf 85' lang='lat' dir='ltr'><strong>Joannem</strong></span> <span class='ocrx_word' id='word_1_457' title='bbox 1480 4063 1645 4102; x_wconf 90' lang='lat' dir='ltr'><strong>unum</strong></span> <span class='ocrx_word' id='word_1_458' title='bbox 1664 4063 1730 4115; x_wconf 76' lang='lat' dir='ltr'><strong>ex</strong></span> <span class='ocrx_word' id='word_1_459' title='bbox 1748 4049 1976 4109; x_wconf 89' lang='lat' dir='ltr'><strong>mortuis</strong></span> 
     </span>
    </p>
   </div>
   <div class='ocr_carea' id='block_1_60' title="bbox 400 4131 1975 4206">
    <p class='ocr_par' dir='ltr' id='par_1_60' title="bbox 400 4131 1975 4206">
     <span class='ocr_line' id='line_1_60' title="bbox 400 4131 1975 4206; baseline 0.008 -25"><span class='ocrx_word' id='word_1_460' title='bbox 400 4131 679 4202; x_wconf 85' lang='lat' dir='ltr'><strong>prophetis</strong></span> <span class='ocrx_word' id='word_1_461' title='bbox 695 4133 971 4203; x_wconf 88' lang='lat' dir='ltr'><strong>praeteriti</strong></span> <span class='ocrx_word' id='word_1_462' title='bbox 989 4134 1243 4205; x_wconf 89' lang='lat' dir='ltr'><strong>temporis</strong></span> <span class='ocrx_word' id='word_1_463' title='bbox 1256 4133 1676 4206; x_wconf 85' lang='lat' dir='ltr'><strong>fuisse.Aitergo</strong></span> <span class='ocrx_word' id='word_1_464' title='bbox 1692 4156 1705 4192; x_wconf 92' lang='lat'><strong>:</strong></span> <span class='ocrx_word' id='word_1_465' title='bbox 1722 4137 1838 4200; x_wconf 85' lang='lat' dir='ltr'><strong>Non</strong></span> <span class='ocrx_word' id='word_1_466' title='bbox 1856 4153 1975 4204; x_wconf 85' lang='lat' dir='ltr'><strong>sum</strong></span> 
     </span>
    </p>
   </div>
   <div class='ocr_carea' id='block_1_61' title="bbox 405 4225 1976 4299">
    <p class='ocr_par' dir='ltr' id='par_1_61' title="bbox 405 4225 1976 4299">
     <span class='ocr_line' id='line_1_61' title="bbox 405 4225 1976 4299; baseline 0.007 -24"><span class='ocrx_word' id='word_1_467' title='bbox 405 4239 543 4279; x_wconf 87' lang='lat' dir='ltr'><strong>unus</strong></span> <span class='ocrx_word' id='word_1_468' title='bbox 564 4241 628 4280; x_wconf 84' lang='lat' dir='ltr'><strong>ex</strong></span> <span class='ocrx_word' id='word_1_469' title='bbox 658 4225 790 4299; x_wconf 90' lang='lat' dir='ltr'><strong>ipsis</strong></span> <span class='ocrx_word' id='word_1_470' title='bbox 813 4228 1114 4298; x_wconf 92' lang='lat' dir='ltr'><strong>prophetis,</strong></span> <span class='ocrx_word' id='word_1_471' title='bbox 1128 4229 1194 4283; x_wconf 89' lang='lat' dir='ltr'><strong>de</strong></span> <span class='ocrx_word' id='word_1_472' title='bbox 1207 4243 1435 4298; x_wconf 87' lang='lat' dir='ltr'><strong>quorum</strong></span> <span class='ocrx_word' id='word_1_473' title='bbox 1450 4244 1675 4284; x_wconf 90' lang='lat' dir='ltr'><strong>numero</strong></span> <span class='ocrx_word' id='word_1_474' title='bbox 1700 4230 1976 4291; x_wconf 42' lang='lat' dir='ltr'><strong>existima:</strong></span> 
     </span>
    </p>
   </div>
   <div class='ocr_carea' id='block_1_62' title="bbox 399 4310 1972 4390">
    <p class='ocr_par' dir='ltr' id='par_1_62' title="bbox 399 4310 1972 4390">
     <span class='ocr_line' id='line_1_62' title="bbox 399 4310 1972 4390; baseline 0.007 -26"><span class='ocrx_word' id='word_1_475' title='bbox 399 4310 469 4368; x_wconf 91' lang='lat' dir='ltr'><strong>tis</strong></span> <span class='ocrx_word' id='word_1_476' title='bbox 498 4327 582 4368; x_wconf 91' lang='lat' dir='ltr'><strong>me</strong></span> <span class='ocrx_word' id='word_1_477' title='bbox 608 4316 931 4383; x_wconf 88' lang='lat' dir='ltr'><strong>surrexisse,</strong></span> <span class='ocrx_word' id='word_1_478' title='bbox 956 4323 1010 4371; x_wconf 88' lang='lat' dir='ltr'><strong>et</strong></span> <span class='ocrx_word' id='word_1_479' title='bbox 1031 4317 1464 4386; x_wconf 83' lang='lat' dir='ltr'><strong>praesentialiter</strong></span> <span class='ocrx_word' id='word_1_480' title='bbox 1476 4318 1627 4374; x_wconf 90' lang='lat' dir='ltr'><strong>vobis</strong></span> <span class='ocrx_word' id='word_1_481' title='bbox 1639 4319 1972 4390; x_wconf 89' lang='lat' dir='ltr'><strong>praedicare.</strong></span> 
     </span>
    </p>
   </div>
   <div class='ocr_carea' id='block_1_63' title="bbox 472 4401 1970 4476">
    <p class='ocr_par' dir='ltr' id='par_1_63' title="bbox 472 4401 1970 4476">
     <span class='ocr_line' id='line_1_63' title="bbox 472 4401 1970 4476; baseline 0.005 -19"><span class='ocrx_word' id='word_1_482' title='bbox 472 4401 730 4458; x_wconf 81' lang='lat' dir='ltr'><strong>Dixerunt</strong></span> <span class='ocrx_word' id='word_1_483' title='bbox 767 4422 888 4476; x_wconf 85' lang='lat' dir='ltr'><strong>ergo</strong></span> <span class='ocrx_word' id='word_1_484' title='bbox 918 4406 966 4460; x_wconf 86' lang='lat' dir='ltr'><strong>ei</strong></span> <span class='ocrx_word' id='word_1_485' title='bbox 996 4423 1015 4463; x_wconf 82' lang='lat'><strong>.&#39;</strong></span> <span class='ocrx_word' id='word_1_486' title='bbox 1047 4405 1176 4474; x_wconf 82' lang='lat' dir='ltr'><strong>Quis</strong></span> <span class='ocrx_word' id='word_1_487' title='bbox 1204 4408 1300 4463; x_wconf 82' lang='lat' dir='ltr'><strong>es?</strong></span> <span class='ocrx_word' id='word_1_488' title='bbox 1336 4406 1394 4463; x_wconf 91' lang='lat' dir='ltr'><strong>Si</strong></span> <span class='ocrx_word' id='word_1_489' title='bbox 1436 4406 1704 4476; x_wconf 85' lang='lat' dir='ltr'><strong>Christus,</strong></span> <span class='ocrx_word' id='word_1_490' title='bbox 1750 4424 1843 4465; x_wconf 89' lang='lat' dir='ltr'><strong>seu</strong></span> <span class='ocrx_word' id='word_1_491' title='bbox 1867 4408 1970 4465; x_wconf 80' lang='lat' dir='ltr'><strong>He-</strong></span> 
     </span>
    </p>
   </div>
   <div class='ocr_carea' id='block_1_64' title="bbox 396 4493 1967 4575">
    <p class='ocr_par' dir='ltr' id='par_1_64' title="bbox 396 4493 1967 4575">
     <span class='ocr_line' id='line_1_64' title="bbox 396 4493 1967 4575; baseline 0.004 -26"><span class='ocrx_word' id='word_1_492' title='bbox 396 4493 518 4575; x_wconf 69' lang='lat' dir='ltr'><strong>lias,</strong></span> <span class='ocrx_word' id='word_1_493' title='bbox 563 4510 658 4553; x_wconf 87' lang='lat' dir='ltr'><strong>seu</strong></span> <span class='ocrx_word' id='word_1_494' title='bbox 698 4496 893 4566; x_wconf 89' lang='lat' dir='ltr'><strong>aliquis</strong></span> <span class='ocrx_word' id='word_1_495' title='bbox 930 4499 1312 4575; x_wconf 83' lang='lat' dir='ltr'><strong>prophetarum</strong></span> <span class='ocrx_word' id='word_1_496' title='bbox 1342 4515 1448 4554; x_wconf 89' lang='lat' dir='ltr'><strong>non</strong></span> <span class='ocrx_word' id='word_1_497' title='bbox 1489 4514 1569 4566; x_wconf 89' lang='lat' dir='ltr'><strong>es,</strong></span> <span class='ocrx_word' id='word_1_498' title='bbox 1601 4500 1709 4565; x_wconf 90' lang='lat' dir='ltr'><strong>dic,</strong></span> <span class='ocrx_word' id='word_1_499' title='bbox 1740 4501 1860 4570; x_wconf 89' lang='lat' dir='ltr'><strong>quis</strong></span> <span class='ocrx_word' id='word_1_500' title='bbox 1886 4516 1967 4568; x_wconf 91' lang='lat' dir='ltr'><strong>es,</strong></span> 
     </span>
    </p>
   </div>
   <div class='ocr_carea' id='block_1_65' title="bbox 396 4571 1971 4665">
    <p class='ocr_par' dir='ltr' id='par_1_65' title="bbox 396 4571 1971 4665">
     <span class='ocr_line' id='line_1_65' title="bbox 396 4571 1971 4665; baseline 0.004 -26"><span class='ocrx_word' id='word_1_501' title='bbox 396 4571 719 4656; x_wconf 39' lang='lat' dir='ltr'><strong>ne&#39;absque</strong></span> <span class='ocrx_word' id='word_1_502' title='bbox 769 4571 1028 4659; x_wconf 83' lang='lat' dir='ltr'><strong>responso</strong></span> <span class='ocrx_word' id='word_1_503' title='bbox 1077 4598 1240 4665; x_wconf 72' lang='lat' dir='ltr'><strong>atque</strong></span> <span class='ocrx_word' id='word_1_504' title='bbox 1287 4588 1392 4644; x_wconf 89' lang='lat' dir='ltr'><strong>ulla</strong></span> <span class='ocrx_word' id='word_1_505' title='bbox 1447 4590 1751 4663; x_wconf 81' lang='lat' dir='ltr'><strong>cognitione</strong></span> <span class='ocrx_word' id='word_1_506' title='bbox 1797 4589 1864 4645; x_wconf 91' lang='lat' dir='ltr'><strong>de</strong></span> <span class='ocrx_word' id='word_1_507' title='bbox 1918 4599 1971 4646; x_wconf 93' lang='lat' dir='ltr'><strong>te</strong></span> 
     </span>
    </p>
   </div>
   <div class='ocr_carea' id='block_1_66' title="bbox 395 4678 1974 4751">
    <p class='ocr_par' dir='ltr' id='par_1_66' title="bbox 395 4678 1974 4751">
     <span class='ocr_line' id='line_1_66' title="bbox 395 4678 1974 4751; baseline 0.006 -21"><span class='ocrx_word' id='word_1_508' title='bbox 395 4678 460 4730; x_wconf 83' lang='lat' dir='ltr'><strong>ad</strong></span> <span class='ocrx_word' id='word_1_509' title='bbox 501 4693 617 4742; x_wconf 87' lang='lat' dir='ltr'><strong>eos,</strong></span> <span class='ocrx_word' id='word_1_510' title='bbox 658 4679 751 4749; x_wconf 88' lang='lat' dir='ltr'><strong>qui</strong></span> <span class='ocrx_word' id='word_1_511' title='bbox 797 4693 898 4747; x_wconf 85' lang='lat' dir='ltr'><strong>nos</strong></span> <span class='ocrx_word' id='word_1_512' title='bbox 959 4681 1252 4745; x_wconf 89' lang='lat' dir='ltr'><strong>miserunt,</strong></span> <span class='ocrx_word' id='word_1_513' title='bbox 1298 4683 1614 4749; x_wconf 79' lang='lat' dir='ltr'><strong>redeamus,</strong></span> <span class='ocrx_word' id='word_1_514' title='bbox 1661 4681 1974 4751; x_wconf 90' lang='lat' dir='ltr'><strong>nullumque</strong></span> 
     </span>
    </p>
   </div>
   <div class='ocr_carea' id='block_1_67' title="bbox 396 4771 1976 4847">
    <p class='ocr_par' dir='ltr' id='par_1_67' title="bbox 396 4771 1976 4847">
     <span class='ocr_line' id='line_1_67' title="bbox 396 4771 1976 4847; baseline 0.006 -27"><span class='ocrx_word' id='word_1_515' title='bbox 396 4784 709 4838; x_wconf 68' lang='lat' dir='ltr'><strong>responsum</strong></span> <span class='ocrx_word' id='word_1_516' title='bbox 747 4771 828 4826; x_wconf 89' lang='lat' dir='ltr'><strong>eis</strong></span> <span class='ocrx_word' id='word_1_517' title='bbox 876 4771 1104 4827; x_wconf 84' lang='lat' dir='ltr'><strong>reddere</strong></span> <span class='ocrx_word' id='word_1_518' title='bbox 1145 4773 1440 4827; x_wconf 89' lang='lat' dir='ltr'><strong>valeamus.</strong></span> <span class='ocrx_word' id='word_1_519' title='bbox 1488 4772 1628 4847; x_wconf 79' lang='lat' dir='ltr'><strong>Quid</strong></span> <span class='ocrx_word' id='word_1_520' title='bbox 1660 4774 1791 4842; x_wconf 73' lang='lat' dir='ltr'><strong>dicis</strong></span> <span class='ocrx_word' id='word_1_521' title='bbox 1831 4776 1895 4847; x_wconf 86' lang='lat' dir='ltr'><strong>de</strong></span> <span class='ocrx_word' id='word_1_522' title='bbox 1928 4785 1976 4839; x_wconf 82' lang='lat' dir='ltr'><strong>te</strong></span> 
     </span>
    </p>
   </div>
   <div class='ocr_carea' id='block_1_68' title="bbox 394 4857 1973 4932">
    <p class='ocr_par' dir='ltr' id='par_1_68' title="bbox 394 4857 1973 4932">
     <span class='ocr_line' id='line_1_68' title="bbox 394 4857 1973 4932; baseline 0.006 -22"><span class='ocrx_word' id='word_1_523' title='bbox 394 4858 550 4926; x_wconf 78' lang='lat' dir='ltr'><strong>ipso?</strong></span> <span class='ocrx_word' id='word_1_524' title='bbox 590 4857 906 4915; x_wconf 85' lang='lat' dir='ltr'><strong>Audivimus</strong></span> <span class='ocrx_word' id='word_1_525' title='bbox 949 4860 1114 4925; x_wconf 87' lang='lat' dir='ltr'><strong>enim,</strong></span> <span class='ocrx_word' id='word_1_526' title='bbox 1158 4872 1208 4916; x_wconf 93' lang='lat' dir='ltr'><strong>te</strong></span> <span class='ocrx_word' id='word_1_527' title='bbox 1238 4861 1305 4915; x_wconf 89' lang='lat' dir='ltr'><strong>de</strong></span> <span class='ocrx_word' id='word_1_528' title='bbox 1349 4860 1564 4915; x_wconf 88' lang='lat' dir='ltr'><strong>Christo</strong></span> <span class='ocrx_word' id='word_1_529' title='bbox 1610 4863 1973 4932; x_wconf 80' lang='lat' dir='ltr'><strong>praedicasse,</strong></span> 
     </span>
    </p>
   </div>
   <div class='ocr_carea' id='block_1_69' title="bbox 396 4950 1972 5034">
    <p class='ocr_par' dir='ltr' id='par_1_69' title="bbox 396 4950 1972 5034">
     <span class='ocr_line' id='line_1_69' title="bbox 396 4950 1972 5034; baseline 0.006 -35"><span class='ocrx_word' id='word_1_530' title='bbox 396 4950 463 5000; x_wconf 81' lang='lat' dir='ltr'><strong>de</strong></span> <span class='ocrx_word' id='word_1_531' title='bbox 492 4958 552 5006; x_wconf 89' lang='lat' dir='ltr'><strong>te.</strong></span> <span class='ocrx_word' id='word_1_532' title='bbox 571 4960 749 5006; x_wconf 89' lang='lat' dir='ltr'><strong>autem</strong></span> <span class='ocrx_word' id='word_1_533' title='bbox 782 4950 898 5021; x_wconf 86' lang='lat' dir='ltr'><strong>ipso</strong></span> <span class='ocrx_word' id='word_1_534' title='bbox 937 4951 1011 5004; x_wconf 91' lang='lat' dir='ltr'><strong>nil</strong></span> <span class='ocrx_word' id='word_1_535' title='bbox 1047 4952 1385 5007; x_wconf 83' lang='lat' dir='ltr'><strong>manifestum</strong></span> <span class='ocrx_word' id='word_1_536' title='bbox 1416 4953 1635 5007; x_wconf 87' lang='lat' dir='ltr'><strong>asscris.</strong></span> <span class='ocrx_word' id='word_1_537' title='bbox 1671 4951 1809 5024; x_wconf 83' lang='lat' dir='ltr'><strong>Quid</strong></span> <span class='ocrx_word' id='word_1_538' title='bbox 1845 4969 1972 5034; x_wconf 79' lang='lat' dir='ltr'><strong>ergo</strong></span> 
     </span>
    </p>
   </div>
   <div class='ocr_carea' id='block_1_70' title="bbox 395 5042 900 5112">
    <p class='ocr_par' dir='ltr' id='par_1_70' title="bbox 395 5042 900 5112">
     <span class='ocr_line' id='line_1_70' title="bbox 395 5042 900 5112; baseline 0.012 -15"><span class='ocrx_word' id='word_1_539' title='bbox 395 5042 534 5097; x_wconf 87' lang='lat' dir='ltr'><strong>dicis</strong></span> <span class='ocrx_word' id='word_1_540' title='bbox 566 5044 632 5099; x_wconf 88' lang='lat' dir='ltr'><strong>de</strong></span> <span class='ocrx_word' id='word_1_541' title='bbox 663 5051 715 5110; x_wconf 82' lang='lat' dir='ltr'><strong>te</strong></span> <span class='ocrx_word' id='word_1_542' title='bbox 749 5042 900 5112; x_wconf 85' lang='lat' dir='ltr'><strong>ipso?</strong></span> 
     </span>
    </p>
   </div>
   <div class='ocr_carea' id='block_1_71' title="bbox 472 5130 1969 5205">
    <p class='ocr_par' dir='ltr' id='par_1_71' title="bbox 472 5130 1969 5205">
     <span class='ocr_line' id='line_1_71' title="bbox 472 5130 1969 5205; baseline 0.002 -18"><span class='ocrx_word' id='word_1_543' title='bbox 472 5131 588 5203; x_wconf 81' lang='lat' dir='ltr'><strong>Ego</strong></span> <span class='ocrx_word' id='word_1_544' title='bbox 612 5149 728 5205; x_wconf 60' lang='grc' dir='ltr'><strong>διέξει</strong></span> <span class='ocrx_word' id='word_1_545' title='bbox 769 5148 867 5201; x_wconf 66' lang='lat' dir='ltr'><strong>vox</strong></span> <span class='ocrx_word' id='word_1_546' title='bbox 911 5130 1185 5203; x_wconf 64' lang='lat' dir='ltr'><strong>clamantis</strong></span> <span class='ocrx_word' id='word_1_547' title='bbox 1220 5133 1275 5201; x_wconf 78' lang='lat' dir='ltr'><strong>in</strong></span> <span class='ocrx_word' id='word_1_548' title='bbox 1307 5133 1527 5186; x_wconf 82' lang='lat' dir='ltr'><strong>deserto.</strong></span> <span class='ocrx_word' id='word_1_549' title='bbox 1582 5131 1639 5188; x_wconf 87' lang='lat' dir='ltr'><strong>Si</strong></span> <span class='ocrx_word' id='word_1_550' title='bbox 1684 5135 1969 5204; x_wconf 81' lang='lat' dir='ltr'><strong>quaeritis,</strong></span> 
     </span>
    </p>
   </div>
   <div class='ocr_carea' id='block_1_72' title="bbox 396 5219 1968 5294">
    <p class='ocr_par' dir='ltr' id='par_1_72' title="bbox 396 5219 1968 5294">
     <span class='ocr_line' id='line_1_72' title="bbox 396 5219 1968 5294; baseline -0.001 -17"><span class='ocrx_word' id='word_1_551' title='bbox 396 5221 593 5294; x_wconf 87' lang='lat' dir='ltr'><strong>inquit,</strong></span> <span class='ocrx_word' id='word_1_552' title='bbox 621 5222 750 5293; x_wconf 89' lang='lat' dir='ltr'><strong>quid</strong></span> <span class='ocrx_word' id='word_1_553' title='bbox 796 5222 862 5277; x_wconf 87' lang='lat' dir='ltr'><strong>de</strong></span> <span class='ocrx_word' id='word_1_554' title='bbox 908 5237 994 5276; x_wconf 89' lang='lat' dir='ltr'><strong>me</strong></span> <span class='ocrx_word' id='word_1_555' title='bbox 1029 5220 1147 5293; x_wconf 82' lang='lat' dir='ltr'><strong>ipso</strong></span> <span class='ocrx_word' id='word_1_556' title='bbox 1181 5219 1418 5291; x_wconf 91' lang='lat' dir='ltr'><strong>profero,</strong></span> <span class='ocrx_word' id='word_1_557' title='bbox 1466 5222 1796 5291; x_wconf 82' lang='lat' dir='ltr'><strong>cognoscite,</strong></span> <span class='ocrx_word' id='word_1_558' title='bbox 1842 5222 1968 5292; x_wconf 90' lang='lat' dir='ltr'><strong>quia</strong></span> 
     </span>
    </p>
   </div>
   <div class='ocr_carea' id='block_1_73' title="bbox 393 5295 1974 5388">
    <p class='ocr_par' dir='ltr' id='par_1_73' title="bbox 393 5295 1974 5388">
     <span class='ocr_line' id='line_1_73' title="bbox 393 5295 1974 5388; baseline 0.001 -25"><span class='ocrx_word' id='word_1_559' title='bbox 393 5326 494 5384; x_wconf 68' lang='lat' dir='ltr'><strong>ego</strong></span> <span class='ocrx_word' id='word_1_560' title='bbox 532 5328 650 5369; x_wconf 87' lang='lat' dir='ltr'><strong>sum</strong></span> <span class='ocrx_word' id='word_1_561' title='bbox 690 5295 814 5387; x_wconf 73' lang='lat' dir='ltr'><strong>vox.</strong></span> <span class='ocrx_word' id='word_1_562' title='bbox 851 5311 966 5377; x_wconf 80' lang='lat' dir='ltr'><strong>Non</strong></span> <span class='ocrx_word' id='word_1_563' title='bbox 997 5311 1159 5388; x_wconf 80' lang='lat' dir='ltr'><strong>dixit,</strong></span> <span class='ocrx_word' id='word_1_564' title='bbox 1213 5329 1231 5361; x_wconf 75' lang='grc' dir='ltr'>ι</span> <span class='ocrx_word' id='word_1_565' title='bbox 1274 5311 1398 5387; x_wconf 75' lang='lat' dir='ltr'><strong>quia</strong></span> <span class='ocrx_word' id='word_1_566' title='bbox 1448 5325 1548 5384; x_wconf 85' lang='lat' dir='ltr'><strong>ego</strong></span> <span class='ocrx_word' id='word_1_567' title='bbox 1587 5326 1706 5365; x_wconf 92' lang='lat' dir='ltr'><strong>sum</strong></span> <span class='ocrx_word' id='word_1_568' title='bbox 1736 5312 1898 5368; x_wconf 90' lang='lat' dir='ltr'><strong>homo</strong></span> <span class='ocrx_word' id='word_1_569' title='bbox 1924 5332 1974 5377; x_wconf 74' lang='grc' dir='ltr'><strong>ο,</strong></span> 
     </span>
    </p>
   </div>
   <div class='ocr_carea' id='block_1_74' title="bbox 2085 1869 3672 1942">
    <p class='ocr_par' dir='ltr' id='par_1_74' title="bbox 2085 1869 3672 1942">
     <span class='ocr_line' id='line_1_74' title="bbox 2085 1869 3672 1942; baseline 0.001 -18"><span class='ocrx_word' id='word_1_570' title='bbox 2085 1869 2311 1941; x_wconf 88' lang='lat' dir='ltr'><strong>intelligi</strong></span> <span class='ocrx_word' id='word_1_571' title='bbox 2340 1869 2406 1925; x_wconf 90' lang='lat' dir='ltr'><strong>de</strong></span> <span class='ocrx_word' id='word_1_572' title='bbox 2434 1869 2656 1935; x_wconf 87' lang='lat' dir='ltr'><strong>Judaea,</strong></span> <span class='ocrx_word' id='word_1_573' title='bbox 2685 1870 2856 1941; x_wconf 89' lang='lat' dir='ltr'><strong>deque</strong></span> <span class='ocrx_word' id='word_1_574' title='bbox 2886 1879 2997 1927; x_wconf 88' lang='lat' dir='ltr'><strong>toto</strong></span> <span class='ocrx_word' id='word_1_575' title='bbox 3023 1871 3208 1927; x_wconf 85' lang='lat' dir='ltr'><strong>Israel.</strong></span> <span class='ocrx_word' id='word_1_576' title='bbox 3232 1871 3433 1927; x_wconf 91' lang='lat' dir='ltr'><strong>Judaea</strong></span> <span class='ocrx_word' id='word_1_577' title='bbox 3465 1872 3672 1942; x_wconf 83' lang='lat' dir='ltr'><strong>quippe</strong></span> 
     </span>
    </p>
   </div>
   <div class='ocr_carea' id='block_1_75' title="bbox 2085 1960 3663 2035">
    <p class='ocr_par' dir='ltr' id='par_1_75' title="bbox 2085 1960 3663 2035">
     <span class='ocr_line' id='line_1_75' title="bbox 2085 1960 3663 2035; baseline 0.002 -20"><span class='ocrx_word' id='word_1_578' title='bbox 2085 1960 2140 2015; x_wconf 93' lang='lat' dir='ltr'><strong>in</strong></span> <span class='ocrx_word' id='word_1_579' title='bbox 2187 1960 2458 2016; x_wconf 89' lang='lat' dir='ltr'><strong>desertum</strong></span> <span class='ocrx_word' id='word_1_580' title='bbox 2506 1963 2727 2016; x_wconf 89' lang='lat' dir='ltr'><strong>redacta</strong></span> <span class='ocrx_word' id='word_1_581' title='bbox 2769 1970 2881 2035; x_wconf 84' lang='lat' dir='ltr'><strong>est,</strong></span> <span class='ocrx_word' id='word_1_582' title='bbox 2930 1962 3079 2017; x_wconf 89' lang='lat' dir='ltr'><strong>omni</strong></span> <span class='ocrx_word' id='word_1_583' title='bbox 3126 1963 3308 2018; x_wconf 88' lang='lat' dir='ltr'><strong>divino</strong></span> <span class='ocrx_word' id='word_1_584' title='bbox 3351 1964 3497 2019; x_wconf 89' lang='lat' dir='ltr'><strong>cultu</strong></span> <span class='ocrx_word' id='word_1_585' title='bbox 3529 1979 3663 2018; x_wconf 63' lang='lat' dir='ltr'><strong>eva-</strong></span> 
     </span>
    </p>
   </div>
   <div class='ocr_carea' id='block_1_76' title="bbox 2083 2051 3664 2125">
    <p class='ocr_par' dir='ltr' id='par_1_76' title="bbox 2083 2051 3664 2125">
     <span class='ocr_line' id='line_1_76' title="bbox 2083 2051 3664 2125; baseline 0 -17"><span class='ocrx_word' id='word_1_586' title='bbox 2083 2061 2265 2118; x_wconf 91' lang='lat' dir='ltr'><strong>cuata,</strong></span> <span class='ocrx_word' id='word_1_587' title='bbox 2286 2051 2729 2124; x_wconf 88' lang='lat' dir='ltr'><strong>idololatriaeque</strong></span> <span class='ocrx_word' id='word_1_588' title='bbox 2750 2054 2998 2109; x_wconf 89' lang='lat' dir='ltr'><strong>sordibus</strong></span> <span class='ocrx_word' id='word_1_589' title='bbox 3018 2054 3404 2119; x_wconf 86' lang='lat' dir='ltr'><strong>contaminata,</strong></span> <span class='ocrx_word' id='word_1_590' title='bbox 3429 2053 3664 2125; x_wconf 88' lang='lat' dir='ltr'><strong>legalem</strong></span> 
     </span>
    </p>
   </div>
   <div class='ocr_carea' id='block_1_77' title="bbox 2084 2140 3666 2212">
    <p class='ocr_par' dir='ltr' id='par_1_77' title="bbox 2084 2140 3666 2212">
     <span class='ocr_line' id='line_1_77' title="bbox 2084 2140 3666 2212; baseline 0 -17"><span class='ocrx_word' id='word_1_591' title='bbox 2084 2142 2317 2197; x_wconf 89' lang='lat' dir='ltr'><strong>litteram</strong></span> <span class='ocrx_word' id='word_1_592' title='bbox 2354 2140 2710 2209; x_wconf 87' lang='lat' dir='ltr'><strong>solummodo,</strong></span> <span class='ocrx_word' id='word_1_593' title='bbox 2745 2143 2890 2198; x_wconf 90' lang='lat' dir='ltr'><strong>omni</strong></span> <span class='ocrx_word' id='word_1_594' title='bbox 2930 2142 3198 2212; x_wconf 87' lang='lat' dir='ltr'><strong>spirituali</strong></span> <span class='ocrx_word' id='word_1_595' title='bbox 3234 2158 3394 2198; x_wconf 86' lang='lat' dir='ltr'><strong>sensu</strong></span> <span class='ocrx_word' id='word_1_596' title='bbox 3425 2157 3666 2198; x_wconf 87' lang='lat' dir='ltr'><strong>evacua-</strong></span> 
     </span>
    </p>
   </div>
   <div class='ocr_carea' id='block_1_78' title="bbox 2085 2235 3673 2307">
    <p class='ocr_par' dir='ltr' id='par_1_78' title="bbox 2085 2235 3673 2307">
     <span class='ocr_line' id='line_1_78' title="bbox 2085 2235 3673 2307; baseline 0.004 -19"><span class='ocrx_word' id='word_1_597' title='bbox 2085 2243 2194 2288; x_wconf 92' lang='lat' dir='ltr'><strong>tam</strong></span> <span class='ocrx_word' id='word_1_598' title='bbox 2214 2275 2230 2301; x_wconf 93' lang='lat'><strong>,</strong></span> <span class='ocrx_word' id='word_1_599' title='bbox 2259 2235 2487 2291; x_wconf 84' lang='lat' dir='ltr'><strong>diversis</strong></span> <span class='ocrx_word' id='word_1_600' title='bbox 2515 2236 2989 2305; x_wconf 88' lang='lat' dir='ltr'><strong>superstitionibus</strong></span> <span class='ocrx_word' id='word_1_601' title='bbox 3021 2236 3276 2307; x_wconf 82' lang='lat' dir='ltr'><strong>pollutam</strong></span> <span class='ocrx_word' id='word_1_602' title='bbox 3309 2250 3573 2305; x_wconf 87' lang='lat' dir='ltr'><strong>sequens;</strong></span> <span class='ocrx_word' id='word_1_603' title='bbox 3612 2245 3673 2294; x_wconf 84' lang='lat' dir='ltr'><strong>et</strong></span> 
     </span>
    </p>
   </div>
   <div class='ocr_carea' id='block_1_79' title="bbox 2082 2324 3669 2397">
    <p class='ocr_par' dir='ltr' id='par_1_79' title="bbox 2082 2324 3669 2397">
     <span class='ocr_line' id='line_1_79' title="bbox 2082 2324 3669 2397; baseline 0 -18"><span class='ocrx_word' id='word_1_604' title='bbox 2082 2339 2221 2395; x_wconf 88' lang='lat' dir='ltr'><strong>quae</strong></span> <span class='ocrx_word' id='word_1_605' title='bbox 2249 2326 2399 2397; x_wconf 91' lang='lat' dir='ltr'><strong>prius</strong></span> <span class='ocrx_word' id='word_1_606' title='bbox 2428 2324 2697 2387; x_wconf 62' lang='lat' dir='ltr'><strong>confossio</strong></span> <span class='ocrx_word' id='word_1_607' title='bbox 2732 2325 2873 2381; x_wconf 89' lang='lat' dir='ltr'><strong>dicta</strong></span> <span class='ocrx_word' id='word_1_608' title='bbox 2905 2336 3020 2393; x_wconf 89' lang='lat' dir='ltr'><strong>est,</strong></span> <span class='ocrx_word' id='word_1_609' title='bbox 3054 2325 3255 2382; x_wconf 89' lang='lat' dir='ltr'><strong>Judaea</strong></span> <span class='ocrx_word' id='word_1_610' title='bbox 3283 2326 3424 2380; x_wconf 86' lang='lat' dir='ltr'><strong>enim</strong></span> <span class='ocrx_word' id='word_1_611' title='bbox 3454 2326 3669 2395; x_wconf 79' lang='lat' dir='ltr'><strong>confes-</strong></span> 
     </span>
    </p>
   </div>
   <div class='ocr_carea' id='block_1_80' title="bbox 2080 2415 3672 2499">
    <p class='ocr_par' dir='ltr' id='par_1_80' title="bbox 2080 2415 3672 2499">
     <span class='ocr_line' id='line_1_80' title="bbox 2080 2415 3672 2499; baseline 0.003 -30"><span class='ocrx_word' id='word_1_612' title='bbox 2080 2416 2159 2470; x_wconf 80' lang='lat' dir='ltr'><strong>sio</strong></span> <span class='ocrx_word' id='word_1_613' title='bbox 2181 2416 2566 2487; x_wconf 82' lang='lat' dir='ltr'><strong>interpretatur</strong></span> <span class='ocrx_word' id='word_1_614' title='bbox 2588 2428 2613 2457; x_wconf 76' lang='grc' dir='ltr'>α</span> <span class='ocrx_word' id='word_1_615' title='bbox 2644 2457 2659 2482; x_wconf 87' lang='grc'><em>,</em></span> <span class='ocrx_word' id='word_1_616' title='bbox 2684 2415 2739 2470; x_wconf 91' lang='lat' dir='ltr'><strong>in</strong></span> <span class='ocrx_word' id='word_1_617' title='bbox 2788 2417 3127 2499; x_wconf 68' lang='lat' dir='ltr'><strong>negationem</strong></span> <span class='ocrx_word' id='word_1_618' title='bbox 3179 2417 3397 2472; x_wconf 89' lang='lat' dir='ltr'><strong>omnino</strong></span> <span class='ocrx_word' id='word_1_619' title='bbox 3420 2415 3672 2474; x_wconf 81' lang='lat' dir='ltr'><strong>veritatis</strong></span> 
     </span>
    </p>
   </div>
   <div class='ocr_carea' id='block_1_81' title="bbox 2082 2504 3671 2576">
    <p class='ocr_par' dir='ltr' id='par_1_81' title="bbox 2082 2504 3671 2576">
     <span class='ocr_line' id='line_1_81' title="bbox 2082 2504 3671 2576; baseline 0 -15"><span class='ocrx_word' id='word_1_620' title='bbox 2082 2521 2237 2561; x_wconf 91' lang='lat' dir='ltr'><strong>versa</strong></span> <span class='ocrx_word' id='word_1_621' title='bbox 2269 2515 2371 2561; x_wconf 91' lang='lat' dir='ltr'><strong>est.</strong></span> <span class='ocrx_word' id='word_1_622' title='bbox 2411 2506 2467 2559; x_wconf 91' lang='lat' dir='ltr'><strong>In</strong></span> <span class='ocrx_word' id='word_1_623' title='bbox 2511 2506 2613 2561; x_wconf 90' lang='lat' dir='ltr'><strong>hac</strong></span> <span class='ocrx_word' id='word_1_624' title='bbox 2652 2506 2831 2576; x_wconf 89' lang='lat' dir='ltr'><strong>itaque</strong></span> <span class='ocrx_word' id='word_1_625' title='bbox 2863 2505 3148 2561; x_wconf 89' lang='lat' dir='ltr'><strong>solitudine</strong></span> <span class='ocrx_word' id='word_1_626' title='bbox 3187 2514 3239 2561; x_wconf 86' lang='lat' dir='ltr'><strong>et</strong></span> <span class='ocrx_word' id='word_1_627' title='bbox 3275 2520 3376 2560; x_wconf 88' lang='lat' dir='ltr'><strong>vox</strong></span> <span class='ocrx_word' id='word_1_628' title='bbox 3410 2504 3569 2560; x_wconf 85' lang='lat' dir='ltr'><strong>Verbi</strong></span> <span class='ocrx_word' id='word_1_629' title='bbox 3613 2514 3671 2561; x_wconf 89' lang='lat' dir='ltr'><strong>et</strong></span> 
     </span>
    </p>
   </div>
   <div class='ocr_carea' id='block_1_82' title="bbox 2082 2594 3668 2671">
    <p class='ocr_par' dir='ltr' id='par_1_82' title="bbox 2082 2594 3668 2671">
     <span class='ocr_line' id='line_1_82' title="bbox 2082 2594 3668 2671; baseline -0.001 -20"><span class='ocrx_word' id='word_1_630' title='bbox 2082 2597 2256 2666; x_wconf 87' lang='lat' dir='ltr'><strong>ipsum</strong></span> <span class='ocrx_word' id='word_1_631' title='bbox 2286 2596 2722 2671; x_wconf 84' lang='lat' dir='ltr'><strong>Verbum&#39;primo</strong></span> <span class='ocrx_word' id='word_1_632' title='bbox 2748 2595 3096 2667; x_wconf 85' lang='lat' dir='ltr'><strong>praedicavit.</strong></span> <span class='ocrx_word' id='word_1_633' title='bbox 3130 2594 3236 2650; x_wconf 88' lang='lat' dir='ltr'><strong>Sed</strong></span> <span class='ocrx_word' id='word_1_634' title='bbox 3267 2611 3364 2651; x_wconf 91' lang='lat' dir='ltr'><strong>cur</strong></span> <span class='ocrx_word' id='word_1_635' title='bbox 3390 2596 3537 2650; x_wconf 85' lang='lat' dir='ltr'><strong>vocis</strong></span> <span class='ocrx_word' id='word_1_636' title='bbox 3563 2611 3668 2667; x_wconf 84' lang='lat' dir='ltr'><strong>ap-</strong></span> 
     </span>
    </p>
   </div>
   <div class='ocr_carea' id='block_1_83' title="bbox 2079 2685 3668 2758">
    <p class='ocr_par' dir='ltr' id='par_1_83' title="bbox 2079 2685 3668 2758">
     <span class='ocr_line' id='line_1_83' title="bbox 2079 2685 3668 2758; baseline -0.002 -14"><span class='ocrx_word' id='word_1_637' title='bbox 2079 2688 2369 2758; x_wconf 88' lang='lat' dir='ltr'><strong>pellatione</strong></span> <span class='ocrx_word' id='word_1_638' title='bbox 2422 2702 2742 2757; x_wconf 89' lang='lat' dir='ltr'><strong>praecursor</strong></span> <span class='ocrx_word' id='word_1_639' title='bbox 2783 2685 2949 2742; x_wconf 84' lang='lat' dir='ltr'><strong>Verbi</strong></span> <span class='ocrx_word' id='word_1_640' title='bbox 3003 2686 3352 2758; x_wconf 82' lang='lat' dir='ltr'><strong>significatur,</strong></span> <span class='ocrx_word' id='word_1_641' title='bbox 3400 2702 3506 2741; x_wconf 89' lang='lat' dir='ltr'><strong>non</strong></span> <span class='ocrx_word' id='word_1_642' title='bbox 3558 2688 3668 2741; x_wconf 90' lang='lat' dir='ltr'><strong>im-</strong></span> 
     </span>
    </p>
   </div>
   <div class='ocr_carea' id='block_1_84' title="bbox 2082 2775 3669 2849">
    <p class='ocr_par' dir='ltr' id='par_1_84' title="bbox 2082 2775 3669 2849">
     <span class='ocr_line' id='line_1_84' title="bbox 2082 2775 3669 2849; baseline -0.003 -15"><span class='ocrx_word' id='word_1_643' title='bbox 2082 2779 2275 2834; x_wconf 89' lang='lat' dir='ltr'><strong>merito</strong></span> <span class='ocrx_word' id='word_1_644' title='bbox 2313 2777 2609 2847; x_wconf 88' lang='lat' dir='ltr'><strong>quaeritur.</strong></span> <span class='ocrx_word' id='word_1_645' title='bbox 2662 2777 2757 2831; x_wconf 87' lang='lat' dir='ltr'><strong>Est</strong></span> <span class='ocrx_word' id='word_1_646' title='bbox 2798 2776 2960 2849; x_wconf 87' lang='lat' dir='ltr'><strong>igitur</strong></span> <span class='ocrx_word' id='word_1_647' title='bbox 3004 2790 3109 2833; x_wconf 72' lang='lat' dir='ltr'><strong>vox</strong></span> <span class='ocrx_word' id='word_1_648' title='bbox 3157 2775 3421 2843; x_wconf 83' lang='lat' dir='ltr'><strong>interpres</strong></span> <span class='ocrx_word' id='word_1_649' title='bbox 3470 2776 3669 2830; x_wconf 89' lang='lat' dir='ltr'><strong>animi.</strong></span> 
     </span>
    </p>
   </div>
   <div class='ocr_carea' id='block_1_85' title="bbox 2080 2865 3673 2937">
    <p class='ocr_par' dir='ltr' id='par_1_85' title="bbox 2080 2865 3673 2937">
     <span class='ocr_line' id='line_1_85' title="bbox 2080 2865 3673 2937; baseline -0.003 -13"><span class='ocrx_word' id='word_1_650' title='bbox 2080 2866 2252 2924; x_wconf 89' lang='lat' dir='ltr'><strong>Omne</strong></span> <span class='ocrx_word' id='word_1_651' title='bbox 2280 2868 2446 2934; x_wconf 91' lang='lat' dir='ltr'><strong>enim,</strong></span> <span class='ocrx_word' id='word_1_652' title='bbox 2475 2867 2618 2937; x_wconf 88' lang='lat' dir='ltr'><strong>quod</strong></span> <span class='ocrx_word' id='word_1_653' title='bbox 2648 2867 2786 2921; x_wconf 89' lang='lat' dir='ltr'><strong>intra</strong></span> <span class='ocrx_word' id='word_1_654' title='bbox 2816 2866 3160 2936; x_wconf 90' lang='lat' dir='ltr'><strong>semetipsum</strong></span> <span class='ocrx_word' id='word_1_655' title='bbox 3191 2866 3339 2936; x_wconf 91' lang='lat' dir='ltr'><strong>prius</strong></span> <span class='ocrx_word' id='word_1_656' title='bbox 3368 2865 3585 2921; x_wconf 89' lang='lat' dir='ltr'><strong>animus</strong></span> <span class='ocrx_word' id='word_1_657' title='bbox 3613 2876 3673 2921; x_wconf 88' lang='lat' dir='ltr'><strong>et</strong></span> 
     </span>
    </p>
   </div>
   <div class='ocr_carea' id='block_1_86' title="bbox 2080 2957 3674 3031">
    <p class='ocr_par' dir='ltr' id='par_1_86' title="bbox 2080 2957 3674 3031">
     <span class='ocr_line' id='line_1_86' title="bbox 2080 2957 3674 3031; baseline -0.003 -15"><span class='ocrx_word' id='word_1_658' title='bbox 2080 2960 2281 3031; x_wconf 86' lang='lat' dir='ltr'><strong>cogitat</strong></span> <span class='ocrx_word' id='word_1_659' title='bbox 2310 2968 2367 3014; x_wconf 93' lang='lat' dir='ltr'><strong>ct</strong></span> <span class='ocrx_word' id='word_1_660' title='bbox 2394 2960 2610 3015; x_wconf 88' lang='lat' dir='ltr'><strong>ordinat</strong></span> <span class='ocrx_word' id='word_1_661' title='bbox 2644 2958 3005 3024; x_wconf 90' lang='lat' dir='ltr'><strong>invisibiliter,</strong></span> <span class='ocrx_word' id='word_1_662' title='bbox 3042 2972 3140 3028; x_wconf 89' lang='lat' dir='ltr'><strong>per</strong></span> <span class='ocrx_word' id='word_1_663' title='bbox 3168 2972 3352 3011; x_wconf 89' lang='lat' dir='ltr'><strong>vocem</strong></span> <span class='ocrx_word' id='word_1_664' title='bbox 3388 2957 3439 3010; x_wconf 92' lang='lat' dir='ltr'><strong>in</strong></span> <span class='ocrx_word' id='word_1_665' title='bbox 3470 2971 3674 3011; x_wconf 83' lang='lat' dir='ltr'><strong>sensus</strong></span> 
     </span>
    </p>
   </div>
   <div class='ocr_carea' id='block_1_87' title="bbox 2080 3050 3671 3121">
    <p class='ocr_par' dir='ltr' id='par_1_87' title="bbox 2080 3050 3671 3121">
     <span class='ocr_line' id='line_1_87' title="bbox 2080 3050 3671 3121; baseline 0 -16"><span class='ocrx_word' id='word_1_666' title='bbox 2080 3052 2410 3108; x_wconf 89' lang='lat' dir='ltr'><strong>audientium</strong></span> <span class='ocrx_word' id='word_1_667' title='bbox 2455 3051 2783 3107; x_wconf 90' lang='lat' dir='ltr'><strong>sensibiliter</strong></span> <span class='ocrx_word' id='word_1_668' title='bbox 2825 3051 3049 3121; x_wconf 88' lang='lat' dir='ltr'><strong>profert.</strong></span> <span class='ocrx_word' id='word_1_669' title='bbox 3093 3050 3318 3103; x_wconf 85' lang='lat' dir='ltr'><strong>Animus</strong></span> <span class='ocrx_word' id='word_1_670' title='bbox 3359 3050 3561 3118; x_wconf 90' lang='lat' dir='ltr'><strong>itaque,</strong></span> <span class='ocrx_word' id='word_1_671' title='bbox 3615 3051 3671 3105; x_wconf 91' lang='lat' dir='ltr'><strong>id</strong></span> 
     </span>
    </p>
   </div>
   <div class='ocr_carea' id='block_1_88' title="bbox 2077 3139 3672 3221">
    <p class='ocr_par' dir='ltr' id='par_1_88' title="bbox 2077 3139 3672 3221">
     <span class='ocr_line' id='line_1_88' title="bbox 2077 3139 3672 3221; baseline -0.003 -23"><span class='ocrx_word' id='word_1_672' title='bbox 2077 3151 2187 3211; x_wconf 86' lang='lat' dir='ltr'><strong>est,</strong></span> <span class='ocrx_word' id='word_1_673' title='bbox 2238 3141 2545 3197; x_wconf 89' lang='lat' dir='ltr'><strong>intellectus</strong></span> <span class='ocrx_word' id='word_1_674' title='bbox 2587 3141 2859 3205; x_wconf 91' lang='lat' dir='ltr'><strong>omnium,</strong></span> <span class='ocrx_word' id='word_1_675' title='bbox 2911 3140 3006 3196; x_wconf 92' lang='lat' dir='ltr'><strong>Dci</strong></span> <span class='ocrx_word' id='word_1_676' title='bbox 3047 3139 3217 3221; x_wconf 61' lang='lat' dir='ltr'><strong>If‘ilius</strong></span> <span class='ocrx_word' id='word_1_677' title='bbox 3260 3148 3360 3193; x_wconf 89' lang='lat' dir='ltr'><strong>est.</strong></span> <span class='ocrx_word' id='word_1_678' title='bbox 3408 3140 3528 3209; x_wconf 83' lang='lat' dir='ltr'><strong>Ipse</strong></span> <span class='ocrx_word' id='word_1_679' title='bbox 3578 3150 3672 3194; x_wconf 86' lang='lat' dir='ltr'><strong>est</strong></span> 
     </span>
    </p>
   </div>
   <div class='ocr_carea' id='block_1_89' title="bbox 2077 3230 3672 3303">
    <p class='ocr_par' dir='ltr' id='par_1_89' title="bbox 2077 3230 3672 3303">
     <span class='ocr_line' id='line_1_89' title="bbox 2077 3230 3672 3303; baseline -0.003 -15"><span class='ocrx_word' id='word_1_680' title='bbox 2077 3234 2256 3299; x_wconf 88' lang='lat' dir='ltr'><strong>enim,</strong></span> <span class='ocrx_word' id='word_1_681' title='bbox 2302 3241 2364 3288; x_wconf 91' lang='lat' dir='ltr'><strong>ut</strong></span> <span class='ocrx_word' id='word_1_682' title='bbox 2405 3233 2483 3287; x_wconf 90' lang='lat' dir='ltr'><strong>ait</strong></span> <span class='ocrx_word' id='word_1_683' title='bbox 2527 3241 2747 3287; x_wconf 88' lang='lat' dir='ltr'><strong>sanctus</strong></span> <span class='ocrx_word' id='word_1_684' title='bbox 2789 3231 3150 3303; x_wconf 85' lang='lat' dir='ltr'><strong>Augustinus,</strong></span> <span class='ocrx_word' id='word_1_685' title='bbox 3194 3230 3495 3286; x_wconf 89' lang='lat' dir='ltr'><strong>intellectus</strong></span> <span class='ocrx_word' id='word_1_686' title='bbox 3542 3247 3672 3285; x_wconf 90' lang='lat' dir='ltr'><strong>om-</strong></span> 
     </span>
    </p>
   </div>
   <div class='ocr_carea' id='block_1_90' title="bbox 2077 3320 3671 3392">
    <p class='ocr_par' dir='ltr' id='par_1_90' title="bbox 2077 3320 3671 3392">
     <span class='ocr_line' id='line_1_90' title="bbox 2077 3320 3671 3392; baseline 0.002 -15"><span class='ocrx_word' id='word_1_687' title='bbox 2077 3322 2261 3388; x_wconf 91' lang='lat' dir='ltr'><strong>nium,</strong></span> <span class='ocrx_word' id='word_1_688' title='bbox 2304 3322 2413 3377; x_wconf 92' lang='lat' dir='ltr'><strong>imo</strong></span> <span class='ocrx_word' id='word_1_689' title='bbox 2454 3321 2655 3378; x_wconf 91' lang='lat' dir='ltr'><strong>omnia.</strong></span> <span class='ocrx_word' id='word_1_690' title='bbox 2698 3320 2863 3391; x_wconf 89' lang='lat' dir='ltr'><strong>Cujus</strong></span> <span class='ocrx_word' id='word_1_691' title='bbox 2902 3336 3223 3392; x_wconf 87' lang='lat' dir='ltr'><strong>praecursor</strong></span> <span class='ocrx_word' id='word_1_692' title='bbox 3259 3320 3479 3391; x_wconf 88' lang='lat' dir='ltr'><strong>pulchre</strong></span> <span class='ocrx_word' id='word_1_693' title='bbox 3512 3323 3671 3380; x_wconf 83' lang='lat' dir='ltr'><strong>vocis</strong></span> 
     </span>
    </p>
   </div>
   <div class='ocr_carea' id='block_1_91' title="bbox 2078 3410 3674 3481">
    <p class='ocr_par' dir='ltr' id='par_1_91' title="bbox 2078 3410 3674 3481">
     <span class='ocr_line' id='line_1_91' title="bbox 2078 3410 3674 3481; baseline -0.002 -14"><span class='ocrx_word' id='word_1_694' title='bbox 2078 3412 2340 3471; x_wconf 89' lang='lat' dir='ltr'><strong>vocabulo</strong></span> <span class='ocrx_word' id='word_1_695' title='bbox 2370 3412 2701 3475; x_wconf 86' lang='lat' dir='ltr'><strong>nominatur,</strong></span> <span class='ocrx_word' id='word_1_696' title='bbox 2738 3411 2862 3481; x_wconf 91' lang='lat' dir='ltr'><strong>quia</strong></span> <span class='ocrx_word' id='word_1_697' title='bbox 2900 3410 3074 3481; x_wconf 89' lang='lat' dir='ltr'><strong>primo</strong></span> <span class='ocrx_word' id='word_1_698' title='bbox 3100 3425 3199 3480; x_wconf 91' lang='lat' dir='ltr'><strong>per</strong></span> <span class='ocrx_word' id='word_1_699' title='bbox 3237 3410 3408 3479; x_wconf 89' lang='lat' dir='ltr'><strong>ipsum</strong></span> <span class='ocrx_word' id='word_1_700' title='bbox 3438 3410 3674 3464; x_wconf 86' lang='lat' dir='ltr'><strong>demon-</strong></span> 
     </span>
    </p>
   </div>
   <div class='ocr_carea' id='block_1_92' title="bbox 2075 3500 3674 3571">
    <p class='ocr_par' dir='ltr' id='par_1_92' title="bbox 2075 3500 3674 3571">
     <span class='ocr_line' id='line_1_92' title="bbox 2075 3500 3674 3571; baseline -0.001 -14"><span class='ocrx_word' id='word_1_701' title='bbox 2075 3511 2279 3558; x_wconf 84' lang='lat' dir='ltr'><strong>stratus</strong></span> <span class='ocrx_word' id='word_1_702' title='bbox 2303 3511 2386 3557; x_wconf 89' lang='lat' dir='ltr'><strong>est</strong></span> <span class='ocrx_word' id='word_1_703' title='bbox 2413 3503 2632 3569; x_wconf 90' lang='lat' dir='ltr'><strong>mundo,</strong></span> <span class='ocrx_word' id='word_1_704' title='bbox 2664 3501 2846 3563; x_wconf 87' lang='lat' dir='ltr'><strong>dicens</strong></span> <span class='ocrx_word' id='word_1_705' title='bbox 2879 3519 2897 3552; x_wconf 74' lang='grc' dir='ltr'>ι</span> <span class='ocrx_word' id='word_1_706' title='bbox 2935 3501 3076 3557; x_wconf 85' lang='lat' dir='ltr'><strong>Ecce</strong></span> <span class='ocrx_word' id='word_1_707' title='bbox 3102 3516 3270 3571; x_wconf 88' lang='lat' dir='ltr'><strong>agnus</strong></span> <span class='ocrx_word' id='word_1_708' title='bbox 3300 3500 3391 3555; x_wconf 90' lang='lat' dir='ltr'><strong>Dei</strong></span> <span class='ocrx_word' id='word_1_709' title='bbox 3429 3518 3447 3551; x_wconf 69' lang='grc' dir='ltr'><strong><em>ι</em></strong></span> <span class='ocrx_word' id='word_1_710' title='bbox 3481 3510 3537 3554; x_wconf 93' lang='lat' dir='ltr'><strong>et</strong></span> <span class='ocrx_word' id='word_1_711' title='bbox 3579 3517 3674 3556; x_wconf 88' lang='lat' dir='ltr'><strong>re-</strong></span> 
     </span>
    </p>
   </div>
   <div class='ocr_carea' id='block_1_93' title="bbox 2075 3589 3673 3662">
    <p class='ocr_par' dir='ltr' id='par_1_93' title="bbox 2075 3589 3673 3662">
     <span class='ocr_line' id='line_1_93' title="bbox 2075 3589 3673 3662; baseline -0.001 -16"><span class='ocrx_word' id='word_1_712' title='bbox 2075 3592 2241 3662; x_wconf 90' lang='lat' dir='ltr'><strong>liqua.</strong></span> <span class='ocrx_word' id='word_1_713' title='bbox 2281 3591 2472 3647; x_wconf 85' lang='lat' dir='ltr'><strong>Altiori</strong></span> <span class='ocrx_word' id='word_1_714' title='bbox 2504 3606 2632 3649; x_wconf 90' lang='lat' dir='ltr'><strong>vero</strong></span> <span class='ocrx_word' id='word_1_715' title='bbox 2673 3591 2880 3649; x_wconf 89' lang='lat' dir='ltr'><strong>tbeoria</strong></span> <span class='ocrx_word' id='word_1_716' title='bbox 2921 3590 3196 3646; x_wconf 87' lang='lat' dir='ltr'><strong>desertum</strong></span> <span class='ocrx_word' id='word_1_717' title='bbox 3238 3589 3552 3660; x_wconf 88' lang='lat' dir='ltr'><strong>intelligitur</strong></span> <span class='ocrx_word' id='word_1_718' title='bbox 3586 3590 3673 3644; x_wconf 87' lang='lat' dir='ltr'><strong>di-</strong></span> 
     </span>
    </p>
   </div>
   <div class='ocr_carea' id='block_1_94' title="bbox 2074 3677 3671 3740">
    <p class='ocr_par' dir='ltr' id='par_1_94' title="bbox 2074 3677 3671 3740">
     <span class='ocr_line' id='line_1_94' title="bbox 2074 3677 3671 3740; baseline -0.001 -4"><span class='ocrx_word' id='word_1_719' title='bbox 2074 3682 2233 3736; x_wconf 89' lang='lat' dir='ltr'><strong>vinae</strong></span> <span class='ocrx_word' id='word_1_720' title='bbox 2273 3689 2500 3737; x_wconf 90' lang='lat' dir='ltr'><strong>naturae</strong></span> <span class='ocrx_word' id='word_1_721' title='bbox 2540 3680 2608 3735; x_wconf 92' lang='lat' dir='ltr'><strong>ab</strong></span> <span class='ocrx_word' id='word_1_722' title='bbox 2648 3681 2901 3736; x_wconf 90' lang='lat' dir='ltr'><strong>omnibus</strong></span> <span class='ocrx_word' id='word_1_723' title='bbox 2943 3690 3181 3740; x_wconf 87' lang='lat' dir='ltr'><strong>remotae</strong></span> <span class='ocrx_word' id='word_1_724' title='bbox 3222 3677 3503 3734; x_wconf 80' lang='lat' dir='ltr'><strong>ineﬂ‘abilis</strong></span> <span class='ocrx_word' id='word_1_725' title='bbox 3542 3679 3671 3734; x_wconf 89' lang='lat' dir='ltr'><strong>alti-</strong></span> 
     </span>
    </p>
   </div>
   <div class='ocr_carea' id='block_1_95' title="bbox 2077 3769 3672 3839">
    <p class='ocr_par' dir='ltr' id='par_1_95' title="bbox 2077 3769 3672 3839">
     <span class='ocr_line' id='line_1_95' title="bbox 2077 3769 3672 3839; baseline -0.001 -14"><span class='ocrx_word' id='word_1_726' title='bbox 2077 3772 2223 3826; x_wconf 92' lang='lat' dir='ltr'><strong>tudo.</strong></span> <span class='ocrx_word' id='word_1_727' title='bbox 2254 3769 2532 3825; x_wconf 89' lang='lat' dir='ltr'><strong>Deseritur</strong></span> <span class='ocrx_word' id='word_1_728' title='bbox 2556 3770 2701 3825; x_wconf 90' lang='lat' dir='ltr'><strong>euim</strong></span> <span class='ocrx_word' id='word_1_729' title='bbox 2724 3771 2791 3825; x_wconf 91' lang='lat' dir='ltr'><strong>ab</strong></span> <span class='ocrx_word' id='word_1_730' title='bbox 2817 3769 2962 3823; x_wconf 91' lang='lat' dir='ltr'><strong>omni</strong></span> <span class='ocrx_word' id='word_1_731' title='bbox 2988 3779 3260 3834; x_wconf 88' lang='lat' dir='ltr'><strong>creatura,</strong></span> <span class='ocrx_word' id='word_1_732' title='bbox 3288 3769 3414 3839; x_wconf 91' lang='lat' dir='ltr'><strong>quia</strong></span> <span class='ocrx_word' id='word_1_733' title='bbox 3438 3780 3672 3839; x_wconf 87' lang='lat' dir='ltr'><strong>superat</strong></span> 
     </span>
    </p>
   </div>
   <div class='ocr_carea' id='block_1_96' title="bbox 2073 3860 3667 3924">
    <p class='ocr_par' dir='ltr' id='par_1_96' title="bbox 2073 3860 3667 3924">
     <span class='ocr_line' id='line_1_96' title="bbox 2073 3860 3667 3924; baseline -0.003 -7"><span class='ocrx_word' id='word_1_734' title='bbox 2073 3876 2288 3917; x_wconf 80' lang='lat' dir='ltr'><strong>Omnem</strong></span> <span class='ocrx_word' id='word_1_735' title='bbox 2322 3861 2671 3924; x_wconf 88' lang='lat' dir='ltr'><strong>intellectum,</strong></span> <span class='ocrx_word' id='word_1_736' title='bbox 2696 3874 2818 3915; x_wconf 92' lang='lat' dir='ltr'><strong>cum</strong></span> <span class='ocrx_word' id='word_1_737' title='bbox 2847 3860 3052 3915; x_wconf 89' lang='lat' dir='ltr'><strong>nullum</strong></span> <span class='ocrx_word' id='word_1_738' title='bbox 3080 3860 3407 3915; x_wconf 88' lang='lat' dir='ltr'><strong>intellectum</strong></span> <span class='ocrx_word' id='word_1_739' title='bbox 3434 3860 3667 3914; x_wconf 86' lang='lat' dir='ltr'><strong>deserit.</strong></span> 
     </span>
    </p>
   </div>
   <div class='ocr_carea' id='block_1_97' title="bbox 2078 3947 3671 4026">
    <p class='ocr_par' dir='ltr' id='par_1_97' title="bbox 2078 3947 3671 4026">
     <span class='ocr_line' id='line_1_97' title="bbox 2078 3947 3671 4026; baseline 0 -22"><span class='ocrx_word' id='word_1_740' title='bbox 2078 3952 2145 4005; x_wconf 76' lang='lat' dir='ltr'><strong>Et</strong></span> <span class='ocrx_word' id='word_1_741' title='bbox 2180 3952 2281 4006; x_wconf 92' lang='lat' dir='ltr'><strong>hoc</strong></span> <span class='ocrx_word' id='word_1_742' title='bbox 2312 3964 2508 4020; x_wconf 88' lang='lat' dir='ltr'><strong>graeco</strong></span> <span class='ocrx_word' id='word_1_743' title='bbox 2536 3950 2773 4015; x_wconf 89' lang='lat' dir='ltr'><strong>nomine,</strong></span> <span class='ocrx_word' id='word_1_744' title='bbox 2799 3949 2942 4016; x_wconf 89' lang='lat' dir='ltr'><strong>quod</strong></span> <span class='ocrx_word' id='word_1_745' title='bbox 2972 3956 3056 4002; x_wconf 91' lang='lat' dir='ltr'><strong>est</strong></span> <span class='ocrx_word' id='word_1_746' title='bbox 3081 3947 3287 4026; x_wconf 76' lang='grc' dir='ltr'><strong>ἔρημος,</strong></span> <span class='ocrx_word' id='word_1_747' title='bbox 3316 3947 3434 4002; x_wconf 91' lang='lat' dir='ltr'><strong>luce</strong></span> <span class='ocrx_word' id='word_1_748' title='bbox 3461 3948 3671 4004; x_wconf 85' lang='lat' dir='ltr'><strong>clarius</strong></span> 
     </span>
    </p>
   </div>
   <div class='ocr_carea' id='block_1_98' title="bbox 2076 4039 3673 4117">
    <p class='ocr_par' dir='ltr' id='par_1_98' title="bbox 2076 4039 3673 4117">
     <span class='ocr_line' id='line_1_98' title="bbox 2076 4039 3673 4117; baseline -0.001 -22"><span class='ocrx_word' id='word_1_749' title='bbox 2076 4041 2426 4113; x_wconf 80' lang='lat' dir='ltr'><strong>significatur.</strong></span> <span class='ocrx_word' id='word_1_750' title='bbox 2460 4040 2677 4117; x_wconf 76' lang='grc' dir='ltr'><strong>Ἐρημία</strong></span> <span class='ocrx_word' id='word_1_751' title='bbox 2702 4040 2900 4111; x_wconf 90' lang='lat' dir='ltr'><strong>quippe</strong></span> <span class='ocrx_word' id='word_1_752' title='bbox 2933 4039 3317 4109; x_wconf 85' lang='lat' dir='ltr'><strong>interpretatur</strong></span> <span class='ocrx_word' id='word_1_753' title='bbox 3348 4039 3583 4094; x_wconf 88' lang='lat' dir='ltr'><strong>remotio</strong></span> <span class='ocrx_word' id='word_1_754' title='bbox 3613 4050 3673 4093; x_wconf 85' lang='lat' dir='ltr'><strong>et</strong></span> 
     </span>
    </p>
   </div>
   <div class='ocr_carea' id='block_1_99' title="bbox 2076 4131 3666 4203">
    <p class='ocr_par' dir='ltr' id='par_1_99' title="bbox 2076 4131 3666 4203">
     <span class='ocr_line' id='line_1_99' title="bbox 2076 4131 3666 4203; baseline -0.001 -17"><span class='ocrx_word' id='word_1_755' title='bbox 2076 4132 2428 4196; x_wconf 84' lang='lat' dir='ltr'><strong>excelsitudo,</strong></span> <span class='ocrx_word' id='word_1_756' title='bbox 2459 4133 2602 4203; x_wconf 91' lang='lat' dir='ltr'><strong>quod</strong></span> <span class='ocrx_word' id='word_1_757' title='bbox 2636 4131 2856 4186; x_wconf 93' lang='lat' dir='ltr'><strong>omnino</strong></span> <span class='ocrx_word' id='word_1_758' title='bbox 2883 4131 3096 4185; x_wconf 85' lang='lat' dir='ltr'><strong>divinae</strong></span> <span class='ocrx_word' id='word_1_759' title='bbox 3125 4131 3377 4185; x_wconf 86' lang='lat' dir='ltr'><strong>convenit</strong></span> <span class='ocrx_word' id='word_1_760' title='bbox 3410 4140 3666 4188; x_wconf 85' lang='lat' dir='ltr'><strong>naturae.</strong></span> 
     </span>
    </p>
   </div>
   <div class='ocr_carea' id='block_1_100' title="bbox 2073 4220 3668 4294">
    <p class='ocr_par' dir='ltr' id='par_1_100' title="bbox 2073 4220 3668 4294">
     <span class='ocr_line' id='line_1_100' title="bbox 2073 4220 3668 4294; baseline -0.001 -17"><span class='ocrx_word' id='word_1_761' title='bbox 2073 4223 2132 4278; x_wconf 85' lang='lat' dir='ltr'><strong>In</strong></span> <span class='ocrx_word' id='word_1_762' title='bbox 2172 4224 2287 4294; x_wconf 91' lang='lat' dir='ltr'><strong>ipso</strong></span> <span class='ocrx_word' id='word_1_763' title='bbox 2330 4224 2510 4293; x_wconf 87' lang='lat' dir='ltr'><strong>itaque</strong></span> <span class='ocrx_word' id='word_1_764' title='bbox 2550 4222 2765 4276; x_wconf 90' lang='lat' dir='ltr'><strong>deserto</strong></span> <span class='ocrx_word' id='word_1_765' title='bbox 2802 4220 3020 4275; x_wconf 86' lang='lat' dir='ltr'><strong>divinae</strong></span> <span class='ocrx_word' id='word_1_766' title='bbox 3058 4220 3390 4275; x_wconf 86' lang='lat' dir='ltr'><strong>celsitudinis</strong></span> <span class='ocrx_word' id='word_1_767' title='bbox 3421 4220 3668 4275; x_wconf 88' lang='lat' dir='ltr'><strong>Verbum</strong></span> 
     </span>
    </p>
   </div>
   <div class='ocr_carea' id='block_1_101' title="bbox 2078 4294 3670 4393">
    <p class='ocr_par' dir='ltr' id='par_1_101' title="bbox 2078 4294 3670 4393">
     <span class='ocr_line' id='line_1_101' title="bbox 2078 4294 3670 4393; baseline -0.003 -24"><span class='ocrx_word' id='word_1_768' title='bbox 2078 4294 2303 4387; x_wconf 81' lang='lat' dir='ltr'><strong>clamat,</strong></span> <span class='ocrx_word' id='word_1_769' title='bbox 2341 4328 2438 4393; x_wconf 88' lang='lat' dir='ltr'><strong>per</strong></span> <span class='ocrx_word' id='word_1_770' title='bbox 2471 4313 2613 4382; x_wconf 90' lang='lat' dir='ltr'><strong>quod</strong></span> <span class='ocrx_word' id='word_1_771' title='bbox 2642 4312 2779 4366; x_wconf 87' lang='lat' dir='ltr'><strong>facta</strong></span> <span class='ocrx_word' id='word_1_772' title='bbox 2808 4320 2933 4365; x_wconf 91' lang='lat' dir='ltr'><strong>sunt</strong></span> <span class='ocrx_word' id='word_1_773' title='bbox 2962 4311 3163 4365; x_wconf 88' lang='lat' dir='ltr'><strong>omnia.</strong></span> <span class='ocrx_word' id='word_1_774' title='bbox 3189 4309 3323 4364; x_wconf 85' lang='lat' dir='ltr'><strong>Audi</strong></span> <span class='ocrx_word' id='word_1_775' title='bbox 3357 4310 3576 4380; x_wconf 83' lang='lat' dir='ltr'><strong>Moysen</strong></span> <span class='ocrx_word' id='word_1_776' title='bbox 3612 4311 3670 4365; x_wconf 85' lang='lat' dir='ltr'><strong>in</strong></span> 
     </span>
    </p>
   </div>
   <div class='ocr_carea' id='block_1_102' title="bbox 2078 4399 3673 4469">
    <p class='ocr_par' dir='ltr' id='par_1_102' title="bbox 2078 4399 3673 4469">
     <span class='ocr_line' id='line_1_102' title="bbox 2078 4399 3673 4469; baseline -0.001 -13"><span class='ocrx_word' id='word_1_777' title='bbox 2078 4402 2272 4469; x_wconf 74' lang='lat' dir='ltr'><strong>Genesi</strong></span> <span class='ocrx_word' id='word_1_778' title='bbox 2317 4403 2581 4468; x_wconf 82' lang='lat' dir='ltr'><strong>dicentem</strong></span> <span class='ocrx_word' id='word_1_779' title='bbox 2624 4418 2638 4454; x_wconf 91' lang='lat'><strong>:</strong></span> <span class='ocrx_word' id='word_1_780' title='bbox 2680 4420 2698 4451; x_wconf 75' lang='grc' dir='ltr'>ι</span> <span class='ocrx_word' id='word_1_781' title='bbox 2739 4400 2881 4454; x_wconf 85' lang='lat' dir='ltr'><strong>Dixit</strong></span> <span class='ocrx_word' id='word_1_782' title='bbox 2925 4400 3065 4455; x_wconf 90' lang='lat' dir='ltr'><strong>Deus</strong></span> <span class='ocrx_word' id='word_1_783' title='bbox 3094 4417 3107 4454; x_wconf 91' lang='lat'><strong>:</strong></span> <span class='ocrx_word' id='word_1_784' title='bbox 3133 4399 3252 4454; x_wconf 88' lang='lat' dir='ltr'><strong>Fiat</strong></span> <span class='ocrx_word' id='word_1_785' title='bbox 3296 4400 3382 4453; x_wconf 82' lang='lat' dir='ltr'><strong>lux</strong></span> <span class='ocrx_word' id='word_1_786' title='bbox 3421 4418 3480 4463; x_wconf 80' lang='grc' dir='ltr'><strong>ι,</strong></span> <span class='ocrx_word' id='word_1_787' title='bbox 3525 4401 3673 4455; x_wconf 85' lang='lat' dir='ltr'><strong>dixit</strong></span> 
     </span>
    </p>
   </div>
   <div class='ocr_carea' id='block_1_103' title="bbox 2079 4490 3672 4565">
    <p class='ocr_par' dir='ltr' id='par_1_103' title="bbox 2079 4490 3672 4565">
     <span class='ocr_line' id='line_1_103' title="bbox 2079 4490 3672 4565; baseline -0.003 -15"><span class='ocrx_word' id='word_1_788' title='bbox 2079 4496 2288 4561; x_wconf 66' lang='lat' dir='ltr'><strong>Deusu</strong></span> <span class='ocrx_word' id='word_1_789' title='bbox 2316 4494 2739 4565; x_wconf 86' lang='lat' dir='ltr'><strong>Firmamentum</strong></span> <span class='ocrx_word' id='word_1_790' title='bbox 2771 4514 2790 4549; x_wconf 69' lang='grc' dir='ltr'><strong><em>ι</em></strong></span> <span class='ocrx_word' id='word_1_791' title='bbox 2822 4510 2837 4558; x_wconf 86' lang='grc'><strong>;</strong></span> <span class='ocrx_word' id='word_1_792' title='bbox 2866 4492 3114 4548; x_wconf 87' lang='lat' dir='ltr'><strong>similiter</strong></span> <span class='ocrx_word' id='word_1_793' title='bbox 3142 4493 3192 4545; x_wconf 91' lang='lat' dir='ltr'><strong>in</strong></span> <span class='ocrx_word' id='word_1_794' title='bbox 3216 4490 3465 4565; x_wconf 80' lang='lat' dir='ltr'><strong>omnibus</strong></span> <span class='ocrx_word' id='word_1_795' title='bbox 3484 4491 3672 4559; x_wconf 84' lang='lat' dir='ltr'><strong>operi-</strong></span> 
     </span>
    </p>
   </div>
   <div class='ocr_carea' id='block_1_104' title="bbox 2076 4562 3671 4657">
    <p class='ocr_par' dir='ltr' id='par_1_104' title="bbox 2076 4562 3671 4657">
     <span class='ocr_line' id='line_1_104' title="bbox 2076 4562 3671 4657; baseline -0.001 -16"><span class='ocrx_word' id='word_1_796' title='bbox 2076 4587 2177 4641; x_wconf 92' lang='lat' dir='ltr'><strong>bus</strong></span> <span class='ocrx_word' id='word_1_797' title='bbox 2205 4602 2297 4642; x_wconf 90' lang='lat' dir='ltr'><strong>sex</strong></span> <span class='ocrx_word' id='word_1_798' title='bbox 2323 4586 2529 4640; x_wconf 91' lang='lat' dir='ltr'><strong>dierum</strong></span> <span class='ocrx_word' id='word_1_799' title='bbox 2558 4562 2834 4657; x_wconf 84' lang='lat' dir='ltr'><strong>praecedit</strong></span> <span class='ocrx_word' id='word_1_800' title='bbox 2866 4603 2879 4639; x_wconf 93' lang='lat'><strong>:</strong></span> <span class='ocrx_word' id='word_1_801' title='bbox 2918 4601 2937 4637; x_wconf 79' lang='lat' dir='ltr'><strong>t</strong></span> <span class='ocrx_word' id='word_1_802' title='bbox 2972 4584 3108 4641; x_wconf 89' lang='lat' dir='ltr'><strong>dixit</strong></span> <span class='ocrx_word' id='word_1_803' title='bbox 3163 4584 3302 4637; x_wconf 92' lang='lat' dir='ltr'><strong>Deus</strong></span> <span class='ocrx_word' id='word_1_804' title='bbox 3343 4601 3387 4635; x_wconf 77' lang='grc' dir='ltr'><strong>ι.</strong></span> <span class='ocrx_word' id='word_1_805' title='bbox 3425 4562 3527 4637; x_wconf 66' lang='lat' dir='ltr'><strong>lilii</strong></span> <span class='ocrx_word' id='word_1_806' title='bbox 3568 4582 3671 4639; x_wconf 78' lang='lat' dir='ltr'><strong>Dei</strong></span> 
     </span>
    </p>
   </div>
   <div class='ocr_carea' id='block_1_105' title="bbox 2082 4672 3686 4750">
    <p class='ocr_par' dir='ltr' id='par_1_105' title="bbox 2082 4672 3686 4750">
     <span class='ocr_line' id='line_1_105' title="bbox 2082 4672 3686 4750; baseline -0.004 -17"><span class='ocrx_word' id='word_1_807' title='bbox 2082 4680 2299 4734; x_wconf 92' lang='lat' dir='ltr'><strong>nomine</strong></span> <span class='ocrx_word' id='word_1_808' title='bbox 2320 4678 2534 4750; x_wconf 81' lang='lat' dir='ltr'><strong>Patrem</strong></span> <span class='ocrx_word' id='word_1_809' title='bbox 2558 4677 2923 4749; x_wconf 87' lang='lat' dir='ltr'><strong>intelligimus,</strong></span> <span class='ocrx_word' id='word_1_810' title='bbox 2951 4694 2970 4729; x_wconf 77' lang='grc' dir='ltr'>ι</span> <span class='ocrx_word' id='word_1_811' title='bbox 3000 4675 3135 4730; x_wconf 79' lang='lat' dir='ltr'><strong>dixit</strong></span> <span class='ocrx_word' id='word_1_812' title='bbox 3165 4693 3183 4727; x_wconf 75' lang='grc' dir='ltr'>ι</span> <span class='ocrx_word' id='word_1_813' title='bbox 3209 4683 3386 4728; x_wconf 88' lang='lat' dir='ltr'><strong>autem</strong></span> <span class='ocrx_word' id='word_1_814' title='bbox 3413 4672 3507 4727; x_wconf 87' lang='lat' dir='ltr'><strong>Dei</strong></span> <span class='ocrx_word' id='word_1_815' title='bbox 3532 4673 3686 4728; x_wconf 81' lang='lat' dir='ltr'><strong>Ver-</strong></span> 
     </span>
    </p>
   </div>
   <div class='ocr_carea' id='block_1_106' title="bbox 2085 4764 3673 4841">
    <p class='ocr_par' dir='ltr' id='par_1_106' title="bbox 2085 4764 3673 4841">
     <span class='ocr_line' id='line_1_106' title="bbox 2085 4764 3673 4841; baseline -0.005 -16"><span class='ocrx_word' id='word_1_816' title='bbox 2085 4773 2208 4827; x_wconf 87' lang='lat' dir='ltr'><strong>lmm</strong></span> <span class='ocrx_word' id='word_1_817' title='bbox 2236 4771 2524 4841; x_wconf 83' lang='lat' dir='ltr'><strong>signiﬁcat.</strong></span> <span class='ocrx_word' id='word_1_818' title='bbox 2555 4768 2767 4824; x_wconf 88' lang='lat' dir='ltr'><strong>Clamat</strong></span> <span class='ocrx_word' id='word_1_819' title='bbox 2793 4772 2971 4837; x_wconf 91' lang='lat' dir='ltr'><strong>itaque</strong></span> <span class='ocrx_word' id='word_1_820' title='bbox 2998 4766 3230 4835; x_wconf 85' lang='lat' dir='ltr'><strong>Verbum</strong></span> <span class='ocrx_word' id='word_1_821' title='bbox 3262 4766 3354 4821; x_wconf 90' lang='lat' dir='ltr'><strong>Dei</strong></span> <span class='ocrx_word' id='word_1_822' title='bbox 3388 4764 3444 4818; x_wconf 90' lang='lat' dir='ltr'><strong>in</strong></span> <span class='ocrx_word' id='word_1_823' title='bbox 3484 4777 3673 4817; x_wconf 60' lang='lat' dir='ltr'><strong>remo-</strong></span> 
     </span>
    </p>
   </div>
   <div class='ocr_carea' id='block_1_107' title="bbox 2086 4840 3677 4922">
    <p class='ocr_par' dir='ltr' id='par_1_107' title="bbox 2086 4840 3677 4922">
     <span class='ocr_line' id='line_1_107' title="bbox 2086 4840 3677 4922; baseline -0.006 -6"><span class='ocrx_word' id='word_1_824' title='bbox 2086 4840 2530 4919; x_wconf 20' lang='lat' dir='ltr'><strong>tissim‘aidivina&#39;c</strong></span> <span class='ocrx_word' id='word_1_825' title='bbox 2560 4860 2815 4915; x_wconf 90' lang='lat' dir='ltr'><strong>bonitatis</strong></span> <span class='ocrx_word' id='word_1_826' title='bbox 2841 4858 3148 4913; x_wconf 89' lang='lat' dir='ltr'><strong>solitudine.</strong></span> <span class='ocrx_word' id='word_1_827' title='bbox 3178 4855 3395 4911; x_wconf 87' lang='lat' dir='ltr'><strong>Clamor</strong></span> <span class='ocrx_word' id='word_1_828' title='bbox 3419 4852 3537 4922; x_wconf 85' lang='lat' dir='ltr'><strong>ejus</strong></span> <span class='ocrx_word' id='word_1_829' title='bbox 3569 4869 3677 4907; x_wconf 85' lang='lat' dir='ltr'><strong>na-</strong></span> 
     </span>
    </p>
   </div>
   <div class='ocr_carea' id='block_1_108' title="bbox 2085 4945 3673 5024">
    <p class='ocr_par' dir='ltr' id='par_1_108' title="bbox 2085 4945 3673 5024">
     <span class='ocr_line' id='line_1_108' title="bbox 2085 4945 3673 5024; baseline -0.006 -17"><span class='ocrx_word' id='word_1_830' title='bbox 2085 4962 2327 5024; x_wconf 83' lang='lat' dir='ltr'><strong>turarum</strong></span> <span class='ocrx_word' id='word_1_831' title='bbox 2357 4952 2595 5006; x_wconf 90' lang='lat' dir='ltr'><strong>omnium</strong></span> <span class='ocrx_word' id='word_1_832' title='bbox 2622 4949 2859 5005; x_wconf 90' lang='lat' dir='ltr'><strong>conditio</strong></span> <span class='ocrx_word' id='word_1_833' title='bbox 2888 4956 2989 5003; x_wconf 86' lang='lat' dir='ltr'><strong>est.</strong></span> <span class='ocrx_word' id='word_1_834' title='bbox 3040 4945 3158 5016; x_wconf 83' lang='lat' dir='ltr'><strong>ipse</strong></span> <span class='ocrx_word' id='word_1_835' title='bbox 3195 4946 3337 5000; x_wconf 88' lang='lat' dir='ltr'><strong>enim</strong></span> <span class='ocrx_word' id='word_1_836' title='bbox 3378 4952 3537 4998; x_wconf 82' lang='lat' dir='ltr'><strong>vocat</strong></span> <span class='ocrx_word' id='word_1_837' title='bbox 3575 4958 3673 5009; x_wconf 81' lang='lat' dir='ltr'><strong>ea,</strong></span> 
     </span>
    </p>
   </div>
   <div class='ocr_carea' id='block_1_109' title="bbox 2076 5028 3678 5117">
    <p class='ocr_par' dir='ltr' id='par_1_109' title="bbox 2076 5028 3678 5117">
     <span class='ocr_line' id='line_1_109' title="bbox 2076 5028 3678 5117; baseline -0.004 -20"><span class='ocrx_word' id='word_1_838' title='bbox 2076 5028 2214 5117; x_wconf 83' lang='lat' dir='ltr'><strong>quae</strong></span> <span class='ocrx_word' id='word_1_839' title='bbox 2242 5052 2394 5108; x_wconf 89' lang='lat' dir='ltr'><strong>sunt,</strong></span> <span class='ocrx_word' id='word_1_840' title='bbox 2435 5053 2691 5112; x_wconf 89' lang='lat' dir='ltr'><strong>tanquam</strong></span> <span class='ocrx_word' id='word_1_841' title='bbox 2718 5056 2856 5110; x_wconf 89' lang='lat' dir='ltr'><strong>quae</strong></span> <span class='ocrx_word' id='word_1_842' title='bbox 2884 5055 2988 5093; x_wconf 88' lang='lat' dir='ltr'><strong>non</strong></span> <span class='ocrx_word' id='word_1_843' title='bbox 3018 5046 3175 5102; x_wconf 88' lang='lat' dir='ltr'><strong>sunt,</strong></span> <span class='ocrx_word' id='word_1_844' title='bbox 3204 5037 3327 5105; x_wconf 88' lang='lat' dir='ltr'><strong>quia</strong></span> <span class='ocrx_word' id='word_1_845' title='bbox 3356 5050 3455 5104; x_wconf 86' lang='lat' dir='ltr'><strong>per</strong></span> <span class='ocrx_word' id='word_1_846' title='bbox 3481 5035 3678 5115; x_wconf 78' lang='lat' dir='ltr'><strong>ipsum</strong></span> 
     </span>
    </p>
   </div>
   <div class='ocr_carea' id='block_1_110' title="bbox 2080 5129 3678 5199">
    <p class='ocr_par' dir='ltr' id='par_1_110' title="bbox 2080 5129 3678 5199">
     <span class='ocr_line' id='line_1_110' title="bbox 2080 5129 3678 5199; baseline -0.008 -11"><span class='ocrx_word' id='word_1_847' title='bbox 2080 5136 2221 5199; x_wconf 69' lang='lat' dir='ltr'><strong>Delus</strong></span> <span class='ocrx_word' id='word_1_848' title='bbox 2260 5133 2421 5188; x_wconf 87' lang='lat' dir='ltr'><strong>Pater</strong></span> <span class='ocrx_word' id='word_1_849' title='bbox 2459 5132 2731 5195; x_wconf 88' lang='lat' dir='ltr'><strong>clamavit,</strong></span> <span class='ocrx_word' id='word_1_850' title='bbox 2772 5131 2826 5184; x_wconf 90' lang='lat' dir='ltr'><strong>id</strong></span> <span class='ocrx_word' id='word_1_851' title='bbox 2864 5140 2975 5193; x_wconf 87' lang='lat' dir='ltr'><strong>est,</strong></span> <span class='ocrx_word' id='word_1_852' title='bbox 3020 5129 3225 5184; x_wconf 89' lang='lat' dir='ltr'><strong>creavit</strong></span> <span class='ocrx_word' id='word_1_853' title='bbox 3262 5136 3475 5189; x_wconf 89' lang='lat' dir='ltr'><strong>cuncta,</strong></span> <span class='ocrx_word' id='word_1_854' title='bbox 3520 5141 3678 5194; x_wconf 81' lang='lat' dir='ltr'><strong>quae</strong></span> 
     </span>
    </p>
   </div>
   <div class='ocr_carea' id='block_1_111' title="bbox 2082 5218 3678 5289">
    <p class='ocr_par' dir='ltr' id='par_1_111' title="bbox 2082 5218 3678 5289">
     <span class='ocr_line' id='line_1_111' title="bbox 2082 5218 3678 5289; baseline -0.004 -10"><span class='ocrx_word' id='word_1_855' title='bbox 2082 5226 2195 5279; x_wconf 81' lang='lat' dir='ltr'><strong>ﬁeri</strong></span> <span class='ocrx_word' id='word_1_856' title='bbox 2249 5224 2435 5279; x_wconf 74' lang='lat' dir='ltr'><strong>voluit.</strong></span> <span class='ocrx_word' id='word_1_857' title='bbox 2487 5224 2752 5279; x_wconf 85' lang='lat' dir='ltr'><strong>Clamavit</strong></span> <span class='ocrx_word' id='word_1_858' title='bbox 2800 5222 2889 5277; x_wconf 89' lang='lat' dir='ltr'><strong>ille</strong></span> <span class='ocrx_word' id='word_1_859' title='bbox 2937 5220 3294 5283; x_wconf 88' lang='lat' dir='ltr'><strong>invisibiliter,</strong></span> <span class='ocrx_word' id='word_1_860' title='bbox 3344 5218 3678 5289; x_wconf 84' lang='lat' dir='ltr'><strong>priusquam</strong></span> 
     </span>
    </p>
   </div>
   <div class='ocr_carea' id='block_1_112' title="bbox 2085 5308 3679 5379">
    <p class='ocr_par' dir='ltr' id='par_1_112' title="bbox 2085 5308 3679 5379">
     <span class='ocr_line' id='line_1_112' title="bbox 2085 5308 3679 5379; baseline -0.003 -12"><span class='ocrx_word' id='word_1_861' title='bbox 2085 5315 2235 5367; x_wconf 83' lang='lat' dir='ltr'><strong>fieret</strong></span> <span class='ocrx_word' id='word_1_862' title='bbox 2267 5313 2515 5378; x_wconf 88' lang='lat' dir='ltr'><strong>mundus,</strong></span> <span class='ocrx_word' id='word_1_863' title='bbox 2544 5312 2802 5379; x_wconf 88' lang='lat' dir='ltr'><strong>mundum</strong></span> <span class='ocrx_word' id='word_1_864' title='bbox 2834 5311 2969 5378; x_wconf 85' lang='lat' dir='ltr'><strong>ﬁeri.</strong></span> <span class='ocrx_word' id='word_1_865' title='bbox 3003 5309 3286 5375; x_wconf 83' lang='lat' dir='ltr'><strong>Clamavit,</strong></span> <span class='ocrx_word' id='word_1_866' title='bbox 3317 5308 3368 5361; x_wconf 92' lang='lat' dir='ltr'><strong>iu</strong></span> <span class='ocrx_word' id='word_1_867' title='bbox 3399 5308 3679 5363; x_wconf 82' lang='lat' dir='ltr'><strong>mundum</strong></span> 
     </span>
    </p>
   </div>
   <div class='ocr_carea' id='block_1_113' title="bbox 1594 5425 2282 5504">
    <p class='ocr_par' dir='ltr' id='par_1_113' title="bbox 1594 5425 2282 5504">
     <span class='ocr_line' id='line_1_113' title="bbox 1594 5425 2282 5504; baseline -0.001 -24"><span class='ocrx_word' id='word_1_868' title='bbox 1594 5425 1846 5504; x_wconf 73' lang='lat' dir='ltr'><strong>VARIAE</strong></span> <span class='ocrx_word' id='word_1_869' title='bbox 1884 5425 2282 5483; x_wconf 82' lang='lat' dir='ltr'><strong>LECTIONES.</strong></span> 
     </span>
    </p>
   </div>
   <div class='ocr_carea' id='block_1_114' title="bbox 1888 5565 2117 5620">
    <p class='ocr_par' dir='ltr' id='par_1_114' title="bbox 1888 5565 2117 5620">
     <span class='ocr_line' id='line_1_114' title="bbox 1888 5565 2117 5620; baseline 0.004 -1"><span class='ocrx_word' id='word_1_870' title='bbox 1888 5565 2067 5620; x_wconf 76' lang='lat' dir='ltr'><strong>NOTA</strong></span> <span class='ocrx_word' id='word_1_871' title='bbox 2079 5568 2117 5620; x_wconf 72' lang='grc' dir='ltr'>Β</span> 
     </span>
    </p>
   </div>
   <div class='ocr_carea' id='block_1_115' title="bbox 466 5568 3672 5718">
    <p class='ocr_par' dir='ltr' id='par_1_115' title="bbox 466 5568 3672 5718">
     <span class='ocr_line' id='line_1_115' title="bbox 1888 5568 2117 5620; baseline 0.004 -1"><span class='ocrx_word' id='word_1_872' title='bbox 1888 5568 1979 5619; x_wconf 79' lang='grc' dir='ltr'><strong>ΝΟ</strong></span> <span class='ocrx_word' id='word_1_873' title='bbox 2029 5568 2117 5620; x_wconf 72' lang='grc' dir='ltr'><strong>ΑΒ</strong></span> 
     </span>
     <span class='ocr_line' id='line_1_116' title="bbox 466 5568 3672 5718; baseline 0 -36"><span class='ocrx_word' id='word_1_874' title='bbox 466 5638 494 5673; x_wconf 72' lang='grc' dir='ltr'><strong><em>ι</em></strong></span> <span class='ocrx_word' id='word_1_875' title='bbox 538 5628 891 5704; x_wconf 80' lang='lat' dir='ltr'><strong>Hieronymus</strong></span> <span class='ocrx_word' id='word_1_876' title='bbox 930 5649 944 5687; x_wconf 88' lang='lat'><strong>:</strong></span> <span class='ocrx_word' id='word_1_877' title='bbox 996 5633 1173 5701; x_wconf 76' lang='lat' dir='ltr'><strong>Iuda,</strong></span> <span class='ocrx_word' id='word_1_878' title='bbox 1237 5633 1508 5709; x_wconf 66' lang='lat' dir='ltr'><strong>laudatio,</strong></span> <span class='ocrx_word' id='word_1_879' title='bbox 1557 5636 1827 5709; x_wconf 63' lang='lat' dir='ltr'><strong>vnnfrssio.</strong></span> <span class='ocrx_word' id='word_1_880' title='bbox 1902 5568 2028 5709; x_wconf 67' lang='lat' dir='ltr'><strong>Nairu</strong></span> <span class='ocrx_word' id='word_1_881' title='bbox 2072 5645 2221 5708; x_wconf 69' lang='lat' dir='ltr'><strong>rrum</strong></span> <span class='ocrx_word' id='word_1_882' title='bbox 2247 5640 2506 5693; x_wconf 75' lang='lat' dir='ltr'><strong>dncitura</strong></span> <span class='ocrx_word' id='word_1_883' title='bbox 2532 5640 2692 5693; x_wconf 79' lang='lat' dir='ltr'><strong>verbo</strong></span> <span class='ocrx_word' id='word_1_884' title='bbox 2715 5645 2810 5718; x_wconf 52' lang='lat' dir='ltr'>r133</span> <span class='ocrx_word' id='word_1_885' title='bbox 2849 5634 2997 5687; x_wconf 77' lang='lat' dir='ltr'><strong>&quot;lt‘lt.</strong></span> <span class='ocrx_word' id='word_1_886' title='bbox 3028 5629 3177 5697; x_wconf 49' lang='lat' dir='ltr'><strong>min,</strong></span> <span class='ocrx_word' id='word_1_887' title='bbox 3204 5635 3253 5687; x_wconf 84' lang='lat' dir='ltr'><strong>id</strong></span> <span class='ocrx_word' id='word_1_888' title='bbox 3274 5643 3375 5695; x_wconf 77' lang='lat' dir='ltr'><strong>est,</strong></span> <span class='ocrx_word' id='word_1_889' title='bbox 3400 5631 3672 5698; x_wconf 70' lang='lat' dir='ltr'><strong>conﬁteri.</strong></span> 
     </span>
    </p>
   </div>
   <div class='ocr_carea' id='block_1_116' title="bbox 477 5490 1548 5564">
    <p class='ocr_par' dir='ltr' id='par_1_116' title="bbox 477 5490 1548 5564">
     <span class='ocr_line' id='line_1_117' title="bbox 477 5490 1548 5564; baseline 0.004 -18"><span class='ocrx_word' id='word_1_890' title='bbox 477 5490 491 5525; x_wconf 77' lang='grc'><strong><em>⁸</em></strong></span> <span class='ocrx_word' id='word_1_891' title='bbox 524 5493 642 5547; x_wconf 84' lang='lat' dir='ltr'><strong>cod.</strong></span> <span class='ocrx_word' id='word_1_892' title='bbox 674 5493 961 5551; x_wconf 80' lang='lat' dir='ltr'><strong>doctrinam</strong></span> <span class='ocrx_word' id='word_1_893' title='bbox 985 5504 1030 5557; x_wconf 79' lang='lat' dir='ltr'><strong>et</strong></span> <span class='ocrx_word' id='word_1_894' title='bbox 1058 5493 1548 5564; x_wconf 67' lang='lat' dir='ltr'><strong>manifestotionem.</strong></span> 
     </span>
    </p>
   </div>
  </div>
