3920 6154
259 338 362 399 305

1259 330 1612 390 COMMENT.
1651 330 1716 386 lN
1755 329 2006 388 EVANC.
2051 331 2196 385 SEC.
2234 327 2423 384 JOAN.

3398 326 3500 383 306

259 450 488 512 veniens,
519 443 794 500 visibiliter
821 444 1079 498 mundum
1117 443 1337 498 salvari.
1378 443 1534 498 Prius
1561 441 1815 498 clamavit
1843 444 1890 502 Α
1920 442 2124 496 rexisse
2165 456 2229 494 ac
2268 439 2595 509 baptizasse.
2646 439 2727 505 At;
2761 454 2869 510 per
2912 439 3015 494 hoc
3061 452 3169 492 non
3209 435 3504 506 interroga-

261 537 594 598 aeternaliter
616 550 714 606 per
740 535 910 588 solam
939 549 1088 588 suam
1121 534 1454 588 divinitatem
1484 543 1608 588 ante
1634 534 1815 589 incar-

259 632 548 692 nationem;
602 626 854 682 clamavit
901 634 1087 695 postea
1126 639 1223 694 per
1267 639 1420 678 suam
1465 638 1701 678 carnem.
1752 622 1821 676 Et

258 723 374 792 quid
400 721 483 774 illa
506 735 606 773 vox
629 717 765 786 ejus,
795 718 896 771 huc
921 724 1004 771 est
1029 731 1351 786 praecursor
1365 713 1504 783 ejus,
1521 714 1819 769 vociferat?

257 813 403 868 Audi.
433 810 649 878 Dirigite
675 809 813 862 viam
839 807 1069 861 Domini.
1099 806 1236 874 Quid
1261 815 1344 862 est
1375 824 1393 857 ι
1429 807 1652 876 Dirigite
1675 807 1816 860 viam

258 903 453 959 Domini
498 902 560 955 »2
598 900 789 956 Nonne
814 900 956 968 quod
984 900 1248 970 sequitur,
1285 919 1304 950 ‹
1340 908 1516 954 rectas
1543 899 1700 954 facite
1729 913 1816 952 se-

257 994 402 1046 mitas
429 989 489 1044 t?
520 989 744 1058 Dirigite
774 1003 903 1058 ergo
932 967 1314 1042 viam'Domini
1335 1029 1349 1051 ,
1391 988 1493 1042 hoc
1527 995 1639 1051 est,
1674 994 1818 1042 recte

257 1079 544 1148 praedicate
583 1088 642 1134 et
681 1078 885 1133 credite
924 1076 1228 1140 Dominum,
1276 1078 1369 1147 qui
1409 1078 1494 1130 via
1534 1087 1637 1141 est,
1681 1078 1820 1132 sicut

257 1169 359 1238 ipse
379 1169 452 1222 ait
480 1186 494 1221 :
529 1185 549 1218 ι
583 1167 696 1238 Ego
721 1182 840 1222 sum
870 1167 956 1222 via
985 1175 1041 1222 et
1065 1167 1266 1222 veritas
1294 1167 1470 1223 etvita
1494 1167 1738 1222 t.Potest
1761 1175 1816 1222 et

256 1260 328 1320 sic
348 1258 595 1330 intelligi:
626 1277 645 1310 ι
673 1257 897 1330 Dirigjte
922 1259 1066 1312 viam
1094 1259 1304 1314 Domini
1330 1278 1374 1324 ι,
1407 1259 1510 1314 hoc
1535 1267 1637 1324 est,
1668 1268 1817 1316 recte

255 1349 440 1406 credite
469 1350 521 1404 in
559 1349 866 1405 Dominum.
897 1348 1013 1403 Non
1045 1349 1188 1403 enim
1220 1364 1316 1420 per
1346 1349 1506 1403 aliam
1537 1349 1676 1404 viam
1708 1350 1812 1405 Do-

257 1439 417 1493 minus
454 1439 620 1494 corda
671 1439 947 1493 hominum
992 1439 1304 1508 ingreditur,
1349 1439 1451 1493 nisi
1497 1455 1592 1510 per
1632 1440 1813 1505 ﬁdem,

255 1544 378 1597 quae
421 1530 502 1583 via
546 1538 634 1584 est
679 1529 912 1584 Domini.
956 1527 1106 1584 Sicut
1148 1529 1282 1582 dixit
1314 1528 1502 1583 Esaias
1542 1530 1811 1599 propheta.

256 1616 435 1674 Videns
457 1618 790 1689 evangelista
820 1619 1141 1676 sententiam
1153 1619 1342 1674 Esaiae
1368 1619 1434 1674 de
1462 1633 1815 1689 praecursore

256 1711 444 1766 Domini
487 1713 542 1767 in
591 1711 887 1782 Evangelia
925 1712 1219 1770 secundum
1264 1712 1462 1769 Lucam
1505 1713 1814 1783 plenissime

256 1805 522 1873 scriptam,
567 1805 932 1862 intermittere
964 1805 1163 1870 voluit,
1208 1821 1278 1862 ne
1315 1806 1590 1862 videretur
1619 1822 1810 1876 super-
1843 1790 1889 1849 Β

254 1895 429 1960 tinum,
457 1897 688 1952 eandem
719 1898 1042 1954 sententiam
1071 1898 1444 1967 recapitulare.
1480 1900 1535 1954 lu
1569 1901 1670 1955 hoc
1698 1900 1815 1956 loco

257 1986 312 2039 de
333 1987 568 2056 mysticis
612 1989 985 2062 praecursoq's
1019 1991 1327 2045 nominibus
1362 2006 1532 2060 pauca
1576 1991 1816 2046 inserere

257 2097 345 2135 non
370 2091 448 2136 est
475 2083 887 2148 inconveniens,
921 2093 978 2137 ut
1006 2072 1218 2154 opinor.
1251 2084 1364 2140 Vox
1393 2095 1632 2145 vocatur,
1667 2086 1814 2156 quia,

257 2172 375 2224 sicut
398 2188 492 2226 vox
523 2174 805 2242 praecedit
835 2175 1031 2230 mentis
1060 2190 1102 2229 ει
1127 2185 1378 2245 nceptum
1399 2217 1414 2241 ,
1455 2177 1529 2231 ita
1581 2176 1816 2233 Joannes

257 2263 522 2330 praecessit
570 2263 670 2317 Dei
715 2261 973 2318 Verbum.
1023 2265 1309 2341 Πρόδρομος
1353 2275 1598 2332 vocatur,
1641 2268 1692 2322 id
1733 2277 1816 2323 est

256 2367 568 2420 praecursor,
593 2353 723 2422 quia
751 2368 856 2408 non
886 2354 1059 2409 solum
1099 2354 1332 2411 Joannes
1388 2357 1441 2410 in
1467 2358 1816 2427 conceptione

254 2456 300 2498 et
325 2446 623 2509 nativitatc,
657 2460 844 2501 verum
884 2447 1047 2501 etiam
1091 2449 1144 2500 in
1179 2449 1439 2520 mysterio
1479 2449 1818 2520 baptismatis

255 2540 301 2585 et
348 2534 769 2602 praedicationis
824 2537 1184 2605 poenitentiae
1229 2540 1514 2594 Dominum
1569 2556 1818 2610 praeces-

213 2701 216 2706 .
255 2623 332 2675 sit.
368 2624 635 2702 ἑωσφόρος
672 2625 894 2692 dicitur,
944 2627 1047 2682 hoc
1093 2637 1178 2683 est
1223 2627 1398 2684 lucem
1435 2629 1641 2695 ferens,
1691 2633 1816 2702 quia

256 2715 352 2781 ipse
378 2717 548 2784 primo
581 2717 760 2772 lucem
791 2718 972 2772 mundi
1012 2719 1067 2772 in
1100 2720 1348 2775 notitiam
1381 2723 1580 2777 mundo
1616 2723 1814 2787 attulit,

253 2812 300 2856 et
327 2805 374 2858 in
401 2821 456 2860 se
482 2807 608 2876 ipso
635 2808 886 2877 gestavit.
919 2806 1081 2863 Stella
1111 2811 1374 2866 matutina
1393 2852 1409 2877 ,
1437 2827 1598 2881 quam
1623 2811 1814 2869 Graeci

254 2892 420 2969 ἰστρου
457 2897 681 2972 πρυῐνόν
726 2896 1025 2966 appellant,
1069 2896 1305 2954 Joannes
1373 2902 1609 2967 dicitur,
1656 2903 1816 2972 quia,

255 2985 375 3040 sicut
411 2987 496 3042 illa
539 2987 723 3054 stella,
763 3003 925 3059 quam
966 2989 1221 3060 astrologi
1263 2990 1547 3046 luciferum
1589 3001 1814 3059 vocant,

253 3087 408 3132 ortum
437 3079 568 3135 solis
611 3081 922 3150 praecedit,
961 3082 1035 3136 ita
1076 3097 1400 3152 praecursor
1426 3086 1635 3141 Domini
1667 3087 1816 3156 prius

257 3168 434 3224 mundo
455 3172 733 3242 apparuit,
762 3189 923 3242 quem
963 3173 1043 3228 sol
1085 3175 1332 3244 iustitiae
1363 3177 1682 3233 subsecutus
1711 3189 1812 3235 est.

259 3256 494 3316 Similiter
537 3277 572 3315 a
611 3261 840 3318 Graecis
865 3262 1337 3339 ἂκραδομιλιτροφός
1369 3267 1659 3334 vocitatur,
1693 3283 1819 3338 pro-

256 3357 362 3417 pter
399 3366 550 3405 suam
597 3351 982 3407 abstinentiam
1030 3369 1060 3408 a
1109 3356 1486 3411 communibus
1539 3357 1816 3413 hominum

257 3437 523 3496 alimentis.
565 3445 733 3519 ’Δκρὶς
776 3442 972 3512 quippe
1012 3443 1402 3513 interpretatur
1443 3446 1668 3510 locusta,
1706 3450 1820 3516 μέλι

258 3527 370 3593 incl,
393 3538 550 3606 τροφῆ
580 3533 599 3564 ⁸
628 3549 782 3597 esca;
810 3532 1276 3612 ἀκριδομιλιτροῑιός
1301 3537 1480 3605 itaque
1508 3536 1742 3594 locustas
1767 3547 1821 3593 et

259 3619 348 3672 :nel
371 3621 617 3677 silvestre
639 3623 926 3678 comedens
954 3623 1360 3690 interpretatur.

319 3710 379 3764 Et
398 3717 480 3783 qui
505 3715 656 3768 missi
695 3715 924 3783 fuerunt,
955 3727 1104 3769 erant
1148 3732 1212 3770 ea:
1241 3715 1545 3772 Pharisaei;
1576 3721 1615 3773 '.
1647 3719 1819 3787 Quae-

260 3801 396 3868 ritur,
425 3821 594 3875 qnare
619 3803 896 3860 Pharisaei
928 3806 1078 3861 missi
1104 3817 1230 3861 sunt
1275 3808 1344 3862 ad
1392 3807 1687 3864 Joannem?
1713 3811 1817 3866 Sed

260 3894 435 3950 adhoc
477 3896 767 3951 dicendurm
810 3913 824 3950 :
867 3895 990 3952 lJeo
1035 3897 1338 3966 specialiter
1378 3899 1688 3968 Pharisaei,
1719 3918 1816 3956 au-

260 3985 446 4042 dientes
471 3988 931 4057 praedicationem
964 3987 1192 4043 Joannis
1243 3991 1550 4060 generalem
1578 3995 1818 4048 omnium

261 4080 698 4133 resurrectionem
738 4093 804 4132 ex
840 4079 1067 4133 mortuis
1105 4080 1303 4148 populo
1331 4082 1590 4149 suasisse,
1619 4092 1674 4139 et
1707 4101 1821 4140 ma-

261 4166 385 4220 xime
410 4183 473 4223 eo
514 4168 654 4232 loci,
689 4167 782 4221 ubi
821 4167 934 4234 ait,
967 4186 984 4220 ι
1020 4169 1291 4238 genimina
1323 4171 1660 4240 viperarum,
1701 4175 1822 4244 quis

263 4271 342 4310 ms
378 4257 625 4312 liberabit
661 4272 693 4310 a
736 4266 1125 4326 superventura
1168 4259 1246 4312 ira
1281 4278 1328 4325 ι,
1355 4260 1409 4313 in
1446 4260 1650 4330 iudicio
1675 4264 1820 4318 vide-

263 4343 364 4400 licet
383 4357 504 4417 post
523 4348 1001 4412 resurrectionem,
1032 4348 1412 4404 desiderabant
1433 4352 1624 4406 audire
1663 4352 1823 4407 Joan-

263 4451 398 4500 nem;
427 4455 549 4492 nam
573 4446 628 4493 et
652 4439 754 4507 ipsi
782 4439 1230 4494 resurrectionem
1256 4450 1591 4497 mortuorum
1623 4441 1818 4500 ﬁrmis-

263 4525 380 4580 sime
401 4529 693 4583 credebant
713 4537 769 4582 et
793 4529 1190 4598 praedicabant,
1220 4545 1283 4584 ac
1307 4545 1406 4599 per
1429 4533 1534 4586 hoc
1559 4533 1608 4587 in
1635 4534 1818 4589 multis

261 4621 574 4674 consensisse
620 4619 839 4689 Christo
887 4620 1274 4690 perhibentur,
1326 4621 1552 4677 Paulum
1606 4641 1818 4695 quoque

263 4708 536 4770 apostolum
568 4707 885 4778 frequenter
917 4708 1202 4778 adiuvisse.

323 4796 452 4861 Quid
483 4817 604 4870 ergo
643 4800 902 4870 baptizas,
945 4802 990 4853 si
1034 4810 1089 4853 tu
1126 4817 1228 4854 non
1267 4818 1320 4856 es
1360 4801 1620 4868 Christus,
1661 4822 1821 4876 neque

265 4885 450 4954 Helias,
495 4909 658 4964 neque
703 4894 991 4962 propheta?
1041 4893 1350 4961 Quaeritur,
1401 4912 1500 4950 cur
1544 4897 1818 4952 Pharisaei

261 4982 526 5039 tribuerint
556 4985 934 5041 auctoritatem
975 4986 1314 5055 baptismatis
1347 4987 1548 5050 Heliae,
1583 4998 1673 5044 aut
1706 4992 1820 5045 cui-

263 5074 389 5138 piam
433 5078 849 5145 prophetarum;
898 5077 1181 5131 audierant
1225 5077 1368 5131 enim
1417 5080 1468 5132 iu
1521 5079 1818 5148 prophetis,

259 5164 514 5218 Christum
563 5167 615 5219 in
664 5166 922 5221 mundum
969 5180 1251 5222 venturqu
1301 5178 1355 5222 et
1400 5169 1816 5238 baptizaturum.

263 5248 496 5308 Scientes
525 5255 726 5323 itaque,
756 5253 1044 5309 Jordauem
1077 5255 1299 5325 ﬁguram
1334 5255 1675 5326 baptismatis
1704 5275 1822 5331 ges-

260 5341 403 5406 sisse,
448 5359 678 5414 eumque
727 5345 933 5399 Heliam
978 5353 1032 5400 et
1077 5347 1344 5403 Elisaeum
1398 5350 1556 5405 siccis
1600 5353 1823 5420 pedibus

263 5433 546 5497 transiissc,
587 5436 811 5505 ﬁguram
855 5436 1189 5506 baptismatis
1231 5440 1282 5492 in
1328 5439 1475 5494 llelia
1518 5452 1571 5496 et
1611 5442 1820 5498 Elisaeo

262 5535 356 5578 non
400 5525 714 5580 dubitabant
767 5529 1296 5595 praecessisse,‘aut
1345 5532 1463 5587 illos
1513 5533 1654 5604 ipsos
1701 5552 1819 5589 sur-

1921 535 2049 588 bant
2074 552 2086 587 :
2118 553 2134 584 I
2168 531 2559 602 Prophetarum
2590 547 2727 586 unus
2749 547 2808 586 es
2838 541 2891 586 tu
2927 532 2984 585 »ἲ
3008 530 3102 585 sed
3130 529 3503 584 solummodo:

1925 644 1942 674 ι
1975 623 2242 692 Propheta
2270 637 2330 676 es
2361 631 2413 675 tu
2453 623 2517 675 »ἲ
2549 623 2664 690 ipse
2691 621 2960 686 videlicet,
2989 620 3078 690 qui
3109 617 3507 690 praeﬁgurabat

1919 719 2268 788 baptismum.
2298 715 2593 785 Respondit
2619 715 2698 770 eis
2728 732 2741 768 :

1993 809 2108 879 Ego
2139 809 2344 878 baptizo
2385 809 2439 861 in
2477 823 2648 877 aqua;
2679 821 2742 861 ac
2780 805 2824 860 si
2853 805 3058 861 diceret
3086 821 3100 857 :
3132 817 3231 874 ego
3272 802 3417 872 tingo
3449 801 3503 855 in

1921 915 2058 970 aqua
2099 899 2436 955 solummodo
2471 913 2567 967 per
2603 897 2974 968 purgationem
3014 910 3330 965 corporum,
3373 909 3502 948 San-

1920 991 2302 1046 ctiﬁcationem
2349 989 2592 1059 corporis
2636 997 2693 1044 et
2738 988 2948 1042 animae
2997 987 3050 1040 in
3099 1000 3187 1048 eo,
3235 985 3325 1054 qui
3376 999 3504 1036 vere

1919 1083 2192 1152 baptizat,
2225 1083 2616 1155 praeﬁgurans.
2663 1081 2870 1136 Medius
2911 1091 3084 1136 autent
3116 1091 3338 1134 vestrum
3367 1087 3502 1137 stat,

1919 1173 2023 1228 hoc
2047 1183 2158 1239 est,
2190 1187 2449 1244 praesens
2479 1174 2630 1229 vobis
2664 1183 2920 1243 apparet,
2957 1186 3106 1242 quem
3148 1186 3233 1223 ros
3272 1168 3502 1228 nescitis.

1918 1264 2043 1332 quia
2071 1265 2123 1319 in
2149 1279 2272 1320 eum
2289 1281 2394 1320 non
2413 1265 2659 1329 creditis,
2683 1277 2877 1333 neque,
2902 1262 3023 1332 quis
3043 1261 3130 1322 sit,
3155 1259 3501 1329 cOgnoscitis.

1990 1355 2110 1427 Ipse
2153 1366 2260 1422 est,
2305 1359 2396 1427 qui
2437 1368 2550 1426 post
2580 1374 2660 1410 nte
2700 1367 2943 1411 venturus
2980 1363 3075 1408 est.
3121 1353 3219 1407 llic
3258 1361 3372 1416 est,
3412 1353 3502 1420 qui

1920 1447 1971 1500 in
2014 1447 2193 1501 divina
2224 1447 2587 1517 disputatione
2613 1455 2667 1500 et
2710 1444 3144 1514 praedicatione,
3189 1443 3501 1516 priusquam

1919 1539 2074 1593 ﬁeret
2098 1539 2348 1604 mundus,
2380 1536 2948 1606 deﬁuitus’est,quod
2981 1543 3102 1605 post
3132 1549 3218 1588 me
3246 1542 3501 1586 venturus

1916 1629 2141 1698 cssetjn
2171 1630 2452 1691 mundum,
2487 1637 2545 1682 ut
2575 1643 2659 1683 nte
2684 1640 3094 1696 praecursorem
3125 1639 3280 1679 suum
3311 1623 3502 1678 subse-

1918 1729 2194 1790 queretur.
2226 1718 2328 1784 Qui
2359 1728 2478 1773 ante
2501 1734 2581 1772 me
2604 1718 2774 1787 factus
2803 1726 2910 1780 est;
2941 1715 3044 1770 hoc
3072 1722 3176 1778 est,
3202 1713 3292 1782 qui
3321 1728 3503 1767 coraut

1917 1810 2087 1866 oculis
2117 1810 2315 1865 mentis
2350 1825 2501 1864 meae
2537 1820 2591 1864 et
2627 1809 2869 1877 corporis
2905 1821 3162 1877 praesens
3197 1805 3373 1859 factus
3399 1815 3482 1858 est

1916 1903 2095 1972 Ipsum
2143 1902 2406 1972 siquidem
2451 1901 2628 1966 video,
2677 1911 2732 1954 et
2779 1913 3045 1970 cognosco
3094 1899 3145 1951 iu
3195 1897 3371 1950 medio
3416 1911 3505 1950 ve.

1917 2003 2110 2059 strutn,
2159 2009 2254 2049 vos
2283 2001 2462 2048 autem
2489 2007 2613 2047 eum
2650 1991 2889 2046 nescitis.
2935 1990 3030 2045 Est
3072 1998 3126 2042 et
3165 1988 3304 2042 alius
3345 1987 3500 2041 intel-

1917 2085 2088 2140 lectus
2132 2086 2185 2140 in
2231 2085 2316 2140 bis
2359 2083 2560 2147 verbis,
2601 2093 2658 2138 ut
2706 2083 2938 2136 Maximo
3012 2079 3204 2150 placet.
3269 2077 3502 2134 Joannes

1919 2178 2146 2248 ﬁguram
2193 2177 2554 2247 poenitentiae
2601 2176 2759 2246 gerit,
2806 2173 3062 2244 quoniam
3117 2171 3501 2241 poeuiteutiam

1917 2270 2283 2340 praedicavit;
2325 2268 2574 2324 Christus
2613 2277 2791 2322 autem
2825 2266 3052 2335 ﬁguram
3085 2263 3352 2333 iustitiae,
3395 2277 3502 2315 non

1918 2363 2091 2417 solum
2121 2361 2246 2430 quia
2279 2361 2534 2414 mundum
2562 2359 2787 2430 iudicat,
2812 2373 2997 2413 verum
3025 2358 3211 2420 etiam,
3235 2356 3359 2426 quia
3389 2355 3504 2424 ipse

1914 2451 2124 2522 iustitia
2155 2459 2375 2505 aeterna
2406 2459 2509 2506 est.
2544 2449 2878 2505 Poenitentia
2909 2462 3015 2501 non
3057 2447 3159 2501 nisi
3193 2455 3312 2516 post
3349 2460 3504 2515 prae«

1917 2542 2301 2596 varicationem
2352 2539 2598 2609 iustitiae
2641 2539 2783 2592 valet
2831 2537 2986 2603 ﬁeri;
3040 2538 3276 2591 luunana
3323 2535 3505 2604 itaque

1920 2644 2129 2698 natura,
2165 2647 2306 2703 quae
2348 2632 2494 2705 leges
2534 2631 2742 2686 divinas
2785 2630 2836 2684 in
2881 2629 3130 2700 paradiso
3163 2637 3503 2697 transgressa

1916 2735 2022 2789 est,
2052 2727 2151 2780 sub
2177 2739 2407 2795 persona
2453 2723 2676 2780 Joannis
2733 2720 3115 2791 poenitentiam
3145 2718 3420 2789 praedicat
3449 2723 3506 2772 et

1918 2815 2077 2881 facit,
2105 2824 2160 2870 et
2199 2813 2608 2870 substantialem
2652 2812 2744 2866 Dei
2783 2811 2945 2866 Verbi
2979 2808 3242 2878 justitiam
3283 2820 3504 2877 praece-

1918 2908 2131 2960 dentem
2161 2920 2220 2960 se
2251 2919 2349 2973 per
2381 2903 2752 2965 divinitatem,
2784 2910 2838 2954 et
2868 2909 2989 2970 post
3018 2913 3076 2952 se
3099 2907 3378 2952 venturam
3408 2912 3506 2966 per

1916 2995 2098 3050 carnis
2137 2992 2591 3062 dispensationem
2636 2988 2923 3044 manifeste
2965 2987 3226 3052 declarat,
3267 2996 3325 3040 ut
3358 3002 3499 3049 eam,

1919 3087 2209 3140 humanam
2253 3085 2374 3140 dico
2414 3095 2683 3148 naturam,
2716 3080 2871 3150 juxta
2914 3080 3122 3134 divinas
3161 3078 3325 3148 leges,
3367 3094 3503 3146 quas

1919 3176 2276 3247 superbiendo
2306 3185 2606 3246 spreverat,
2635 3181 3046 3230 conversantem
3067 3212 3080 3234 ,
3112 3171 3177 3223 ad
3216 3169 3500 3239 pristinum

1918 3277 2172 3322 aeternae
2201 3267 2442 3337 iustitiae
2475 3273 2676 3320 statum
2725 3269 3024 3318 revocaret.
3067 3259 3231 3330 Cujus
3266 3276 3358 3329 ego
3398 3276 3502 3313 non

1918 3379 2033 3416 sum
2065 3362 2274 3431 dignus,
2301 3369 2357 3418 et
2387 3360 2616 3429 reliqua.
2647 3357 3081 3414 Calceamentum
3113 3354 3269 3409 Verbi
3297 3362 3380 3407 est
3405 3363 3504 3406 sua

1918 3469 2072 3517 caro,
2099 3467 2260 3524 quam
2289 3450 2359 3507 de
2381 3451 2589 3521 virgine
2616 3455 2969 3509 assumserat,
2994 3459 3132 3514 quae
3158 3458 3252 3514 per
3279 3445 3503 3514 ﬁgurant

1919 3541 2270 3600 calceamenti
2313 3543 2636 3596 insinuatur.
2684 3538 2751 3594 Ut
2793 3539 2935 3592 enim
2979 3536 3400 3591 calceamentnm
3436 3548 3501 3587 ex

1918 3635 2065 3690 corio
2088 3643 2422 3688 mortuorum
2446 3629 2758 3686 animalium
2777 3615 3030 3692 ellicitur,
3057 3628 3128 3682 ita
3151 3641 3280 3679 caro
3302 3623 3502 3679 Christi

1919 3733 2139 3794 propter
2166 3738 2264 3778 nos
2290 3721 2534 3778 mortalis
2563 3720 2704 3775 facta
2735 3727 2840 3783 est,
2871 3727 2930 3772 ut
2960 3725 3132 3772 morte
3162 3715 3328 3784 ipsius
3358 3729 3505 3769 mors

1920 3823 2107 3870 nostra
2138 3813 2358 3870 omnino
2389 3811 2812 3867 interimeretur.
2837 3807 2986 3866 ‘Nam
3015 3822 3144 3864 caro
3169 3804 3368 3860 Christi
3398 3819 3503 3859 non

1919 3906 2114 3960 merito
2144 3905 2224 3959 sui
2256 3903 2465 3974 peccati
2497 3901 2739 3956 mortalis
2765 3899 2904 3954 facta
2932 3907 3051 3963 est,
3084 3898 3224 3953 sicut
3252 3911 3380 3952 caro
3407 3911 3505 3950 no-

1920 4007 2053 4060 stra,
2083 3998 2177 4050 sed
2217 3995 2282 4049 ad
2323 4001 2571 4048 naturam
2611 4002 2850 4046 nostram
2892 3998 3011 4060 post
3050 3998 3332 4058 peccatum
3373 4003 3506 4041 con-

1921 4083 2270 4138 descensione
2297 4081 2566 4152 passibilis
2595 4089 2732 4134 erat.
2767 4079 2996 4138 Mortem
3025 4077 3289 4146 siquidem
3318 4075 3504 4131 subire

1919 4184 2143 4246 propter
2169 4190 2268 4229 nos
2296 4189 2400 4228 non
2430 4173 2626 4237 renuit,
2660 4185 2878 4226 causam
2909 4184 3036 4224 vero
3067 4167 3274 4231 mortis,
3309 4181 3500 4236 pecca-

1922 4274 2033 4318 tum
2061 4265 2202 4327 dico,
2244 4280 2349 4318 non
2391 4264 2613 4333 recepit.
2657 4263 2886 4330 Ideoque
2921 4274 3068 4314 mors
3100 4273 3224 4312 cum
3263 4258 3504 4312 detinere

1923 4373 2029 4411 non
2059 4357 2251 4425 potuit,
2274 4356 2399 4426 quia
2424 4356 2636 4410 debitor
2659 4354 2848 4406 mortis
2876 4367 2979 4406 nou
3005 4349 3125 4403 fuit.
3151 4348 3265 4403 Non
3295 4359 3505 4420 poterat

1923 4465 2070 4505 mors
2095 4449 2337 4504 detinere
2361 4447 2659 4516 captivum,
2689 4460 2848 4513 quem
2877 4458 2982 4498 uon
3017 4442 3296 4496 invenerat
3325 4441 3504 4499 crimi-

1924 4557 2132 4595 nosum.
2174 4538 2221 4593 A
2267 4539 2444 4608 primo
2488 4551 2617 4607 ergo
2659 4537 2877 4590 homine
2919 4543 3046 4588 ante
3091 4543 3370 4601 peccatum
3410 4547 3500 4585 ac-

1920 4632 2063 4702 cepit
2115 4631 2317 4700 absque
2367 4638 2591 4700 peccato
2635 4641 2789 4692 esse;
2845 4628 2914 4682 ab
2965 4627 3153 4681 eodem
3215 4633 3333 4694 post
3375 4639 3502 4693 pec-

1921 4732 2099 4776 catum
2149 4720 2360 4790 accepit
2415 4718 2549 4773 mori
2595 4733 2784 4788 posse;
2840 4716 3036 4785 quibus
3082 4717 3291 4770 duolms
3338 4725 3503 4768 totam

1924 4819 2161 4864 nostram
2227 4821 2474 4865 naturam
2540 4809 2592 4863 in
2657 4823 2717 4862 se
2772 4808 2888 4878 ipso
2954 4807 3210 4862 restituit.
3279 4805 3505 4858 Mortem

1923 4902 2118 4972 quippe
2172 4912 2411 4957 nostram
2459 4902 2680 4955 omnino
2736 4901 2789 4954 in
2836 4914 2894 4954 se
2946 4898 3175 4962 delevit,
3230 4907 3284 4950 et
3339 4897 3502 4950 vitam

1927 5001 2202 5045 aeternam
2252 4991 2506 5045 restituit.
2554 4991 2632 5044 Eo
2664 5005 2812 5054 vero,
2864 4989 3006 5058 quod
3049 4997 3272 5057 peccato
3301 4985 3499 5046 caruit,

1927 5091 2174 5136 nat-uram
2214 5091 2480 5145 nostram,
2506 5089 2793 5148 antequam
2842 5087 3111 5147 peccaret,
3158 5076 3209 5129 in
3241 5092 3298 5128 se
3335 5071 3505 5130 mani-

1927 5162 2176 5225 festavit?
2193 5168 2251 5224 Si
2294 5169 2477 5239 itaque
2515 5169 2940 5225 calceamentqu
2977 5166 3134 5222 Verbi
3189 5181 3316 5217 caro
3343 5160 3501 5213 Vel-hi

1920 5276 2303 5339 subtilitatem,
2355 5282 2410 5328 et
2449 5267 2880 5338 iuvestigabiletu
2945 5261 3346 5333 perplexiomem
3382 5267 3496 5320 my-

1920 5372 2218 5428 steriorqu
2262 5362 2656 5420 incarnationis
2718 5358 2983 5426 intellige.
3023 5353 3192 5421 Cujus
3253 5341 3498 5416 mysterzi

1924 5463 2272 5520 altitudinem
2304 5457 2514 5513 solvere
2541 5452 2824 5521 indignum
2855 5465 2909 5500 se
2938 5454 3242 5513 praecursor
3269 5435 3501 5505 iudicat.

1566 5626 1810 5681 VAlllAE
1848 5624 2250 5686 LECTIUM-J).

327 5704 341 5735 ⁸
379 5707 489 5762 00⁸1
540 5712 729 5785 ϐρέφος.
810 5712 828 5740 ²
852 5711 981 5766 Cod.
1019 5712 1266 5768 Furianis.
1349 5717 1365 5746 ³
1394 5717 1518 5769 Coti.
1553 5720 1813 5783 :li,’fiwiiu.v.
