  <div class='ocr_page' id='page_1' title='image "/cluster/home/n/w/nwhite01/storage/ocr_20150623/122/hvd.32044054759840/191.png"; bbox 0 0 3952 6156; ppageno 0'>
   <div class='ocr_carea' id='block_1_1' title="bbox 398 207 493 263">
    <p class='ocr_par' dir='ltr' id='par_1_1' title="bbox 398 207 493 263">
     <span class='ocr_line' id='line_1_1' title="bbox 398 207 493 263; baseline -0.011 0"><span class='ocrx_word' id='word_1_1' title='bbox 398 207 493 263; x_wconf 76' lang='lat'><strong>50&#39;.</strong></span> 
     </span>
    </p>
   </div>
   <div class='ocr_carea' id='block_1_2' title="bbox 1758 204 2276 261">
    <p class='ocr_par' dir='ltr' id='par_1_2' title="bbox 1758 204 2276 261">
     <span class='ocr_line' id='line_1_2' title="bbox 1758 204 2276 261; baseline 0 -3"><span class='ocrx_word' id='word_1_2' title='bbox 1758 204 2039 261; x_wconf 67' lang='lat' dir='ltr'><strong>IUANNIS</strong></span> <span class='ocrx_word' id='word_1_3' title='bbox 2076 204 2276 260; x_wconf 82' lang='lat' dir='ltr'><strong>SCOTI</strong></span> 
     </span>
    </p>
   </div>
   <div class='ocr_carea' id='block_1_3' title="bbox 3549 212 3649 269">
    <p class='ocr_par' dir='ltr' id='par_1_3' title="bbox 3549 212 3649 269">
     <span class='ocr_line' id='line_1_3' title="bbox 3549 212 3649 269; baseline 0 0"><span class='ocrx_word' id='word_1_4' title='bbox 3549 212 3649 269; x_wconf 72' lang='lat'><strong>308</strong></span> 
     </span>
    </p>
   </div>
   <div class='ocr_carea' id='block_1_4' title="bbox 405 293 3651 371">
    <p class='ocr_par' dir='ltr' id='par_1_4' title="bbox 405 293 3651 371">
     <span class='ocr_line' id='line_1_4' title="bbox 405 293 3651 371; baseline 0.002 -21"><span class='ocrx_word' id='word_1_5' title='bbox 405 293 705 353; x_wconf 72' lang='lat' dir='ltr'><strong>Notandum</strong></span> <span class='ocrx_word' id='word_1_6' title='bbox 736 305 933 358; x_wconf 86' lang='lat' dir='ltr'><strong>tamen,</strong></span> <span class='ocrx_word' id='word_1_7' title='bbox 964 294 1104 363; x_wconf 86' lang='lat' dir='ltr'><strong>quod</strong></span> <span class='ocrx_word' id='word_1_8' title='bbox 1134 310 1235 348; x_wconf 90' lang='lat' dir='ltr'><strong>non</strong></span> <span class='ocrx_word' id='word_1_9' title='bbox 1261 295 1417 353; x_wconf 63' lang='lat' dir='ltr'><strong>dixit.</strong></span> <span class='ocrx_word' id='word_1_10' title='bbox 1459 314 1476 344; x_wconf 83' lang='grc' dir='ltr'><strong>ι</strong></span> <span class='ocrx_word' id='word_1_11' title='bbox 1512 293 1666 362; x_wconf 89' lang='lat' dir='ltr'><strong>cujus</strong></span> <span class='ocrx_word' id='word_1_12' title='bbox 1689 296 1974 365; x_wconf 83' lang='lat' dir='ltr'><strong>corrigiam</strong></span> <span class='ocrx_word' id='word_1_13' title='bbox 2008 297 2051 356; x_wconf 86' lang='lat' dir='ltr'><strong>A</strong></span> <span class='ocrx_word' id='word_1_14' title='bbox 2081 303 2356 350; x_wconf 89' lang='lat' dir='ltr'><strong>cramenta</strong></span> <span class='ocrx_word' id='word_1_15' title='bbox 2373 296 2710 368; x_wconf 89' lang='lat' dir='ltr'><strong>baptismatis</strong></span> <span class='ocrx_word' id='word_1_16' title='bbox 2724 296 3118 354; x_wconf 87' lang='lat' dir='ltr'><strong>distribuuntur</strong></span> <span class='ocrx_word' id='word_1_17' title='bbox 3132 298 3291 354; x_wconf 85' lang='lat' dir='ltr'><strong>veluti</strong></span> <span class='ocrx_word' id='word_1_18' title='bbox 3309 298 3651 371; x_wconf 84' lang='lat' dir='ltr'><strong>inIudaeam,</strong></span> 
     </span>
    </p>
   </div>
   <div class='ocr_carea' id='block_1_5' title="bbox 398 382 1979 445">
    <p class='ocr_par' dir='ltr' id='par_1_5' title="bbox 398 382 1979 445">
     <span class='ocr_line' id='line_1_5' title="bbox 398 382 1979 445; baseline 0 -6"><span class='ocrx_word' id='word_1_19' title='bbox 398 382 753 439; x_wconf 66' lang='lat' dir='ltr'><strong>calceaxuenti</strong></span> <span class='ocrx_word' id='word_1_20' title='bbox 786 399 887 438; x_wconf 92' lang='lat' dir='ltr'><strong>non</strong></span> <span class='ocrx_word' id='word_1_21' title='bbox 934 384 1137 438; x_wconf 85' lang='lat' dir='ltr'><strong>solvam</strong></span> <span class='ocrx_word' id='word_1_22' title='bbox 1176 402 1217 445; x_wconf 76' lang='grc' dir='ltr'><strong>ι,</strong></span> <span class='ocrx_word' id='word_1_23' title='bbox 1268 384 1359 439; x_wconf 88' lang='lat' dir='ltr'><strong>sed</strong></span> <span class='ocrx_word' id='word_1_24' title='bbox 1408 383 1585 437; x_wconf 79' lang='lat' dir='ltr'><strong>dixit:</strong></span> <span class='ocrx_word' id='word_1_25' title='bbox 1642 403 1658 433; x_wconf 84' lang='grc' dir='ltr'><strong>ι</strong></span> <span class='ocrx_word' id='word_1_26' title='bbox 1698 383 1812 438; x_wconf 82' lang='lat' dir='ltr'><strong>Non</strong></span> <span class='ocrx_word' id='word_1_27' title='bbox 1862 400 1979 439; x_wconf 91' lang='lat' dir='ltr'><strong>sum</strong></span> 
     </span>
    </p>
   </div>
   <div class='ocr_carea' id='block_1_6' title="bbox 403 473 1981 544">
    <p class='ocr_par' dir='ltr' id='par_1_6' title="bbox 403 473 1981 544">
     <span class='ocr_line' id='line_1_6' title="bbox 403 473 1981 544; baseline 0.003 -18"><span class='ocrx_word' id='word_1_28' title='bbox 403 476 618 544; x_wconf 80' lang='lat' dir='ltr'><strong>dignus,</strong></span> <span class='ocrx_word' id='word_1_29' title='bbox 657 481 716 527; x_wconf 88' lang='lat' dir='ltr'><strong>ut</strong></span> <span class='ocrx_word' id='word_1_30' title='bbox 749 473 948 527; x_wconf 85' lang='lat' dir='ltr'><strong>solvam</strong></span> <span class='ocrx_word' id='word_1_31' title='bbox 991 474 1276 542; x_wconf 79' lang='lat' dir='ltr'><strong>corrigiam</strong></span> <span class='ocrx_word' id='word_1_32' title='bbox 1328 476 1676 531; x_wconf 86' lang='lat' dir='ltr'><strong>calceamenti</strong></span> <span class='ocrx_word' id='word_1_33' title='bbox 1717 497 1760 531; x_wconf 75' lang='grc' dir='ltr'>ι.</span> <span class='ocrx_word' id='word_1_34' title='bbox 1810 476 1981 532; x_wconf 86' lang='lat' dir='ltr'><strong>Solvit</strong></span> 
     </span>
    </p>
   </div>
   <div class='ocr_carea' id='block_1_7' title="bbox 404 563 1980 636">
    <p class='ocr_par' dir='ltr' id='par_1_7' title="bbox 404 563 1980 636">
     <span class='ocr_line' id='line_1_7' title="bbox 404 563 1980 636; baseline 0.004 -21"><span class='ocrx_word' id='word_1_35' title='bbox 404 565 545 616; x_wconf 83' lang='lat' dir='ltr'><strong>enim</strong></span> <span class='ocrx_word' id='word_1_36' title='bbox 598 563 684 617; x_wconf 85' lang='lat' dir='ltr'><strong>ille</strong></span> <span class='ocrx_word' id='word_1_37' title='bbox 734 564 985 633; x_wconf 85' lang='lat' dir='ltr'><strong>mysteria</strong></span> <span class='ocrx_word' id='word_1_38' title='bbox 1040 565 1429 620; x_wconf 71' lang='lat' dir='ltr'><strong>incarnationis</strong></span> <span class='ocrx_word' id='word_1_39' title='bbox 1475 565 1716 632; x_wconf 78' lang='lat' dir='ltr'><strong>Christi,</strong></span> <span class='ocrx_word' id='word_1_40' title='bbox 1766 569 1980 636; x_wconf 85' lang='lat' dir='ltr'><strong>quando</strong></span> 
     </span>
    </p>
   </div>
   <div class='ocr_carea' id='block_1_8' title="bbox 404 654 1980 726">
    <p class='ocr_par' dir='ltr' id='par_1_8' title="bbox 404 654 1980 726">
     <span class='ocr_line' id='line_1_8' title="bbox 404 654 1980 726; baseline 0.003 -18"><span class='ocrx_word' id='word_1_41' title='bbox 404 654 579 724; x_wconf 84' lang='lat' dir='ltr'><strong>ipsum</strong></span> <span class='ocrx_word' id='word_1_42' title='bbox 610 654 949 724; x_wconf 78' lang='lat' dir='ltr'><strong>apertissime</strong></span> <span class='ocrx_word' id='word_1_43' title='bbox 975 655 1336 709; x_wconf 76' lang='lat' dir='ltr'><strong>numifestavit</strong></span> <span class='ocrx_word' id='word_1_44' title='bbox 1358 658 1576 722; x_wconf 89' lang='lat' dir='ltr'><strong>mundo,</strong></span> <span class='ocrx_word' id='word_1_45' title='bbox 1600 657 1874 726; x_wconf 89' lang='lat' dir='ltr'><strong>multaque</strong></span> <span class='ocrx_word' id='word_1_46' title='bbox 1914 662 1980 713; x_wconf 91' lang='lat' dir='ltr'><strong>de</strong></span> 
     </span>
    </p>
   </div>
   <div class='ocr_carea' id='block_1_9' title="bbox 405 745 1980 817">
    <p class='ocr_par' dir='ltr' id='par_1_9' title="bbox 405 745 1980 817">
     <span class='ocr_line' id='line_1_9' title="bbox 405 745 1980 817; baseline 0.003 -20"><span class='ocrx_word' id='word_1_47' title='bbox 405 747 684 799; x_wconf 68' lang='lat' dir='ltr'><strong>divinitate</strong></span> <span class='ocrx_word' id='word_1_48' title='bbox 727 753 780 798; x_wconf 88' lang='lat' dir='ltr'><strong>et</strong></span> <span class='ocrx_word' id='word_1_49' title='bbox 826 745 1163 800; x_wconf 89' lang='lat' dir='ltr'><strong>humanitate</strong></span> <span class='ocrx_word' id='word_1_50' title='bbox 1208 746 1374 815; x_wconf 81' lang='lat' dir='ltr'><strong>ipsius</strong></span> <span class='ocrx_word' id='word_1_51' title='bbox 1418 748 1646 816; x_wconf 86' lang='lat' dir='ltr'><strong>aperuit.</strong></span> <span class='ocrx_word' id='word_1_52' title='bbox 1699 746 1980 817; x_wconf 85' lang='lat' dir='ltr'><strong>Indignum</strong></span> 
     </span>
    </p>
   </div>
   <div class='ocr_carea' id='block_1_10' title="bbox 405 839 1979 910">
    <p class='ocr_par' dir='ltr' id='par_1_10' title="bbox 405 839 1979 910">
     <span class='ocr_line' id='line_1_10' title="bbox 405 839 1979 910; baseline 0.002 -17"><span class='ocrx_word' id='word_1_53' title='bbox 405 850 579 893; x_wconf 76' lang='lat' dir='ltr'><strong>t-men</strong></span> <span class='ocrx_word' id='word_1_54' title='bbox 603 839 669 892; x_wconf 88' lang='lat' dir='ltr'><strong>ad</strong></span> <span class='ocrx_word' id='word_1_55' title='bbox 708 840 809 893; x_wconf 92' lang='lat' dir='ltr'><strong>hoc</strong></span> <span class='ocrx_word' id='word_1_56' title='bbox 840 840 1103 910; x_wconf 86' lang='lat' dir='ltr'><strong>agendum</strong></span> <span class='ocrx_word' id='word_1_57' title='bbox 1143 855 1200 894; x_wconf 90' lang='lat' dir='ltr'><strong>se</strong></span> <span class='ocrx_word' id='word_1_58' title='bbox 1234 850 1528 908; x_wconf 83' lang='lat' dir='ltr'><strong>comparat.</strong></span> <span class='ocrx_word' id='word_1_59' title='bbox 1584 840 1765 895; x_wconf 88' lang='lat' dir='ltr'><strong>Potest</strong></span> <span class='ocrx_word' id='word_1_60' title='bbox 1818 843 1979 896; x_wconf 89' lang='lat' dir='ltr'><strong>etiam</strong></span> 
     </span>
    </p>
   </div>
   <div class='ocr_carea' id='block_1_11' title="bbox 405 928 1978 994">
    <p class='ocr_par' dir='ltr' id='par_1_11' title="bbox 405 928 1978 994">
     <span class='ocr_line' id='line_1_11' title="bbox 405 928 1978 994; baseline 0.003 -12"><span class='ocrx_word' id='word_1_61' title='bbox 405 942 500 994; x_wconf 64' lang='lat' dir='ltr'><strong>per</strong></span> <span class='ocrx_word' id='word_1_62' title='bbox 527 929 945 984; x_wconf 89' lang='lat' dir='ltr'><strong>calceamentum</strong></span> <span class='ocrx_word' id='word_1_63' title='bbox 977 928 1174 984; x_wconf 79' lang='lat' dir='ltr'><strong>Christi</strong></span> <span class='ocrx_word' id='word_1_64' title='bbox 1199 929 1423 984; x_wconf 81' lang='lat' dir='ltr'><strong>visibilis</strong></span> <span class='ocrx_word' id='word_1_65' title='bbox 1449 939 1696 985; x_wconf 83' lang='lat' dir='ltr'><strong>creatura</strong></span> <span class='ocrx_word' id='word_1_66' title='bbox 1719 941 1774 986; x_wconf 90' lang='lat' dir='ltr'><strong>et</strong></span> <span class='ocrx_word' id='word_1_67' title='bbox 1795 942 1978 986; x_wconf 87' lang='lat' dir='ltr'><strong>sancta</strong></span> 
     </span>
    </p>
   </div>
   <div class='ocr_carea' id='block_1_12' title="bbox 350 1019 1981 1091">
    <p class='ocr_par' dir='ltr' id='par_1_12' title="bbox 350 1019 1981 1091">
     <span class='ocr_line' id='line_1_12' title="bbox 350 1019 1981 1091; baseline 0.002 -19"><span class='ocrx_word' id='word_1_68' title='bbox 350 1026 356 1031; x_wconf 79' lang='grc'><em>”</em></span> <span class='ocrx_word' id='word_1_69' title='bbox 403 1020 683 1088; x_wconf 83' lang='lat' dir='ltr'><strong>Scriptura</strong></span> <span class='ocrx_word' id='word_1_70' title='bbox 711 1019 1032 1089; x_wconf 83' lang='lat' dir='ltr'><strong>signiﬁcari;</strong></span> <span class='ocrx_word' id='word_1_71' title='bbox 1068 1020 1118 1073; x_wconf 89' lang='lat' dir='ltr'><strong>in</strong></span> <span class='ocrx_word' id='word_1_72' title='bbox 1147 1020 1231 1075; x_wconf 90' lang='lat' dir='ltr'><strong>his</strong></span> <span class='ocrx_word' id='word_1_73' title='bbox 1257 1021 1399 1074; x_wconf 91' lang='lat' dir='ltr'><strong>enim</strong></span> <span class='ocrx_word' id='word_1_74' title='bbox 1429 1022 1652 1091; x_wconf 83' lang='lat' dir='ltr'><strong>vestigia</strong></span> <span class='ocrx_word' id='word_1_75' title='bbox 1696 1037 1791 1077; x_wconf 88' lang='lat' dir='ltr'><strong>sua</strong></span> <span class='ocrx_word' id='word_1_76' title='bbox 1816 1022 1981 1077; x_wconf 78' lang='lat' dir='ltr'><strong>veluti</strong></span> 
     </span>
    </p>
   </div>
   <div class='ocr_carea' id='block_1_13' title="bbox 403 1111 1980 1181">
    <p class='ocr_par' dir='ltr' id='par_1_13' title="bbox 403 1111 1980 1181">
     <span class='ocr_line' id='line_1_13' title="bbox 403 1111 1980 1181; baseline 0.004 -18"><span class='ocrx_word' id='word_1_77' title='bbox 403 1113 564 1181; x_wconf 86' lang='lat' dir='ltr'><strong>pedes</strong></span> <span class='ocrx_word' id='word_1_78' title='bbox 593 1128 717 1166; x_wconf 90' lang='lat' dir='ltr'><strong>suos</strong></span> <span class='ocrx_word' id='word_1_79' title='bbox 741 1111 931 1181; x_wconf 84' lang='lat' dir='ltr'><strong>inﬁgit.</strong></span> <span class='ocrx_word' id='word_1_80' title='bbox 956 1111 1190 1180; x_wconf 32' lang='lat' dir='ltr'><strong>.llabitns</strong></span> <span class='ocrx_word' id='word_1_81' title='bbox 1215 1112 1413 1181; x_wconf 86' lang='lat' dir='ltr'><strong>quippe</strong></span> <span class='ocrx_word' id='word_1_82' title='bbox 1442 1112 1603 1169; x_wconf 81' lang='lat' dir='ltr'><strong>Verbi</strong></span> <span class='ocrx_word' id='word_1_83' title='bbox 1631 1123 1716 1168; x_wconf 93' lang='lat' dir='ltr'><strong>est</strong></span> <span class='ocrx_word' id='word_1_84' title='bbox 1734 1123 1980 1169; x_wconf 88' lang='lat' dir='ltr'><strong>creatura</strong></span> 
     </span>
    </p>
   </div>
   <div class='ocr_carea' id='block_1_14' title="bbox 404 1202 1980 1272">
    <p class='ocr_par' dir='ltr' id='par_1_14' title="bbox 404 1202 1980 1272">
     <span class='ocr_line' id='line_1_14' title="bbox 404 1202 1980 1272; baseline 0.002 -17"><span class='ocrx_word' id='word_1_85' title='bbox 404 1202 645 1266; x_wconf 76' lang='lat' dir='ltr'><strong>visibilis,</strong></span> <span class='ocrx_word' id='word_1_86' title='bbox 680 1217 819 1271; x_wconf 88' lang='lat' dir='ltr'><strong>quae</strong></span> <span class='ocrx_word' id='word_1_87' title='bbox 841 1218 960 1254; x_wconf 89' lang='lat' dir='ltr'><strong>cum</strong></span> <span class='ocrx_word' id='word_1_88' title='bbox 988 1210 1171 1270; x_wconf 89' lang='lat' dir='ltr'><strong>aperte</strong></span> <span class='ocrx_word' id='word_1_89' title='bbox 1194 1203 1493 1271; x_wconf 83' lang='lat' dir='ltr'><strong>praedicat,</strong></span> <span class='ocrx_word' id='word_1_90' title='bbox 1525 1203 1980 1272; x_wconf 82' lang='lat' dir='ltr'><strong>pulchritudinem</strong></span> 
     </span>
    </p>
   </div>
   <div class='ocr_carea' id='block_1_15' title="bbox 404 1290 1980 1365">
    <p class='ocr_par' dir='ltr' id='par_1_15' title="bbox 404 1290 1980 1365">
     <span class='ocr_line' id='line_1_15' title="bbox 404 1290 1980 1365; baseline 0.003 -21"><span class='ocrx_word' id='word_1_91' title='bbox 404 1307 554 1344; x_wconf 80' lang='lat' dir='ltr'><strong>suam</strong></span> <span class='ocrx_word' id='word_1_92' title='bbox 581 1291 732 1344; x_wconf 88' lang='lat' dir='ltr'><strong>nobis</strong></span> <span class='ocrx_word' id='word_1_93' title='bbox 769 1290 1136 1346; x_wconf 76' lang='lat' dir='ltr'><strong>manifestans.</strong></span> <span class='ocrx_word' id='word_1_94' title='bbox 1169 1292 1396 1347; x_wconf 88' lang='lat' dir='ltr'><strong>Habitus</strong></span> <span class='ocrx_word' id='word_1_95' title='bbox 1443 1308 1656 1363; x_wconf 87' lang='lat' dir='ltr'><strong>quoque</strong></span> <span class='ocrx_word' id='word_1_96' title='bbox 1698 1295 1812 1365; x_wconf 85' lang='lat' dir='ltr'><strong>ejus</strong></span> <span class='ocrx_word' id='word_1_97' title='bbox 1842 1295 1980 1349; x_wconf 81' lang='lat' dir='ltr'><strong>facta</strong></span> 
     </span>
    </p>
   </div>
   <div class='ocr_carea' id='block_1_16' title="bbox 306 1378 1980 1455">
    <p class='ocr_par' dir='ltr' id='par_1_16' title="bbox 306 1378 1980 1455">
     <span class='ocr_line' id='line_1_16' title="bbox 306 1378 1980 1455; baseline 0.004 -21"><span class='ocrx_word' id='word_1_98' title='bbox 306 1378 321 1385; x_wconf 70' lang='grc'><em>’</em></span> <span class='ocrx_word' id='word_1_99' title='bbox 408 1393 489 1435; x_wconf 77' lang='lat' dir='ltr'><strong>est</strong></span> <span class='ocrx_word' id='word_1_100' title='bbox 522 1380 824 1450; x_wconf 83' lang='lat' dir='ltr'><strong>Scriptura,</strong></span> <span class='ocrx_word' id='word_1_101' title='bbox 855 1397 995 1449; x_wconf 89' lang='lat' dir='ltr'><strong>quae</strong></span> <span class='ocrx_word' id='word_1_102' title='bbox 1039 1381 1152 1449; x_wconf 84' lang='lat' dir='ltr'><strong>ejus</strong></span> <span class='ocrx_word' id='word_1_103' title='bbox 1179 1385 1431 1453; x_wconf 81' lang='lat' dir='ltr'><strong>mysteria</strong></span> <span class='ocrx_word' id='word_1_104' title='bbox 1463 1385 1723 1449; x_wconf 78' lang='lat' dir='ltr'><strong>continet,</strong></span> <span class='ocrx_word' id='word_1_105' title='bbox 1754 1401 1980 1455; x_wconf 88' lang='lat' dir='ltr'><strong>quorum</strong></span> 
     </span>
    </p>
   </div>
   <div class='ocr_carea' id='block_1_17' title="bbox 407 1473 1984 1547">
    <p class='ocr_par' dir='ltr' id='par_1_17' title="bbox 407 1473 1984 1547">
     <span class='ocr_line' id='line_1_17' title="bbox 407 1473 1984 1547; baseline 0.004 -22"><span class='ocrx_word' id='word_1_106' title='bbox 407 1474 666 1535; x_wconf 82' lang='lat' dir='ltr'><strong>omnium,</strong></span> <span class='ocrx_word' id='word_1_107' title='bbox 697 1473 747 1526; x_wconf 83' lang='lat' dir='ltr'><strong>id</strong></span> <span class='ocrx_word' id='word_1_108' title='bbox 776 1482 877 1538; x_wconf 83' lang='lat' dir='ltr'><strong>est,</strong></span> <span class='ocrx_word' id='word_1_109' title='bbox 905 1483 1186 1527; x_wconf 65' lang='lat' dir='ltr'><strong>creaturae</strong></span> <span class='ocrx_word' id='word_1_110' title='bbox 1214 1482 1269 1527; x_wconf 91' lang='lat' dir='ltr'><strong>et</strong></span> <span class='ocrx_word' id='word_1_111' title='bbox 1299 1474 1511 1529; x_wconf 89' lang='lat' dir='ltr'><strong>litterae</strong></span> <span class='ocrx_word' id='word_1_112' title='bbox 1546 1476 1856 1547; x_wconf 81' lang='lat' dir='ltr'><strong>corrigiam,</strong></span> <span class='ocrx_word' id='word_1_113' title='bbox 1882 1477 1984 1531; x_wconf 92' lang='lat' dir='ltr'><strong>hoc</strong></span> 
     </span>
    </p>
   </div>
   <div class='ocr_carea' id='block_1_18' title="bbox 397 1564 1983 1635">
    <p class='ocr_par' dir='ltr' id='par_1_18' title="bbox 397 1564 1983 1635">
     <span class='ocr_line' id='line_1_18' title="bbox 397 1564 1983 1635; baseline 0 -17"><span class='ocrx_word' id='word_1_114' title='bbox 397 1574 507 1630; x_wconf 67' lang='lat' dir='ltr'><strong>est,</strong></span> <span class='ocrx_word' id='word_1_115' title='bbox 536 1564 887 1618; x_wconf 89' lang='lat' dir='ltr'><strong>subtilitatem</strong></span> <span class='ocrx_word' id='word_1_116' title='bbox 913 1564 1120 1618; x_wconf 84' lang='lat' dir='ltr'><strong>solvere</strong></span> <span class='ocrx_word' id='word_1_117' title='bbox 1143 1564 1416 1634; x_wconf 84' lang='lat' dir='ltr'><strong>indignum</strong></span> <span class='ocrx_word' id='word_1_118' title='bbox 1446 1581 1504 1620; x_wconf 89' lang='lat' dir='ltr'><strong>se</strong></span> <span class='ocrx_word' id='word_1_119' title='bbox 1532 1581 1851 1635; x_wconf 81' lang='lat' dir='ltr'><strong>praeeursor</strong></span> <span class='ocrx_word' id='word_1_120' title='bbox 1879 1566 1983 1620; x_wconf 79' lang='lat' dir='ltr'><strong>exi-</strong></span> 
     </span>
    </p>
   </div>
   <div class='ocr_carea' id='block_1_19' title="bbox 2084 385 3650 449">
    <p class='ocr_par' dir='ltr' id='par_1_19' title="bbox 2084 385 3650 449">
     <span class='ocr_line' id='line_1_19' title="bbox 2084 385 3650 449; baseline 0.006 -10"><span class='ocrx_word' id='word_1_121' title='bbox 2084 385 2136 440; x_wconf 89' lang='lat' dir='ltr'><strong>id</strong></span> <span class='ocrx_word' id='word_1_122' title='bbox 2174 396 2277 449; x_wconf 91' lang='lat' dir='ltr'><strong>est,</strong></span> <span class='ocrx_word' id='word_1_123' title='bbox 2320 388 2371 442; x_wconf 89' lang='lat' dir='ltr'><strong>in</strong></span> <span class='ocrx_word' id='word_1_124' title='bbox 2398 402 2581 442; x_wconf 86' lang='lat' dir='ltr'><strong>veram</strong></span> <span class='ocrx_word' id='word_1_125' title='bbox 2618 388 3011 443; x_wconf 79' lang='lat' dir='ltr'><strong>confessionem</strong></span> <span class='ocrx_word' id='word_1_126' title='bbox 3058 388 3180 445; x_wconf 85' lang='lat' dir='ltr'><strong>ﬁdei</strong></span> <span class='ocrx_word' id='word_1_127' title='bbox 3234 398 3289 445; x_wconf 91' lang='lat' dir='ltr'><strong>et</strong></span> <span class='ocrx_word' id='word_1_128' title='bbox 3339 392 3566 448; x_wconf 86' lang='lat' dir='ltr'><strong>actionis</strong></span> <span class='ocrx_word' id='word_1_129' title='bbox 3601 406 3650 449; x_wconf 84' lang='lat' dir='ltr'><strong>et</strong></span> 
     </span>
    </p>
   </div>
   <div class='ocr_carea' id='block_1_20' title="bbox 2082 476 3654 547">
    <p class='ocr_par' dir='ltr' id='par_1_20' title="bbox 2082 476 3654 547">
     <span class='ocr_line' id='line_1_20' title="bbox 2082 476 3654 547; baseline 0.006 -17"><span class='ocrx_word' id='word_1_130' title='bbox 2082 476 2360 541; x_wconf 87' lang='lat' dir='ltr'><strong>scientiae,</strong></span> <span class='ocrx_word' id='word_1_131' title='bbox 2392 486 2446 532; x_wconf 90' lang='lat' dir='ltr'><strong>et</strong></span> <span class='ocrx_word' id='word_1_132' title='bbox 2480 478 2532 531; x_wconf 93' lang='lat' dir='ltr'><strong>in</strong></span> <span class='ocrx_word' id='word_1_133' title='bbox 2558 477 2774 532; x_wconf 90' lang='lat' dir='ltr'><strong>domum</strong></span> <span class='ocrx_word' id='word_1_134' title='bbox 2797 478 3155 543; x_wconf 86' lang='lat' dir='ltr'><strong>obedientiae,</strong></span> <span class='ocrx_word' id='word_1_135' title='bbox 3185 481 3287 536; x_wconf 92' lang='lat' dir='ltr'><strong>hoc</strong></span> <span class='ocrx_word' id='word_1_136' title='bbox 3315 489 3416 547; x_wconf 88' lang='lat' dir='ltr'><strong>est,</strong></span> <span class='ocrx_word' id='word_1_137' title='bbox 3452 482 3505 536; x_wconf 91' lang='lat' dir='ltr'><strong>in</strong></span> <span class='ocrx_word' id='word_1_138' title='bbox 3532 482 3654 538; x_wconf 80' lang='lat' dir='ltr'><strong>nni-</strong></span> 
     </span>
    </p>
   </div>
   <div class='ocr_carea' id='block_1_21' title="bbox 2082 566 3653 638">
    <p class='ocr_par' dir='ltr' id='par_1_21' title="bbox 2082 566 3653 638">
     <span class='ocr_line' id='line_1_21' title="bbox 2082 566 3653 638; baseline 0.005 -20"><span class='ocrx_word' id='word_1_139' title='bbox 2082 574 2245 620; x_wconf 88' lang='lat' dir='ltr'><strong>tatem</strong></span> <span class='ocrx_word' id='word_1_140' title='bbox 2278 566 2551 622; x_wconf 87' lang='lat' dir='ltr'><strong>Ecclesiae</strong></span> <span class='ocrx_word' id='word_1_141' title='bbox 2576 567 2775 622; x_wconf 88' lang='lat' dir='ltr'><strong>divinis</strong></span> <span class='ocrx_word' id='word_1_142' title='bbox 2798 567 3002 638; x_wconf 78' lang='lat' dir='ltr'><strong>legibus</strong></span> <span class='ocrx_word' id='word_1_143' title='bbox 3023 567 3323 625; x_wconf 85' lang='lat' dir='ltr'><strong>obedientis</strong></span> <span class='ocrx_word' id='word_1_144' title='bbox 3348 569 3653 626; x_wconf 87' lang='lat' dir='ltr'><strong>transducta</strong></span> 
     </span>
    </p>
   </div>
   <div class='ocr_carea' id='block_1_22' title="bbox 2075 656 3657 729">
    <p class='ocr_par' dir='ltr' id='par_1_22' title="bbox 2075 656 3657 729">
     <span class='ocr_line' id='line_1_22' title="bbox 2075 656 3657 729; baseline 0.004 -19"><span class='ocrx_word' id='word_1_145' title='bbox 2075 656 2227 727; x_wconf 81' lang='lat' dir='ltr'><strong>juxta</strong></span> <span class='ocrx_word' id='word_1_146' title='bbox 2256 656 2551 712; x_wconf 79' lang='lat' dir='ltr'><strong>Jerusalem</strong></span> <span class='ocrx_word' id='word_1_147' title='bbox 2597 658 2770 727; x_wconf 90' lang='lat' dir='ltr'><strong>posita</strong></span> <span class='ocrx_word' id='word_1_148' title='bbox 2801 668 2901 712; x_wconf 85' lang='lat' dir='ltr'><strong>est.</strong></span> <span class='ocrx_word' id='word_1_149' title='bbox 2943 656 3242 713; x_wconf 85' lang='lat' dir='ltr'><strong>Jerusalem</strong></span> <span class='ocrx_word' id='word_1_150' title='bbox 3285 660 3481 729; x_wconf 86' lang='lat' dir='ltr'><strong>quippe</strong></span> <span class='ocrx_word' id='word_1_151' title='bbox 3527 661 3657 716; x_wconf 73' lang='lat' dir='ltr'><strong>uisio</strong></span> 
     </span>
    </p>
   </div>
   <div class='ocr_carea' id='block_1_23' title="bbox 2080 747 3658 822">
    <p class='ocr_par' dir='ltr' id='par_1_23' title="bbox 2080 747 3658 822">
     <span class='ocr_line' id='line_1_23' title="bbox 2080 747 3658 822; baseline 0.004 -23"><span class='ocrx_word' id='word_1_152' title='bbox 2080 747 2221 813; x_wconf 78' lang='lat' dir='ltr'><strong>pacis</strong></span> <span class='ocrx_word' id='word_1_153' title='bbox 2251 747 2634 816; x_wconf 84' lang='lat' dir='ltr'><strong>interpretatur</strong></span> <span class='ocrx_word' id='word_1_154' title='bbox 2654 749 2701 801; x_wconf 65' lang='grc' dir='ltr'><strong>Β.</strong></span> <span class='ocrx_word' id='word_1_155' title='bbox 2723 748 2871 814; x_wconf 82' lang='lat' dir='ltr'><strong>Quae</strong></span> <span class='ocrx_word' id='word_1_156' title='bbox 2889 748 3176 804; x_wconf 87' lang='lat' dir='ltr'><strong>caelestem</strong></span> <span class='ocrx_word' id='word_1_157' title='bbox 3195 749 3464 806; x_wconf 81' lang='lat' dir='ltr'><strong>civitatem</strong></span> <span class='ocrx_word' id='word_1_158' title='bbox 3492 751 3658 822; x_wconf 86' lang='lat' dir='ltr'><strong>signi-</strong></span> 
     </span>
    </p>
   </div>
   <div class='ocr_carea' id='block_1_24' title="bbox 2083 834 3658 910">
    <p class='ocr_par' dir='ltr' id='par_1_24' title="bbox 2083 834 3658 910">
     <span class='ocr_line' id='line_1_24' title="bbox 2083 834 3658 910; baseline 0.006 -23"><span class='ocrx_word' id='word_1_159' title='bbox 2083 834 2226 898; x_wconf 86' lang='lat' dir='ltr'><strong>ﬁcat,</strong></span> <span class='ocrx_word' id='word_1_160' title='bbox 2259 837 2325 897; x_wconf 85' lang='lat' dir='ltr'><strong>ad</strong></span> <span class='ocrx_word' id='word_1_161' title='bbox 2354 851 2514 905; x_wconf 89' lang='lat' dir='ltr'><strong>quam</strong></span> <span class='ocrx_word' id='word_1_162' title='bbox 2559 838 2734 893; x_wconf 90' lang='lat' dir='ltr'><strong>adhuc</strong></span> <span class='ocrx_word' id='word_1_163' title='bbox 2778 840 3011 892; x_wconf 89' lang='lat' dir='ltr'><strong>humana</strong></span> <span class='ocrx_word' id='word_1_164' title='bbox 3041 846 3236 893; x_wconf 88' lang='lat' dir='ltr'><strong>natura</strong></span> <span class='ocrx_word' id='word_1_165' title='bbox 3276 854 3381 895; x_wconf 92' lang='lat' dir='ltr'><strong>non</strong></span> <span class='ocrx_word' id='word_1_166' title='bbox 3413 842 3658 910; x_wconf 86' lang='lat' dir='ltr'><strong>pervenit</strong></span> 
     </span>
    </p>
   </div>
   <div class='ocr_carea' id='block_1_25' title="bbox 2080 926 3657 999">
    <p class='ocr_par' dir='ltr' id='par_1_25' title="bbox 2080 926 3657 999">
     <span class='ocr_line' id='line_1_25' title="bbox 2080 926 3657 999; baseline 0.006 -21"><span class='ocrx_word' id='word_1_167' title='bbox 2080 926 2318 990; x_wconf 89' lang='lat' dir='ltr'><strong>omnino,</strong></span> <span class='ocrx_word' id='word_1_168' title='bbox 2358 929 2500 997; x_wconf 90' lang='lat' dir='ltr'><strong>quod</strong></span> <span class='ocrx_word' id='word_1_169' title='bbox 2543 938 2664 998; x_wconf 91' lang='lat' dir='ltr'><strong>post</strong></span> <span class='ocrx_word' id='word_1_170' title='bbox 2707 928 3010 999; x_wconf 78' lang='lat' dir='ltr'><strong>generalem</strong></span> <span class='ocrx_word' id='word_1_171' title='bbox 3038 930 3276 985; x_wconf 90' lang='lat' dir='ltr'><strong>omnium</strong></span> <span class='ocrx_word' id='word_1_172' title='bbox 3306 933 3657 988; x_wconf 86' lang='lat' dir='ltr'><strong>resurrectio-</strong></span> 
     </span>
    </p>
   </div>
   <div class='ocr_carea' id='block_1_26' title="bbox 2083 1016 3658 1090">
    <p class='ocr_par' dir='ltr' id='par_1_26' title="bbox 2083 1016 3658 1090">
     <span class='ocr_line' id='line_1_26' title="bbox 2083 1016 3658 1090; baseline 0.005 -22"><span class='ocrx_word' id='word_1_173' title='bbox 2083 1030 2203 1069; x_wconf 88' lang='lat' dir='ltr'><strong>nem</strong></span> <span class='ocrx_word' id='word_1_174' title='bbox 2256 1016 2491 1071; x_wconf 84' lang='lat' dir='ltr'><strong>t‘uturum</strong></span> <span class='ocrx_word' id='word_1_175' title='bbox 2533 1033 2653 1073; x_wconf 85' lang='lat' dir='ltr'><strong>esse</strong></span> <span class='ocrx_word' id='word_1_176' title='bbox 2705 1019 2993 1083; x_wconf 87' lang='lat' dir='ltr'><strong>credimus,</strong></span> <span class='ocrx_word' id='word_1_177' title='bbox 3031 1020 3246 1089; x_wconf 84' lang='lat' dir='ltr'><strong>quando</strong></span> <span class='ocrx_word' id='word_1_178' title='bbox 3275 1022 3342 1075; x_wconf 88' lang='lat' dir='ltr'><strong>ad</strong></span> <span class='ocrx_word' id='word_1_179' title='bbox 3393 1021 3658 1090; x_wconf 77' lang='lat' dir='ltr'><strong>integram</strong></span> 
     </span>
    </p>
   </div>
   <div class='ocr_carea' id='block_1_27' title="bbox 2081 1105 3654 1175">
    <p class='ocr_par' dir='ltr' id='par_1_27' title="bbox 2081 1105 3654 1175">
     <span class='ocr_line' id='line_1_27' title="bbox 2081 1105 3654 1175; baseline 0.004 -19"><span class='ocrx_word' id='word_1_180' title='bbox 2081 1105 2557 1175; x_wconf 89' lang='lat' dir='ltr'><strong>plenissimamque</strong></span> <span class='ocrx_word' id='word_1_181' title='bbox 2572 1106 2780 1160; x_wconf 80' lang='lat' dir='ltr'><strong>divinae</strong></span> <span class='ocrx_word' id='word_1_182' title='bbox 2796 1106 3180 1175; x_wconf 85' lang='lat' dir='ltr'><strong>speculationis</strong></span> <span class='ocrx_word' id='word_1_183' title='bbox 3203 1109 3433 1162; x_wconf 82' lang='lat' dir='ltr'><strong>humana</strong></span> <span class='ocrx_word' id='word_1_184' title='bbox 3462 1118 3654 1163; x_wconf 84' lang='lat' dir='ltr'><strong>natura</strong></span> 
     </span>
    </p>
   </div>
   <div class='ocr_carea' id='block_1_28' title="bbox 2050 1184 3658 1269">
    <p class='ocr_par' dir='ltr' id='par_1_28' title="bbox 2050 1184 3658 1269">
     <span class='ocr_line' id='line_1_28' title="bbox 2050 1184 3658 1269; baseline 0.004 -22"><span class='ocrx_word' id='word_1_185' title='bbox 2050 1184 2470 1249; x_wconf 36' lang='lat' dir='ltr'><strong>‘introducetur.</strong></span> <span class='ocrx_word' id='word_1_186' title='bbox 2529 1196 2719 1251; x_wconf 79' lang='lat' dir='ltr'><strong>Adhuc</strong></span> <span class='ocrx_word' id='word_1_187' title='bbox 2764 1207 2940 1251; x_wconf 88' lang='lat' dir='ltr'><strong>tamen</strong></span> <span class='ocrx_word' id='word_1_188' title='bbox 2988 1214 3095 1252; x_wconf 82' lang='lat' dir='ltr'><strong>non</strong></span> <span class='ocrx_word' id='word_1_189' title='bbox 3144 1198 3300 1269; x_wconf 84' lang='lat' dir='ltr'><strong>longe</strong></span> <span class='ocrx_word' id='word_1_190' title='bbox 3352 1215 3380 1254; x_wconf 85' lang='lat' dir='ltr'><strong>a</strong></span> <span class='ocrx_word' id='word_1_191' title='bbox 3436 1201 3658 1255; x_wconf 86' lang='lat' dir='ltr'><strong>caelesti</strong></span> 
     </span>
    </p>
   </div>
   <div class='ocr_carea' id='block_1_29' title="bbox 2082 1286 3659 1354">
    <p class='ocr_par' dir='ltr' id='par_1_29' title="bbox 2082 1286 3659 1354">
     <span class='ocr_line' id='line_1_29' title="bbox 2082 1286 3659 1354; baseline 0.006 -16"><span class='ocrx_word' id='word_1_192' title='bbox 2082 1286 2255 1354; x_wconf 89' lang='lat' dir='ltr'><strong>patria</strong></span> <span class='ocrx_word' id='word_1_193' title='bbox 2281 1286 2459 1349; x_wconf 82' lang='lat' dir='ltr'><strong>distat,</strong></span> <span class='ocrx_word' id='word_1_194' title='bbox 2493 1286 2618 1342; x_wconf 85' lang='lat' dir='ltr'><strong>dum</strong></span> <span class='ocrx_word' id='word_1_195' title='bbox 2651 1288 2826 1343; x_wconf 88' lang='lat' dir='ltr'><strong>adhuc</strong></span> <span class='ocrx_word' id='word_1_196' title='bbox 2859 1289 2910 1342; x_wconf 93' lang='lat' dir='ltr'><strong>in</strong></span> <span class='ocrx_word' id='word_1_197' title='bbox 2939 1304 3103 1344; x_wconf 89' lang='lat' dir='ltr'><strong>carne</strong></span> <span class='ocrx_word' id='word_1_198' title='bbox 3135 1300 3377 1345; x_wconf 85' lang='lat' dir='ltr'><strong>moratur</strong></span> <span class='ocrx_word' id='word_1_199' title='bbox 3403 1292 3454 1345; x_wconf 93' lang='lat' dir='ltr'><strong>in</strong></span> <span class='ocrx_word' id='word_1_200' title='bbox 3496 1293 3659 1347; x_wconf 88' lang='lat' dir='ltr'><strong>domo</strong></span> 
     </span>
    </p>
   </div>
   <div class='ocr_carea' id='block_1_30' title="bbox 2081 1377 3658 1453">
    <p class='ocr_par' dir='ltr' id='par_1_30' title="bbox 2081 1377 3658 1453">
     <span class='ocr_line' id='line_1_30' title="bbox 2081 1377 3658 1453; baseline 0.004 -23"><span class='ocrx_word' id='word_1_201' title='bbox 2081 1377 2436 1431; x_wconf 88' lang='lat' dir='ltr'><strong>obedientiae.</strong></span> <span class='ocrx_word' id='word_1_202' title='bbox 2468 1378 2541 1431; x_wconf 77' lang='lat' dir='ltr'><strong>Ex</strong></span> <span class='ocrx_word' id='word_1_203' title='bbox 2567 1388 2717 1447; x_wconf 90' lang='lat' dir='ltr'><strong>parte</strong></span> <span class='ocrx_word' id='word_1_204' title='bbox 2743 1380 2885 1433; x_wconf 90' lang='lat' dir='ltr'><strong>enim</strong></span> <span class='ocrx_word' id='word_1_205' title='bbox 2922 1382 3204 1437; x_wconf 84' lang='lat' dir='ltr'><strong>veritatem</strong></span> <span class='ocrx_word' id='word_1_206' title='bbox 3242 1384 3540 1453; x_wconf 81' lang='lat' dir='ltr'><strong>cognoscit,</strong></span> <span class='ocrx_word' id='word_1_207' title='bbox 3572 1400 3658 1438; x_wconf 75' lang='grc' dir='ltr'>ειη</span> 
     </span>
    </p>
   </div>
   <div class='ocr_carea' id='block_1_31' title="bbox 2083 1467 3661 1542">
    <p class='ocr_par' dir='ltr' id='par_1_31' title="bbox 2083 1467 3661 1542">
     <span class='ocr_line' id='line_1_31' title="bbox 2083 1467 3661 1542; baseline 0.004 -22"><span class='ocrx_word' id='word_1_208' title='bbox 2083 1467 2439 1536; x_wconf 82' lang='lat' dir='ltr'><strong>redemptoris</strong></span> <span class='ocrx_word' id='word_1_209' title='bbox 2495 1469 2664 1536; x_wconf 82' lang='lat' dir='ltr'><strong>gratia</strong></span> <span class='ocrx_word' id='word_1_210' title='bbox 2719 1468 3047 1534; x_wconf 89' lang='lat' dir='ltr'><strong>illuminata;</strong></span> <span class='ocrx_word' id='word_1_211' title='bbox 3102 1484 3167 1523; x_wconf 81' lang='lat' dir='ltr'><strong>ex</strong></span> <span class='ocrx_word' id='word_1_212' title='bbox 3219 1481 3373 1541; x_wconf 87' lang='lat' dir='ltr'><strong>parte</strong></span> <span class='ocrx_word' id='word_1_213' title='bbox 3419 1474 3661 1542; x_wconf 87' lang='lat' dir='ltr'><strong>prophe-</strong></span> 
     </span>
    </p>
   </div>
   <div class='ocr_carea' id='block_1_32' title="bbox 2084 1550 3663 1631">
    <p class='ocr_par' dir='ltr' id='par_1_32' title="bbox 2084 1550 3663 1631">
     <span class='ocr_line' id='line_1_32' title="bbox 2084 1550 3663 1631; baseline 0.004 -20"><span class='ocrx_word' id='word_1_214' title='bbox 2084 1550 2209 1622; x_wconf 59' lang='grc' dir='ltr'>ιιιιλ,</span> <span class='ocrx_word' id='word_1_215' title='bbox 2264 1557 2617 1612; x_wconf 88' lang='lat' dir='ltr'><strong>invisibilibus</strong></span> <span class='ocrx_word' id='word_1_216' title='bbox 2672 1559 2929 1629; x_wconf 82' lang='lat' dir='ltr'><strong>symbolis</strong></span> <span class='ocrx_word' id='word_1_217' title='bbox 2979 1561 3327 1631; x_wconf 82' lang='lat' dir='ltr'><strong>mysticisque</strong></span> <span class='ocrx_word' id='word_1_218' title='bbox 3398 1562 3663 1618; x_wconf 74' lang='lat' dir='ltr'><strong>doctrinis</strong></span> 
     </span>
    </p>
   </div>
   <div class='ocr_carea' id='block_1_33' title="bbox 404 1648 3664 1723">
    <p class='ocr_par' dir='ltr' id='par_1_33' title="bbox 404 1648 3664 1723">
     <span class='ocr_line' id='line_1_33' title="bbox 404 1648 3664 1723; baseline 0.004 -17"><span class='ocrx_word' id='word_1_219' title='bbox 404 1654 604 1706; x_wconf 84' lang='lat' dir='ltr'><strong>stimat.</strong></span> <span class='ocrx_word' id='word_1_220' title='bbox 633 1652 745 1706; x_wconf 90' lang='lat' dir='ltr'><strong>Duo</strong></span> <span class='ocrx_word' id='word_1_221' title='bbox 770 1652 930 1721; x_wconf 81' lang='lat' dir='ltr'><strong>pedes</strong></span> <span class='ocrx_word' id='word_1_222' title='bbox 953 1652 1112 1715; x_wconf 76' lang='lat' dir='ltr'><strong>Verbi</strong></span> <span class='ocrx_word' id='word_1_223' title='bbox 1141 1662 1285 1717; x_wconf 92' lang='lat' dir='ltr'><strong>sunt,</strong></span> <span class='ocrx_word' id='word_1_224' title='bbox 1312 1671 1539 1723; x_wconf 91' lang='lat' dir='ltr'><strong>quorum</strong></span> <span class='ocrx_word' id='word_1_225' title='bbox 1563 1671 1701 1711; x_wconf 90' lang='lat' dir='ltr'><strong>umts</strong></span> <span class='ocrx_word' id='word_1_226' title='bbox 1722 1667 1804 1709; x_wconf 87' lang='lat' dir='ltr'><strong>est</strong></span> <span class='ocrx_word' id='word_1_227' title='bbox 1829 1663 1983 1709; x_wconf 90' lang='lat' dir='ltr'><strong>natu-</strong></span> <span class='ocrx_word' id='word_1_228' title='bbox 2015 1649 2057 1707; x_wconf 86' lang='lat' dir='ltr'><strong>B</strong></span> <span class='ocrx_word' id='word_1_229' title='bbox 2086 1661 2170 1713; x_wconf 68' lang='lat' dir='ltr'><strong>ea.</strong></span> <span class='ocrx_word' id='word_1_230' title='bbox 2204 1661 2342 1716; x_wconf 74' lang='lat' dir='ltr'><strong>quae</strong></span> <span class='ocrx_word' id='word_1_231' title='bbox 2391 1648 2454 1700; x_wconf 74' lang='lat' dir='ltr'><strong>ad</strong></span> <span class='ocrx_word' id='word_1_232' title='bbox 2502 1661 2693 1715; x_wconf 71' lang='lat' dir='ltr'><strong>Pl&#39;mm</strong></span> <span class='ocrx_word' id='word_1_233' title='bbox 2730 1663 2835 1701; x_wconf 77' lang='lat'><strong>&quot;0&quot;</strong></span> <span class='ocrx_word' id='word_1_234' title='bbox 2893 1648 3159 1719; x_wconf 65' lang='grc' dir='ltr'><strong>ίηίεηίὲίις</strong></span> <span class='ocrx_word' id='word_1_235' title='bbox 3201 1650 3528 1720; x_wconf 68' lang='grc' dir='ltr'>εῑεηῖῢωιιε·</span> <span class='ocrx_word' id='word_1_236' title='bbox 3577 1652 3664 1708; x_wconf 67' lang='grc' dir='ltr'><strong>ΑΒ</strong></span> 
     </span>
    </p>
   </div>
   <div class='ocr_carea' id='block_1_34' title="bbox 407 1742 1981 1816">
    <p class='ocr_par' dir='ltr' id='par_1_34' title="bbox 407 1742 1981 1816">
     <span class='ocr_line' id='line_1_34' title="bbox 407 1742 1981 1816; baseline 0.004 -21"><span class='ocrx_word' id='word_1_237' title='bbox 407 1742 531 1796; x_wconf 86' lang='lat' dir='ltr'><strong>ralis</strong></span> <span class='ocrx_word' id='word_1_238' title='bbox 557 1743 693 1796; x_wconf 89' lang='lat' dir='ltr'><strong>ratio</strong></span> <span class='ocrx_word' id='word_1_239' title='bbox 720 1743 945 1797; x_wconf 83' lang='lat' dir='ltr'><strong>visibilis</strong></span> <span class='ocrx_word' id='word_1_240' title='bbox 967 1753 1268 1808; x_wconf 90' lang='lat' dir='ltr'><strong>creaturae,</strong></span> <span class='ocrx_word' id='word_1_241' title='bbox 1306 1744 1448 1800; x_wconf 87' lang='lat' dir='ltr'><strong>alter</strong></span> <span class='ocrx_word' id='word_1_242' title='bbox 1489 1746 1781 1816; x_wconf 83' lang='lat' dir='ltr'><strong>spiritualis</strong></span> <span class='ocrx_word' id='word_1_243' title='bbox 1820 1746 1981 1801; x_wconf 90' lang='lat' dir='ltr'><strong>intel-</strong></span> 
     </span>
    </p>
   </div>
   <div class='ocr_carea' id='block_1_35' title="bbox 404 1832 1982 1907">
    <p class='ocr_par' dir='ltr' id='par_1_35' title="bbox 404 1832 1982 1907">
     <span class='ocr_line' id='line_1_35' title="bbox 404 1832 1982 1907; baseline 0.003 -21"><span class='ocrx_word' id='word_1_244' title='bbox 404 1835 572 1887; x_wconf 80' lang='lat' dir='ltr'><strong>lectus</strong></span> <span class='ocrx_word' id='word_1_245' title='bbox 617 1832 828 1886; x_wconf 85' lang='lat' dir='ltr'><strong>divinae</strong></span> <span class='ocrx_word' id='word_1_246' title='bbox 874 1832 1207 1903; x_wconf 89' lang='lat' dir='ltr'><strong>Scripturae.</strong></span> <span class='ocrx_word' id='word_1_247' title='bbox 1262 1833 1413 1889; x_wconf 89' lang='lat' dir='ltr'><strong>Unus</strong></span> <span class='ocrx_word' id='word_1_248' title='bbox 1465 1836 1663 1907; x_wconf 78' lang='lat' dir='ltr'><strong>tegitur</strong></span> <span class='ocrx_word' id='word_1_249' title='bbox 1712 1836 1982 1891; x_wconf 90' lang='lat' dir='ltr'><strong>sensibilis</strong></span> 
     </span>
    </p>
   </div>
   <div class='ocr_carea' id='block_1_36' title="bbox 408 1923 1979 1998">
    <p class='ocr_par' dir='ltr' id='par_1_36' title="bbox 408 1923 1979 1998">
     <span class='ocr_line' id='line_1_36' title="bbox 408 1923 1979 1998; baseline 0.005 -23"><span class='ocrx_word' id='word_1_250' title='bbox 408 1924 589 1976; x_wconf 82' lang='lat' dir='ltr'><strong>mundi</strong></span> <span class='ocrx_word' id='word_1_251' title='bbox 616 1923 955 1979; x_wconf 83' lang='lat' dir='ltr'><strong>seusihilibus</strong></span> <span class='ocrx_word' id='word_1_252' title='bbox 986 1924 1193 1991; x_wconf 86' lang='lat' dir='ltr'><strong>formis,</strong></span> <span class='ocrx_word' id='word_1_253' title='bbox 1226 1926 1364 1980; x_wconf 88' lang='lat' dir='ltr'><strong>alter</strong></span> <span class='ocrx_word' id='word_1_254' title='bbox 1397 1928 1700 1982; x_wconf 87' lang='lat' dir='ltr'><strong>divinorum</strong></span> <span class='ocrx_word' id='word_1_255' title='bbox 1745 1929 1979 1998; x_wconf 89' lang='lat' dir='ltr'><strong>apicum,</strong></span> 
     </span>
    </p>
   </div>
   <div class='ocr_carea' id='block_1_37' title="bbox 407 2014 1983 2088">
    <p class='ocr_par' dir='ltr' id='par_1_37' title="bbox 407 2014 1983 2088">
     <span class='ocr_line' id='line_1_37' title="bbox 407 2014 1983 2088; baseline 0.005 -22"><span class='ocrx_word' id='word_1_256' title='bbox 407 2016 507 2067; x_wconf 80' lang='lat' dir='ltr'><strong>hoc</strong></span> <span class='ocrx_word' id='word_1_257' title='bbox 536 2023 641 2079; x_wconf 86' lang='lat' dir='ltr'><strong>est,</strong></span> <span class='ocrx_word' id='word_1_258' title='bbox 674 2014 1072 2083; x_wconf 79' lang='lat' dir='ltr'><strong>Scripturarum</strong></span> <span class='ocrx_word' id='word_1_259' title='bbox 1089 2016 1394 2086; x_wconf 89' lang='lat' dir='ltr'><strong>superﬁcie.</strong></span> <span class='ocrx_word' id='word_1_260' title='bbox 1421 2019 1637 2073; x_wconf 88' lang='lat' dir='ltr'><strong>Duobus</strong></span> <span class='ocrx_word' id='word_1_261' title='bbox 1654 2019 1852 2088; x_wconf 89' lang='lat' dir='ltr'><strong>quippe</strong></span> <span class='ocrx_word' id='word_1_262' title='bbox 1870 2034 1983 2074; x_wconf 91' lang='lat' dir='ltr'><strong>mo-</strong></span> 
     </span>
    </p>
   </div>
   <div class='ocr_carea' id='block_1_38' title="bbox 408 2104 1979 2175">
    <p class='ocr_par' dir='ltr' id='par_1_38' title="bbox 408 2104 1979 2175">
     <span class='ocr_line' id='line_1_38' title="bbox 408 2104 1979 2175; baseline 0.006 -20"><span class='ocrx_word' id='word_1_263' title='bbox 408 2104 491 2159; x_wconf 85' lang='lat' dir='ltr'><strong>dis</strong></span> <span class='ocrx_word' id='word_1_264' title='bbox 504 2105 715 2159; x_wconf 85' lang='lat' dir='ltr'><strong>divinae</strong></span> <span class='ocrx_word' id='word_1_265' title='bbox 742 2104 877 2175; x_wconf 89' lang='lat' dir='ltr'><strong>legis</strong></span> <span class='ocrx_word' id='word_1_266' title='bbox 892 2108 1225 2175; x_wconf 82' lang='lat' dir='ltr'><strong>expositores</strong></span> <span class='ocrx_word' id='word_1_267' title='bbox 1260 2107 1682 2163; x_wconf 88' lang='lat' dir='ltr'><strong>incarnationem</strong></span> <span class='ocrx_word' id='word_1_268' title='bbox 1709 2108 1800 2163; x_wconf 89' lang='lat' dir='ltr'><strong>Dei</strong></span> <span class='ocrx_word' id='word_1_269' title='bbox 1820 2110 1979 2166; x_wconf 84' lang='lat' dir='ltr'><strong>Verbi</strong></span> 
     </span>
    </p>
   </div>
   <div class='ocr_carea' id='block_1_39' title="bbox 408 2193 1979 2267">
    <p class='ocr_par' dir='ltr' id='par_1_39' title="bbox 408 2193 1979 2267">
     <span class='ocr_line' id='line_1_39' title="bbox 408 2193 1979 2267; baseline 0.006 -21"><span class='ocrx_word' id='word_1_270' title='bbox 408 2194 700 2248; x_wconf 87' lang='lat' dir='ltr'><strong>insinuant.</strong></span> <span class='ocrx_word' id='word_1_271' title='bbox 731 2193 968 2257; x_wconf 87' lang='lat' dir='ltr'><strong>Ouorum</strong></span> <span class='ocrx_word' id='word_1_272' title='bbox 995 2211 1131 2249; x_wconf 91' lang='lat' dir='ltr'><strong>unus</strong></span> <span class='ocrx_word' id='word_1_273' title='bbox 1158 2204 1258 2263; x_wconf 89' lang='lat' dir='ltr'><strong>est,</strong></span> <span class='ocrx_word' id='word_1_274' title='bbox 1288 2197 1379 2267; x_wconf 88' lang='lat' dir='ltr'><strong>qui</strong></span> <span class='ocrx_word' id='word_1_275' title='bbox 1409 2196 1527 2266; x_wconf 83' lang='lat' dir='ltr'><strong>ejus</strong></span> <span class='ocrx_word' id='word_1_276' title='bbox 1556 2198 1979 2255; x_wconf 90' lang='lat' dir='ltr'><strong>incarnationem</strong></span> 
     </span>
    </p>
   </div>
   <div class='ocr_carea' id='block_1_40' title="bbox 398 2282 1977 2353">
    <p class='ocr_par' dir='ltr' id='par_1_40' title="bbox 398 2282 1977 2353">
     <span class='ocr_line' id='line_1_40' title="bbox 398 2282 1977 2353; baseline 0.006 -18"><span class='ocrx_word' id='word_1_277' title='bbox 398 2300 467 2336; x_wconf 64' lang='lat' dir='ltr'><strong>ex</strong></span> <span class='ocrx_word' id='word_1_278' title='bbox 497 2282 730 2353; x_wconf 80' lang='lat' dir='ltr'><strong>virgine,</strong></span> <span class='ocrx_word' id='word_1_279' title='bbox 760 2298 865 2353; x_wconf 88' lang='lat' dir='ltr'><strong>qua</strong></span> <span class='ocrx_word' id='word_1_280' title='bbox 899 2284 953 2339; x_wconf 93' lang='lat' dir='ltr'><strong>in</strong></span> <span class='ocrx_word' id='word_1_281' title='bbox 1007 2284 1269 2340; x_wconf 89' lang='lat' dir='ltr'><strong>unitatem</strong></span> <span class='ocrx_word' id='word_1_282' title='bbox 1315 2288 1650 2343; x_wconf 86' lang='lat' dir='ltr'><strong>substantiae</strong></span> <span class='ocrx_word' id='word_1_283' title='bbox 1690 2290 1977 2344; x_wconf 88' lang='lat' dir='ltr'><strong>humanam</strong></span> 
     </span>
    </p>
   </div>
   <div class='ocr_carea' id='block_1_41' title="bbox 413 2376 1975 2451">
    <p class='ocr_par' dir='ltr' id='par_1_41' title="bbox 413 2376 1975 2451">
     <span class='ocr_line' id='line_1_41' title="bbox 413 2376 1975 2451; baseline 0.006 -25"><span class='ocrx_word' id='word_1_284' title='bbox 413 2383 661 2428; x_wconf 86' lang='lat' dir='ltr'><strong>naturam</strong></span> <span class='ocrx_word' id='word_1_285' title='bbox 686 2376 788 2430; x_wconf 88' lang='lat' dir='ltr'><strong>sibi</strong></span> <span class='ocrx_word' id='word_1_286' title='bbox 810 2376 1096 2447; x_wconf 85' lang='lat' dir='ltr'><strong>copulavit,</strong></span> <span class='ocrx_word' id='word_1_287' title='bbox 1134 2379 1341 2433; x_wconf 89' lang='lat' dir='ltr'><strong>edocet.</strong></span> <span class='ocrx_word' id='word_1_288' title='bbox 1371 2378 1522 2433; x_wconf 85' lang='lat' dir='ltr'><strong>Alter</strong></span> <span class='ocrx_word' id='word_1_289' title='bbox 1544 2389 1648 2444; x_wconf 83' lang='lat' dir='ltr'><strong>est,</strong></span> <span class='ocrx_word' id='word_1_290' title='bbox 1679 2381 1772 2450; x_wconf 87' lang='lat' dir='ltr'><strong>qui</strong></span> <span class='ocrx_word' id='word_1_291' title='bbox 1803 2381 1975 2451; x_wconf 88' lang='lat' dir='ltr'><strong>ipsum</strong></span> 
     </span>
    </p>
   </div>
   <div class='ocr_carea' id='block_1_42' title="bbox 411 2464 1979 2535">
    <p class='ocr_par' dir='ltr' id='par_1_42' title="bbox 411 2464 1979 2535">
     <span class='ocr_line' id='line_1_42' title="bbox 411 2464 1979 2535; baseline 0.007 -21"><span class='ocrx_word' id='word_1_292' title='bbox 411 2464 640 2518; x_wconf 81' lang='lat' dir='ltr'><strong>Verbum</strong></span> <span class='ocrx_word' id='word_1_293' title='bbox 655 2467 807 2535; x_wconf 90' lang='lat' dir='ltr'><strong>quasi</strong></span> <span class='ocrx_word' id='word_1_294' title='bbox 823 2467 1284 2531; x_wconf 86' lang='lat' dir='ltr'><strong>incarnatum,hoc</strong></span> <span class='ocrx_word' id='word_1_295' title='bbox 1297 2477 1398 2531; x_wconf 90' lang='lat' dir='ltr'><strong>est,</strong></span> <span class='ocrx_word' id='word_1_296' title='bbox 1415 2469 1770 2525; x_wconf 88' lang='lat' dir='ltr'><strong>incrassatum</strong></span> <span class='ocrx_word' id='word_1_297' title='bbox 1785 2470 1979 2525; x_wconf 89' lang='lat' dir='ltr'><strong>litteris</strong></span> 
     </span>
    </p>
   </div>
   <div class='ocr_carea' id='block_1_43' title="bbox 408 2557 1978 2632">
    <p class='ocr_par' dir='ltr' id='par_1_43' title="bbox 408 2557 1978 2632">
     <span class='ocr_line' id='line_1_43' title="bbox 408 2557 1978 2632; baseline 0.006 -24"><span class='ocrx_word' id='word_1_298' title='bbox 408 2570 701 2626; x_wconf 85' lang='lat' dir='ltr'><strong>rerumque</strong></span> <span class='ocrx_word' id='word_1_299' title='bbox 715 2557 998 2613; x_wconf 78' lang='lat' dir='ltr'><strong>visibilium</strong></span> <span class='ocrx_word' id='word_1_300' title='bbox 1013 2558 1200 2613; x_wconf 81' lang='lat' dir='ltr'><strong>formis</strong></span> <span class='ocrx_word' id='word_1_301' title='bbox 1212 2567 1264 2613; x_wconf 86' lang='lat' dir='ltr'><strong>et</strong></span> <span class='ocrx_word' id='word_1_302' title='bbox 1283 2558 1563 2615; x_wconf 89' lang='lat' dir='ltr'><strong>ordinibus</strong></span> <span class='ocrx_word' id='word_1_303' title='bbox 1582 2560 1793 2615; x_wconf 84' lang='lat' dir='ltr'><strong>asserit.</strong></span> <span class='ocrx_word' id='word_1_304' title='bbox 1814 2559 1978 2632; x_wconf 79' lang='lat' dir='ltr'><strong>Cujus</strong></span> 
     </span>
    </p>
   </div>
   <div class='ocr_carea' id='block_1_44' title="bbox 405 2645 1976 2722">
    <p class='ocr_par' dir='ltr' id='par_1_44' title="bbox 405 2645 1976 2722">
     <span class='ocr_line' id='line_1_44' title="bbox 405 2645 1976 2722; baseline 0.006 -25"><span class='ocrx_word' id='word_1_305' title='bbox 405 2648 416 2697; x_wconf 87' lang='grc' dir='ltr'><strong>ι</strong></span> <span class='ocrx_word' id='word_1_306' title='bbox 444 2645 651 2702; x_wconf 78' lang='lat' dir='ltr'><strong>iformis</strong></span> <span class='ocrx_word' id='word_1_307' title='bbox 669 2648 1013 2703; x_wconf 85' lang='lat' dir='ltr'><strong>calceamenti</strong></span> <span class='ocrx_word' id='word_1_308' title='bbox 1035 2650 1265 2718; x_wconf 83' lang='lat' dir='ltr'><strong>corrigia</strong></span> <span class='ocrx_word' id='word_1_309' title='bbox 1283 2659 1367 2705; x_wconf 85' lang='lat' dir='ltr'><strong>est</strong></span> <span class='ocrx_word' id='word_1_310' title='bbox 1389 2652 1615 2722; x_wconf 82' lang='lat' dir='ltr'><strong>diligens</strong></span> <span class='ocrx_word' id='word_1_311' title='bbox 1638 2654 1689 2706; x_wconf 91' lang='lat' dir='ltr'><strong>in</strong></span> <span class='ocrx_word' id='word_1_312' title='bbox 1709 2653 1976 2707; x_wconf 84' lang='lat' dir='ltr'><strong>hisomni-</strong></span> 
     </span>
    </p>
   </div>
   <div class='ocr_carea' id='block_1_45' title="bbox 411 2738 1977 2813">
    <p class='ocr_par' dir='ltr' id='par_1_45' title="bbox 411 2738 1977 2813">
     <span class='ocr_line' id='line_1_45' title="bbox 411 2738 1977 2813; baseline 0.007 -26"><span class='ocrx_word' id='word_1_313' title='bbox 411 2738 509 2791; x_wconf 90' lang='lat' dir='ltr'><strong>l.us</strong></span> <span class='ocrx_word' id='word_1_314' title='bbox 529 2738 773 2793; x_wconf 82' lang='lat' dir='ltr'><strong>veritatis</strong></span> <span class='ocrx_word' id='word_1_315' title='bbox 800 2738 1072 2809; x_wconf 87' lang='lat' dir='ltr'><strong>inquisitio</strong></span> <span class='ocrx_word' id='word_1_316' title='bbox 1096 2756 1157 2796; x_wconf 79' lang='lat' dir='ltr'><strong>ac</strong></span> <span class='ocrx_word' id='word_1_317' title='bbox 1181 2742 1432 2811; x_wconf 84' lang='lat' dir='ltr'><strong>perplexa</strong></span> <span class='ocrx_word' id='word_1_318' title='bbox 1448 2743 1732 2806; x_wconf 88' lang='lat' dir='ltr'><strong>admodum</strong></span> <span class='ocrx_word' id='word_1_319' title='bbox 1748 2744 1977 2813; x_wconf 84' lang='lat' dir='ltr'><strong>vestiga-</strong></span> 
     </span>
    </p>
   </div>
   <div class='ocr_carea' id='block_1_46' title="bbox 405 2828 1969 2906">
    <p class='ocr_par' dir='ltr' id='par_1_46' title="bbox 405 2828 1969 2906">
     <span class='ocr_line' id='line_1_46' title="bbox 405 2828 1969 2906; baseline 0.006 -26"><span class='ocrx_word' id='word_1_320' title='bbox 405 2828 508 2893; x_wconf 91' lang='lat' dir='ltr'><strong>tio,</strong></span> <span class='ocrx_word' id='word_1_321' title='bbox 551 2828 703 2899; x_wconf 90' lang='lat' dir='ltr'><strong>cujus</strong></span> <span class='ocrx_word' id='word_1_322' title='bbox 735 2830 999 2886; x_wconf 88' lang='lat' dir='ltr'><strong>solutione</strong></span> <span class='ocrx_word' id='word_1_323' title='bbox 1022 2832 1293 2903; x_wconf 75' lang='lat' dir='ltr'><strong>indignum</strong></span> <span class='ocrx_word' id='word_1_324' title='bbox 1323 2848 1382 2888; x_wconf 89' lang='lat' dir='ltr'><strong>se</strong></span> <span class='ocrx_word' id='word_1_325' title='bbox 1408 2836 1969 2906; x_wconf 87' lang='lat' dir='ltr'><strong>praecursorjndicat.</strong></span> 
     </span>
    </p>
   </div>
   <div class='ocr_carea' id='block_1_47' title="bbox 470 2918 1974 2992">
    <p class='ocr_par' dir='ltr' id='par_1_47' title="bbox 470 2918 1974 2992">
     <span class='ocr_line' id='line_1_47' title="bbox 470 2918 1974 2992; baseline 0.007 -21"><span class='ocrx_word' id='word_1_326' title='bbox 470 2918 691 2974; x_wconf 80' lang='lat' dir='ltr'><strong>Haecin</strong></span> <span class='ocrx_word' id='word_1_327' title='bbox 712 2919 966 2976; x_wconf 78' lang='lat' dir='ltr'><strong>Bethania</strong></span> <span class='ocrx_word' id='word_1_328' title='bbox 1009 2922 1151 2991; x_wconf 77' lang='lat' dir='ltr'><strong>facta</strong></span> <span class='ocrx_word' id='word_1_329' title='bbox 1197 2935 1315 2978; x_wconf 80' lang='lat' dir='ltr'><strong>sunt</strong></span> <span class='ocrx_word' id='word_1_330' title='bbox 1342 2935 1487 2979; x_wconf 77' lang='lat' dir='ltr'><strong>(rans</strong></span> <span class='ocrx_word' id='word_1_331' title='bbox 1526 2925 1837 2992; x_wconf 84' lang='lat' dir='ltr'><strong>Iordanem,</strong></span> <span class='ocrx_word' id='word_1_332' title='bbox 1887 2930 1974 2982; x_wconf 82' lang='lat' dir='ltr'><strong>ubi</strong></span> 
     </span>
    </p>
   </div>
   <div class='ocr_carea' id='block_1_48' title="bbox 2084 1737 3666 1810">
    <p class='ocr_par' dir='ltr' id='par_1_48' title="bbox 2084 1737 3666 1810">
     <span class='ocr_line' id='line_1_48' title="bbox 2084 1737 3666 1810; baseline 0.005 -21"><span class='ocrx_word' id='word_1_333' title='bbox 2084 1753 2182 1807; x_wconf 91' lang='lat' dir='ltr'><strong>per</strong></span> <span class='ocrx_word' id='word_1_334' title='bbox 2207 1737 2307 1792; x_wconf 90' lang='lat' dir='ltr'><strong>hoc</strong></span> <span class='ocrx_word' id='word_1_335' title='bbox 2349 1738 2400 1791; x_wconf 93' lang='lat' dir='ltr'><strong>in</strong></span> <span class='ocrx_word' id='word_1_336' title='bbox 2434 1737 2536 1791; x_wconf 89' lang='lat' dir='ltr'><strong>hac</strong></span> <span class='ocrx_word' id='word_1_337' title='bbox 2559 1751 2664 1790; x_wconf 89' lang='lat' dir='ltr'><strong>una</strong></span> <span class='ocrx_word' id='word_1_338' title='bbox 2713 1738 2976 1792; x_wconf 84' lang='lat' dir='ltr'><strong>sententia</strong></span> <span class='ocrx_word' id='word_1_339' title='bbox 3019 1739 3381 1810; x_wconf 84' lang='lat' dir='ltr'><strong>evangelistae</strong></span> <span class='ocrx_word' id='word_1_340' title='bbox 3433 1751 3544 1796; x_wconf 89' lang='lat' dir='ltr'><strong>tres</strong></span> <span class='ocrx_word' id='word_1_341' title='bbox 3582 1740 3666 1797; x_wconf 81' lang='lat' dir='ltr'><strong>ie-</strong></span> 
     </span>
    </p>
   </div>
   <div class='ocr_carea' id='block_1_49' title="bbox 2083 1830 3664 1902">
    <p class='ocr_par' dir='ltr' id='par_1_49' title="bbox 2083 1830 3664 1902">
     <span class='ocr_line' id='line_1_49' title="bbox 2083 1830 3664 1902; baseline 0.003 -18"><span class='ocrx_word' id='word_1_342' title='bbox 2083 1830 2348 1893; x_wconf 87' lang='lat' dir='ltr'><strong>rarchiae,</strong></span> <span class='ocrx_word' id='word_1_343' title='bbox 2388 1831 2489 1885; x_wconf 91' lang='lat' dir='ltr'><strong>hoc</strong></span> <span class='ocrx_word' id='word_1_344' title='bbox 2516 1839 2619 1895; x_wconf 86' lang='lat' dir='ltr'><strong>est,</strong></span> <span class='ocrx_word' id='word_1_345' title='bbox 2655 1830 2756 1884; x_wconf 88' lang='lat' dir='ltr'><strong>tria</strong></span> <span class='ocrx_word' id='word_1_346' title='bbox 2781 1831 3079 1885; x_wconf 88' lang='lat' dir='ltr'><strong>sacerdotia</strong></span> <span class='ocrx_word' id='word_1_347' title='bbox 3111 1831 3338 1902; x_wconf 88' lang='lat' dir='ltr'><strong>mystice</strong></span> <span class='ocrx_word' id='word_1_348' title='bbox 3381 1833 3664 1888; x_wconf 83' lang='lat' dir='ltr'><strong>insinuan-</strong></span> 
     </span>
    </p>
   </div>
   <div class='ocr_carea' id='block_1_50' title="bbox 2082 1921 3664 1996">
    <p class='ocr_par' dir='ltr' id='par_1_50' title="bbox 2082 1921 3664 1996">
     <span class='ocr_line' id='line_1_50' title="bbox 2082 1921 3664 1996; baseline 0.003 -21"><span class='ocrx_word' id='word_1_349' title='bbox 2082 1930 2191 1975; x_wconf 86' lang='lat' dir='ltr'><strong>tur.</strong></span> <span class='ocrx_word' id='word_1_350' title='bbox 2233 1921 2470 1975; x_wconf 89' lang='lat' dir='ltr'><strong>Primum</strong></span> <span class='ocrx_word' id='word_1_351' title='bbox 2504 1921 2766 1989; x_wconf 87' lang='lat' dir='ltr'><strong>siquidem</strong></span> <span class='ocrx_word' id='word_1_352' title='bbox 2799 1922 3181 1996; x_wconf 51' lang='lat' dir='ltr'><strong>sacqlotium,</strong></span> <span class='ocrx_word' id='word_1_353' title='bbox 3232 1924 3373 1991; x_wconf 85' lang='lat' dir='ltr'><strong>quod</strong></span> <span class='ocrx_word' id='word_1_354' title='bbox 3402 1933 3521 1978; x_wconf 88' lang='lat' dir='ltr'><strong>erat</strong></span> <span class='ocrx_word' id='word_1_355' title='bbox 3560 1925 3664 1979; x_wconf 87' lang='lat' dir='ltr'><strong>sub</strong></span> 
     </span>
    </p>
   </div>
   <div class='ocr_carea' id='block_1_51' title="bbox 2082 2010 3661 2083">
    <p class='ocr_par' dir='ltr' id='par_1_51' title="bbox 2082 2010 3661 2083">
     <span class='ocr_line' id='line_1_51' title="bbox 2082 2010 3661 2083; baseline 0.002 -18"><span class='ocrx_word' id='word_1_356' title='bbox 2082 2012 2221 2083; x_wconf 84' lang='lat' dir='ltr'><strong>lege,</strong></span> <span class='ocrx_word' id='word_1_357' title='bbox 2254 2012 2418 2066; x_wconf 87' lang='lat' dir='ltr'><strong>veluti</strong></span> <span class='ocrx_word' id='word_1_358' title='bbox 2442 2011 2701 2066; x_wconf 87' lang='lat' dir='ltr'><strong>Bethania</strong></span> <span class='ocrx_word' id='word_1_359' title='bbox 2732 2012 2871 2066; x_wconf 88' lang='lat' dir='ltr'><strong>ultra</strong></span> <span class='ocrx_word' id='word_1_360' title='bbox 2914 2010 3202 2067; x_wconf 69' lang='lat' dir='ltr'><strong>effusiones</strong></span> <span class='ocrx_word' id='word_1_361' title='bbox 3241 2026 3343 2081; x_wconf 87' lang='lat' dir='ltr'><strong>per</strong></span> <span class='ocrx_word' id='word_1_362' title='bbox 3380 2012 3661 2068; x_wconf 88' lang='lat' dir='ltr'><strong>Christum</strong></span> 
     </span>
    </p>
   </div>
   <div class='ocr_carea' id='block_1_52' title="bbox 2082 2101 3660 2174">
    <p class='ocr_par' dir='ltr' id='par_1_52' title="bbox 2082 2101 3660 2174">
     <span class='ocr_line' id='line_1_52' title="bbox 2082 2101 3660 2174; baseline -0.001 -17"><span class='ocrx_word' id='word_1_363' title='bbox 2082 2104 2289 2174; x_wconf 82' lang='lat' dir='ltr'><strong>gratiae</strong></span> <span class='ocrx_word' id='word_1_364' title='bbox 2314 2112 2371 2159; x_wconf 91' lang='lat' dir='ltr'><strong>et</strong></span> <span class='ocrx_word' id='word_1_365' title='bbox 2388 2104 2635 2157; x_wconf 88' lang='lat' dir='ltr'><strong>veritatis</strong></span> <span class='ocrx_word' id='word_1_366' title='bbox 2658 2104 2710 2158; x_wconf 92' lang='lat' dir='ltr'><strong>in</strong></span> <span class='ocrx_word' id='word_1_367' title='bbox 2741 2101 2889 2157; x_wconf 87' lang='lat' dir='ltr'><strong>Novo</strong></span> <span class='ocrx_word' id='word_1_368' title='bbox 2914 2102 3261 2157; x_wconf 86' lang='lat' dir='ltr'><strong>Testamento</strong></span> <span class='ocrx_word' id='word_1_369' title='bbox 3288 2104 3660 2157; x_wconf 87' lang='lat' dir='ltr'><strong>constituitur.</strong></span> 
     </span>
    </p>
   </div>
   <div class='ocr_carea' id='block_1_53' title="bbox 2080 2190 3664 2261">
    <p class='ocr_par' dir='ltr' id='par_1_53' title="bbox 2080 2190 3664 2261">
     <span class='ocr_line' id='line_1_53' title="bbox 2080 2190 3664 2261; baseline -0.001 -14"><span class='ocrx_word' id='word_1_370' title='bbox 2080 2194 2253 2260; x_wconf 86' lang='lat' dir='ltr'><strong>Quod,</strong></span> <span class='ocrx_word' id='word_1_371' title='bbox 2285 2194 2645 2249; x_wconf 88' lang='lat' dir='ltr'><strong>sacerdotium</strong></span> <span class='ocrx_word' id='word_1_372' title='bbox 2694 2193 2834 2257; x_wconf 91' lang='lat' dir='ltr'><strong>dico,</strong></span> <span class='ocrx_word' id='word_1_373' title='bbox 2866 2192 3024 2261; x_wconf 89' lang='lat' dir='ltr'><strong>longe</strong></span> <span class='ocrx_word' id='word_1_374' title='bbox 3075 2192 3142 2245; x_wconf 90' lang='lat' dir='ltr'><strong>ab</strong></span> <span class='ocrx_word' id='word_1_375' title='bbox 3187 2190 3507 2255; x_wconf 80' lang='lat' dir='ltr'><strong>Jerusalem,</strong></span> <span class='ocrx_word' id='word_1_376' title='bbox 3558 2192 3664 2246; x_wconf 87' lang='lat' dir='ltr'><strong>hoc</strong></span> 
     </span>
    </p>
   </div>
   <div class='ocr_carea' id='block_1_54' title="bbox 2079 2283 3663 2353">
    <p class='ocr_par' dir='ltr' id='par_1_54' title="bbox 2079 2283 3663 2353">
     <span class='ocr_line' id='line_1_54' title="bbox 2079 2283 3663 2353; baseline -0.003 -13"><span class='ocrx_word' id='word_1_377' title='bbox 2079 2295 2184 2351; x_wconf 89' lang='lat' dir='ltr'><strong>est,</strong></span> <span class='ocrx_word' id='word_1_378' title='bbox 2237 2300 2267 2340; x_wconf 91' lang='lat' dir='ltr'><strong>a</strong></span> <span class='ocrx_word' id='word_1_379' title='bbox 2296 2285 2504 2342; x_wconf 88' lang='lat' dir='ltr'><strong>visione</strong></span> <span class='ocrx_word' id='word_1_380' title='bbox 2553 2285 2702 2353; x_wconf 90' lang='lat' dir='ltr'><strong>pacis</strong></span> <span class='ocrx_word' id='word_1_381' title='bbox 2729 2283 2984 2347; x_wconf 85' lang='lat' dir='ltr'><strong>distabat,</strong></span> <span class='ocrx_word' id='word_1_382' title='bbox 3034 2291 3252 2352; x_wconf 87' lang='lat' dir='ltr'><strong>propter</strong></span> <span class='ocrx_word' id='word_1_383' title='bbox 3302 2283 3530 2336; x_wconf 83' lang='lat' dir='ltr'><strong>obscura</strong></span> <span class='ocrx_word' id='word_1_384' title='bbox 3577 2283 3663 2336; x_wconf 87' lang='lat' dir='ltr'><strong>sui</strong></span> 
     </span>
    </p>
   </div>
   <div class='ocr_carea' id='block_1_55' title="bbox 2080 2374 3662 2449">
    <p class='ocr_par' dir='ltr' id='par_1_55' title="bbox 2080 2374 3662 2449">
     <span class='ocr_line' id='line_1_55' title="bbox 2080 2374 3662 2449; baseline -0.005 -15"><span class='ocrx_word' id='word_1_385' title='bbox 2080 2378 2336 2449; x_wconf 84' lang='lat' dir='ltr'><strong>mysteria</strong></span> <span class='ocrx_word' id='word_1_386' title='bbox 2367 2386 2422 2432; x_wconf 89' lang='lat' dir='ltr'><strong>et</strong></span> <span class='ocrx_word' id='word_1_387' title='bbox 2447 2379 2513 2431; x_wconf 90' lang='lat' dir='ltr'><strong>ad</strong></span> <span class='ocrx_word' id='word_1_388' title='bbox 2543 2375 2947 2445; x_wconf 88' lang='lat' dir='ltr'><strong>intelligendum</strong></span> <span class='ocrx_word' id='word_1_389' title='bbox 2976 2374 3309 2437; x_wconf 82' lang='lat' dir='ltr'><strong>difﬁcillima,</strong></span> <span class='ocrx_word' id='word_1_390' title='bbox 3331 2382 3662 2443; x_wconf 82' lang='lat' dir='ltr'><strong>propterque</strong></span> 
     </span>
    </p>
   </div>
   <div class='ocr_carea' id='block_1_56' title="bbox 2078 2465 3664 2535">
    <p class='ocr_par' dir='ltr' id='par_1_56' title="bbox 2078 2465 3664 2535">
     <span class='ocr_line' id='line_1_56' title="bbox 2078 2465 3664 2535; baseline -0.002 -11"><span class='ocrx_word' id='word_1_391' title='bbox 2078 2468 2452 2524; x_wconf 88' lang='lat' dir='ltr'><strong>mandatorum</strong></span> <span class='ocrx_word' id='word_1_392' title='bbox 2497 2466 2614 2535; x_wconf 86' lang='lat' dir='ltr'><strong>ejus</strong></span> <span class='ocrx_word' id='word_1_393' title='bbox 2659 2466 3009 2520; x_wconf 86' lang='lat' dir='ltr'><strong>densissimas</strong></span> <span class='ocrx_word' id='word_1_394' title='bbox 3046 2465 3322 2535; x_wconf 84' lang='lat' dir='ltr'><strong>caligines,</strong></span> <span class='ocrx_word' id='word_1_395' title='bbox 3368 2474 3425 2520; x_wconf 89' lang='lat' dir='ltr'><strong>et</strong></span> <span class='ocrx_word' id='word_1_396' title='bbox 3470 2482 3500 2517; x_wconf 89' lang='lat' dir='ltr'><strong>a</strong></span> <span class='ocrx_word' id='word_1_397' title='bbox 3538 2465 3664 2521; x_wconf 84' lang='lat' dir='ltr'><strong>luce</strong></span> 
     </span>
    </p>
   </div>
   <div class='ocr_carea' id='block_1_57' title="bbox 2077 2555 3663 2614">
    <p class='ocr_par' dir='ltr' id='par_1_57' title="bbox 2077 2555 3663 2614">
     <span class='ocr_line' id='line_1_57' title="bbox 2077 2555 3663 2614; baseline -0.001 -2"><span class='ocrx_word' id='word_1_398' title='bbox 2077 2558 2322 2614; x_wconf 86' lang='lat' dir='ltr'><strong>veritatis</strong></span> <span class='ocrx_word' id='word_1_399' title='bbox 2346 2556 2502 2612; x_wconf 88' lang='lat' dir='ltr'><strong>valde</strong></span> <span class='ocrx_word' id='word_1_400' title='bbox 2544 2567 2798 2612; x_wconf 82' lang='lat' dir='ltr'><strong>remotas.</strong></span> <span class='ocrx_word' id='word_1_401' title='bbox 2850 2556 3154 2612; x_wconf 84' lang='lat' dir='ltr'><strong>Secundum</strong></span> <span class='ocrx_word' id='word_1_402' title='bbox 3185 2555 3547 2611; x_wconf 79' lang='lat' dir='ltr'><strong>sacerdotium</strong></span> <span class='ocrx_word' id='word_1_403' title='bbox 3576 2563 3663 2611; x_wconf 85' lang='lat' dir='ltr'><strong>est</strong></span> 
     </span>
    </p>
   </div>
   <div class='ocr_carea' id='block_1_58' title="bbox 2080 2645 3659 2714">
    <p class='ocr_par' dir='ltr' id='par_1_58' title="bbox 2080 2645 3659 2714">
     <span class='ocr_line' id='line_1_58' title="bbox 2080 2645 3659 2714; baseline -0.004 -11"><span class='ocrx_word' id='word_1_404' title='bbox 2080 2649 2132 2703; x_wconf 93' lang='lat' dir='ltr'><strong>in</strong></span> <span class='ocrx_word' id='word_1_405' title='bbox 2158 2647 2304 2701; x_wconf 89' lang='lat' dir='ltr'><strong>Novo</strong></span> <span class='ocrx_word' id='word_1_406' title='bbox 2329 2646 2704 2709; x_wconf 87' lang='lat' dir='ltr'><strong>Testamento;</strong></span> <span class='ocrx_word' id='word_1_407' title='bbox 2736 2645 2878 2714; x_wconf 89' lang='lat' dir='ltr'><strong>quod</strong></span> <span class='ocrx_word' id='word_1_408' title='bbox 2904 2660 2933 2698; x_wconf 77' lang='grc' dir='ltr'><strong>ιι</strong></span> <span class='ocrx_word' id='word_1_409' title='bbox 2964 2645 3361 2714; x_wconf 86' lang='lat' dir='ltr'><strong>praedicatione</strong></span> <span class='ocrx_word' id='word_1_410' title='bbox 3394 2659 3659 2714; x_wconf 59' lang='lat' dir='ltr'><strong>praecor.</strong></span> 
     </span>
    </p>
   </div>
   <div class='ocr_carea' id='block_1_59' title="bbox 2079 2735 3659 2808">
    <p class='ocr_par' dir='ltr' id='par_1_59' title="bbox 2079 2735 3659 2808">
     <span class='ocr_line' id='line_1_59' title="bbox 2079 2735 3659 2808; baseline -0.005 -13"><span class='ocrx_word' id='word_1_411' title='bbox 2079 2741 2218 2795; x_wconf 89' lang='lat' dir='ltr'><strong>soris</strong></span> <span class='ocrx_word' id='word_1_412' title='bbox 2255 2739 2462 2808; x_wconf 89' lang='lat' dir='ltr'><strong>incipit,</strong></span> <span class='ocrx_word' id='word_1_413' title='bbox 2501 2746 2558 2793; x_wconf 89' lang='lat' dir='ltr'><strong>et</strong></span> <span class='ocrx_word' id='word_1_414' title='bbox 2606 2737 2658 2790; x_wconf 89' lang='lat' dir='ltr'><strong>in</strong></span> <span class='ocrx_word' id='word_1_415' title='bbox 2710 2737 2816 2791; x_wconf 89' lang='lat' dir='ltr'><strong>ﬁne</strong></span> <span class='ocrx_word' id='word_1_416' title='bbox 2865 2736 3046 2789; x_wconf 86' lang='lat' dir='ltr'><strong>mundi</strong></span> <span class='ocrx_word' id='word_1_417' title='bbox 3080 2735 3479 2798; x_wconf 88' lang='lat' dir='ltr'><strong>terminabitur,</strong></span> <span class='ocrx_word' id='word_1_418' title='bbox 3515 2735 3659 2789; x_wconf 86' lang='lat' dir='ltr'><strong>sicut</strong></span> 
     </span>
    </p>
   </div>
   <div class='ocr_carea' id='block_1_60' title="bbox 2074 2822 3658 2897">
    <p class='ocr_par' dir='ltr' id='par_1_60' title="bbox 2074 2822 3658 2897">
     <span class='ocr_line' id='line_1_60' title="bbox 2074 2822 3658 2897; baseline -0.005 -12"><span class='ocrx_word' id='word_1_419' title='bbox 2074 2831 2156 2885; x_wconf 85' lang='lat' dir='ltr'><strong>ait</strong></span> <span class='ocrx_word' id='word_1_420' title='bbox 2194 2829 2515 2897; x_wconf 88' lang='lat' dir='ltr'><strong>Scriptura:</strong></span> <span class='ocrx_word' id='word_1_421' title='bbox 2553 2846 2570 2878; x_wconf 72' lang='grc' dir='ltr'><strong>ι</strong></span> <span class='ocrx_word' id='word_1_422' title='bbox 2613 2826 2723 2880; x_wconf 82' lang='lat' dir='ltr'><strong>Lex</strong></span> <span class='ocrx_word' id='word_1_423' title='bbox 2749 2834 2805 2879; x_wconf 89' lang='lat' dir='ltr'><strong>et</strong></span> <span class='ocrx_word' id='word_1_424' title='bbox 2830 2826 3125 2895; x_wconf 85' lang='lat' dir='ltr'><strong>prophetae</strong></span> <span class='ocrx_word' id='word_1_425' title='bbox 3167 2839 3336 2894; x_wconf 84' lang='lat' dir='ltr'><strong>usque</strong></span> <span class='ocrx_word' id='word_1_426' title='bbox 3382 2823 3447 2878; x_wconf 86' lang='lat' dir='ltr'><strong>ad</strong></span> <span class='ocrx_word' id='word_1_427' title='bbox 3496 2822 3658 2877; x_wconf 86' lang='lat' dir='ltr'><strong>Joan-</strong></span> 
     </span>
    </p>
   </div>
   <div class='ocr_carea' id='block_1_61' title="bbox 2081 2913 3655 2986">
    <p class='ocr_par' dir='ltr' id='par_1_61' title="bbox 2081 2913 3655 2986">
     <span class='ocr_line' id='line_1_61' title="bbox 2081 2913 3655 2986; baseline -0.004 -11"><span class='ocrx_word' id='word_1_428' title='bbox 2081 2937 2223 2983; x_wconf 90' lang='lat' dir='ltr'><strong>nem,</strong></span> <span class='ocrx_word' id='word_1_429' title='bbox 2248 2921 2388 2975; x_wconf 90' lang='lat' dir='ltr'><strong>etab</strong></span> <span class='ocrx_word' id='word_1_430' title='bbox 2413 2933 2478 2972; x_wconf 91' lang='lat' dir='ltr'><strong>eo</strong></span> <span class='ocrx_word' id='word_1_431' title='bbox 2501 2932 2723 2986; x_wconf 87' lang='lat' dir='ltr'><strong>regnum</strong></span> <span class='ocrx_word' id='word_1_432' title='bbox 2747 2915 3018 2973; x_wconf 88' lang='lat' dir='ltr'><strong>caelorum</strong></span> <span class='ocrx_word' id='word_1_433' title='bbox 3048 2933 3094 2967; x_wconf 74' lang='grc' dir='ltr'>ι.</span> <span class='ocrx_word' id='word_1_434' title='bbox 3117 2913 3268 2981; x_wconf 84' lang='lat' dir='ltr'><strong>Quod</strong></span> <span class='ocrx_word' id='word_1_435' title='bbox 3297 2914 3655 2968; x_wconf 83' lang='lat' dir='ltr'><strong>sacerdotium</strong></span> 
     </span>
    </p>
   </div>
   <div class='ocr_carea' id='block_1_62' title="bbox 395 2988 3653 3082">
    <p class='ocr_par' dir='ltr' id='par_1_62' title="bbox 395 2988 3653 3082">
     <span class='ocr_line' id='line_1_62' title="bbox 395 2988 3653 3082; baseline -0.001 -25"><span class='ocrx_word' id='word_1_436' title='bbox 395 3014 507 3059; x_wconf 79' lang='lat' dir='ltr'><strong>erat</strong></span> <span class='ocrx_word' id='word_1_437' title='bbox 551 3006 784 3063; x_wconf 79' lang='lat' dir='ltr'><strong>Joannes</strong></span> <span class='ocrx_word' id='word_1_438' title='bbox 834 2988 1121 3080; x_wconf 72' lang='lat' dir='ltr'><strong>baptizans.</strong></span> <span class='ocrx_word' id='word_1_439' title='bbox 1147 3011 1311 3076; x_wconf 79' lang='lat' dir='ltr'><strong>Ilaec,</strong></span> <span class='ocrx_word' id='word_1_440' title='bbox 1340 3013 1530 3081; x_wconf 69' lang='lat' dir='ltr'><strong>inquit,</strong></span> <span class='ocrx_word' id='word_1_441' title='bbox 1560 3030 1699 3082; x_wconf 79' lang='lat' dir='ltr'><strong>quae</strong></span> <span class='ocrx_word' id='word_1_442' title='bbox 1716 2988 1978 3071; x_wconf 67' lang='lat' dir='ltr'><strong>hactenus</strong></span> <span class='ocrx_word' id='word_1_443' title='bbox 2005 2988 2048 3048; x_wconf 70' lang='grc' dir='ltr'>Ο</span> <span class='ocrx_word' id='word_1_444' title='bbox 2082 3010 2274 3080; x_wconf 89' lang='lat' dir='ltr'><strong>partim</strong></span> <span class='ocrx_word' id='word_1_445' title='bbox 2308 3008 2448 3063; x_wconf 88' lang='lat' dir='ltr'><strong>lucet</strong></span> <span class='ocrx_word' id='word_1_446' title='bbox 2477 3006 2774 3061; x_wconf 87' lang='lat' dir='ltr'><strong>clarissima</strong></span> <span class='ocrx_word' id='word_1_447' title='bbox 2818 3004 3064 3060; x_wconf 83' lang='lat' dir='ltr'><strong>veritatis</strong></span> <span class='ocrx_word' id='word_1_448' title='bbox 3102 3003 3426 3074; x_wconf 82' lang='lat' dir='ltr'><strong>cegnitione,</strong></span> <span class='ocrx_word' id='word_1_449' title='bbox 3454 3005 3653 3073; x_wconf 86' lang='lat' dir='ltr'><strong>partim</strong></span> 
     </span>
    </p>
   </div>
   <div class='ocr_carea' id='block_1_63' title="bbox 395 3098 1979 3166">
    <p class='ocr_par' dir='ltr' id='par_1_63' title="bbox 395 3098 1979 3166">
     <span class='ocr_line' id='line_1_63' title="bbox 395 3098 1979 3166; baseline 0.006 -17"><span class='ocrx_word' id='word_1_450' title='bbox 395 3098 538 3151; x_wconf 86' lang='lat' dir='ltr'><strong>dicta</strong></span> <span class='ocrx_word' id='word_1_451' title='bbox 569 3107 693 3152; x_wconf 90' lang='lat' dir='ltr'><strong>sunt</strong></span> <span class='ocrx_word' id='word_1_452' title='bbox 723 3113 753 3152; x_wconf 88' lang='lat' dir='ltr'><strong>a</strong></span> <span class='ocrx_word' id='word_1_453' title='bbox 799 3113 1150 3166; x_wconf 87' lang='lat' dir='ltr'><strong>praecursore</strong></span> <span class='ocrx_word' id='word_1_454' title='bbox 1178 3101 1245 3155; x_wconf 90' lang='lat' dir='ltr'><strong>de</strong></span> <span class='ocrx_word' id='word_1_455' title='bbox 1265 3101 1544 3158; x_wconf 88' lang='lat' dir='ltr'><strong>divinitate</strong></span> <span class='ocrx_word' id='word_1_456' title='bbox 1576 3103 1671 3157; x_wconf 89' lang='lat' dir='ltr'><strong>Dei</strong></span> <span class='ocrx_word' id='word_1_457' title='bbox 1722 3102 1883 3159; x_wconf 89' lang='lat' dir='ltr'><strong>Verbi</strong></span> <span class='ocrx_word' id='word_1_458' title='bbox 1925 3114 1979 3159; x_wconf 90' lang='lat' dir='ltr'><strong>et</strong></span> 
     </span>
    </p>
   </div>
   <div class='ocr_carea' id='block_1_64' title="bbox 400 3190 1973 3264">
    <p class='ocr_par' dir='ltr' id='par_1_64' title="bbox 400 3190 1973 3264">
     <span class='ocr_line' id='line_1_64' title="bbox 400 3190 1973 3264; baseline 0.008 -24"><span class='ocrx_word' id='word_1_459' title='bbox 400 3190 754 3254; x_wconf 84' lang='lat' dir='ltr'><strong>humanitate,</strong></span> <span class='ocrx_word' id='word_1_460' title='bbox 772 3191 941 3259; x_wconf 85' lang='lat' dir='ltr'><strong>deque</strong></span> <span class='ocrx_word' id='word_1_461' title='bbox 964 3193 1330 3262; x_wconf 81' lang='lat' dir='ltr'><strong>praecursoris</strong></span> <span class='ocrx_word' id='word_1_462' title='bbox 1360 3194 1527 3262; x_wconf 87' lang='lat' dir='ltr'><strong>ipsius</strong></span> <span class='ocrx_word' id='word_1_463' title='bbox 1554 3197 1973 3264; x_wconf 89' lang='lat' dir='ltr'><strong>praedicatione,</strong></span> 
     </span>
    </p>
   </div>
   <div class='ocr_carea' id='block_1_65' title="bbox 394 3279 1974 3355">
    <p class='ocr_par' dir='ltr' id='par_1_65' title="bbox 394 3279 1974 3355">
     <span class='ocr_line' id='line_1_65' title="bbox 394 3279 1974 3355; baseline 0.007 -22"><span class='ocrx_word' id='word_1_464' title='bbox 394 3279 811 3348; x_wconf 71' lang='lat' dir='ltr'><strong>Pharisaeisque</strong></span> <span class='ocrx_word' id='word_1_465' title='bbox 857 3283 1216 3349; x_wconf 86' lang='lat' dir='ltr'><strong>responsione,</strong></span> <span class='ocrx_word' id='word_1_466' title='bbox 1267 3284 1318 3338; x_wconf 92' lang='lat' dir='ltr'><strong>in</strong></span> <span class='ocrx_word' id='word_1_467' title='bbox 1355 3285 1611 3341; x_wconf 87' lang='lat' dir='ltr'><strong>Bethania</strong></span> <span class='ocrx_word' id='word_1_468' title='bbox 1656 3288 1798 3343; x_wconf 81' lang='lat' dir='ltr'><strong>facta</strong></span> <span class='ocrx_word' id='word_1_469' title='bbox 1827 3299 1974 3355; x_wconf 88' lang='lat' dir='ltr'><strong>sunt,</strong></span> 
     </span>
    </p>
   </div>
   <div class='ocr_carea' id='block_1_66' title="bbox 397 3367 1966 3436">
    <p class='ocr_par' dir='ltr' id='par_1_66' title="bbox 397 3367 1966 3436">
     <span class='ocr_line' id='line_1_66' title="bbox 397 3367 1966 3436; baseline 0.008 -15"><span class='ocrx_word' id='word_1_470' title='bbox 397 3379 547 3423; x_wconf 87' lang='lat' dir='ltr'><strong>trans</strong></span> <span class='ocrx_word' id='word_1_471' title='bbox 580 3367 889 3434; x_wconf 81' lang='lat' dir='ltr'><strong>Iordanem,</strong></span> <span class='ocrx_word' id='word_1_472' title='bbox 923 3373 1021 3425; x_wconf 91' lang='lat' dir='ltr'><strong>hoc</strong></span> <span class='ocrx_word' id='word_1_473' title='bbox 1056 3382 1139 3426; x_wconf 88' lang='lat' dir='ltr'><strong>est</strong></span> <span class='ocrx_word' id='word_1_474' title='bbox 1186 3374 1320 3428; x_wconf 90' lang='lat' dir='ltr'><strong>ultra</strong></span> <span class='ocrx_word' id='word_1_475' title='bbox 1352 3374 1662 3433; x_wconf 88' lang='lat' dir='ltr'><strong>Iordanem.</strong></span> <span class='ocrx_word' id='word_1_476' title='bbox 1711 3379 1966 3436; x_wconf 85' lang='lat' dir='ltr'><strong>Bethania</strong></span> 
     </span>
    </p>
   </div>
   <div class='ocr_carea' id='block_1_67' title="bbox 395 3446 1973 3530">
    <p class='ocr_par' dir='ltr' id='par_1_67' title="bbox 395 3446 1973 3530">
     <span class='ocr_line' id='line_1_67' title="bbox 395 3446 1973 3530; baseline 0.011 -19"><span class='ocrx_word' id='word_1_477' title='bbox 395 3458 781 3527; x_wconf 78' lang='lat' dir='ltr'><strong>interpretatur</strong></span> <span class='ocrx_word' id='word_1_478' title='bbox 819 3460 1003 3514; x_wconf 83' lang='lat' dir='ltr'><strong>domus</strong></span> <span class='ocrx_word' id='word_1_479' title='bbox 1034 3464 1350 3518; x_wconf 59' lang='lat' dir='ltr'><strong>obedientime</strong></span> <span class='ocrx_word' id='word_1_480' title='bbox 1377 3479 1425 3519; x_wconf 78' lang='grc' dir='ltr'><strong>υ.</strong></span> <span class='ocrx_word' id='word_1_481' title='bbox 1460 3446 1803 3525; x_wconf 65' lang='grc' dir='ltr'>5ιιιιιήιιιειιι</span> <span class='ocrx_word' id='word_1_482' title='bbox 1835 3474 1973 3530; x_wconf 83' lang='lat' dir='ltr'><strong>duae</strong></span> 
     </span>
    </p>
   </div>
   <div class='ocr_carea' id='block_1_68' title="bbox 394 3544 1974 3622">
    <p class='ocr_par' dir='ltr' id='par_1_68' title="bbox 394 3544 1974 3622">
     <span class='ocr_line' id='line_1_68' title="bbox 394 3544 1974 3622; baseline 0.013 -22"><span class='ocrx_word' id='word_1_483' title='bbox 394 3544 716 3611; x_wconf 86' lang='lat' dir='ltr'><strong>Bethaniac,</strong></span> <span class='ocrx_word' id='word_1_484' title='bbox 766 3564 991 3618; x_wconf 85' lang='lat' dir='ltr'><strong>quarum</strong></span> <span class='ocrx_word' id='word_1_485' title='bbox 1042 3568 1146 3605; x_wconf 88' lang='lat' dir='ltr'><strong>una</strong></span> <span class='ocrx_word' id='word_1_486' title='bbox 1203 3555 1338 3608; x_wconf 90' lang='lat' dir='ltr'><strong>ultra</strong></span> <span class='ocrx_word' id='word_1_487' title='bbox 1383 3554 1690 3622; x_wconf 85' lang='lat' dir='ltr'><strong>Iordanem,</strong></span> <span class='ocrx_word' id='word_1_488' title='bbox 1724 3563 1810 3618; x_wconf 85' lang='lat' dir='ltr'><strong>ubi</strong></span> <span class='ocrx_word' id='word_1_489' title='bbox 1856 3577 1974 3620; x_wconf 86' lang='lat' dir='ltr'><strong>erat</strong></span> 
     </span>
    </p>
   </div>
   <div class='ocr_carea' id='block_1_69' title="bbox 392 3634 1973 3725">
    <p class='ocr_par' dir='ltr' id='par_1_69' title="bbox 392 3634 1973 3725">
     <span class='ocr_line' id='line_1_69' title="bbox 392 3634 1973 3725; baseline 0.014 -37"><span class='ocrx_word' id='word_1_490' title='bbox 392 3634 627 3698; x_wconf 82' lang='lat' dir='ltr'><strong>Ioannes</strong></span> <span class='ocrx_word' id='word_1_491' title='bbox 656 3637 956 3708; x_wconf 86' lang='lat' dir='ltr'><strong>baptizans,</strong></span> <span class='ocrx_word' id='word_1_492' title='bbox 998 3643 1164 3697; x_wconf 76' lang='lat' dir='ltr'><strong>altera</strong></span> <span class='ocrx_word' id='word_1_493' title='bbox 1192 3644 1323 3697; x_wconf 77' lang='lat' dir='ltr'><strong>infra</strong></span> <span class='ocrx_word' id='word_1_494' title='bbox 1345 3644 1652 3715; x_wconf 80' lang='lat' dir='ltr'><strong>Iordanem,</strong></span> <span class='ocrx_word' id='word_1_495' title='bbox 1684 3668 1787 3706; x_wconf 92' lang='lat' dir='ltr'><strong>non</strong></span> <span class='ocrx_word' id='word_1_496' title='bbox 1818 3654 1973 3725; x_wconf 92' lang='lat' dir='ltr'><strong>longe</strong></span> 
     </span>
    </p>
   </div>
   <div class='ocr_carea' id='block_1_70' title="bbox 395 3725 1972 3800">
    <p class='ocr_par' dir='ltr' id='par_1_70' title="bbox 395 3725 1972 3800">
     <span class='ocr_line' id='line_1_70' title="bbox 395 3725 1972 3800; baseline 0.015 -23"><span class='ocrx_word' id='word_1_497' title='bbox 395 3727 462 3784; x_wconf 84' lang='lat' dir='ltr'><strong>ab</strong></span> <span class='ocrx_word' id='word_1_498' title='bbox 498 3725 814 3793; x_wconf 86' lang='lat' dir='ltr'><strong>Ierusalem,</strong></span> <span class='ocrx_word' id='word_1_499' title='bbox 844 3731 931 3783; x_wconf 89' lang='lat' dir='ltr'><strong>ubi</strong></span> <span class='ocrx_word' id='word_1_500' title='bbox 962 3730 1213 3786; x_wconf 80' lang='lat' dir='ltr'><strong>Dominus</strong></span> <span class='ocrx_word' id='word_1_501' title='bbox 1235 3734 1497 3793; x_wconf 83' lang='lat' dir='ltr'><strong>Lazarum</strong></span> <span class='ocrx_word' id='word_1_502' title='bbox 1522 3741 1822 3796; x_wconf 85' lang='lat' dir='ltr'><strong>suscitavit.</strong></span> <span class='ocrx_word' id='word_1_503' title='bbox 1868 3744 1972 3800; x_wconf 85' lang='lat' dir='ltr'><strong>Sed</strong></span> 
     </span>
    </p>
   </div>
   <div class='ocr_carea' id='block_1_71' title="bbox 395 3818 1974 3905">
    <p class='ocr_par' dir='ltr' id='par_1_71' title="bbox 395 3818 1974 3905">
     <span class='ocr_line' id='line_1_71' title="bbox 395 3818 1974 3905; baseline 0.015 -36"><span class='ocrx_word' id='word_1_504' title='bbox 395 3818 527 3870; x_wconf 87' lang='lat' dir='ltr'><strong>haec</strong></span> <span class='ocrx_word' id='word_1_505' title='bbox 556 3818 862 3888; x_wconf 88' lang='lat' dir='ltr'><strong>plenissima</strong></span> <span class='ocrx_word' id='word_1_506' title='bbox 897 3825 1270 3892; x_wconf 80' lang='lat' dir='ltr'><strong>mysteriorum</strong></span> <span class='ocrx_word' id='word_1_507' title='bbox 1317 3839 1462 3884; x_wconf 90' lang='lat' dir='ltr'><strong>sunt.</strong></span> <span class='ocrx_word' id='word_1_508' title='bbox 1512 3831 1770 3888; x_wconf 85' lang='lat' dir='ltr'><strong>Bethania</strong></span> <span class='ocrx_word' id='word_1_509' title='bbox 1810 3836 1974 3905; x_wconf 82' lang='lat' dir='ltr'><strong>igitur</strong></span> 
     </span>
    </p>
   </div>
   <div class='ocr_carea' id='block_1_72' title="bbox 398 3908 1970 3989">
    <p class='ocr_par' dir='ltr' id='par_1_72' title="bbox 398 3908 1970 3989">
     <span class='ocr_line' id='line_1_72' title="bbox 398 3908 1970 3989; baseline 0.013 -28"><span class='ocrx_word' id='word_1_510' title='bbox 398 3918 548 3962; x_wconf 87' lang='lat' dir='ltr'><strong>trans</strong></span> <span class='ocrx_word' id='word_1_511' title='bbox 569 3908 854 3965; x_wconf 86' lang='lat' dir='ltr'><strong>Iordanem</strong></span> <span class='ocrx_word' id='word_1_512' title='bbox 890 3914 1216 3984; x_wconf 88' lang='lat' dir='ltr'><strong>praeﬁgurat</strong></span> <span class='ocrx_word' id='word_1_513' title='bbox 1246 3919 1471 3989; x_wconf 86' lang='lat' dir='ltr'><strong>mystice</strong></span> <span class='ocrx_word' id='word_1_514' title='bbox 1496 3922 1779 3977; x_wconf 84' lang='lat' dir='ltr'><strong>humanam</strong></span> <span class='ocrx_word' id='word_1_515' title='bbox 1812 3936 1970 3981; x_wconf 87' lang='lat' dir='ltr'><strong>natu-</strong></span> 
     </span>
    </p>
   </div>
   <div class='ocr_carea' id='block_1_73' title="bbox 393 4000 1966 4081">
    <p class='ocr_par' dir='ltr' id='par_1_73' title="bbox 393 4000 1966 4081">
     <span class='ocr_line' id='line_1_73' title="bbox 393 4000 1966 4081; baseline 0.013 -32"><span class='ocrx_word' id='word_1_516' title='bbox 393 4012 529 4060; x_wconf 86' lang='lat' dir='ltr'><strong>ram,</strong></span> <span class='ocrx_word' id='word_1_517' title='bbox 556 4014 694 4066; x_wconf 90' lang='lat' dir='ltr'><strong>quae</strong></span> <span class='ocrx_word' id='word_1_518' title='bbox 722 4000 914 4057; x_wconf 84' lang='lat' dir='ltr'><strong>domus</strong></span> <span class='ocrx_word' id='word_1_519' title='bbox 952 4002 1312 4069; x_wconf 87' lang='lat' dir='ltr'><strong>obedientiae,</strong></span> <span class='ocrx_word' id='word_1_520' title='bbox 1343 4008 1652 4077; x_wconf 88' lang='lat' dir='ltr'><strong>priusquam</strong></span> <span class='ocrx_word' id='word_1_521' title='bbox 1697 4024 1966 4081; x_wconf 87' lang='lat' dir='ltr'><strong>peccaret,</strong></span> 
     </span>
    </p>
   </div>
   <div class='ocr_carea' id='block_1_74' title="bbox 391 4087 1966 4171">
    <p class='ocr_par' dir='ltr' id='par_1_74' title="bbox 391 4087 1966 4171">
     <span class='ocr_line' id='line_1_74' title="bbox 391 4087 1966 4171; baseline 0.01 -26"><span class='ocrx_word' id='word_1_522' title='bbox 391 4087 533 4145; x_wconf 72' lang='lat' dir='ltr'><strong>facta</strong></span> <span class='ocrx_word' id='word_1_523' title='bbox 559 4100 660 4145; x_wconf 90' lang='lat' dir='ltr'><strong>est.</strong></span> <span class='ocrx_word' id='word_1_524' title='bbox 687 4093 765 4146; x_wconf 80' lang='lat' dir='ltr'><strong>Ad</strong></span> <span class='ocrx_word' id='word_1_525' title='bbox 801 4093 903 4149; x_wconf 89' lang='lat' dir='ltr'><strong>hoc.</strong></span> <span class='ocrx_word' id='word_1_526' title='bbox 933 4095 1077 4149; x_wconf 88' lang='lat' dir='ltr'><strong>enim</strong></span> <span class='ocrx_word' id='word_1_527' title='bbox 1105 4104 1308 4160; x_wconf 88' lang='lat' dir='ltr'><strong>creata,</strong></span> <span class='ocrx_word' id='word_1_528' title='bbox 1354 4107 1411 4153; x_wconf 92' lang='grc' dir='ltr'><strong>ιιι</strong></span> <span class='ocrx_word' id='word_1_529' title='bbox 1456 4101 1651 4156; x_wconf 85' lang='lat' dir='ltr'><strong>divinis</strong></span> <span class='ocrx_word' id='word_1_530' title='bbox 1679 4105 1966 4171; x_wconf 87' lang='lat' dir='ltr'><strong>mandatis,</strong></span> 
     </span>
    </p>
   </div>
   <div class='ocr_carea' id='block_1_75' title="bbox 390 4178 1964 4253">
    <p class='ocr_par' dir='ltr' id='par_1_75' title="bbox 390 4178 1964 4253">
     <span class='ocr_line' id='line_1_75' title="bbox 390 4178 1964 4253; baseline 0.01 -18"><span class='ocrx_word' id='word_1_531' title='bbox 390 4178 497 4235; x_wconf 82' lang='lat' dir='ltr'><strong>sibi</strong></span> <span class='ocrx_word' id='word_1_532' title='bbox 522 4180 661 4237; x_wconf 84' lang='lat' dir='ltr'><strong>intra</strong></span> <span class='ocrx_word' id='word_1_533' title='bbox 693 4194 845 4253; x_wconf 87' lang='lat' dir='ltr'><strong>septa</strong></span> <span class='ocrx_word' id='word_1_534' title='bbox 874 4186 1131 4253; x_wconf 87' lang='lat' dir='ltr'><strong>paradisi,</strong></span> <span class='ocrx_word' id='word_1_535' title='bbox 1159 4186 1258 4240; x_wconf 92' lang='lat' dir='ltr'><strong>hoc</strong></span> <span class='ocrx_word' id='word_1_536' title='bbox 1280 4195 1383 4251; x_wconf 90' lang='lat' dir='ltr'><strong>est,</strong></span> <span class='ocrx_word' id='word_1_537' title='bbox 1409 4190 1547 4243; x_wconf 83' lang='lat' dir='ltr'><strong>intra</strong></span> <span class='ocrx_word' id='word_1_538' title='bbox 1576 4195 1840 4249; x_wconf 87' lang='lat' dir='ltr'><strong>naturalia</strong></span> <span class='ocrx_word' id='word_1_539' title='bbox 1884 4197 1964 4251; x_wconf 90' lang='lat' dir='ltr'><strong>sui</strong></span> 
     </span>
    </p>
   </div>
   <div class='ocr_carea' id='block_1_76' title="bbox 389 4270 1965 4350">
    <p class='ocr_par' dir='ltr' id='par_1_76' title="bbox 389 4270 1965 4350">
     <span class='ocr_line' id='line_1_76' title="bbox 389 4270 1965 4350; baseline 0.01 -26"><span class='ocrx_word' id='word_1_540' title='bbox 389 4270 532 4326; x_wconf 80' lang='lat' dir='ltr'><strong>bona</strong></span> <span class='ocrx_word' id='word_1_541' title='bbox 560 4274 768 4329; x_wconf 87' lang='lat' dir='ltr'><strong>traditis</strong></span> <span class='ocrx_word' id='word_1_542' title='bbox 793 4274 1055 4342; x_wconf 89' lang='lat' dir='ltr'><strong>obediret,</strong></span> <span class='ocrx_word' id='word_1_543' title='bbox 1073 4293 1139 4332; x_wconf 90' lang='lat' dir='ltr'><strong>ne</strong></span> <span class='ocrx_word' id='word_1_544' title='bbox 1163 4293 1189 4331; x_wconf 77' lang='grc' dir='ltr'><strong>ιι</strong></span> <span class='ocrx_word' id='word_1_545' title='bbox 1219 4281 1671 4350; x_wconf 87' lang='lat' dir='ltr'><strong>contemplatione</strong></span> <span class='ocrx_word' id='word_1_546' title='bbox 1700 4292 1755 4338; x_wconf 86' lang='lat' dir='ltr'><strong>et</strong></span> <span class='ocrx_word' id='word_1_547' title='bbox 1784 4300 1965 4340; x_wconf 89' lang='lat' dir='ltr'><strong>amore</strong></span> 
     </span>
    </p>
   </div>
   <div class='ocr_carea' id='block_1_77' title="bbox 388 4361 1965 4439">
    <p class='ocr_par' dir='ltr' id='par_1_77' title="bbox 388 4361 1965 4439">
     <span class='ocr_line' id='line_1_77' title="bbox 388 4361 1965 4439; baseline 0.006 -24"><span class='ocrx_word' id='word_1_548' title='bbox 388 4361 665 4418; x_wconf 89' lang='lat' dir='ltr'><strong>Creatoris</strong></span> <span class='ocrx_word' id='word_1_549' title='bbox 698 4366 802 4429; x_wconf 84' lang='lat' dir='ltr'><strong>sui,</strong></span> <span class='ocrx_word' id='word_1_550' title='bbox 835 4367 900 4419; x_wconf 88' lang='lat' dir='ltr'><strong>ad</strong></span> <span class='ocrx_word' id='word_1_551' title='bbox 933 4366 1087 4434; x_wconf 86' lang='lat' dir='ltr'><strong>cujus</strong></span> <span class='ocrx_word' id='word_1_552' title='bbox 1112 4368 1400 4439; x_wconf 81' lang='lat' dir='ltr'><strong>imaginem</strong></span> <span class='ocrx_word' id='word_1_553' title='bbox 1449 4382 1628 4425; x_wconf 88' lang='lat' dir='ltr'><strong>creata</strong></span> <span class='ocrx_word' id='word_1_554' title='bbox 1680 4382 1781 4435; x_wconf 88' lang='lat' dir='ltr'><strong>est,</strong></span> <span class='ocrx_word' id='word_1_555' title='bbox 1815 4390 1965 4431; x_wconf 85' lang='lat' dir='ltr'><strong>rece-</strong></span> 
     </span>
    </p>
   </div>
   <div class='ocr_carea' id='block_1_78' title="bbox 387 4454 1963 4527">
    <p class='ocr_par' dir='ltr' id='par_1_78' title="bbox 387 4454 1963 4527">
     <span class='ocr_line' id='line_1_78' title="bbox 387 4454 1963 4527; baseline 0.011 -22"><span class='ocrx_word' id='word_1_556' title='bbox 387 4454 573 4517; x_wconf 87' lang='lat' dir='ltr'><strong>deret,</strong></span> <span class='ocrx_word' id='word_1_557' title='bbox 616 4456 710 4509; x_wconf 90' lang='lat' dir='ltr'><strong>sed</strong></span> <span class='ocrx_word' id='word_1_558' title='bbox 741 4471 952 4527; x_wconf 88' lang='lat' dir='ltr'><strong>semper</strong></span> <span class='ocrx_word' id='word_1_559' title='bbox 990 4460 1039 4512; x_wconf 94' lang='lat' dir='ltr'><strong>ei</strong></span> <span class='ocrx_word' id='word_1_560' title='bbox 1090 4459 1427 4516; x_wconf 86' lang='lat' dir='ltr'><strong>adhaereret.</strong></span> <span class='ocrx_word' id='word_1_561' title='bbox 1462 4463 1636 4519; x_wconf 85' lang='lat' dir='ltr'><strong>Trans</strong></span> <span class='ocrx_word' id='word_1_562' title='bbox 1673 4465 1963 4522; x_wconf 87' lang='lat' dir='ltr'><strong>Iordanem</strong></span> 
     </span>
    </p>
   </div>
   <div class='ocr_carea' id='block_1_79' title="bbox 388 4542 1964 4625">
    <p class='ocr_par' dir='ltr' id='par_1_79' title="bbox 388 4542 1964 4625">
     <span class='ocr_line' id='line_1_79' title="bbox 388 4542 1964 4625; baseline 0.012 -31"><span class='ocrx_word' id='word_1_563' title='bbox 388 4542 650 4607; x_wconf 75' lang='lat' dir='ltr'><strong>Bethania</strong></span> <span class='ocrx_word' id='word_1_564' title='bbox 680 4545 914 4599; x_wconf 91' lang='lat' dir='ltr'><strong>humana</strong></span> <span class='ocrx_word' id='word_1_565' title='bbox 961 4556 1149 4601; x_wconf 89' lang='lat' dir='ltr'><strong>natura</strong></span> <span class='ocrx_word' id='word_1_566' title='bbox 1176 4549 1311 4625; x_wconf 74' lang='lat' dir='ltr'><strong>ultra</strong></span> <span class='ocrx_word' id='word_1_567' title='bbox 1346 4550 1542 4609; x_wconf 77' lang='lat' dir='ltr'><strong>ﬂuenta</strong></span> <span class='ocrx_word' id='word_1_568' title='bbox 1583 4554 1796 4611; x_wconf 84' lang='lat' dir='ltr'><strong>divinae</strong></span> <span class='ocrx_word' id='word_1_569' title='bbox 1840 4572 1964 4625; x_wconf 87' lang='lat' dir='ltr'><strong>gra-</strong></span> 
     </span>
    </p>
   </div>
   <div class='ocr_carea' id='block_1_80' title="bbox 388 4620 1962 4702">
    <p class='ocr_par' dir='ltr' id='par_1_80' title="bbox 388 4620 1962 4702">
     <span class='ocr_line' id='line_1_80' title="bbox 388 4620 1962 4702; baseline 0.01 -18"><span class='ocrx_word' id='word_1_570' title='bbox 388 4632 514 4695; x_wconf 88' lang='lat' dir='ltr'><strong>tiae,</strong></span> <span class='ocrx_word' id='word_1_571' title='bbox 544 4647 682 4700; x_wconf 88' lang='lat' dir='ltr'><strong>quae</strong></span> <span class='ocrx_word' id='word_1_572' title='bbox 711 4642 833 4702; x_wconf 87' lang='lat' dir='ltr'><strong>post</strong></span> <span class='ocrx_word' id='word_1_573' title='bbox 872 4620 1296 4693; x_wconf 82' lang='lat' dir='ltr'><strong>incarnationem</strong></span> <span class='ocrx_word' id='word_1_574' title='bbox 1330 4640 1487 4694; x_wconf 87' lang='lat' dir='ltr'><strong>Verbi</strong></span> <span class='ocrx_word' id='word_1_575' title='bbox 1521 4642 1572 4696; x_wconf 89' lang='lat' dir='ltr'><strong>in</strong></span> <span class='ocrx_word' id='word_1_576' title='bbox 1620 4659 1739 4698; x_wconf 89' lang='lat' dir='ltr'><strong>eam</strong></span> <span class='ocrx_word' id='word_1_577' title='bbox 1772 4620 1962 4700; x_wconf 48' lang='lat' dir='ltr'><strong>diffusa</strong></span> 
     </span>
    </p>
   </div>
   <div class='ocr_carea' id='block_1_81' title="bbox 384 4724 1964 4801">
    <p class='ocr_par' dir='ltr' id='par_1_81' title="bbox 384 4724 1964 4801">
     <span class='ocr_line' id='line_1_81' title="bbox 384 4724 1964 4801; baseline 0.009 -25"><span class='ocrx_word' id='word_1_578' title='bbox 384 4732 527 4787; x_wconf 80' lang='lat' dir='ltr'><strong>sunt,</strong></span> <span class='ocrx_word' id='word_1_579' title='bbox 553 4724 719 4779; x_wconf 87' lang='lat' dir='ltr'><strong>veluti</strong></span> <span class='ocrx_word' id='word_1_580' title='bbox 748 4735 984 4801; x_wconf 84' lang='lat' dir='ltr'><strong>egestate</strong></span> <span class='ocrx_word' id='word_1_581' title='bbox 1015 4728 1318 4784; x_wconf 89' lang='lat' dir='ltr'><strong>divinorum</strong></span> <span class='ocrx_word' id='word_1_582' title='bbox 1349 4731 1609 4785; x_wconf 86' lang='lat' dir='ltr'><strong>bonorum</strong></span> <span class='ocrx_word' id='word_1_583' title='bbox 1634 4743 1692 4787; x_wconf 91' lang='lat' dir='ltr'><strong>et</strong></span> <span class='ocrx_word' id='word_1_584' title='bbox 1718 4736 1964 4791; x_wconf 87' lang='lat' dir='ltr'><strong>siccitate</strong></span> 
     </span>
    </p>
   </div>
   <div class='ocr_carea' id='block_1_82' title="bbox 382 4810 1957 4882">
    <p class='ocr_par' dir='ltr' id='par_1_82' title="bbox 382 4810 1957 4882">
     <span class='ocr_line' id='line_1_82' title="bbox 382 4810 1957 4882; baseline 0.011 -18"><span class='ocrx_word' id='word_1_585' title='bbox 382 4810 668 4879; x_wconf 73' lang='lat' dir='ltr'><strong>infusionis</strong></span> <span class='ocrx_word' id='word_1_586' title='bbox 714 4815 1009 4882; x_wconf 88' lang='lat' dir='ltr'><strong>sapientiae</strong></span> <span class='ocrx_word' id='word_1_587' title='bbox 1059 4817 1301 4873; x_wconf 81' lang='lat' dir='ltr'><strong>confecta</strong></span> <span class='ocrx_word' id='word_1_588' title='bbox 1352 4821 1638 4876; x_wconf 87' lang='lat' dir='ltr'><strong>residebat.</strong></span> <span class='ocrx_word' id='word_1_589' title='bbox 1697 4824 1957 4881; x_wconf 82' lang='lat' dir='ltr'><strong>Bethania</strong></span> 
     </span>
    </p>
   </div>
   <div class='ocr_carea' id='block_1_83' title="bbox 381 4900 1959 4977">
    <p class='ocr_par' dir='ltr' id='par_1_83' title="bbox 381 4900 1959 4977">
     <span class='ocr_line' id='line_1_83' title="bbox 381 4900 1959 4977; baseline 0.008 -20"><span class='ocrx_word' id='word_1_590' title='bbox 381 4915 510 4957; x_wconf 74' lang='lat' dir='ltr'><strong>vero</strong></span> <span class='ocrx_word' id='word_1_591' title='bbox 555 4900 608 4955; x_wconf 92' lang='lat' dir='ltr'><strong>in</strong></span> <span class='ocrx_word' id='word_1_592' title='bbox 648 4901 847 4957; x_wconf 90' lang='lat' dir='ltr'><strong>Iudaea</strong></span> <span class='ocrx_word' id='word_1_593' title='bbox 882 4904 1017 4958; x_wconf 88' lang='lat' dir='ltr'><strong>citra</strong></span> <span class='ocrx_word' id='word_1_594' title='bbox 1056 4903 1346 4962; x_wconf 87' lang='lat' dir='ltr'><strong>Iordanem</strong></span> <span class='ocrx_word' id='word_1_595' title='bbox 1364 4907 1517 4977; x_wconf 78' lang='lat' dir='ltr'><strong>juxta</strong></span> <span class='ocrx_word' id='word_1_596' title='bbox 1546 4908 1842 4969; x_wconf 84' lang='lat' dir='ltr'><strong>Jerusalem</strong></span> <span class='ocrx_word' id='word_1_597' title='bbox 1870 4930 1959 4969; x_wconf 85' lang='lat' dir='ltr'><strong>ea-</strong></span> 
     </span>
    </p>
   </div>
   <div class='ocr_carea' id='block_1_84' title="bbox 382 4990 1973 5070">
    <p class='ocr_par' dir='ltr' id='par_1_84' title="bbox 382 4990 1973 5070">
     <span class='ocr_line' id='line_1_84' title="bbox 382 4990 1973 5070; baseline 0.011 -26"><span class='ocrx_word' id='word_1_598' title='bbox 382 4990 505 5056; x_wconf 77' lang='lat' dir='ltr'><strong>dem</strong></span> <span class='ocrx_word' id='word_1_599' title='bbox 553 5003 762 5057; x_wconf 89' lang='lat' dir='ltr'><strong>natura,</strong></span> <span class='ocrx_word' id='word_1_600' title='bbox 794 5008 892 5064; x_wconf 90' lang='lat' dir='ltr'><strong>per</strong></span> <span class='ocrx_word' id='word_1_601' title='bbox 920 4994 1346 5052; x_wconf 89' lang='lat' dir='ltr'><strong>incarnationem</strong></span> <span class='ocrx_word' id='word_1_602' title='bbox 1380 4997 1537 5055; x_wconf 85' lang='lat' dir='ltr'><strong>Verbi</strong></span> <span class='ocrx_word' id='word_1_603' title='bbox 1567 5001 1661 5057; x_wconf 89' lang='lat' dir='ltr'><strong>Dei</strong></span> <span class='ocrx_word' id='word_1_604' title='bbox 1712 5003 1973 5070; x_wconf 67' lang='lat' dir='ltr'><strong>liberata;</strong></span> 
     </span>
    </p>
   </div>
   <div class='ocr_carea' id='block_1_85' title="bbox 377 5083 1958 5165">
    <p class='ocr_par' dir='ltr' id='par_1_85' title="bbox 377 5083 1958 5165">
     <span class='ocr_line' id='line_1_85' title="bbox 377 5083 1958 5165; baseline 0.008 -27"><span class='ocrx_word' id='word_1_605' title='bbox 377 5092 434 5157; x_wconf 63' lang='lat' dir='ltr'><strong>et</strong></span> <span class='ocrx_word' id='word_1_606' title='bbox 456 5098 555 5154; x_wconf 87' lang='lat' dir='ltr'><strong>per</strong></span> <span class='ocrx_word' id='word_1_607' title='bbox 581 5083 779 5140; x_wconf 84' lang='lat' dir='ltr'><strong>ﬂuenta</strong></span> <span class='ocrx_word' id='word_1_608' title='bbox 805 5085 1020 5141; x_wconf 87' lang='lat' dir='ltr'><strong>divinae</strong></span> <span class='ocrx_word' id='word_1_609' title='bbox 1047 5086 1272 5156; x_wconf 86' lang='lat' dir='ltr'><strong>gratiae,</strong></span> <span class='ocrx_word' id='word_1_610' title='bbox 1308 5104 1448 5159; x_wconf 83' lang='lat' dir='ltr'><strong>quae</strong></span> <span class='ocrx_word' id='word_1_611' title='bbox 1468 5092 1720 5161; x_wconf 85' lang='lat' dir='ltr'><strong>primitus</strong></span> <span class='ocrx_word' id='word_1_612' title='bbox 1751 5112 1848 5165; x_wconf 84' lang='lat' dir='ltr'><strong>per</strong></span> <span class='ocrx_word' id='word_1_613' title='bbox 1872 5112 1958 5150; x_wconf 85' lang='lat' dir='ltr'><strong>sa-</strong></span> 
     </span>
    </p>
   </div>
   <div class='ocr_carea' id='block_1_86' title="bbox 2079 3094 3655 3167">
    <p class='ocr_par' dir='ltr' id='par_1_86' title="bbox 2079 3094 3655 3167">
     <span class='ocr_line' id='line_1_86' title="bbox 2079 3094 3655 3167; baseline -0.003 -12"><span class='ocrx_word' id='word_1_614' title='bbox 2079 3102 2399 3155; x_wconf 88' lang='lat' dir='ltr'><strong>obsenratur</strong></span> <span class='ocrx_word' id='word_1_615' title='bbox 2434 3099 2488 3152; x_wconf 91' lang='lat' dir='ltr'><strong>in</strong></span> <span class='ocrx_word' id='word_1_616' title='bbox 2533 3097 2810 3167; x_wconf 85' lang='lat' dir='ltr'><strong>symbolis.</strong></span> <span class='ocrx_word' id='word_1_617' title='bbox 2840 3096 3097 3167; x_wconf 82' lang='lat' dir='ltr'><strong>Symbola</strong></span> <span class='ocrx_word' id='word_1_618' title='bbox 3124 3105 3304 3150; x_wconf 90' lang='lat' dir='ltr'><strong>autem</strong></span> <span class='ocrx_word' id='word_1_619' title='bbox 3350 3094 3481 3149; x_wconf 86' lang='lat' dir='ltr'><strong>Novi</strong></span> <span class='ocrx_word' id='word_1_620' title='bbox 3525 3095 3655 3154; x_wconf 62' lang='lat' dir='ltr'><strong>Teso</strong></span> 
     </span>
    </p>
   </div>
   <div class='ocr_carea' id='block_1_87' title="bbox 2079 3188 3654 3258">
    <p class='ocr_par' dir='ltr' id='par_1_87' title="bbox 2079 3188 3654 3258">
     <span class='ocr_line' id='line_1_87' title="bbox 2079 3188 3654 3258; baseline 0 -15"><span class='ocrx_word' id='word_1_621' title='bbox 2079 3190 2301 3249; x_wconf 88' lang='lat' dir='ltr'><strong>tamenti</strong></span> <span class='ocrx_word' id='word_1_622' title='bbox 2333 3189 2646 3258; x_wconf 89' lang='lat' dir='ltr'><strong>principalia</strong></span> <span class='ocrx_word' id='word_1_623' title='bbox 2691 3198 2800 3243; x_wconf 88' lang='lat' dir='ltr'><strong>tres</strong></span> <span class='ocrx_word' id='word_1_624' title='bbox 2827 3188 3027 3244; x_wconf 68' lang='grc' dir='ltr'><strong><em>τελεταὶ</em></strong></span> <span class='ocrx_word' id='word_1_625' title='bbox 3062 3196 3217 3250; x_wconf 83' lang='lat' dir='ltr'><strong>sunt,</strong></span> <span class='ocrx_word' id='word_1_626' title='bbox 3264 3188 3365 3241; x_wconf 91' lang='lat' dir='ltr'><strong>hoc</strong></span> <span class='ocrx_word' id='word_1_627' title='bbox 3399 3196 3503 3252; x_wconf 85' lang='lat' dir='ltr'><strong>est,</strong></span> <span class='ocrx_word' id='word_1_628' title='bbox 3542 3193 3654 3243; x_wconf 84' lang='lat' dir='ltr'><strong>tres</strong></span> 
     </span>
    </p>
   </div>
   <div class='ocr_carea' id='block_1_88' title="bbox 2078 3275 3652 3349">
    <p class='ocr_par' dir='ltr' id='par_1_88' title="bbox 2078 3275 3652 3349">
     <span class='ocr_line' id='line_1_88' title="bbox 2078 3275 3652 3349; baseline -0.003 -15"><span class='ocrx_word' id='word_1_629' title='bbox 2078 3281 2339 3349; x_wconf 86' lang='lat' dir='ltr'><strong>mysticae</strong></span> <span class='ocrx_word' id='word_1_630' title='bbox 2369 3278 2597 3342; x_wconf 89' lang='lat' dir='ltr'><strong>hostiae,</strong></span> <span class='ocrx_word' id='word_1_631' title='bbox 2624 3292 2850 3347; x_wconf 89' lang='lat' dir='ltr'><strong>quarum</strong></span> <span class='ocrx_word' id='word_1_632' title='bbox 2874 3293 2974 3331; x_wconf 85' lang='lat' dir='ltr'><strong>una</strong></span> <span class='ocrx_word' id='word_1_633' title='bbox 3002 3276 3341 3347; x_wconf 87' lang='lat' dir='ltr'><strong>baptismatis</strong></span> <span class='ocrx_word' id='word_1_634' title='bbox 3360 3275 3652 3339; x_wconf 80' lang='lat' dir='ltr'><strong>est,altera</strong></span> 
     </span>
    </p>
   </div>
   <div class='ocr_carea' id='block_1_89' title="bbox 2077 3366 3651 3439">
    <p class='ocr_par' dir='ltr' id='par_1_89' title="bbox 2077 3366 3651 3439">
     <span class='ocr_line' id='line_1_89' title="bbox 2077 3366 3651 3439; baseline -0.004 -11"><span class='ocrx_word' id='word_1_635' title='bbox 2077 3374 2332 3437; x_wconf 77' lang='grc' dir='ltr'><strong>συνάξιως</strong></span> <span class='ocrx_word' id='word_1_636' title='bbox 2360 3371 2402 3431; x_wconf 74' lang='grc' dir='ltr'><strong>ί.</strong></span> <span class='ocrx_word' id='word_1_637' title='bbox 2448 3371 2550 3439; x_wconf 76' lang='lat' dir='ltr'><strong>hoc</strong></span> <span class='ocrx_word' id='word_1_638' title='bbox 2575 3378 2676 3437; x_wconf 86' lang='lat' dir='ltr'><strong>est,</strong></span> <span class='ocrx_word' id='word_1_639' title='bbox 2710 3369 3106 3425; x_wconf 89' lang='lat' dir='ltr'><strong>communionis</strong></span> <span class='ocrx_word' id='word_1_640' title='bbox 3148 3368 3389 3436; x_wconf 86' lang='lat' dir='ltr'><strong>corporis</strong></span> <span class='ocrx_word' id='word_1_641' title='bbox 3440 3366 3651 3422; x_wconf 90' lang='lat' dir='ltr'><strong>Domini</strong></span> 
     </span>
    </p>
   </div>
   <div class='ocr_carea' id='block_1_90' title="bbox 2073 3457 3650 3533">
    <p class='ocr_par' dir='ltr' id='par_1_90' title="bbox 2073 3457 3650 3533">
     <span class='ocr_line' id='line_1_90' title="bbox 2073 3457 3650 3533; baseline -0.004 -15"><span class='ocrx_word' id='word_1_642' title='bbox 2073 3474 2130 3518; x_wconf 89' lang='lat' dir='ltr'><strong>et</strong></span> <span class='ocrx_word' id='word_1_643' title='bbox 2158 3462 2456 3533; x_wconf 88' lang='lat' dir='ltr'><strong>sanguinis,</strong></span> <span class='ocrx_word' id='word_1_644' title='bbox 2492 3462 2651 3518; x_wconf 90' lang='lat' dir='ltr'><strong>tertia</strong></span> <span class='ocrx_word' id='word_1_645' title='bbox 2677 3462 2730 3515; x_wconf 91' lang='lat' dir='ltr'><strong>in</strong></span> <span class='ocrx_word' id='word_1_646' title='bbox 2754 3460 3012 3532; x_wconf 84' lang='lat' dir='ltr'><strong>mysterio</strong></span> <span class='ocrx_word' id='word_1_647' title='bbox 3040 3459 3369 3515; x_wconf 84' lang='lat' dir='ltr'><strong>chrismatis.</strong></span> <span class='ocrx_word' id='word_1_648' title='bbox 3406 3457 3650 3512; x_wconf 83' lang='lat' dir='ltr'><strong>Tertium</strong></span> 
     </span>
    </p>
   </div>
   <div class='ocr_carea' id='block_1_91' title="bbox 2076 3551 3653 3621">
    <p class='ocr_par' dir='ltr' id='par_1_91' title="bbox 2076 3551 3653 3621">
     <span class='ocr_line' id='line_1_91' title="bbox 2076 3551 3653 3621; baseline -0.004 -11"><span class='ocrx_word' id='word_1_649' title='bbox 2076 3555 2435 3610; x_wconf 87' lang='lat' dir='ltr'><strong>sacerdotium</strong></span> <span class='ocrx_word' id='word_1_650' title='bbox 2457 3555 2511 3608; x_wconf 94' lang='lat' dir='ltr'><strong>in</strong></span> <span class='ocrx_word' id='word_1_651' title='bbox 2533 3554 2709 3608; x_wconf 79' lang='lat' dir='ltr'><strong>futura</strong></span> <span class='ocrx_word' id='word_1_652' title='bbox 2735 3554 2845 3608; x_wconf 79' lang='lat' dir='ltr'><strong>vita</strong></span> <span class='ocrx_word' id='word_1_653' title='bbox 2874 3551 3253 3617; x_wconf 84' lang='lat' dir='ltr'><strong>celebrabitur,</strong></span> <span class='ocrx_word' id='word_1_654' title='bbox 3281 3551 3340 3604; x_wconf 93' lang='lat' dir='ltr'><strong>in</strong></span> <span class='ocrx_word' id='word_1_655' title='bbox 3372 3567 3477 3621; x_wconf 91' lang='lat' dir='ltr'><strong>qua</strong></span> <span class='ocrx_word' id='word_1_656' title='bbox 3508 3551 3653 3604; x_wconf 82' lang='lat' dir='ltr'><strong>nulla</strong></span> 
     </span>
    </p>
   </div>
   <div class='ocr_carea' id='block_1_92' title="bbox 2075 3642 3654 3717">
    <p class='ocr_par' dir='ltr' id='par_1_92' title="bbox 2075 3642 3654 3717">
     <span class='ocr_line' id='line_1_92' title="bbox 2075 3642 3654 3717; baseline -0.003 -17"><span class='ocrx_word' id='word_1_657' title='bbox 2075 3644 2341 3717; x_wconf 87' lang='lat' dir='ltr'><strong>symbola,</strong></span> <span class='ocrx_word' id='word_1_658' title='bbox 2373 3644 2517 3698; x_wconf 89' lang='lat' dir='ltr'><strong>nulla</strong></span> <span class='ocrx_word' id='word_1_659' title='bbox 2544 3643 2835 3715; x_wconf 85' lang='lat' dir='ltr'><strong>ﬁgurarum</strong></span> <span class='ocrx_word' id='word_1_660' title='bbox 2866 3644 3189 3708; x_wconf 90' lang='lat' dir='ltr'><strong>obscuritas,</strong></span> <span class='ocrx_word' id='word_1_661' title='bbox 3220 3642 3313 3697; x_wconf 88' lang='lat' dir='ltr'><strong>sed</strong></span> <span class='ocrx_word' id='word_1_662' title='bbox 3344 3650 3453 3695; x_wconf 87' lang='lat' dir='ltr'><strong>tota</strong></span> <span class='ocrx_word' id='word_1_663' title='bbox 3485 3657 3654 3711; x_wconf 82' lang='lat' dir='ltr'><strong>appa-</strong></span> 
     </span>
    </p>
   </div>
   <div class='ocr_carea' id='block_1_93' title="bbox 2074 3731 3652 3804">
    <p class='ocr_par' dir='ltr' id='par_1_93' title="bbox 2074 3731 3652 3804">
     <span class='ocr_line' id='line_1_93' title="bbox 2074 3731 3652 3804; baseline -0.003 -14"><span class='ocrx_word' id='word_1_664' title='bbox 2074 3737 2214 3791; x_wconf 89' lang='lat' dir='ltr'><strong>rebit</strong></span> <span class='ocrx_word' id='word_1_665' title='bbox 2243 3736 2539 3791; x_wconf 83' lang='lat' dir='ltr'><strong>clarissima</strong></span> <span class='ocrx_word' id='word_1_666' title='bbox 2575 3736 2795 3790; x_wconf 89' lang='lat' dir='ltr'><strong>veritas.</strong></span> <span class='ocrx_word' id='word_1_667' title='bbox 2840 3734 3071 3804; x_wconf 87' lang='lat' dir='ltr'><strong>Ideoque</strong></span> <span class='ocrx_word' id='word_1_668' title='bbox 3109 3732 3467 3789; x_wconf 86' lang='lat' dir='ltr'><strong>sacerdotium</strong></span> <span class='ocrx_word' id='word_1_669' title='bbox 3513 3731 3652 3786; x_wconf 84' lang='lat' dir='ltr'><strong>Novi</strong></span> 
     </span>
    </p>
   </div>
   <div class='ocr_carea' id='block_1_94' title="bbox 2076 3822 3651 3894">
    <p class='ocr_par' dir='ltr' id='par_1_94' title="bbox 2076 3822 3651 3894">
     <span class='ocr_line' id='line_1_94' title="bbox 2076 3822 3651 3894; baseline -0.003 -13"><span class='ocrx_word' id='word_1_670' title='bbox 2076 3828 2408 3883; x_wconf 87' lang='lat' dir='ltr'><strong>Testamenti</strong></span> <span class='ocrx_word' id='word_1_671' title='bbox 2440 3827 2781 3881; x_wconf 87' lang='lat' dir='ltr'><strong>medietatem</strong></span> <span class='ocrx_word' id='word_1_672' title='bbox 2822 3825 3086 3894; x_wconf 87' lang='lat' dir='ltr'><strong>quandam</strong></span> <span class='ocrx_word' id='word_1_673' title='bbox 3118 3825 3256 3877; x_wconf 87' lang='lat' dir='ltr'><strong>inter</strong></span> <span class='ocrx_word' id='word_1_674' title='bbox 3298 3822 3651 3892; x_wconf 84' lang='lat' dir='ltr'><strong>praeteritum</strong></span> 
     </span>
    </p>
   </div>
   <div class='ocr_carea' id='block_1_95' title="bbox 2062 3915 3652 3989">
    <p class='ocr_par' dir='ltr' id='par_1_95' title="bbox 2062 3915 3652 3989">
     <span class='ocr_line' id='line_1_95' title="bbox 2062 3915 3652 3989; baseline -0.001 -17"><span class='ocrx_word' id='word_1_675' title='bbox 2062 3919 2228 3989; x_wconf 75' lang='lat' dir='ltr'><strong>legis,</strong></span> <span class='ocrx_word' id='word_1_676' title='bbox 2254 3928 2309 3973; x_wconf 91' lang='lat' dir='ltr'><strong>et</strong></span> <span class='ocrx_word' id='word_1_677' title='bbox 2336 3917 2576 3972; x_wconf 85' lang='lat' dir='ltr'><strong>futurum</strong></span> <span class='ocrx_word' id='word_1_678' title='bbox 2602 3918 2793 3972; x_wconf 87' lang='lat' dir='ltr'><strong>beatae</strong></span> <span class='ocrx_word' id='word_1_679' title='bbox 2830 3917 2974 3969; x_wconf 83' lang='lat' dir='ltr'><strong>vitae</strong></span> <span class='ocrx_word' id='word_1_680' title='bbox 2999 3916 3206 3970; x_wconf 90' lang='lat' dir='ltr'><strong>obtinet</strong></span> <span class='ocrx_word' id='word_1_681' title='bbox 3239 3916 3282 3968; x_wconf 81' lang='lat'><strong>&#39;.</strong></span> <span class='ocrx_word' id='word_1_682' title='bbox 3333 3916 3389 3969; x_wconf 87' lang='lat' dir='ltr'><strong>In</strong></span> <span class='ocrx_word' id='word_1_683' title='bbox 3427 3915 3652 3983; x_wconf 89' lang='lat' dir='ltr'><strong>quibus-</strong></span> 
     </span>
    </p>
   </div>
   <div class='ocr_carea' id='block_1_96' title="bbox 2071 4003 3655 4077">
    <p class='ocr_par' dir='ltr' id='par_1_96' title="bbox 2071 4003 3655 4077">
     <span class='ocr_line' id='line_1_96' title="bbox 2071 4003 3655 4077; baseline -0.001 -15"><span class='ocrx_word' id='word_1_684' title='bbox 2071 4010 2192 4062; x_wconf 88' lang='lat' dir='ltr'><strong>dam</strong></span> <span class='ocrx_word' id='word_1_685' title='bbox 2235 4008 2430 4077; x_wconf 88' lang='lat' dir='ltr'><strong>quippe</strong></span> <span class='ocrx_word' id='word_1_686' title='bbox 2471 4005 2758 4061; x_wconf 86' lang='lat' dir='ltr'><strong>veritatem</strong></span> <span class='ocrx_word' id='word_1_687' title='bbox 2810 4005 3115 4060; x_wconf 88' lang='lat' dir='ltr'><strong>considerat</strong></span> <span class='ocrx_word' id='word_1_688' title='bbox 3168 4014 3227 4058; x_wconf 88' lang='lat' dir='ltr'><strong>ut</strong></span> <span class='ocrx_word' id='word_1_689' title='bbox 3277 4004 3539 4067; x_wconf 80' lang='lat' dir='ltr'><strong>futurum,</strong></span> <span class='ocrx_word' id='word_1_690' title='bbox 3594 4003 3655 4060; x_wconf 85' lang='lat' dir='ltr'><strong>in</strong></span> 
     </span>
    </p>
   </div>
   <div class='ocr_carea' id='block_1_97' title="bbox 2068 4087 3651 4164">
    <p class='ocr_par' dir='ltr' id='par_1_97' title="bbox 2068 4087 3651 4164">
     <span class='ocr_line' id='line_1_97' title="bbox 2068 4087 3651 4164; baseline 0.003 -17"><span class='ocrx_word' id='word_1_691' title='bbox 2068 4096 2388 4164; x_wconf 89' lang='lat' dir='ltr'><strong>quibusdam</strong></span> <span class='ocrx_word' id='word_1_692' title='bbox 2435 4096 2489 4150; x_wconf 84' lang='lat' dir='ltr'><strong>in</strong></span> <span class='ocrx_word' id='word_1_693' title='bbox 2522 4094 2837 4150; x_wconf 88' lang='lat' dir='ltr'><strong>ministeriis</strong></span> <span class='ocrx_word' id='word_1_694' title='bbox 2882 4087 3125 4149; x_wconf 84' lang='lat' dir='ltr'><strong>celebrat</strong></span> <span class='ocrx_word' id='word_1_695' title='bbox 3166 4102 3228 4147; x_wconf 91' lang='lat' dir='ltr'><strong>ut</strong></span> <span class='ocrx_word' id='word_1_696' title='bbox 3273 4093 3651 4163; x_wconf 83' lang='lat' dir='ltr'><strong>praeteritum.</strong></span> 
     </span>
    </p>
   </div>
   <div class='ocr_carea' id='block_1_98' title="bbox 2068 4184 3652 4263">
    <p class='ocr_par' dir='ltr' id='par_1_98' title="bbox 2068 4184 3652 4263">
     <span class='ocr_line' id='line_1_98' title="bbox 2068 4184 3652 4263; baseline -0.001 -23"><span class='ocrx_word' id='word_1_697' title='bbox 2068 4186 2327 4241; x_wconf 89' lang='lat' dir='ltr'><strong>Bethania</strong></span> <span class='ocrx_word' id='word_1_698' title='bbox 2367 4186 2557 4263; x_wconf 77' lang='lat' dir='ltr'><strong>itaque</strong></span> <span class='ocrx_word' id='word_1_699' title='bbox 2587 4194 2737 4240; x_wconf 88' lang='lat' dir='ltr'><strong>trans</strong></span> <span class='ocrx_word' id='word_1_700' title='bbox 2768 4184 3057 4243; x_wconf 86' lang='lat' dir='ltr'><strong>Iordanem</strong></span> <span class='ocrx_word' id='word_1_701' title='bbox 3086 4184 3455 4239; x_wconf 77' lang='lat' dir='ltr'><strong>sacerdotium</strong></span> <span class='ocrx_word' id='word_1_702' title='bbox 3486 4184 3652 4253; x_wconf 80' lang='lat' dir='ltr'><strong>legis,</strong></span> 
     </span>
    </p>
   </div>
   <div class='ocr_carea' id='block_1_99' title="bbox 2069 4272 3651 4345">
    <p class='ocr_par' dir='ltr' id='par_1_99' title="bbox 2069 4272 3651 4345">
     <span class='ocr_line' id='line_1_99' title="bbox 2069 4272 3651 4345; baseline -0.003 -15"><span class='ocrx_word' id='word_1_703' title='bbox 2069 4276 2328 4332; x_wconf 82' lang='lat' dir='ltr'><strong>Bethania</strong></span> <span class='ocrx_word' id='word_1_704' title='bbox 2358 4278 2493 4331; x_wconf 91' lang='lat' dir='ltr'><strong>citra</strong></span> <span class='ocrx_word' id='word_1_705' title='bbox 2522 4276 2831 4340; x_wconf 88' lang='lat' dir='ltr'><strong>Iordanem,</strong></span> <span class='ocrx_word' id='word_1_706' title='bbox 2874 4290 2980 4331; x_wconf 87' lang='lat' dir='ltr'><strong>non</strong></span> <span class='ocrx_word' id='word_1_707' title='bbox 3023 4274 3179 4345; x_wconf 89' lang='lat' dir='ltr'><strong>longe</strong></span> <span class='ocrx_word' id='word_1_708' title='bbox 3219 4273 3286 4328; x_wconf 84' lang='lat' dir='ltr'><strong>ab</strong></span> <span class='ocrx_word' id='word_1_709' title='bbox 3321 4272 3651 4340; x_wconf 87' lang='lat' dir='ltr'><strong>Ierusalem,</strong></span> 
     </span>
    </p>
   </div>
   <div class='ocr_carea' id='block_1_100' title="bbox 2069 4362 3647 4437">
    <p class='ocr_par' dir='ltr' id='par_1_100' title="bbox 2069 4362 3647 4437">
     <span class='ocr_line' id='line_1_100' title="bbox 2069 4362 3647 4437; baseline -0.003 -15"><span class='ocrx_word' id='word_1_710' title='bbox 2069 4368 2426 4423; x_wconf 85' lang='lat' dir='ltr'><strong>sacerdotium</strong></span> <span class='ocrx_word' id='word_1_711' title='bbox 2458 4367 2684 4437; x_wconf 85' lang='lat' dir='ltr'><strong>gratiae,</strong></span> <span class='ocrx_word' id='word_1_712' title='bbox 2712 4365 3013 4422; x_wconf 85' lang='lat' dir='ltr'><strong>Ierusalem</strong></span> <span class='ocrx_word' id='word_1_713' title='bbox 3042 4364 3371 4434; x_wconf 79' lang='lat' dir='ltr'><strong>praeﬁgurat</strong></span> <span class='ocrx_word' id='word_1_714' title='bbox 3400 4362 3647 4417; x_wconf 74' lang='lat' dir='ltr'><strong>futuram</strong></span> 
     </span>
    </p>
   </div>
   <div class='ocr_carea' id='block_1_101' title="bbox 2066 4454 3650 4526">
    <p class='ocr_par' dir='ltr' id='par_1_101' title="bbox 2066 4454 3650 4526">
     <span class='ocr_line' id='line_1_101' title="bbox 2066 4454 3650 4526; baseline -0.003 -13"><span class='ocrx_word' id='word_1_715' title='bbox 2066 4458 2343 4513; x_wconf 87' lang='lat' dir='ltr'><strong>beatorum</strong></span> <span class='ocrx_word' id='word_1_716' title='bbox 2394 4459 2580 4513; x_wconf 89' lang='lat' dir='ltr'><strong>vitam.</strong></span> <span class='ocrx_word' id='word_1_717' title='bbox 2630 4457 2684 4511; x_wconf 82' lang='lat' dir='ltr'><strong>In</strong></span> <span class='ocrx_word' id='word_1_718' title='bbox 2741 4456 3045 4512; x_wconf 88' lang='lat' dir='ltr'><strong>sacerdotio</strong></span> <span class='ocrx_word' id='word_1_719' title='bbox 3095 4456 3258 4526; x_wconf 88' lang='lat' dir='ltr'><strong>igitur</strong></span> <span class='ocrx_word' id='word_1_720' title='bbox 3301 4454 3431 4525; x_wconf 88' lang='lat' dir='ltr'><strong>legis</strong></span> <span class='ocrx_word' id='word_1_721' title='bbox 3485 4456 3650 4523; x_wconf 83' lang='lat' dir='ltr'><strong>quasi</strong></span> 
     </span>
    </p>
   </div>
   <div class='ocr_carea' id='block_1_102' title="bbox 2068 4544 3645 4618">
    <p class='ocr_par' dir='ltr' id='par_1_102' title="bbox 2068 4544 3645 4618">
     <span class='ocr_line' id='line_1_102' title="bbox 2068 4544 3645 4618; baseline -0.003 -15"><span class='ocrx_word' id='word_1_722' title='bbox 2068 4560 2216 4604; x_wconf 87' lang='lat' dir='ltr'><strong>trans</strong></span> <span class='ocrx_word' id='word_1_723' title='bbox 2241 4548 2529 4604; x_wconf 85' lang='lat' dir='ltr'><strong>Iordanem</strong></span> <span class='ocrx_word' id='word_1_724' title='bbox 2565 4547 2665 4603; x_wconf 88' lang='lat' dir='ltr'><strong>sub</strong></span> <span class='ocrx_word' id='word_1_725' title='bbox 2694 4547 2811 4618; x_wconf 89' lang='lat' dir='ltr'><strong>lege</strong></span> <span class='ocrx_word' id='word_1_726' title='bbox 2838 4558 3061 4601; x_wconf 84' lang='lat' dir='ltr'><strong>naturae</strong></span> <span class='ocrx_word' id='word_1_727' title='bbox 3086 4554 3141 4599; x_wconf 90' lang='lat' dir='ltr'><strong>et</strong></span> <span class='ocrx_word' id='word_1_728' title='bbox 3171 4545 3271 4600; x_wconf 88' lang='lat' dir='ltr'><strong>sub</strong></span> <span class='ocrx_word' id='word_1_729' title='bbox 3294 4544 3409 4614; x_wconf 89' lang='lat' dir='ltr'><strong>lege</strong></span> <span class='ocrx_word' id='word_1_730' title='bbox 3436 4544 3645 4613; x_wconf 85' lang='lat' dir='ltr'><strong>scripta</strong></span> 
     </span>
    </p>
   </div>
   <div class='ocr_carea' id='block_1_103' title="bbox 2064 4626 3649 4707">
    <p class='ocr_par' dir='ltr' id='par_1_103' title="bbox 2064 4626 3649 4707">
     <span class='ocr_line' id='line_1_103' title="bbox 2064 4626 3649 4707; baseline -0.004 -13"><span class='ocrx_word' id='word_1_731' title='bbox 2064 4640 2274 4695; x_wconf 90' lang='lat' dir='ltr'><strong>erudita</strong></span> <span class='ocrx_word' id='word_1_732' title='bbox 2312 4626 2395 4693; x_wconf 83' lang='lat' dir='ltr'><strong>est</strong></span> <span class='ocrx_word' id='word_1_733' title='bbox 2431 4649 2486 4693; x_wconf 91' lang='lat' dir='ltr'><strong>et</strong></span> <span class='ocrx_word' id='word_1_734' title='bbox 2515 4648 2758 4693; x_wconf 82' lang='lat' dir='ltr'><strong>correcta</strong></span> <span class='ocrx_word' id='word_1_735' title='bbox 2803 4638 2917 4707; x_wconf 90' lang='lat' dir='ltr'><strong>ipsa</strong></span> <span class='ocrx_word' id='word_1_736' title='bbox 2965 4637 3202 4691; x_wconf 83' lang='lat' dir='ltr'><strong>humana</strong></span> <span class='ocrx_word' id='word_1_737' title='bbox 3248 4644 3461 4698; x_wconf 87' lang='lat' dir='ltr'><strong>natura,</strong></span> <span class='ocrx_word' id='word_1_738' title='bbox 3500 4648 3649 4701; x_wconf 78' lang='lat' dir='ltr'><strong>quae</strong></span> 
     </span>
    </p>
   </div>
   <div class='ocr_carea' id='block_1_104' title="bbox 2066 4723 3648 4799">
    <p class='ocr_par' dir='ltr' id='par_1_104' title="bbox 2066 4723 3648 4799">
     <span class='ocr_line' id='line_1_104' title="bbox 2066 4723 3648 4799; baseline -0.005 -16"><span class='ocrx_word' id='word_1_739' title='bbox 2066 4729 2353 4799; x_wconf 82' lang='lat' dir='ltr'><strong>imaginem</strong></span> <span class='ocrx_word' id='word_1_740' title='bbox 2385 4728 2479 4782; x_wconf 87' lang='lat' dir='ltr'><strong>Dei</strong></span> <span class='ocrx_word' id='word_1_741' title='bbox 2513 4737 2631 4798; x_wconf 90' lang='lat' dir='ltr'><strong>post</strong></span> <span class='ocrx_word' id='word_1_742' title='bbox 2661 4726 3175 4797; x_wconf 87' lang='lat' dir='ltr'><strong>praevaricationem</strong></span> <span class='ocrx_word' id='word_1_743' title='bbox 3208 4724 3259 4777; x_wconf 92' lang='lat' dir='ltr'><strong>in</strong></span> <span class='ocrx_word' id='word_1_744' title='bbox 3299 4738 3358 4777; x_wconf 89' lang='lat' dir='ltr'><strong>se</strong></span> <span class='ocrx_word' id='word_1_745' title='bbox 3381 4723 3648 4777; x_wconf 83' lang='lat' dir='ltr'><strong>obscura-</strong></span> 
     </span>
    </p>
   </div>
   <div class='ocr_carea' id='block_1_105' title="bbox 2068 4814 3649 4890">
    <p class='ocr_par' dir='ltr' id='par_1_105' title="bbox 2068 4814 3649 4890">
     <span class='ocr_line' id='line_1_105' title="bbox 2068 4814 3649 4890; baseline -0.004 -16"><span class='ocrx_word' id='word_1_746' title='bbox 2068 4822 2141 4875; x_wconf 89' lang='lat' dir='ltr'><strong>vit</strong></span> <span class='ocrx_word' id='word_1_747' title='bbox 2177 4835 2275 4890; x_wconf 81' lang='lat' dir='ltr'><strong>per</strong></span> <span class='ocrx_word' id='word_1_748' title='bbox 2311 4821 2553 4875; x_wconf 87' lang='lat' dir='ltr'><strong>veritatis</strong></span> <span class='ocrx_word' id='word_1_749' title='bbox 2602 4818 2982 4889; x_wconf 77' lang='lat' dir='ltr'><strong>ignorantiam,</strong></span> <span class='ocrx_word' id='word_1_750' title='bbox 3015 4825 3072 4871; x_wconf 93' lang='lat' dir='ltr'><strong>ct</strong></span> <span class='ocrx_word' id='word_1_751' title='bbox 3111 4814 3498 4872; x_wconf 76' lang='lat' dir='ltr'><strong>contaminavit</strong></span> <span class='ocrx_word' id='word_1_752' title='bbox 3541 4828 3649 4883; x_wconf 86' lang='lat' dir='ltr'><strong>per</strong></span> 
     </span>
    </p>
   </div>
   <div class='ocr_carea' id='block_1_106' title="bbox 2067 4904 3647 4980">
    <p class='ocr_par' dir='ltr' id='par_1_106' title="bbox 2067 4904 3647 4980">
     <span class='ocr_line' id='line_1_106' title="bbox 2067 4904 3647 4980; baseline -0.004 -15"><span class='ocrx_word' id='word_1_753' title='bbox 2067 4927 2245 4966; x_wconf 89' lang='lat' dir='ltr'><strong>rerum</strong></span> <span class='ocrx_word' id='word_1_754' title='bbox 2285 4911 2656 4980; x_wconf 84' lang='lat' dir='ltr'><strong>temporalium</strong></span> <span class='ocrx_word' id='word_1_755' title='bbox 2684 4907 3195 4979; x_wconf 88' lang='lat' dir='ltr'><strong>concupiscentiam.</strong></span> <span class='ocrx_word' id='word_1_756' title='bbox 3244 4904 3302 4960; x_wconf 86' lang='lat' dir='ltr'><strong>In</strong></span> <span class='ocrx_word' id='word_1_757' title='bbox 3331 4904 3647 4959; x_wconf 87' lang='lat' dir='ltr'><strong>sacerdotio</strong></span> 
     </span>
    </p>
   </div>
   <div class='ocr_carea' id='block_1_107' title="bbox 2066 4994 3641 5072">
    <p class='ocr_par' dir='ltr' id='par_1_107' title="bbox 2066 4994 3641 5072">
     <span class='ocr_line' id='line_1_107' title="bbox 2066 4994 3641 5072; baseline -0.004 -17"><span class='ocrx_word' id='word_1_758' title='bbox 2066 5001 2201 5057; x_wconf 87' lang='lat' dir='ltr'><strong>Novi</strong></span> <span class='ocrx_word' id='word_1_759' title='bbox 2229 5001 2558 5057; x_wconf 86' lang='lat' dir='ltr'><strong>Testamenti</strong></span> <span class='ocrx_word' id='word_1_760' title='bbox 2604 5001 2703 5056; x_wconf 89' lang='lat' dir='ltr'><strong>sub</strong></span> <span class='ocrx_word' id='word_1_761' title='bbox 2728 5000 2942 5055; x_wconf 83' lang='lat' dir='ltr'><strong>Christo</strong></span> <span class='ocrx_word' id='word_1_762' title='bbox 2968 4997 3156 5053; x_wconf 87' lang='lat' dir='ltr'><strong>eadem</strong></span> <span class='ocrx_word' id='word_1_763' title='bbox 3192 5004 3385 5072; x_wconf 72' lang='lat' dir='ltr'><strong>natura</strong></span> <span class='ocrx_word' id='word_1_764' title='bbox 3430 4994 3641 5049; x_wconf 85' lang='lat' dir='ltr'><strong>illumi-</strong></span> 
     </span>
    </p>
   </div>
   <div class='ocr_carea' id='block_1_108' title="bbox 2063 5084 3647 5164">
    <p class='ocr_par' dir='ltr' id='par_1_108' title="bbox 2063 5084 3647 5164">
     <span class='ocr_line' id='line_1_108' title="bbox 2063 5084 3647 5164; baseline -0.004 -16"><span class='ocrx_word' id='word_1_765' title='bbox 2063 5103 2208 5159; x_wconf 87' lang='lat' dir='ltr'><strong>nata,</strong></span> <span class='ocrx_word' id='word_1_766' title='bbox 2237 5102 2292 5148; x_wconf 87' lang='lat' dir='ltr'><strong>et</strong></span> <span class='ocrx_word' id='word_1_767' title='bbox 2315 5093 2415 5148; x_wconf 91' lang='lat' dir='ltr'><strong>sub</strong></span> <span class='ocrx_word' id='word_1_768' title='bbox 2436 5093 2550 5164; x_wconf 82' lang='lat' dir='ltr'><strong>lege</strong></span> <span class='ocrx_word' id='word_1_769' title='bbox 2575 5093 2781 5163; x_wconf 83' lang='lat' dir='ltr'><strong>gratiae</strong></span> <span class='ocrx_word' id='word_1_770' title='bbox 2805 5091 3056 5155; x_wconf 86' lang='lat' dir='ltr'><strong>educata,</strong></span> <span class='ocrx_word' id='word_1_771' title='bbox 3077 5098 3133 5144; x_wconf 89' lang='lat' dir='ltr'><strong>et</strong></span> <span class='ocrx_word' id='word_1_772' title='bbox 3160 5086 3353 5142; x_wconf 71' lang='lat' dir='ltr'><strong>futuro</strong></span> <span class='ocrx_word' id='word_1_773' title='bbox 3379 5084 3647 5142; x_wconf 84' lang='lat' dir='ltr'><strong>sacerdo-</strong></span> 
     </span>
    </p>
   </div>
   <div class='ocr_carea' id='block_1_109' title="bbox 1681 5185 2369 5245">
    <p class='ocr_par' dir='ltr' id='par_1_109' title="bbox 1681 5185 2369 5245">
     <span class='ocr_line' id='line_1_109' title="bbox 1681 5185 2369 5245; baseline 0 -6"><span class='ocrx_word' id='word_1_774' title='bbox 1681 5185 1936 5242; x_wconf 75' lang='lat' dir='ltr'><strong>VARIAE</strong></span> <span class='ocrx_word' id='word_1_775' title='bbox 1970 5185 2369 5245; x_wconf 69' lang='lat' dir='ltr'><strong>LECTIONES.</strong></span> 
     </span>
    </p>
   </div>
   <div class='ocr_carea' id='block_1_110' title="bbox 446 5241 1433 5319">
    <p class='ocr_par' dir='ltr' id='par_1_110' title="bbox 446 5241 1433 5319">
     <span class='ocr_line' id='line_1_110' title="bbox 446 5241 1433 5319; baseline 0.002 -17"><span class='ocrx_word' id='word_1_776' title='bbox 446 5242 467 5277; x_wconf 79' lang='grc'><strong>⁸</strong></span> <span class='ocrx_word' id='word_1_777' title='bbox 505 5241 639 5302; x_wconf 86' lang='lat' dir='ltr'><strong>Cod.</strong></span> <span class='ocrx_word' id='word_1_778' title='bbox 663 5246 930 5317; x_wconf 73' lang='lat' dir='ltr'><strong>synaxios.</strong></span> <span class='ocrx_word' id='word_1_779' title='bbox 1006 5246 1027 5277; x_wconf 83' lang='grc'>³</span> <span class='ocrx_word' id='word_1_780' title='bbox 1065 5247 1196 5303; x_wconf 87' lang='lat' dir='ltr'><strong>Cod.</strong></span> <span class='ocrx_word' id='word_1_781' title='bbox 1220 5249 1433 5319; x_wconf 77' lang='lat' dir='ltr'><strong>optinet.</strong></span> 
     </span>
    </p>
   </div>
   <div class='ocr_carea' id='block_1_111' title="bbox 1878 5318 2127 5375">
    <p class='ocr_par' dir='ltr' id='par_1_111' title="bbox 1878 5318 2127 5375">
     <span class='ocr_line' id='line_1_111' title="bbox 1878 5318 2127 5375; baseline 0 -4"><span class='ocrx_word' id='word_1_782' title='bbox 1878 5318 2127 5375; x_wconf 78' lang='lat' dir='ltr'><strong>NOTAE.</strong></span> 
     </span>
    </p>
   </div>
   <div class='ocr_carea' id='block_1_112' title="bbox 450 5354 1955 5462">
    <p class='ocr_par' dir='ltr' id='par_1_112' title="bbox 450 5354 1955 5462">
     <span class='ocr_line' id='line_1_112' title="bbox 450 5354 1955 5462; baseline 0.018 -43"><span class='ocrx_word' id='word_1_783' title='bbox 450 5376 475 5457; x_wconf 52' lang='grc' dir='ltr'>ξι</span> <span class='ocrx_word' id='word_1_784' title='bbox 510 5366 878 5462; x_wconf 47' lang='lat' dir='ltr'><strong>lllierony&#39;mt&#39;ts</strong></span> <span class='ocrx_word' id='word_1_785' title='bbox 914 5371 1247 5462; x_wconf 39' lang='lat' dir='ltr'><strong>:‘Betliania,</strong></span> <span class='ocrx_word' id='word_1_786' title='bbox 1282 5354 1800 5462; x_wconf 44' lang='lat' dir='ltr'><strong>domugaﬁlictiouis</strong></span> <span class='ocrx_word' id='word_1_787' title='bbox 1821 5354 1955 5462; x_wconf 43' lang='lat' dir='ltr'><strong>ejus:</strong></span> 
     </span>
    </p>
   </div>
   <div class='ocr_carea' id='block_1_113' title="bbox 376 5434 1955 5517">
    <p class='ocr_par' dir='ltr' id='par_1_113' title="bbox 376 5434 1955 5517">
     <span class='ocr_line' id='line_1_113' title="bbox 376 5434 1955 5517; baseline 0.023 -36"><span class='ocrx_word' id='word_1_788' title='bbox 376 5434 674 5517; x_wconf 43' lang='lat' dir='ltr'><strong>retulimus</strong></span> <span class='ocrx_word' id='word_1_789' title='bbox 713 5434 1056 5517; x_wconf 61' lang='lat' dir='ltr'><strong>obedientiae.</strong></span> <span class='ocrx_word' id='word_1_790' title='bbox 1101 5434 1360 5517; x_wconf 65' lang='lat' dir='ltr'><strong>Bethania</strong></span> 
     </span>
    </p>
   </div>
   <div class='ocr_carea' id='block_1_114' title="bbox 373 5512 1579 5589">
    <p class='ocr_par' dir='ltr' id='par_1_114' title="bbox 373 5512 1579 5589">
     <span class='ocr_line' id='line_1_114' title="bbox 373 5512 1579 5589; baseline 0.021 -35"><span class='ocrx_word' id='word_1_791' title='bbox 373 5515 477 5587; x_wconf 52' lang='grc' dir='ltr'><strong>ταῖς</strong></span> <span class='ocrx_word' id='word_1_792' title='bbox 507 5522 635 5577; x_wconf 63' lang='grc' dir='ltr'>τωρ·</span> <span class='ocrx_word' id='word_1_793' title='bbox 661 5512 836 5577; x_wconf 75' lang='lat' dir='ltr'><strong>mtrrc,</strong></span> <span class='ocrx_word' id='word_1_794' title='bbox 880 5513 1107 5584; x_wconf 71' lang='lat' dir='ltr'><strong>obedire,</strong></span> <span class='ocrx_word' id='word_1_795' title='bbox 1141 5516 1414 5589; x_wconf 66' lang='lat' dir='ltr'><strong>depressus</strong></span> <span class='ocrx_word' id='word_1_796' title='bbox 1452 5540 1579 5579; x_wconf 74' lang='lat' dir='ltr'><strong>esse.</strong></span> 
     </span>
    </p>
   </div>
   <div class='ocr_carea' id='block_1_115' title="bbox 2124 5385 3644 5459">
    <p class='ocr_par' dir='ltr' id='par_1_115' title="bbox 2124 5385 3644 5459">
     <span class='ocr_line' id='line_1_115' title="bbox 2124 5385 3644 5459; baseline 0 -16"><span class='ocrx_word' id='word_1_797' title='bbox 2124 5389 2151 5428; x_wconf 73' lang='grc' dir='ltr'>ι’</span> <span class='ocrx_word' id='word_1_798' title='bbox 2180 5387 2236 5443; x_wconf 90' lang='lat' dir='ltr'><strong>S.</strong></span> <span class='ocrx_word' id='word_1_799' title='bbox 2278 5387 2631 5459; x_wconf 70' lang='lat' dir='ltr'><strong>Hieronymus</strong></span> <span class='ocrx_word' id='word_1_800' title='bbox 2657 5407 2670 5443; x_wconf 89' lang='lat'><strong>:</strong></span> <span class='ocrx_word' id='word_1_801' title='bbox 2696 5386 3023 5457; x_wconf 77' lang='lat' dir='ltr'><strong>Jerosolyma</strong></span> <span class='ocrx_word' id='word_1_802' title='bbox 3040 5429 3054 5449; x_wconf 90' lang='lat'><strong>,</strong></span> <span class='ocrx_word' id='word_1_803' title='bbox 3076 5390 3201 5443; x_wconf 77' lang='lat' dir='ltr'><strong>uisio</strong></span> <span class='ocrx_word' id='word_1_804' title='bbox 3225 5389 3385 5454; x_wconf 80' lang='lat' dir='ltr'><strong>pacis.</strong></span> <span class='ocrx_word' id='word_1_805' title='bbox 3417 5385 3466 5448; x_wconf 79' lang='lat' dir='ltr'><strong>I.</strong></span> <span class='ocrx_word' id='word_1_806' title='bbox 3494 5386 3644 5459; x_wconf 72' lang='lat' dir='ltr'><strong>Sco-</strong></span> 
     </span>
    </p>
   </div>
   <div class='ocr_carea' id='block_1_116' title="bbox 2056 5458 3640 5534">
    <p class='ocr_par' dir='ltr' id='par_1_116' title="bbox 2056 5458 3640 5534">
     <span class='ocr_line' id='line_1_116' title="bbox 2056 5458 3640 5534; baseline 0.003 -22"><span class='ocrx_word' id='word_1_807' title='bbox 2056 5469 2140 5513; x_wconf 86' lang='lat' dir='ltr'><strong>tns</strong></span> <span class='ocrx_word' id='word_1_808' title='bbox 2196 5474 2382 5512; x_wconf 82' lang='lat' dir='ltr'><strong>vocem</strong></span> <span class='ocrx_word' id='word_1_809' title='bbox 2438 5458 2575 5511; x_wconf 75' lang='lat' dir='ltr'><strong>infra</strong></span> <span class='ocrx_word' id='word_1_810' title='bbox 2618 5460 3273 5529; x_wconf 78' lang='lat' dir='ltr'><strong>interpretaturtemplum</strong></span> <span class='ocrx_word' id='word_1_811' title='bbox 3311 5461 3474 5534; x_wconf 75' lang='lat' dir='ltr'><strong>pacis.</strong></span> <span class='ocrx_word' id='word_1_812' title='bbox 3507 5458 3640 5516; x_wconf 73' lang='lat' dir='ltr'><strong>Vox</strong></span> 
     </span>
    </p>
   </div>
   <div class='ocr_carea' id='block_1_117' title="bbox 2053 5546 2713 5608">
    <p class='ocr_par' dir='ltr' id='par_1_117' title="bbox 2053 5546 2713 5608">
     <span class='ocr_line' id='line_1_117' title="bbox 2053 5546 2713 5608; baseline 0.006 -11"><span class='ocrx_word' id='word_1_813' title='bbox 2053 5548 2331 5601; x_wconf 78' lang='lat' dir='ltr'><strong>derivatur</strong></span> <span class='ocrx_word' id='word_1_814' title='bbox 2362 5566 2389 5601; x_wconf 91' lang='lat' dir='ltr'><strong>a</strong></span> <span class='ocrx_word' id='word_1_815' title='bbox 2420 5546 2550 5608; x_wconf 65' lang='lat' dir='ltr'><strong>mu}</strong></span> <span class='ocrx_word' id='word_1_816' title='bbox 2578 5559 2713 5605; x_wconf 56' lang='grc' dir='ltr'><strong>πιςη.</strong></span> 
     </span>
    </p>
   </div>
  </div>
