3952 6156
231 317 310 372 5J9
1259 321 1615 379 COMMENT.
1657 321 1721 376 LV
1765 323 2014 380 EVANC.
2059 327 2203 384 SEC.
2245 330 2435 388 J0.-\N.

3351 342 3454 401 510

229 433 286 484 tio
309 425 738 516 velutiproxima
766 435 927 516 atque
967 425 1203 496 perfecta
1247 426 1390 484 facta
1437 438 1543 494 est,
1578 430 1773 484 illunti-
1804 438 1846 493 Α
1880 437 1996 490 dem
2029 440 2238 509 populis
2270 441 2650 509 ntanii‘estavit,
2701 444 2888 500 dicens
2912 442 2940 500 ε’
2962 464 2980 495 ι
3012 444 3108 501 llic
3129 454 3269 512 erat,
3299 461 3460 516 quem

232 531 328 574 nata
356 515 558 588 quidem
587 520 686 586 per
712 513 892 582 ﬁdem,
931 517 1160 572 educata
1189 531 1318 574 vero
1361 533 1459 589 per
1502 535 1675 591 spem,
1719 531 1776 575 et

229 608 434 678 proxima
483 604 626 660 facta
672 605 894 661 divinae
946 606 1140 661 visioni
1188 622 1285 678 per
1329 610 1673 675 caritatem,‘
1720 611 1772 664 in

229 711 445 771 quantum
501 697 807 752 divinarum
883 697 1351 770 intelligendarum
1415 701 1776 758 sublimitates

229 789 370 845 adhuc
393 791 438 846 in
463 805 628 846 carne
661 793 834 862 posita
859 793 1055 848 sinitur
1077 771 1381 864 penetrare.
1410 793 1516 850 Sed
1537 799 1581 852 si
1607 813 1776 868 quae-

233 884 288 936 ris
314 883 482 937 harum
514 884 676 937 trium
724 883 921 955 legum,
951 887 1214 942 naturalis
1243 888 1386 958 dico,
1416 898 1471 944 et
1518 891 1775 962 scriptae,

233 985 268 1032 ει
285 977 463 1046 gratiae
492 975 881 1040 diﬁ'erentiam,
913 979 1148 1034 h'eviter
1187 995 1470 1052 cognosce.
1523 981 1635 1038 Lex
1683 1000 1780 1038 na-

231 1080 351 1119 tnrae
378 1074 474 1130 est,
504 1081 644 1135 quae
675 1069 922 1139 imperat,
953 1084 1142 1126 omnes
1182 1072 1429 1128 homines
1459 1089 1516 1128 se
1547 1075 1776 1130 invicem

229 1155 488 1225 aequaliter
513 1155 760 1225 diligere,
795 1169 848 1212 ut
873 1155 1326 1227 quemadmodum
1353 1179 1455 1216 una
1479 1162 1778 1232 eademque

230 1255 385 1302 natura
415 1249 663 1304 omnibus
702 1251 865 1311 idem.
894 1253 966 1306 ita
999 1265 1054 1306 et
1095 1256 1399 1310 communis
1441 1257 1680 1311 omnium
1713 1258 1782 1312 ab

229 1338 440 1394 omnibus
465 1339 687 1396 dilectio
713 1339 826 1396 ﬁat.
854 1335 960 1402 Lex
992 1344 1193 1412 scripta
1234 1359 1339 1410 est,
1369 1363 1507 1417 quae
1531 1349 1781 1417 prohibet

229 1430 368 1498 legem
396 1439 619 1486 naturae
648 1431 862 1497 v'lolari,
889 1441 940 1487 ct
974 1433 1232 1490 discernit
1279 1437 1422 1491 inter
1466 1439 1696 1494 virtutes
1726 1449 1780 1493 ut

233 1520 352 1584 vitia,
375 1527 422 1574 et
450 1520 680 1590 ﬁguram
710 1521 845 1593 legis
871 1525 1079 1594 gratiae
1109 1526 1266 1596 gerit.
1303 1526 1585 1598 Ipsumque
1610 1529 1780 1600 legem

230 1612 446 1680 scriptam
474 1611 597 1667 dico
620 1611 948 1680 adiutorium
975 1629 1096 1674 esse
1117 1615 1252 1686 legis
1272 1629 1520 1684 naturae,
1547 1630 1626 1685 ut,
1649 1636 1783 1692 quo-

233 1705 344 1756 niam
368 1702 444 1757 lex
463 1713 697 1760 naturae
728 1711 826 1774 per
849 1713 906 1761 se
935 1707 1108 1776 ipsam
1132 1709 1471 1766 solummodo
1489 1712 1780 1768 humanam

1879 529 2120 584 dicebam
2151 533 2302 586 vobis
2332 552 2375 585 ι.
2429 531 2583 589 Nunc
2625 545 2827 601 autem,
2860 535 3022 590 veluti
3049 538 3282 592 secunda
3319 540 3462 595 noti-

1883 619 1976 681 tia,
2011 619 2182 674 altera
2211 622 2319 686 die,
2353 621 2435 676 vel
2481 623 2584 676 alia
2643 624 2752 688 die,
2798 625 2946 679 videt
2989 625 3224 680 Joannes
3273 626 3458 684 Jesum

1879 710 2180 765 venientem
2226 711 2292 766 ad
2337 726 2416 767 se.
2456 713 2953 782 Duplicicontuitn,
2985 717 3183 772 utentis
3215 717 3464 774 videlicet

1879 810 1934 855 et
1976 802 2259 872 corporis,
2299 801 2536 859 Joannes
2576 819 2900 875 praecuraor
2941 807 3226 862 Dominum
3275 824 3458 874 suum,

1879 909 2038 963 quem
2070 897 2476 964 praecurrebat,
2502 897 2777 968 cognoscit
2805 898 3104 953 venientem
3132 901 3200 953 ad
3227 914 3308 964 se,
3351 915 3460 954 non

1881 986 2052 1039 Solum
2075 987 2320 1055 corporis
2344 987 2642 1057 gressibus,
2677 1003 2864 1042 verum
2891 989 3164 1045 interioris
3183 1005 3314 1044 suae
3333 1005 3462 1045 con-

1883 1075 2245 1143 templationis
2287 1078 2614 1132 accessibus.
2679 1077 2835 1134 Jesus
2872 1080 3012 1132 venit
3057 1080 3124 1134 ad
3166 1080 3452 1136 Joannem.

1883 1168 2042 1226 Venit
2064 1167 2226 1238 igitur
2246 1165 2402 1224 Jesus
2423 1169 2490 1224 ad
2519 1166 2805 1233 Joannem,
2845 1169 2946 1223 hoc
2971 1178 3073 1234 est,
3103 1170 3354 1240 dignatus
3379 1179 3466 1225 est

1881 1261 2132 1330 cognosci
2162 1259 2231 1314 ab
2266 1259 2472 1314 Joanne
2526 1260 2820 1315 secundum
2853 1259 3186 1313 divinitatem
3218 1276 3372 1315 suam
3405 1270 3463 1314 et

1885 1350 2295 1405 humanitatem.
2327 1350 2394 1406 Et
2417 1350 2492 1404 ait
2521 1367 2534 1403 :
2571 1349 2702 1404 Ecce
2729 1351 2906 1420 Agnus
2931 1349 3046 1414 Dei,
3071 1365 3184 1404 ecce
3218 1349 3464 1419 quizoltit
3535 1339 3538 1343 ’

1882 1453 2148 1510 percolunt
2187 1442 2393 1496 mundi.
2442 1435 2724 1496 Manifeste
2769 1457 2892 1498 eum
2937 1439 3148 1510 p0pulis
3171 1439 3464 1510 praedicat,

1885 1519 2011 1589 dum
2036 1533 2207 1588 dicit:
2255 1553 2272 1586 ι
2305 1533 2444 1589 Ecce
2493 1531 2678 1602 Agnus
2728 1531 2822 1586 Dei
2861 1552 2904 1586 ι.
2973 1530 3206 1586 Verbum
3255 1527 3348 1584 Dei
3395 1524 3460 1578 at

1883 1623 2095 1681 Joanne
2140 1626 2326 1692 Agnus
2375 1624 2702 1679 nominatur.
2760 1618 2878 1692 Ipse
2923 1622 3066 1676 enim
3113 1630 3266 1684 erat,
3307 1634 3466 1687 quem

1890 1715 2155 1787 mySticus
2193 1715 2379 1785 Agnus
2408 1714 2460 1768 in
2487 1713 2603 1784 lege
2642 1712 3060 1784 praeﬁgurabat.
3100 1711 3207 1766 Nec
3246 1710 3497 1772 tuirum,‘

231 1803 438 1846 naturam
462 1795 743 1863 corrigere
757 1811 864 1850 non
883 1796 1337 1862 valuit,violentia
1367 1800 1500 1870 legis
1522 1803 1778 1873 scriptae,
1814 1783 1857 1846 Β
1887 1807 1930 1861 si
1948 1783 2142 1862 umbra
2165 1783 2508 1876 praedicatur
2531 1783 2597 1859 de
2618 1783 2867 1859 veritate.
2902 1802 3103 1859 Umbra
3139 1811 3254 1856 erat
3279 1800 3466 1872 legalis

229 1895 343 1951 quae
381 1883 715 1952 prohibenda
775 1893 922 1954 sunt,
972 1896 1274 1953 coerceret,
1319 1897 1375 1942 et
1425 1905 1563 1960 quae
1618 1887 1789 1946 adim-

227 1974 407 2045 plenda,
450 1976 693 2032 doceret.
727 1978 784 2033 lu
835 1989 1040 2036 tantum
1083 1983 1281 2054 quippe
1331 1984 1414 2039 lex
1466 1995 1694 2041 naturae
1734 1987 1786 2044 in

232 2066 494 2122 hominibus
543 2083 685 2138 pene
735 2071 934 2124 abolita
966 2081 1068 2130 est.
1123 2081 1183 2126 ιιι
1228 2090 1404 2143 neque
1449 2076 1786 2132 conditorem

229 2175 354 2214 s'ntm
377 2169 750 2230 cognosceret,
767 2175 943 2231 neque
974 2162 1116 2218 inter
1129 2165 1360 2220 virtutes
1387 2175 1442 2221 et
1464 2167 1589 2221 vitia
1621 2167 1784 2223 ullam

193 2247 552 2305 wiiﬁ‘erentiam
601 2252 806 2306 habere
853 2261 1050 2320 posset.
1103 2254 1211 2309 Lex
1257 2255 1467 2326 gratiae
1515 2267 1618 2322 est,
1649 2274 1789 2330 quae

228 2342 356 2396 docet
382 2359 480 2398 non
521 2341 705 2398 solum
763 2343 1014 2398 homines
1059 2361 1118 2399 se
1157 2346 1387 2402 invicem
1437 2347 1682 2418 diligere,
1736 2357 1791 2404 et

229 2434 418 2489 virtutes
437 2444 490 2488 et
515 2435 654 2488 vitia
689 2433 971 2498 discernit,
1007 2452 1194 2490 verum
1223 2437 1386 2491 etiam
1425 2453 1586 2509 supra
1633 2441 1787 2504 haec,

225 2526 342 2592 quod
387 2527 482 2582 soli
543 2526 762 2582 divinae
825 2529 1032 2598 gratiae
1079 2529 1334 2599 possibile
1381 2539 1488 2596 est,
1543 2547 1641 2602 pro
1693 2534 1789 2588 ho-

228 2615 430 2671 minibus
481 2633 590 2674 non
645 2617 820 2674 solum
875 2617 1054 2683 bonis,
1083 2635 1270 2675 verum
1315 2621 1478 2692 etiam
1515 2632 1572 2678 et
1611 2623 1786 2688 malis,

226 2706 262 2760 si
286 2722 487 2764 necesse
521 2717 633 2775 est,
669 2709 827 2764 mori.
887 2709 1060 2777 Quam
1109 2711 1282 2782 legem
1331 2711 1584 2768 Christus
1629 2714 1681 2768 in
1731 2729 1791 2770 se

226 2795 323 2866 ipso
359 2800 695 2871 aditnplevit,
747 2801 965 2874 quando
1018 2817 1124 2856 non
1157 2801 1330 2858 solum
1384 2818 1484 2872 pro
1537 2805 1790 2859 omnibus

226 2888 521 2956 hominibus,
553 2907 745 2946 verum
774 2891 936 2946 etiam
966 2907 1068 2962 pro
1117 2893 1366 2950 omnibus
1393 2894 1571 2965 impiis
1600 2910 1791 2966 paSsus

224 2988 309 3034 est.
331 2979 420 3035 Ubi
445 2993 556 3037 erat
599 2981 842 3038 Joannes
879 2983 1170 3053 baptisma.
1207 2984 1448 3042 Joannes
1479 2987 1793 3057 baptizabat

227 3082 351 3131 trans
373 3075 688 3142 Jordanem,
705 3077 924 3144 merito,
941 3078 1064 3148 quia
1081 3079 1260 3139 adhuc
1280 3095 1468 3138 verum
1495 3083 1788 3154 baptisma,

223 3165 343 3234 quod
381 3167 574 3223 liberat
621 3175 793 3223 totam
825 3165 1116 3224 humanam
1147 3180 1400 3227 naturam
1455 3187 1563 3228 non
1613 3174 1786 3229 solum

223 3259 279 3316 de
299 3263 548 3336 originali
563 3273 811 3334 peccato,
828 3280 1018 3319 verum
1041 3265 1205 3320 etiam
1233 3265 1299 3320 de
1319 3267 1554 3335 propriis
1576 3267 1788 3326 delictis

223 3349 268 3402 in
295 3351 392 3410 his.
419 3354 508 3422 qui
548 3347 790 3408 subeunt
833 3353 984 3418 illud,
1030 3371 1137 3409 non
1173 3353 1432 3420 habebat,
1467 3355 1562 3410 sed
1591 3356 1788 3412 solum-

227 3446 358 3498 modo
382 3445 538 3501 veluti
568 3449 676 3502 sub
707 3447 880 3518 ﬁgura
905 3448 1137 3518 quadam
1165 3449 1390 3518 perfecti
1423 3449 1786 3520 baptismatis,

223 3535 338 3602 quod
368 3537 417 3590 iu
444 3537 673 3593 Christo
696 3539 1043 3593 subsecutum
1075 3547 1178 3603 est,
1209 3539 1262 3593 in
1291 3539 1404 3595 sola
1432 3555 1570 3610 aqua
1610 3540 1784 3610 bapti-

225 3623 372 3678 zabat.
398 3627 546 3683 Ultra
574 3629 747 3699 igitur
769 3627 1056 3684 Jordanem
1086 3631 1418 3701 baptizabat,
1445 3631 1498 3691 id
1517 3641 1621 3696 est,
1645 3632 1788 3688 ultra

223 3705 493 3772 divinorum
524 3719 794 3774 donorum
816 3717 1036 3786 ﬂuenta,
1061 3736 1200 3790 quae
1223 3722 1462 3776 nondum
1492 3723 1542 3776 iu
1570 3722 1788 3779 Christo

226 3805 583 3870 inchoaveruut
650 3815 706 3868 in
771 3815 1062 3870 humanam
1119 3823 1368 3870 naturam
1435 3818 1783 3874 descendere.

227 3893 422 3958 ioannes
467 3905 589 3960 erat
662 3917 813 3962 trans
866 3906 1178 3971 Jordauem.
1248 3910 1504 3980 quoniam
1551 3911 1788 3970 Joannes

224 3985 418 4060 ﬁguram
447 3993 584 4066 legis
610 4004 857 4060 naturae,
886 4011 1094 4052 necnon
1122 4007 1178 4052 et
1210 3997 1342 4069 legis
1387 3999 1621 4070 scriptae
1665 4016 1787 4072 ges-

223 4080 366 4138 tabat.
410 4084 518 4141 Lex
563 4087 773 4157 quippe
821 4097 1048 4143 naturae
1097 4089 1152 4143 in
1206 4087 1414 4146 Joanne
1450 4091 1788 4164 praeﬁgurat-

221 4171 370 4230 batur.
385 4175 518 4232 Nam
549 4181 646 4250 qui
667 4180 770 4232 sub
793 4180 909 4250 lege
939 4188 1161 4236 naturae
1185 4181 1388 4252 degunt
1415 4183 1502 4250 pie
1533 4191 1588 4237 et
1612 4192 1782 4249 caste,

217 4265 447 4336 omnique
467 4267 716 4322 carnalis
742 4269 1168 4326 conversationis
1205 4271 1528 4342 contagione
1560 4283 1784 4336 remota.

221 4355 358 4410 veluti
403 4359 456 4412 in
513 4359 757 4428 quadam
817 4359 1106 4415 solitudine
1163 4356 1467 4415 divinarqu
1525 4361 1786 4424 virtutum

218 4446 389 4504 debent
413 4449 626 4517 vivere,
655 4459 717 4506 ut
757 4450 1014 4508 Joannes.
1043 4451 1240 4523 Legem
1271 4467 1486 4523 quoque
1527 4453 1782 4524 scriptam

219 4536 736 4615 Joannessigniﬁcat.
752 4544 1009 4612 quoniam
1026 4544 1196 4614 ipsius
1221 4542 1469 4611 ﬁnisest;
1495 4563 1514 4596 ι
1537 4545 1620 4601 lex
1639 4545 1783 4600 enim

219 4635 264 4681 rt
277 4631 560 4703 prophetae
581 4649 759 4703 usque
785 4633 854 4696 ad
889 4631 1152 4689 Joannem
1189 4658 1230 4686 ο.
1247 4633 1514 4700 Quoniam
1535 4650 1660 4690 vero
1677 4650 1781 4690 non

219 4717 364 4773 solum
390 4723 688 4794 propheta,
713 4739 901 4780 verum
933 4724 1099 4782 etiam
1151 4723 1530 4780 manifestator
1579 4725 1780 4781 Christi

218 4803 369 4867 factus
389 4822 496 4880 est,
523 4830 640 4870 non
672 4815 832 4870 modo
855 4815 1025 4886 legem
1064 4815 1333 4886 signiﬁcat
1374 4815 1577 4879 solam,
1608 4816 1702 4873 sed
1731 4823 1786 4870 et

217 4896 543 4974 Evangelium
561 4915 621 4961 et
633 4907 888 4976 gratiam.
915 4907 1143 4976 Ideoque
1166 4905 1412 4976 sequitur
1436 4923 1452 4960 :
1476 4923 1496 4956 ι
1531 4905 1599 4960 Et
1626 4906 1694 4960 ah
1719 4921 1784 4960 eo

217 5002 413 5062 regnum
444 4996 735 5050 caelorqu
772 5017 791 5046 ι
821 5013 836 5060 ;
866 5011 929 5051 ac
950 4997 993 5053 si
1021 4996 1275 5051 dixisset:
1307 4994 1364 5049 In
1385 4993 1782 5060 Joanne,veluti

217 5082 429 5148 quodam
461 5085 736 5152 conﬁnio,
767 5094 825 5141 et
850 5087 936 5140 lex
959 5086 1162 5148 linitur,
1192 5085 1636 5140 et‘manifestatio
1657 5101 1784 5155 gra.

216 5170 320 5236 tiae,
353 5190 518 5246 quam
544 5189 783 5247 regnum
805 5177 1079 5232 caelorum
1109 5186 1287 5240 vocat,
1329 5177 1396 5232 ab
1415 5192 1481 5232 eo
1505 5175 1777 5248 incipitur.

267 5266 434 5324 Altera
461 5271 573 5337 die,
615 5271 726 5336 vel,
756 5279 816 5326 ut
851 5271 903 5326 in
927 5271 1134 5328 Graeco
1175 5268 1566 5342 signiﬁcantius
1590 5269 1782 5326 scribi-

211 5351 301 5412 tt’tr,
332 5349 439 5403 alia
470 5353 561 5404 die
614 5350 755 5405 videt
792 5349 1025 5404 Joannes
1049 5349 1238 5405 Jesum
1263 5351 1555 5406 venientem
1599 5352 1668 5404 ad
1697 5365 1776 5404 se.

210 5435 327 5504 Aha,
367 5441 574 5509 inquit.
609 5443 731 5504 die.
779 5443 884 5498 hoc
918 5452 1028 5504 est.
1070 5443 1178 5498 alia
1217 5443 1556 5510 cegnitione.
1593 5440 1773 5496 Prin‘a

207 5530 330 5582 cnim
356 5534 611 5602 cognit'o
635 5531 760 5598 fuit,
781 5533 1000 5603 quando
1023 5547 1150 5588 cum
1170 5529 1636 5590 concurrentibus
1663 5531 1765 5585 ibi-

1887 1897 2094 1966 Agnus,
2123 1897 2326 1952 veritas
2353 1904 2490 1962 erat,
2521 1912 2583 1952 ac
2623 1895 2786 1951 veluti
2818 1895 3086 1965 quoddam
3125 1909 3320 1964 corpus
3351 1911 3467 1947 um—

1888 1988 2040 2052 brae,
2069 1985 2226 2042 Jcsus
2253 1985 2524 2042 Christus.
2557 1986 2744 2058 Agnus
2773 2000 2988 2055 quoque
3020 1985 3330 2038 nominatur
3365 1999 3470 2036 non

1890 2079 2351 2134 irrationabiliter.
2401 2077 2526 2133 Tria
2569 2077 2714 2131 enim
2757 2077 2945 2147 Agnus
2982 2075 3382 2147 possidentibus
3414 2086 3474 2128 se

1889 2169 2161 2223 ministrat
2197 2188 2208 2222 :
2241 2168 2345 2232 lac,
2385 2169 2589 2234 lautam,
2628 2181 2780 2222 esum
2829 2182 3044 2236 quoque
3084 2181 3217 2222 suae
3263 2165 3466 2220 carnis.

1888 2262 2149 2321 Dominus
2183 2270 2368 2316 noster
2400 2260 2747 2317 credentibus
2787 2274 2846 2315 se
2889 2259 3202 2314 indumenta
3236 2265 3475 2327 praestat

1887 2356 2172 2419 virtutum,
2201 2355 2362 2419 lacte,
2413 2353 2517 2408 hoc
2553 2362 2656 2418 est,
2688 2351 2916 2422 simplici
2949 2351 3196 2406 doctrina
3226 2351 3475 2405 veritatis

1888 2462 1984 2502 eos
2009 2447 2200 2510 nutrit,
2231 2453 2288 2501 et
2321 2445 2388 2500 ad
2418 2443 2712 2515 perfectam
2739 2457 2919 2498 escam
2944 2442 3159 2496 divinae
3185 2455 3316 2494 suae
3338 2455 3474 2494 ron-

1893 2543 2258 2614 templationis
2295 2540 2558 2612 perducit.
2604 2539 2789 2610 Agnus
2833 2537 3032 2593 dicitur
3067 2535 3315 2591 Christus
3356 2533 3472 2596 Dei,

1888 2635 2014 2705 quia
2051 2649 2148 2703 pro
2179 2633 2325 2687 omni
2357 2631 2556 2686 mundo
2580 2628 2888 2684 immolatus
2913 2636 3019 2691 est,
3049 2626 3274 2694 ideoque
3298 2623 3474 2692 sequi-

1892 2735 2014 2787 tur:
2055 2723 2190 2778 Ecce
2217 2723 2307 2794 qui
2329 2721 2464 2776 tollit
2491 2729 2760 2792 peccatum
2793 2720 2994 2772 mundi.
3034 2716 3216 2778 Tollit,
3245 2715 3340 2779 ait,
3365 2727 3472 2768 non

1889 2816 1956 2870 de
1992 2813 2111 2870 loco
2147 2813 2214 2868 ad
2245 2813 2446 2876 locum,
2486 2809 2572 2865 vel
2609 2810 2676 2864 de
2718 2817 2963 2878 tempore
2999 2807 3053 2862 in
3099 2817 3338 2875 tempus,
3379 2803 3475 2859 sed

1890 2903 2109 2960 omnino
2140 2901 2294 2964 tollit,
2327 2916 2395 2954 nc
2422 2899 2644 2954 omnino
2672 2899 2765 2964 sit,
2797 2906 2852 2952 et
2881 2911 2978 2967 per
3019 2911 3150 2952 suae
3192 2893 3474 2949 sanctissi-

1893 3009 2012 3048 mae
2070 2993 2252 3050 carnis
2303 2990 2740 3048 iuteremtionem
2795 2987 3019 3042 omnino
3064 2993 3236 3040 totum
3290 2985 3475 3038 mundi

1892 3092 2173 3156 peccatum
2213 3081 2494 3137 interimit.
2549 3079 2837 3142 Peccatum
2865 3076 3051 3132 mundi
3077 3075 3273 3130 dicitur
3311 3073 3476 3144 origi-

1892 3177 2014 3235 nale
2040 3183 2343 3248 pcecatum,
2367 3173 2507 3244 quod
2531 3184 2820 3228 commune
2843 3177 2927 3226 est
2949 3169 3112 3224 totius
3143 3167 3351 3232 mundi,
3375 3167 3476 3222 hoc

1889 3279 1975 3328 est
2020 3271 2290 3326 humanae
2347 3275 2606 3332 naturae;
2673 3263 2828 3334 cujus
2875 3253 3068 3327 reatus
3109 3275 3254 3316 nunc
3302 3259 3477 3330 gratia

1889 3360 2232 3432 baptismatis
2259 3357 2583 3422 demittitur,
2613 3355 2788 3425 ipsum
2834 3369 2964 3408 vero
3005 3352 3060 3406 in
3110 3351 3215 3405 line
3263 3348 3473 3413 mundi,

1889 3453 1945 3508 in
2013 3449 2413 3506 resurrectione
2483 3447 2766 3510 omnium,
2838 3444 3063 3498 omnino
3142 3442 3472 3497 destruetur.

1887 3543 1984 3599 Est
2027 3543 2208 3612 itaque
2248 3539 2512 3612 originale
2557 3545 2840 3610 peccatum
2887 3535 3038 3600 illud,
3079 3549 3188 3606 quo
3215 3542 3327 3588 tota
3369 3531 3474 3586 1ιιι-

1887 3649 2047 3689 mana
2096 3641 2329 3697 natura,
2379 3629 2540 3686 simul
2585 3639 2642 3685 et
2693 3628 2860 3685 semel
2913 3631 2982 3682 ad
3038 3627 3324 3696 imaginem
3379 3622 3476 3678 Dei

1887 3725 2140 3790 condita,
2199 3732 2256 3778 et
2321 3723 2378 3778 in
2435 3737 2541 3791 qua
2585 3736 2773 3776 onmes
2842 3719 3124 3782 homines,
3187 3717 3256 3770 ab
3321 3715 3478 3770 initio

1888 3814 2073 3870 mundi
2101 3829 2271 3884 usque
2295 3811 2363 3866 ad
2394 3811 2578 3875 ﬁnem,
2615 3819 2670 3865 et
2695 3824 2862 3863 unum
2906 3815 3052 3870 sunt,
3083 3815 3140 3862 et
3179 3805 3474 3862 secundum

1886 3919 2084 3974 corpus
2125 3914 2180 3958 et
2221 3904 2460 3958 animam
2502 3900 2662 3956 simul
2703 3901 2892 3965 creati,
2935 3899 3080 3969 leges
3123 3899 3336 3953 divinas
3375 3911 3476 3968 per

1887 3994 2314 4068 inobedientiam
2357 4001 2696 4063 transgressa
2735 4000 2818 4045 est
2859 3991 2914 4046 in
2955 3989 3205 4060 paradiso
3229 4027 3242 4051 ,
3285 3987 3474 4042 nolens

1887 4086 2200 4142 mandatum
2235 4085 2331 4139 Dei
2363 4083 2659 4138 custodire.
2711 4081 2824 4136 Non
2865 4081 3008 4138 enim
3052 4079 3260 4150 primus
3301 4077 3473 4131 Adam

1889 4177 1998 4242 ille,
2037 4177 2128 4247 qui
2161 4193 2228 4238 ex
2251 4177 2607 4248 generalitate
2641 4185 2867 4230 naturae
2897 4175 3162 4228 humanae
3207 4177 3333 4224 ante
3386 4184 3476 4222 ce-

1891 4278 2038 4327 teros
2069 4270 2121 4324 in
2153 4269 2412 4324 mundum
2444 4269 2588 4323 hunc
2619 4265 2882 4321 visibilem
2909 4263 3078 4328 venit,
3109 4261 3257 4316 solus
3285 4275 3472 4329 pecca-

1889 4362 1989 4428 vit,
2011 4361 2106 4417 sed
2141 4376 2331 4415 omnes
2363 4364 2746 4428 peccaverunt,
2779 4356 3089 4426 priusquam
3123 4354 3175 4407 in
3212 4355 3470 4407 mundum

1888 4452 2262 4524 procederent.
2292 4451 2426 4508 Nam
2459 4450 2603 4520 quod
2627 4447 2918 4518 Apostolus
2943 4447 3019 4500 ait
3047 4463 3060 4499 :
3109 4464 3126 4497 ι
3162 4446 3304 4500 sicut
3327 4445 3470 4500 enim

1891 4547 1944 4602 in
1966 4545 2136 4600 Adam
2167 4560 2355 4600 omnes
2384 4543 2709 4606 moriuntur,
2738 4541 2810 4595 ita
2851 4539 2904 4593 in
2939 4537 3156 4594 Christo
3180 4552 3369 4596 omnes
3394 4535 3470 4588 νίπ

1887 4637 2180 4692 viﬁcautur
2205 4656 2248 4698 ι,
2281 4650 2387 4689 non
2415 4635 2481 4688 de
2509 4635 2624 4703 ipso
2652 4647 2758 4688 uno
2777 4647 2842 4686 ac
2866 4633 3046 4700 primo
3069 4629 3285 4684 homine
3310 4625 3472 4680 intel~

1889 4726 2126 4798 ligitnus,
2157 4726 2249 4781 sed
2277 4725 2495 4780 nomine
2523 4723 2694 4784 Adam
2725 4735 2940 4777 omnem
2965 4719 3288 4791 generaliter
3314 4726 3478 4774 natus

1888 4831 2005 4872 ram
2047 4817 2339 4872 humanam
2375 4814 2667 4888 signiﬁcari
2701 4813 3020 4882 accipimus.
3065 4810 3156 4866 Ille
3201 4809 3478 4880 siquidemI

1885 4907 2173 4979 singularis
2214 4906 2385 4962 Adam
2432 4923 2537 4961 non
2595 4913 2910 4960 nasceretur
2937 4903 2990 4957 in
3029 4903 3173 4958 hunc
3213 4901 3470 4957 mundum

1887 4997 2294 5068 corruptibiletn
2332 5011 2428 5066 per
2455 4995 2883 5067 generationem,
2932 4993 2977 5048 si
3009 5000 3235 5047 naturae
3277 4990 3468 5044 hama,

1887 5103 1990 5144 nae
2021 5103 2124 5142 non
2161 5087 2509 5156 praecederet
2539 5086 2813 5140 delictum.
2860 5083 3064 5138 Divisio
3086 5081 3284 5152 quippe
3311 5088 3467 5131 natu-

1886 5191 1980 5232 rae
2026 5177 2078 5232 in
2113 5175 2380 5246 duplicem
2411 5191 2628 5241 sexum,
2652 5175 2860 5230 virilem
2895 5174 3017 5230 dico
3051 5181 3104 5228 et
3141 5171 3463 5229 femineum,

1883 5281 1940 5327 et
1981 5286 2048 5327 ex
2095 5268 2226 5340 ipsis
2267 5269 2535 5324 humanae
2582 5267 2944 5340 processionis
2970 5275 3024 5322 et
3064 5258 3476 5318 numerositatis

1885 5363 1986 5418 per
2009 5353 2424 5420 corruptionem
2446 5355 2754 5423 generatio,
2779 5368 2940 5422 pmna
2965 5349 3236 5422 generalis
3254 5350 3461 5418 peccati

1881 5446 2034 5507 est},
2062 5453 2170 5506 quo
2193 5439 2354 5494 simul
2389 5449 2562 5495 totum
2591 5457 2766 5510 genus
2787 5442 3086 5494 humanum
3119 5437 3466 5508 praevaricae

1880 5539 1995 5582 tum
2020 5539 2105 5584 est
2128 5531 2444 5586 mandatum
2471 5530 2562 5586 Dei
2596 5532 2648 5586 in
2674 5530 2947 5601 paradiso.
2975 5527 3088 5584 Hoc
3113 5528 3274 5598 igitur
3291 5545 3458 5600 gene-

1745 5625 1994 5682 NOTAE.

271 5733 290 5760 ι
320 5720 364 5776 J.
425 5723 638 5779 Scotus
682 5720 913 5790 pessime
973 5721 1203 5777 omnino
1259 5720 1442 5786 docet,
1483 5719 1719 5790 primum
1762 5721 2039 5776 hominem
2075 5727 2200 5775 ante
2242 5719 2762 5790 praevaricationem
2817 5718 3127 5790 simplicem
3185 5719 3472 5785 hominem,
