3952 6156
413 309 445 339 '7.

417 303 514 363 3H
1786 303 2068 361 JOANNIS
2105 300 2300 360 SCO'I‘I

3578 282 3719 360 ω’

422 413 535 467 :aie
566 418 847 481 peccatum
873 410 1130 481 originale
1154 412 1379 476 dicitur;
1413 427 1511 467 nec
1542 412 1836 478 immerito,
1864 429 2000 483 qno-
2030 424 2076 478 Α
2106 415 2243 470 ﬁxus
2264 416 2500 485 deponit.
2545 413 2697 470 Alius
2721 414 3099 470 universaliter
3125 430 3340 470 omnem
3372 419 3679 475 sensibilem

426 504 570 558 niam
622 512 903 573 peccatum
957 501 1262 556 communis
1310 502 1552 556 omnium
1612 502 1840 572 originis
1888 515 2001 569 est,

423 591 578 660 cujus
604 592 797 646 merito
838 591 1026 646 mortis
1053 598 1110 645 et
1133 591 1496 663 corruptionis
1521 607 1711 649 omnes
1736 595 2003 660 homines,

425 688 654 749 excepto
676 679 1068 747 Redemptore,
1104 680 1377 735 debitores
1401 696 1619 746 sumus;
1663 683 1808 738 solus
1834 683 2005 753 siqui-

424 779 545 829 dem
581 772 649 827 ad
687 771 1138 827 medicamentum
1179 773 1416 828 vulneris
1455 772 1784 844 Redemptor
1822 782 2009 830 noster

427 867 479 919 in
508 864 594 917 illa
627 877 805 918 massa
833 862 999 918 totius
1040 863 1262 919 humani
1293 865 1506 934 generis
1541 866 1745 934 absque
1787 874 2008 934 peccato

423 953 644 1008 relictus
674 961 776 1017 est,
805 962 864 1006 ut
885 968 985 1023 per
1007 952 1155 1007 illum
1181 953 1352 1008 solum
1376 968 1589 1024 semper
1614 953 1821 1008 salvum
1845 956 2007 1009 totius

427 1059 650 1100 naturae
688 1043 884 1099 vulnus
923 1053 1229 1110 curaretur,
1260 1061 1324 1099 ac
1350 1060 1446 1114 per
1478 1046 1580 1099 hoc
1613 1045 1680 1099 ad
1719 1044 2011 1115 pristinum

422 1144 621 1190 statum
654 1134 844 1190 salutis
867 1143 1059 1200 totum,
1083 1136 1225 1205 quod
1252 1135 1593 1190 vulneratum
1616 1143 1721 1199 est,
1753 1136 2005 1191 restitue-

404 1214 592 1280 ‘retnr.
622 1225 736 1281 Hoc
759 1227 940 1296 itaque
959 1227 1221 1300 originale
1241 1237 1543 1297 peccatum,
1567 1229 2009 1300 singulorumque

423 1326 549 1386 post
573 1320 980 1387 generationem
1014 1321 1067 1374 in
1101 1321 1241 1375 hunc
1265 1323 1523 1376 mundum
1560 1323 1775 1387 delicta,
1804 1324 2009 1395 gratiae

426 1406 766 1474 baptismatis
791 1408 1121 1464 abundantia
1154 1426 1251 1481 per
1273 1410 1611 1467 Salvatorem
1640 1421 1882 1469 nostrum
1927 1429 2010 1468 re-

424 1496 695 1563 laxantur,
736 1508 795 1554 ut
823 1501 1044 1556 omnino
1071 1517 1175 1557 non
1203 1504 1330 1558 sint.
1382 1505 1448 1559 Et
1473 1508 1571 1562 hoc
1599 1513 1711 1570 est,
1751 1506 1892 1575 quod
1934 1507 2010 1560 ait

426 1591 760 1662 evangelista
796 1611 809 1646 :
847 1612 865 1645 ι
897 1592 1036 1649 Ecce
1070 1594 1255 1665 Agnus
1285 1596 1402 1662 Dei,
1435 1597 1527 1665 qui
1559 1597 1695 1651 tollit
1723 1608 2006 1667 peccatum

395 1681 613 1775 .mundi
634 1701 678 1735 ι.
704 1680 799 1736 Hic
824 1691 909 1737 est
930 1683 1120 1738 unicus
1142 1684 1499 1754 etsiugularis
1526 1687 1705 1756 Agnus
1728 1687 2006 1758 mysticus,

2107 515 2307 559 motum
2339 505 2392 559 in
2418 520 2476 560 se
2498 505 2634 575 ipso,
2657 504 2819 559 veluti
2851 505 2903 558 in
2932 505 3165 575 quadam
3188 520 3372 571 cruce,
3395 508 3678 578 extinguit,

2108 597 2183 650 ita
2218 605 2276 650 ut
2305 595 2507 650 nullum
2544 594 2766 651 omnino
2802 594 2954 667 in'se
2990 595 3108 664 ipso
3153 594 3453 649 naturalem
3485 595 3685 650 habeat

2108 696 2308 742 actum.
2375 686 2442 741 Et
2502 685 2876 756 unusquisque
2923 685 3120 740 borum
3177 699 3359 739 secum
3415 684 3684 755 cruciﬁgit

2105 778 2399 835 Christum.
2445 776 2829 846 Unusquisque
2873 774 3021 829 enim
3066 773 3326 839 ﬁdelium,
3371 775 3587 844 qualem
3629 776 3684 830 in

2108 868 2287 923 animo
2313 866 2560 922 habuerit
2603 865 2972 921 habitudinem
3002 879 3098 933 per
3134 864 3466 923 incrementa
3512 865 3684 920 virtu-

2109 969 2245 1025 tum,
2278 958 2439 1012 talem
2466 958 2531 1012 de
2553 955 2771 1012 Christo
2800 952 3020 1010 habebit
3059 954 3217 1008 ﬁdem
3260 970 3358 1024 per
3395 966 3685 1025 augmenta

2108 1047 2618 1120 intelligentiarum;
2660 1054 2716 1102 et
2745 1045 2997 1116 quotiens
3022 1044 3224 1113 prioris
3252 1044 3393 1098 vitae
3428 1044 3605 1100 modis
3634 1055 3687 1100 et

2110 1139 2381 1196 inferioris
2410 1139 2661 1202 moritur,
2690 1148 2747 1191 et
2773 1137 2827 1191 in
2855 1135 3074 1191 altiores
3117 1136 3315 1207 gradus
3349 1135 3686 1200 subvehitur,

2112 1230 2312 1285 totiens
2335 1228 2621 1299 opiniones
2647 1227 2716 1282 de
2744 1225 2983 1290 Christo,
3008 1225 3255 1295 quamvis
3275 1225 3571 1294 simplices,
3606 1236 3687 1281 ta-

2111 1337 2232 1375 men
2264 1320 2317 1373 in
2351 1320 2467 1389 ipso
2497 1328 2551 1373 et
2574 1333 2697 1373 cum
2733 1317 2849 1387 ipso
2879 1317 3199 1381 morientur,
3230 1324 3285 1371 et
3315 1316 3367 1369 in
3408 1317 3688 1372 sublimio-

2068 1478 2077 1481 _
2109 1427 2198 1467 res
2218 1411 2285 1466 de
2311 1426 2377 1466 eo
2405 1409 2759 1481 theophanias
2794 1408 2900 1463 ﬁde
2931 1417 3092 1477 atque
3118 1407 3470 1477 intelligentia
3498 1424 3690 1479 prove-

2112 1505 2286 1557 he:ur.
2354 1500 2539 1571 itaque
2595 1499 2649 1553 in
2702 1498 2815 1553 suis
2858 1497 3102 1553 ﬁdelibus
3146 1496 3394 1553 Christus
3446 1496 3694 1567 quotidie

2112 1594 2358 1656 moritur,
2388 1600 2439 1645 et
2473 1591 2540 1645 ab
2575 1589 2655 1644 eis
2695 1588 3047 1660 cruciﬁgitur,
3079 1588 3206 1644 dum
3239 1588 3486 1645 carnales
3527 1591 3596 1645 de
3624 1605 3692 1648 eo

2112 1684 2490 1754 cogitationes,
2541 1696 2636 1736 seu
2668 1680 3011 1752 spirituales,
3049 1680 3226 1736 adhuc
3275 1688 3453 1735 tamen
3491 1682 3692 1752 imper-

428 1774 481 1827 in
510 1773 664 1841 cujus
686 1773 854 1845 ﬁgura
876 1774 1203 1831 lsraeliticus
1225 1777 1451 1847 populus
1472 1777 1709 1848 singuios
1729 1792 1896 1849 agnos
1909 1793 2004 1848 per
2035 1766 2081 1826 B
2112 1774 2299 1839 fectas,
2345 1773 2693 1838 interimunt,
2743 1786 2960 1841 semper
2999 1772 3052 1827 in
3100 1771 3269 1827 altum
3315 1772 3692 1837 ascendentes,

427 1864 666 1936 singulas
695 1865 885 1920 dooms
908 1867 1145 1935 paschali
1178 1877 1417 1938 tempore
1445 1868 1776 1924 immolabat.
1799 1868 1932 1924 Nam
1957 1878 2014 1924 et

431 1969 545 2013 nos,
585 1954 673 2022 qui
700 1962 821 2023 post
858 1964 1133 2025 peractam
1163 1957 1279 2028 ejus
1319 1958 1745 2015 incarnationem
1789 1968 1844 2014 et
1886 1974 2010 2029 pas-

428 2044 633 2098 sionem
660 2054 713 2098 et
741 2048 1193 2103 resurrectionem
1218 2048 1271 2102 in
1304 2064 1425 2104 eum
1458 2050 1750 2116 credimus,
1789 2051 2013 2121 ejusque

431 2132 710 2203 mysteria,
750 2143 1011 2203 quantum
1059 2136 1216 2192 nobis
1257 2139 1594 2203 conceditur,
1643 2139 2010 2210 intelligimus,

432 2232 489 2278 et
512 2225 868 2295 spiritualiter
904 2241 1029 2282 eum
1077 2227 1440 2294 innnolamus,
1486 2239 1541 2284 et
1577 2230 2014 2287 intellectualiter

430 2323 632 2378 tuente,
657 2331 764 2369 non
789 2316 969 2381 dente,
1001 2317 1335 2372 comedimus
1350 2317 1401 2371 ιι.
1431 2317 1617 2387 Itaque
1643 2321 2013 2391 unusquisque

433 2408 769 2463 credentium
809 2409 1048 2476 Christo,
1091 2411 1385 2467 secundum
1433 2414 1704 2482 propriam
1734 2415 2009 2480 virtutem,

427 2508 485 2551 et
512 2498 809 2569 subjectum
854 2498 954 2555 sibi
979 2500 1198 2555 virtutis
1234 2501 1478 2556 habitum
1505 2513 1560 2556 et
1589 2503 1928 2572 qualitatem,
1956 2513 2015 2558 et

430 2588 789 2659 cruciﬁgitur,
813 2598 868 2644 et
914 2590 1183 2661 cruciﬁgit
1233 2591 1450 2645 sibimet
1498 2591 1671 2660 ipsum
1712 2592 2012 2656 Christum,

432 2678 652 2734 Clu-isto
701 2678 950 2745 videlicet
992 2679 1408 2735 concruciﬁxus.
1460 2680 1610 2736 Unus
1656 2682 1874 2751 quidem
1914 2683 2011 2737 soli

434 2776 660 2840 peccato
688 2769 1044 2841 cruciﬁgitur,
1070 2770 1199 2825 dum
1224 2771 1291 2826 ab
1324 2771 1576 2828 omnibus
1612 2773 2014 2843 operationibus

436 2860 604 2929 ipsius
631 2858 684 2913 in
714 2874 878 2914 carne
917 2871 973 2916 et
1008 2877 1104 2931 per
1130 2878 1346 2921 carnem
1382 2879 1535 2918 suam
1575 2865 1811 2935 quietus,
1846 2865 2012 2920 veluti

432 2948 668 3018 quadam
694 2958 869 3004 morte
899 2951 1124 3007 obrutus
1152 2952 1413 3020 efﬁcitur;
1453 2964 1508 3010 et
1546 2955 1698 3022 illud,
1730 2965 2009 3027 peccatum

432 3043 574 3107 dico,
625 3043 796 3098 clavis
846 3043 1054 3101 timoris
1100 3046 1313 3102 Domini
1354 3046 1625 3102 conﬁxum
1678 3049 2008 3115 mortiﬁcat,

2111 1868 2286 1923 donec
2318 1867 2386 1921 ad
2416 1880 2599 1920 veram
2644 1863 2762 1933 ejus
2789 1864 3036 1920 notitiam
3068 1867 3417 1936 perveniant;
3450 1866 3696 1921 inﬁnitus

2110 1962 2256 2016 enim
2291 1959 2498 2022 inﬁnite
2520 1958 2683 2014 etiam
2717 1958 2770 2012 in
2790 1958 3186 2028 purgatissimis
3208 1959 3478 2033 mentibus
3496 1957 3697 2013 forma-

2112 2062 2217 2106 tur.
2261 2050 2412 2105 Alius
2447 2049 2516 2104 ab
2555 2048 2668 2118 ipsa
2714 2048 3065 2104 intellectuali
3106 2050 3420 2119 operatione
3452 2047 3695 2118 perfecte

2111 2140 2363 2210 quiescit,
2396 2139 2558 2194 veluti
2588 2137 2825 2208 perfecte
2854 2148 3135 2206 mortuus;
3178 2155 3285 2195 non
3314 2139 3458 2194 enim
3489 2138 3697 2195 solum-

2115 2230 2272 2284 modo
2303 2228 2581 2283 naturales
2615 2236 2769 2283 actus
2805 2228 3041 2292 animae,
3072 2243 3261 2283 verum
3290 2228 3453 2284 etiam
3485 2228 3699 2284 intelle-
3742 2278 3758 2291 .

2112 2320 2319 2376 ctuales
2346 2318 2461 2388 ejus
2489 2320 2833 2389 operationes
2876 2328 3115 2388 superat.
3153 2320 3306 2374 Alius
3332 2320 3539 2375 activae
3567 2336 3696 2376 cru-

2113 2410 2345 2480 ciﬁgitur
2366 2408 2758 2480 philosophiae.
2789 2408 2979 2465 Aetiva
3007 2419 3187 2465 autem
3211 2410 3551 2481 philosophia
3587 2419 3695 2474 est,

2112 2518 2252 2573 quae
2294 2504 2437 2558 circa
2475 2502 2801 2557 naturalium
2836 2502 3093 2556 virtutum
3128 2502 3481 2557 adunationes
3515 2511 3574 2557 et
3617 2502 3700 2556 di-

2115 2595 2416 2650 scretioues
2463 2607 2733 2650 versatur.
2775 2594 2964 2648 Activa
2993 2610 3208 2664 quoque
3251 2593 3591 2664 philosophia
3612 2608 3703 2648 ra-

2114 2685 2289 2739 tiones
2316 2685 2653 2739 inhumanati
2685 2685 2871 2748 Verbi,
2888 2696 3148 2754 quantum
3170 2685 3332 2750 valet,
3357 2684 3700 2750 considerat;

2113 2789 2250 2845 quas
2293 2790 2502 2839 omnes,
2535 2775 2636 2830 hoc
2664 2782 2747 2830 est
2786 2783 2951 2829 totam
2990 2773 3248 2829 moralem
3278 2773 3700 2844 philosophiam,

2114 2867 2182 2921 de
2215 2866 2506 2920 virtutibus
2536 2866 2749 2920 animae
2784 2866 2958 2935 deque
2979 2864 3177 2920 Chriin
3209 2880 3375 2919 carne
3398 2863 3704 2933 spiritualis

2112 2957 2276 3012 homo
2287 2973 2567 3027 superans,
2585 2957 2652 3011 ad
2676 2958 2846 3027 ipsam
2871 2957 3169 3012 naturalem
3193 2955 3704 3025 contemplationem

2116 3050 2169 3104 in
2203 3049 2430 3118 Spiritu,
2463 3048 2629 3102 veluti
2667 3064 2697 3103 a
2723 3049 2960 3119 quadam
3006 3060 3170 3101 carne
3203 3045 3363 3101 Verbi
3416 3047 3481 3099 ad
3529 3046 3705 3115 ipsius

435 3134 563 3187 dum
608 3148 799 3189 omnes
847 3134 1014 3204 ipsius
1044 3136 1296 3207 impetus,
1336 3152 1404 3191 ne
1448 3140 1576 3206 quid
1608 3139 1660 3193 in
1705 3155 1802 3194 sua
1848 3155 2014 3195 carne
2042 3128 2085 3189 C
2117 3140 2353 3193 animam
2384 3139 2736 3193 transcendit.
2768 3138 2919 3193 Alius
2934 3137 3162 3191 naturali
3185 3137 3701 3192 theoriaemoritnr.

431 3223 643 3292 operari
674 3224 908 3291 valeant,
943 3225 1198 3281 refrenat.
1225 3228 1376 3282 Alius
1398 3229 1758 3297 passionibus,
1778 3231 1881 3286 hoc
1905 3241 2012 3297 est.

435 3313 663 3370 inﬁrmis
720 3316 935 3369 animae
978 3316 1321 3381 actionibus,
1371 3318 1568 3387 quibus
1615 3319 1898 3389 primo.in
1956 3336 2015 3376 se

416 3402 549 3471 ‘ipsa
571 3404 956 3471 corrumpitur,
974 3405 1286 3475 priusquam
1317 3420 1413 3474 per
1442 3421 1637 3475 corpus
1660 3416 1914 3476 operetur
1944 3439 2016 3448 —

435 3494 577 3549 actio
604 3496 803 3565 quippe
831 3497 1047 3553 animae
1094 3505 1195 3563 est,
1246 3498 1494 3567 operatio
1520 3513 1650 3553 vero
1684 3500 2017 3570 corporis—

433 3582 786 3655 cruciﬁgitur,
820 3587 947 3641 dum
991 3603 1089 3658 per
1120 3588 1388 3658 potentias
1425 3599 1764 3646 restauratae
1800 3592 2017 3646 animae

438 3687 681 3732 sanatur.
709 3679 860 3733 Alius
874 3682 1188 3748 passionum
1212 3681 1531 3750 phantasiis,
1560 3683 1662 3737 hoc
1684 3692 1790 3748 est,
1826 3683 2018 3755 imagi-

439 3766 596 3821 nibus
650 3783 830 3823 rerum
886 3771 1255 3838 sensibilium,
1309 3789 1449 3844 quae
1499 3775 1553 3829 in
1602 3775 1851 3831 sensibus
1887 3792 2015 3831 cor-

438 3857 637 3925 porcis,
668 3867 803 3929 quos
831 3860 1104 3929 sapientes
1134 3872 1329 3917 vocant
1357 3863 1654 3933 passiones,
1688 3863 2012 3930 formantur,

438 3950 794 4022 cruciﬁgitur,
826 3953 952 4007 dum
982 3953 1079 4016 eis,
1108 3953 1406 4022 phantastis
1427 3956 1564 4021 dico,
1590 3957 1673 4011 sui
1705 3971 1896 4012 sensus
1916 3958 2017 4013 ob-

436 4049 740 4107 struuntur,
764 4058 830 4096 ne
853 4044 905 4096 in
923 4042 1197 4115 libidinem
1223 4043 1520 4115 cuiuspiam
1545 4061 1723 4100 rerum
1751 4056 2018 4117 tempora-

437 4131 568 4187 lium
585 4148 680 4203 per
692 4149 786 4189 eos
807 4135 1036 4204 turpiter
1059 4137 1386 4191 attrahatur.
1408 4136 1560 4192 Alius
1575 4138 2014 4208 cogitationibus,

438 4222 741 4292 mentisque
761 4224 1224 4293 conceptionibus,
1242 4240 1377 4295 quas
1398 4241 1707 4296 pensensus
1724 4210 2019 4297 corporeus

437 4312 504 4365 de
526 4314 869 4370 sensibilibus
891 4316 1052 4371 rebus
1072 4316 1346 4382 hauserat,
1365 4317 1715 4387 cruciﬁgitur,
1734 4334 1802 4373 ne
1817 4320 2019 4375 diutius

441 4407 492 4460 iu
529 4406 609 4461 eis
633 4407 966 4472 demoretur,
996 4422 1026 4461 a
1052 4407 1247 4463 divinis
1274 4407 1819 4478 contemplationibus
1846 4420 2020 4464 retra-

2116 3229 2213 3283 Est
2227 3236 2405 3282 autem
2432 3227 2693 3282 naturalis
2711 3226 2916 3282 theoria
2940 3225 3271 3281 rationabilis
3287 3225 3515 3286 animae,
3532 3239 3701 3295 quam

2117 3317 2366 3373 Christus
2392 3320 2619 3387 accepit,
2651 3318 2825 3372 virtus
2866 3316 3219 3387 speculativa,
3272 3317 3358 3371 cui
3403 3316 3706 3387 spirituaiis

2117 3408 2277 3462 homo
2308 3407 2555 3471 moritur,
2579 3406 2706 3461 dum
2746 3407 2858 3477 jam
2887 3421 2991 3461 non
3023 3406 3196 3461 solum
3224 3415 3385 3475 negat
3423 3404 3702 3459 Christum

2117 3514 2337 3554 carnem
2374 3512 2514 3562 esse,
2543 3512 2704 3567 quam
2730 3495 2842 3565 jam
2872 3497 2925 3550 in
2955 3496 3202 3566 spiritum
3227 3510 3437 3549 versam
3467 3509 3591 3549 esse
3624 3494 3707 3549 in-

2119 3590 2328 3661 telligit,
2353 3604 2542 3644 verum
2565 3589 2729 3643 etiam
2746 3589 2920 3658 ipsum
2938 3587 3153 3658 depellit
3182 3586 3559 3642 rationabilem
3585 3584 3709 3640 ani-

2119 3699 2265 3738 mum
2287 3678 2525 3739 esseJUt
2546 3682 2690 3737 enim
2712 3696 2840 3737 caro
2865 3682 3036 3752 ipsius
3058 3681 3292 3737 exaltata
3315 3690 3400 3737 est
3418 3690 3472 3735 et
3490 3688 3703 3737 mutata

2120 3773 2171 3828 in
2197 3773 2431 3827 animam
2448 3771 2841 3837 rationabilem,
2860 3771 2934 3826 ita
2960 3771 3298 3827 rationabilis
3325 3771 3492 3840 ipsius
3515 3772 3705 3826 anima

2121 3866 2174 3920 in
2212 3864 2541 3920 intellectum
2566 3873 2622 3920 et
2647 3851 2903 3921 subvecta
2933 3874 3018 3921 est
3060 3874 3116 3919 et
3150 3881 3340 3931 versa;
3366 3881 3430 3919 ac
3454 3864 3551 3936 per
3574 3866 3705 3933 hoc,

2117 3957 2209 4027 qui
2232 3956 2296 4011 ad
2319 3971 2442 4011 eum
2461 3955 2699 4028 perfecte
2713 3956 2976 4022 ascendit,
2999 3958 3066 4011 ad
3088 3955 3408 4011 uniformem
3426 3940 3708 4024 simplum—

2118 4059 2222 4116 que
2243 4045 2514 4101 theoricae
2535 4046 2792 4100 scientiae
2820 4045 2872 4099 in
2902 4045 3159 4116 mysteria
3184 4045 3571 4109 inductionem,
3591 4043 3710 4098 vel-

2119 4138 2195 4192 uti
2211 4154 2240 4192 a
2257 4138 2489 4208 quadam
2508 4136 2707 4192 Christi
2721 4137 2899 4191 anima
2912 4137 2979 4191 ad
2995 4136 3323 4192 intellectum
3340 4135 3508 4205 ipsius
3522 4144 3711 4189 trans-

2087 4232 2093 4239 '
2118 4229 2238 4283 vehi
2274 4242 2493 4285 necesse
2521 4235 2624 4283 est.
2676 4226 2829 4282 Alius
2859 4228 2927 4281 ab
2952 4226 3143 4281 eadem
3178 4226 3369 4295 simpla
3398 4223 3707 4295 theologica

2118 4317 2362 4383 scientia,
2393 4332 2531 4387 quae
2558 4317 2793 4371 maxime
2825 4316 2973 4371 circa
3000 4314 3203 4371 Christi
3232 4314 3561 4370 intellectum
3590 4313 3707 4368 cir-

2122 4408 2495 4472 cumvolvitur,
2529 4408 2581 4462 in
2614 4407 2782 4477 ipsam
2825 4405 3122 4475 perfectam
3160 4412 3529 4474 secretamque
3568 4403 3713 4457 divi-

435 4509 580 4553 eius.
634 4497 785 4552 Alius
823 4514 928 4552 non
958 4498 1129 4553 solum
1170 4501 1473 4570 phantasiis
1510 4517 1793 4567 sensuum,
1828 4518 2016 4558 verum
2052 4485 2099 4545 Ῑ)
2126 4500 2585 4557 naminﬁnitatem
2611 4513 2708 4569 per
2728 4497 3086 4568 negationem,
3116 4495 3387 4561 omnibus,
3413 4509 3553 4564 quae
3582 4505 3713 4564 post

439 4591 602 4644 etiam
621 4590 843 4644 omnino
863 4590 994 4660 ipsis
1012 4591 1263 4645 omnibus
1278 4593 1527 4647 sensibus
1556 4594 1807 4657 moritur,
1832 4607 1900 4647 ne
1921 4608 2018 4662 per

438 4694 534 4733 eos
564 4678 670 4734 ullo
698 4695 885 4734 errore
914 4681 1224 4736 seducatur.
1264 4682 1416 4738 Alius
1442 4698 1657 4737 omnem
1699 4685 2018 4740 naturaliter

441 4768 863 4824 familiaritatem
882 4780 938 4826 et
955 4771 1219 4838 habitum,
1234 4789 1394 4843 quem
1412 4789 1508 4844 per
1527 4788 1716 4829 sensus
1729 4791 2020 4846 corporeus

440 4859 510 4921 ad
538 4859 809 4914 sensibilia
835 4862 1178 4929 possederat,
1204 4862 1369 4917 veluti
1401 4862 1531 4931 ipsis
1563 4863 1816 4918 omnibus
1845 4864 2021 4919 cruci-

2125 4593 2293 4647 Deum
2345 4598 2492 4655 sunt,
2541 4588 2801 4652 moriens,
2851 4587 3016 4643 veluti
3067 4603 3098 4642 a
3148 4587 3379 4657 quodam
3426 4585 3710 4641 intellectu

2122 4679 2323 4736 Christi
2367 4679 2434 4733 ad
2481 4678 2651 4747 ipsius
2674 4675 3009 4731 divinitatem
3038 4675 3265 4748 mystice
3302 4675 3563 4731 ascendit.
3613 4674 3711 4730 Sie

2120 4773 2307 4844 Agnus
2343 4770 2437 4825 Dei
2483 4770 2536 4823 in
2580 4768 2835 4824 cordibus
2880 4767 3118 4821 ﬁdelium
3160 4774 3448 4831 mactatur,
3498 4775 3555 4821 et
3592 4780 3715 4821 ma-

2125 4864 2325 4918 ctaudo
2349 4859 2685 4926 viviﬁcatur;
2714 4859 2794 4915 sic
2820 4867 3101 4929 peccatum
3125 4859 3307 4913 mundi
3336 4859 3405 4913 ab
3427 4857 3576 4911 onmi
3608 4857 3712 4910 bu-

1957 4952 2206 5018 NOTAE.

441 5043 630 5103 fuisse,
659 5050 715 5094 at
735 5044 949 5112 demum
976 5051 1101 5112 post
1128 5053 1409 5112 peccatum
1450 5046 1739 5100 humanam
1770 5052 2016 5099 naturam

444 5116 497 5168 in
526 5112 819 5167 masculum
849 5122 905 5167 et
930 5111 1182 5168 feminam
1209 5115 1436 5169 divisam
1459 5130 1597 5170 esse.
1632 5116 1710 5170 Ex
1733 5131 1837 5185 qua
1878 5117 2017 5169 divi-

446 5185 598 5242 sione
623 5197 848 5241 sexuum
891 5193 1073 5254 natam
1098 5199 1219 5239 esse
1249 5185 1466 5253 generis
1509 5186 1729 5239 humani
1758 5184 2017 5254 multipli-

440 5255 740 5336 eaziouem,
785 5268 928 5334 quae
1092 5255 1448 5336 generatione
1454 5272 1569 5336 'per
1594 5253 2018 5336 corruptionem.

443 5328 615 5391 Quem
645 5339 885 5380 errorem
915 5323 967 5379 in
996 5323 1148 5379 libris
1180 5326 1245 5378 de
1276 5326 1382 5379 div.
1424 5323 1545 5379 Nat.
1595 5325 1814 5379 uberius
1860 5339 2023 5393 expo-

438 5402 575 5453 suit.
617 5397 1060 5453 Reeenseturilla
1096 5397 1343 5449 doctrina
1379 5396 1431 5449 in
1465 5396 1923 5450 commentatione
1949 5394 2015 5449 dc

439 5466 489 5519 J.
520 5469 684 5521 Scuto
716 5485 880 5537 supra
914 5467 1088 5536 posita
1126 5466 1187 5520 P.
1220 5466 1259 5521 ll
1294 5465 1321 5537 §
1349 5466 1417 5520 50
1442 5482 1565 5533 sqq.

512 5538 631 5608 “In
645 5534 987 5608 ineptiarum.
1007 5555 1165 5608 quas,
1185 5534 1723 5608 testeiAdrevaldoJ.
1740 5534 1936 5608 Scottis
1954 5535 2020 5590 de

443 5607 544 5659 SS.
595 5605 931 5663 Eucharistii
974 5606 1176 5662 docuit.
1212 5606 1460 5670 vestigia.
1500 5608 1726 5660 lfrontra
1758 5606 2024 5673 Bel-enga-

446 5678 559 5731 rius
581 5675 854 5734 Romanae
876 5677 1225 5733 subscribere
1249 5676 1438 5733 debuit
1461 5676 1761 5733 formulae:
1792 5696 1810 5727 ι
1826 5676 2022 5730 i‘aurm

2128 5045 2399 5107 etvinum,
2413 5056 2551 5111 quae
2565 5042 2617 5096 in
2633 5041 2789 5096 altari
2807 5041 3710 5112 ponuntur,postconsecrationem

2130 5130 2236 5169 non
2260 5114 2433 5168 solum
2456 5121 2877 5175 sacramentum,
2902 5113 2998 5166 sed
3021 5113 3184 5165 etiam
3217 5127 3401 5165 verum
3430 5126 3631 5180 corpus
3653 5123 3715 5167 et

2127 5183 2444 5253 sanguinem
2469 5182 2678 5235 Domini
2703 5181 2873 5253 nostri
2893 5195 3046 5253 esse;
3076 5190 3125 5235 et
3145 5180 3455 5253 sensunliter
3478 5197 3587 5234 non
3611 5198 3709 5236 so-

2128 5251 2625 5316 lum‘sacramento,
2670 5252 2762 5305 sed
2802 5251 2855 5304 in
2887 5251 3116 5305 veritate
3156 5252 3408 5305 manibus
3452 5253 3715 5305 sacerdo-

2130 5330 2244 5380 tum
2276 5320 2520 5390 tractari,
2551 5328 2606 5375 et
2641 5318 2813 5390 frangi
2844 5327 2897 5375 et
2925 5319 3159 5386 ﬁdelium
3196 5319 3434 5374 dentibus
3464 5323 3625 5373 atteri
3659 5342 3710 5376 ι.

2126 5395 2275 5456 Quae
2305 5389 2532 5458 quidem
2565 5393 2631 5446 de
2660 5395 2828 5457 specie
2855 5393 2998 5447 dicta
3025 5404 3185 5455 sunt;
3218 5407 3343 5445 nam
3373 5391 3520 5445 nulla
3552 5394 3634 5446 rei
3656 5393 3724 5459 ﬁt

2129 5465 2382 5517 scissura.
2417 5460 2534 5517 Nec
2555 5478 2663 5516 non
2693 5462 2743 5517 J.
2777 5462 2979 5516 Scotus
3007 5478 3167 5532 supra
3191 5462 3243 5515 in
3268 5463 3725 5531 expositionibus

2129 5535 2382 5589 caelestis
2411 5532 2717 5588 lerarchiae
2753 5532 3035 5589 docuerat.
3068 5533 3466 5585 sanctissimam
3498 5533 3724 5585 Eucha-

2132 5606 2339 5658 ristiam
2370 5606 2422 5658 in
2456 5606 2710 5656 inieriora
2738 5614 2962 5655 natura:
2994 5613 3201 5656 nostrae
3238 5602 3434 5656 uiscera
3457 5604 3622 5665 sumi.
3650 5605 3727 5656 ad

2135 5685 2374 5728 nostram
2402 5673 2712 5744 ineffabilem
2742 5671 3143 5740 dei/irationem.
