3920 6154
232 267 323 325 ’ὀιὸ
1266 268 1617 327 COMMENT.
1681 270 1747 327 IN
1784 273 2032 331 EVANG.
2075 274 2222 335 SEC.
2250 276 2440 334 JOAN.
3345 284 3450 340 5H

222 395 362 435 mana
402 387 586 433 natura
628 377 854 433 tollitur.
900 377 1001 435 Ubi
1040 394 1148 434 non
1192 381 1494 449 spernenda
1529 383 1777 450 quaestio
1804 390 1851 446 Α
1882 395 1983 451 rat,
2005 395 2060 441 et
2088 388 2140 441 in
2165 385 2395 457 gratiam
2419 389 2633 445 divinae
2655 389 2895 447 fllietatis
2921 392 3146 460 exultat,
3168 394 3473 453 utdimisso

220 478 461 525 susurrat.
486 468 677 524 Merito
720 470 917 540 quippe
945 470 1250 541 quaeritur,
1281 472 1550 540 quomodo
1592 472 1779 544 Agnus
1879 486 2030 532 reatu
2083 477 2305 533 vulnera
2361 479 2678 536 delictorum
2730 492 3043 562 nostrqrum
3092 487 3271 542 sanari
3327 489 3466 542 itu-i-

219 561 316 625 Dei,
336 559 383 615 id
411 568 493 616 est
514 559 767 616 Salvator
796 561 1002 627 mundi,
1028 561 1291 631 originale
1314 562 1480 618 totius
1506 563 1778 620 humanae
1876 569 2045 638 piant.
2078 568 2291 637 Quanto
2316 570 2460 625 enim
2492 578 2733 641 tempore
2763 559 2971 639 reatus,
3001 577 3156 645 quasi
3195 579 3469 649 quoddam

218 662 420 707 naturae
445 660 723 721 peccatum
759 650 919 715 tollit,
948 660 1133 705 utrum
1155 666 1216 706 re
1238 650 1357 722 ipsa
1384 652 1499 724 jam
1535 652 1773 708 ablatum
1875 658 2103 724 ferrum,
2135 660 2189 715 in
2211 659 2435 716 vulnere
2457 663 2802 729 remanserit,
2832 663 3039 722 nullum
3064 666 3256 724 vulnus
3281 672 3471 726 sanari

215 752 302 805 est,
325 749 377 796 et
416 742 482 796 de
518 748 627 796 tota
673 749 867 795 natura
911 748 1225 812 purgatum,
1267 756 1337 796 an
1365 742 1542 797 adhuc
1572 742 1625 795 in
1658 740 1774 797 sola
1874 748 2128 819 possibile
2154 757 2266 816 est;
2296 764 2363 805 eo
2390 759 2575 806 autem
2599 750 2894 821 subtracto,
2929 755 3198 825 Spirituali
3236 760 3464 816 medici-

216 848 313 904 spe,
355 847 413 887 re
457 840 636 885 autem
688 839 813 901 post
854 845 1197 886 communem
1244 831 1516 888 humanae
1546 840 1775 886 naturae
1874 855 1978 896 nae
2027 839 2179 898 locus
2237 843 2512 898 tribuitur.
2590 884 2606 899 .
2684 883 2702 900 .
2778 886 2794 904 ,
2873 887 2889 903 ,
2968 886 2986 901 ,
3063 887 3079 903 ,
3159 888 3175 903 ,
3253 890 3269 906 ,
3349 891 3366 906 ,
3443 895 3459 906 ,

215 922 636 978 resurrectionem
673 920 990 977 auferetur?
1031 921 1169 977 Nam
1193 923 1236 978 si
1265 922 1375 993 jam
1406 924 1640 978 humana
1680 939 1763 979 na-

1968 950 1983 966 ο
2064 950 2078 966 ο
2157 950 2172 965 ο
2251 952 2266 968 ο
2343 950 2361 967 ο
2436 952 2455 967 0
2531 953 2547 967 ο
2626 953 2644 971 ο
2721 953 2739 970 Ο
2824 955 2840 970 ο
2934 955 2950 971 ο
3047 957 3062 973 ο
3156 958 3172 973 ο
3250 959 3265 973 ο
3347 960 3363 976 ο
3442 959 3460 975 σ

216 1023 317 1068 tura
349 1013 415 1069 ab
458 1012 711 1084 originali
755 1021 982 1083 peccato
1030 1015 1209 1084 reipsa
1251 1013 1479 1070 liberata
1520 1022 1625 1078 est,
1675 1028 1774 1069 cur
2231 1012 2279 1072 F
2300 1013 2351 1073 Β
2373 1013 2423 1073 Α
2448 1012 2501 1074 G
2525 1014 2587 1074 M
2607 1016 2660 1076 Ε
2681 1014 2733 1075 Ν
2753 1015 2802 1075 Τ
2826 1016 2875 1077 U
2898 1018 2960 1078 M
3023 1019 3105 1079 ll.

213 1106 445 1177 quotidie,
487 1106 580 1175 qui
636 1106 987 1177 haptizantur
1030 1107 1084 1160 in
1122 1106 1359 1169 Christo,
1394 1107 1770 1163 remissionem
2306 1108 2435 1165 Cn.
2460 1109 2600 1177 lll,i
2637 1141 2710 1152 —
2734 1112 2824 1178 IV,
2854 1112 2949 1168 28.

211 1195 458 1267 originalis
495 1197 707 1265 peccati
748 1196 1201 1266 propriorumque
1244 1196 1586 1261 delictorum,
1629 1212 1771 1267 quae
1937 1198 2073 1253 Erat
2128 1199 2283 1255 homo
2340 1218 2406 1257 ea:
2450 1200 2789 1271 Pharisaeis,
2850 1204 3173 1262 Nicodemas
3225 1212 3455 1278 nomine,

211 1286 268 1341 ab
286 1285 519 1356 originali
551 1294 798 1356 peccato,
843 1286 1075 1355 quadam
1124 1285 1475 1357 scaturigine,
1521 1298 1766 1353 manant,
1866 1292 2104 1363 princeps
2129 1293 2477 1348 Iudaeorum.
2510 1294 2857 1361 Pharisaeus,
2894 1298 3093 1354 divisus
3128 1300 3452 1372 interpreta-

210 1393 290 1448 per
311 1376 692 1431 abundantiam
719 1377 926 1447 gratiae
959 1375 1267 1445 accipiunt?
1305 1375 1415 1432 Cur
1454 1376 1642 1444 etiam,
1673 1377 1766 1448 qui
1869 1390 1985 1449 tur;
2023 1383 2323 1450 Pharisaei,
2353 1384 2505 1439 divisi
2526 1385 2576 1439 ιι.
2610 1384 2769 1442 Secta
2806 1403 3042 1458 namque
3066 1404 3254 1447 eorum
3280 1392 3455 1448 divisa

212 1468 253 1522 in
276 1480 428 1522 carne
452 1476 758 1522 nascuntur
779 1467 896 1522 sine
914 1466 1120 1522 carnali
1143 1467 1602 1537 concupiscentia,
1625 1483 1767 1539 quae
1800 1492 1815 1506 ο
1867 1483 1950 1529 est
1980 1489 2009 1528 a
2037 1473 2234 1529 ceteris
2277 1473 2517 1541 Judaeis,
2546 1474 2598 1532 id
2619 1485 2702 1539 est
2727 1492 2756 1531 a
2783 1476 2989 1534 Scribis
3016 1488 3073 1534 et
3099 1480 3450 1538 Saddueaeis.

210 1557 322 1613 nihil
347 1557 485 1613 aliud
516 1564 605 1613 est
640 1558 746 1612 nisi
789 1572 962 1628 poena
1004 1557 1283 1628 originalis
1323 1560 1571 1627 peccati,
1615 1560 1766 1617 nasci
1866 1565 1976 1621 Soli
2024 1565 2223 1636 quippe
2271 1565 2547 1622 Pharisaei
2613 1571 3065 1624 resurrectionem
3111 1579 3450 1628 mortuorum

209 1661 295 1705 non
329 1657 546 1718 possunt
565 1649 635 1701 II?
678 1645 738 1703 Si
783 1648 928 1704 enim
966 1663 1153 1714 causa,
1181 1657 1462 1718 peccatum
1502 1649 1624 1706 dico
1649 1651 1764 1706 ori-
1867 1655 2249 1722 crediderunt,
2331 1658 2528 1712 ceteris
2587 1658 3056 1714 contendentibus.
3124 1659 3455 1719 Nicor'iemus

206 1738 375 1808 ginale.
401 1737 621 1807 penitus
646 1737 926 1793 eradicala
971 1745 1078 1802 εει,
1123 1752 1293 1805 quare
1334 1752 1464 1792 8005
1510 1736 1755 1805 επθεωε»
1791 1732 2252 1819 Binterpretatur
2301 1747 2518 1802 victoria
2561 1748 2782 1819 populi,
2842 1749 2926 1804 vel
2976 1750 3141 1806 victor
3186 1753 3487 1824 populux,‘

207 1830 275 1884 vel
295 1829 459 1900 potius
482 1844 583 1884 sua
612 1843 788 1900 poena
812 1828 988 1884 adhuc
1008 1837 1315 1897 permanet,
1336 1828 1405 1883 de
1423 1843 1530 1898 qua
1562 1844 1757 1899 poena,
1865 1836 2090 1908 ﬁguram
2132 1845 2351 1908 gestans
2386 1837 2646 1904 omnium,
2677 1838 2771 1909 qui
2800 1853 2867 1893 ex
2906 1837 3130 1896 Judaico
3157 1842 3354 1912 populo
3393 1845 3448 1899 iu

204 1920 279 1990 qui
296 1935 357 1974 ex
384 1920 495 1991 ipsa
538 1918 751 1975 carnali
778 1919 1213 1989 concupiscentia
1238 1927 1553 1986 nascuntur,
1585 1921 1759 1992 gratia
1861 1924 2136 1981 Christum
2166 1926 2529 1982 crediderunt.
2561 1927 2752 1983 Omnis
2793 1937 2998 1994 autem,
3042 1931 3134 2000 qui
3179 1933 3353 1989 credit
3391 1935 3445 1988 in

206 2012 513 2082 baptismatis
548 2019 878 2082 purgantur,
925 2011 1244 2067 inchoantes
1280 2026 1379 2082 per
1404 2010 1667 2083 Spiritum
1699 2014 1756 2069 in
1861 2005 2155 2081 Christum,
2182 2016 2351 2071 vincit
2376 2017 2657 2073 mundum.
2690 2016 2944 2089 Princeps
2965 2017 3320 2089 Iudaeorum,
3341 2023 3447 2078 hoc

202 2108 384 2164 Christo
407 2109 647 2170 renasci,
672 2110 747 2164 ita
783 2117 842 2163 ut
882 2123 988 2164 non
1019 2108 1213 2174 solum,
1242 2111 1335 2179 qui
1372 2109 1426 2165 in
1471 2124 1636 2166 carne
1660 2126 1763 2182 per
1860 2117 1946 2164 est
1982 2124 2122 2164 unus
2157 2108 2225 2163 de
2265 2108 2598 2179 principibus
2645 2108 2995 2177 Iudaeorum,
3031 2111 3225 2168 doetus
3259 2113 3448 2185 legalis

203 2200 663 2270 concupiscentiam
711 2199 894 2256 carnis
921 2209 1296 2271 procreantur,
1324 2209 1607 2271 parentum
1634 2218 1759 2258 suo-
1842 2197 2096 2263 'litterae,
2118 2199 2376 2269 magister
2399 2197 2583 2254 Israel.

202 2309 296 2347 mm
318 2293 511 2358 delicti,
538 2308 654 2363 quo
678 2292 1074 2363 concipiuntur.
1108 2308 1298 2348 verum
1323 2294 1489 2349 etiam
1515 2310 1757 2351 comma-
1931 2288 2035 2344 Ht'c
2056 2290 2189 2343 venit
2210 2290 2279 2342 ad
2293 2287 2479 2343 Iesum
2510 2298 2677 2343 nocte.
2698 2287 2860 2344 Juxta
2889 2290 3247 2363 Augustinum
3276 2292 3441 2350 Nico-

202 2385 270 2439 nis
306 2385 563 2452 criminis,
602 2385 885 2457 originalis
924 2384 1174 2440 videlicet
1218 2386 1445 2455 peccati,
1478 2401 1586 2455 quo
1631 2388 1755 2442 uni-
1858 2383 2048 2437 demus
2087 2379 2142 2434 in
2178 2379 2347 2449 ﬁgura
2387 2378 2896 2434 catechumenorum
2930 2380 3171 2450 ponitur.
3225 2381 3440 2438 Etenim-

198 2472 445 2528 vcrsaliter
470 2474 525 2528 in
563 2474 748 2544 primo
778 2473 994 2529 homine
1023 2488 1213 2530 omnes
1240 2473 1488 2530 homines
1511 2476 1754 2547 delique-
1856 2470 2252 2533 catechumeni,
2274 2470 2328 2523 id
2356 2477 2462 2534 est,
2489 2469 2543 2524 in
2571 2468 2673 2525 fide
2699 2468 2970 2538 instructi,
2996 2470 3232 2526 nonduin
3255 2481 3440 2527 tamen

199 2572 315 2629 rant,
351 2564 721 2635 indulgentiae
764 2563 1110 2633 baptismatis
1158 2564 1480 2634 indigeant?
1516 2565 1598 2620 Ad
1650 2567 1754 2623 hoc
1854 2559 2145 2629 ῢθριίιειιί,
2184 2573 2359 2629 neque
2396 2567 2740 2613 8³01³³111θοιο
2776 2560 3023 2629 corporis
3060 2568 3118 2616 ει
3163 2561 3441 2632 sanguinis

196 2652 348 2724 itaque
373 2654 688 2727 dicendum,
715 2654 839 2724 quia
864 2652 977 2724 jam
1011 2655 1079 2709 ab
1121 2654 1370 2723 originali
1400 2666 1619 2726 peccato
1650 2658 1752 2711 hu-
1857 2651 2064 2705 Domini
2095 2649 2307 2714 imbuti,
2349 2648 2518 2704 solam
2555 2648 2713 2705 iidem
2735 2650 3031 2718 habentes,
3060 2652 3128 2706 ad
3163 2650 3439 2708 Christum

195 2760 324 2799 mana
356 2756 544 2801 natura
588 2759 768 2815 neque
796 2745 849 2799 in
872 2744 1123 2799 omnibus
1151 2747 1534 2812 communiter,
1572 2761 1782 2815 neque.
1853 2742 2117 2807 Vettium;
2181 2741 2494 2812 ignorantes
2544 2740 2721 2797 adhuc
2766 2741 3023 2798 νίΐῑιιιειη
3071 2742 3435 2814 Βαριίεηὶθιίεο

195 2845 236 2895 in
257 2844 463 2915 singulis
487 2843 824 2914 specialiter,
853 2859 915 2897 re
952 2843 1066 2913 ipsa
1096 2843 1315 2899 abolitio
1347 2844 1485 2900 facta
1513 2853 1591 2899 est
1628 2861 1743 2915 per-

1892 2832 1995 2886 uod
2048 2831 2285 2885 nondum
2335 2831 2638 2902 accipiunt,
2694 2832 2859 2888 veluti
2899 2834 2954 2888 in
2991 2835 3225 2904 quadam
3280 2847 3438 2892 nocte

189 2932 406 3003 lectaque
453 2935 826 3004 interemptio.
873 2933 986 2989 Hoc
1028 2935 1174 2991 enim
1226 2946 1477 2991 servatur
1510 2939 1579 2993 ad
1625 2937 1737 2993 ulti-

1889 2923 2187 2997 guorantiae
2240 2932 2703 2978 sacramentorum
2760 2922 3044 2979 accedunt.
3098 2924 3260 2981 Justa
3307 2942 3437 2982 vero

190 3037 309 3075 mam
339 3025 388 3077 in
419 3024 523 3078 line
553 3024 743 3079 mundi
772 3024 1076 3087 victoriam,
1108 3026 1344 3094 quando,
1378 3035 1436 3081 ut
1480 3027 1558 3081 ait
1602 3028 1738 3098 Apo-

1884 3015 2168 3085 lregorium
2234 3012 2541 3084 theologum
2604 3013 2928 3070 Nicodemus
2984 3015 3151 3079 veluti
3213 3018 3432 3088 quidam

189 3112 350 3179 stolus,
388 3114 721 3169 novissimus
763 3113 1016 3168 inimicus
1053 3113 1365 3170 destruetur
1406 3132 1573 3172 mors.
1606 3118 1737 3172 Dum

1884 3083 2140 3161 octurnus
2165 3103 2461 3174 discipulus
2502 3105 2785 3175 accipitur,
2815 3103 3160 3163 conformans
3189 3083 3304 3174 eos,
3336 3109 3431 3180 qui

190 3202 308 3257 enim
326 3204 710 3260 universaliter
733 3204 1046 3260 destruetur
1078 3219 1247 3271 mors,
1274 3221 1416 3276 quae
1443 3209 1738 3265 masculino

1885 3194 2238 3251 erfectissime
2273 3195 2325 3248 in
2354 3193 2630 3249 Christum
2665 3195 2914 3261 credunt,
2961 3196 3034 3251 ita
3081 3206 3141 3252 ut
3186 3198 3321 3255 nihil
3366 3201 3433 3255 de

190 3295 373 3351 nomine
390 3297 724 3351 novissimus
740 3295 994 3351 inimicus
1009 3305 1250 3363 vocatur,
1275 3299 1531 3368 quoniam
1554 3317 1738 3372 graece

1888 3285 2158 3357 itegritate
2203 3282 2501 3340 catholicae
2545 3283 2667 3340 fidei
2716 3300 2811 3341 eos
2859 3285 3045 3372 lateat,
3082 3286 3200 3345 lace
3250 3299 3432 3344 tamen

189 3386 383 3451 θάνατος,
419 3388 471 3442 id
510 3395 605 3442 est
638 3401 807 3451 mors,
853 3386 1137 3442 masculini
1174 3390 1388 3457 generis
1418 3398 1519 3453 est,
1555 3363 1747 3447 neces-
1845 3377 2207 3448 perfectorum
2255 3389 2479 3444 operum
2537 3384 2765 3442 carent,
2828 3363 3083 3434 timentes
3130 3380 3430 3434 carnalium

189 3478 304 3532 επίο
337 3493 496 3533 causa
551 3475 695 3546 eius,
745 3476 1010 3548 originale
1046 3488 1354 3547 peccatum,
1406 3480 1628 3535 οιηηίηο
1673 3483 1743 3538 ab
1844 3481 2061 3521 suarum
2092 3464 2479 3537 eugitationum
2515 3472 2571 3520 et
2601 3466 2898 3532 actionum,
2924 3467 3089 3522 veluti
3134 3468 3432 3523 infidelium

191 3569 386 3623 humana
434 3580 638 3625 natura
681 3568 971 3624 delebitur.
1013 3568 1312 3624 Praecedet
1344 3570 1490 3625 enim
1523 3571 1744 3628 abolitio
1841 3556 2169 3613 JUdaeomm
2196 3556 2457 3625 ίῐηΡθιυιη
2484 3564 2648 3625 alque
2670 3556 2950 3622 “William,
2980 3556 3095 3613 80³³
3130 3556 3233 3617 ηδε
3269 3558 3432 3614 οοηυο

190 3676 353 3717 causae
375 3662 728 3717 abolitionem
757 3660 1008 3725 effectus,
1045 3660 1149 3717 hoc
1188 3670 1291 3727 est,
1335 3663 1622 3730 praecedet
1659 3663 1738 3718 in-

1881 3647 1972 3702 uio
2017 3645 2222 3702 Christi
2279 3643 2558 3710 fruuntur,
2613 3644 2876 3700 bonorum
2908 3661 3132 3716 operum
3179 3647 3427 3703 fiduciam

192 3754 441 3822 teremptio
467 3752 757 3825 originalis
786 3752 991 3823 peccati
1027 3753 1080 3808 in
1128 3753 1380 3809 omnibus
1420 3763 1476 3808 et
1522 3754 1575 3808 in
1625 3755 1737 3809 siu-

1880 3752 1948 3791 ou
1974 3736 2256 3791 habentes.
2292 3733 2587 3805 Propterea
2629 3733 2969 3806 Evangelista
2996 3737 3073 3789 ait
3103 3753 3117 3791 :
3157 3754 3176 3787 (
3210 3735 3309 3791 Hic
3334 3752 3427 3792 ve-

187 3842 298 3909 gulis
324 3823 797 3914 interemptiouem
829 3843 1049 3909 mortis;
1082 3842 1333 3898 similiter
1361 3843 1415 3898 in
1457 3852 1570 3898 toto
1597 3853 1652 3899 et
1687 3844 1739 3898 in
1843 3826 2008 3882 ηίιθά
2031 3840 2154 3880 eum
2189 3831 2347 3879 ηοθῑε
2376 3842 2423 3877 ³·
2448 3823 2515 3878 E‘
2542 3823 2678 3878 ἀίωίί
2713 3825 2761 3879 εί
2783 3837 2804 3876 -°
2832 3824 3024 3891 “ab”:
3055 3826 3269 3890 εοίηιιυυ
3306 3827 3429 3899 qui“

188 3946 327 4002 parte,
372 3938 592 4008 quando
632 3936 796 3991 etiam
842 3934 1169 4004 implebitur,
1213 3935 1357 4005 quod
1399 3935 1602 3990 dictum
1656 3943 1736 3990 est

1907 3918 2015 3974 Deo
2042 3917 2294 3988 magister
2320 3915 2539 3982 uenisti;
2566 3931 2716 3969 nemo
2742 3916 2879 3969 enim
2905 3925 3071 3986 potest
3110 3917 3239 3970 haec
3276 3918 3426 3985 signa

185 4040 264 4095 per
286 4005 599 4101 prophetam
631 4047 645 4083 :
677 4049 697 4080 ι
726 4028 831 4083 Ero
860 4043 1006 4083 mors
1037 4036 1148 4093 tua,
1187 4045 1220 4085 ο
1250 4045 1419 4096 mors,
1445 4039 1500 4086 et
1529 4045 1742 4087 morsus
1841 4008 2034 4101 βοέην
2059 4023 2193 4101 (1³⁸⁸9³
2216 4018 2273 4061 ¹¹⁴
2295 4005 2461 4101 Emi
2486 4006 2589 4060 "in.
2618 4005 2779 4101 fuerit
2802 4005 2941 4060 De“
2969 4021 3195 4101 ⁶Ῐ”,⁸⁰⁶
3238 4006 3428 4101 E‘Pis

186 4096 352 4184 ωηεξο
376 4096 592 4176 inferne
627 4139 675 4172 κ
715 4119 908 4174 Adhuc
947 4120 1130 4189 itaque
1165 4120 1217 4174 in
1249 4135 1343 4189 spe
1382 4119 1609 4175 liberam
1639 4136 1737 4176 na-
1839 4100 2041 4166 verbis,
2068 4100 2266 4170 quibus
2295 4097 2622 4155 Nicodemus
2664 4098 2813 4189 visus
2854 4105 2940 4189 est
2978 4096 3253 4189 Christum
3295 4098 3428 4152 allo-

185 4216 300 4275 tura,
326 4209 377 4265 in
409 4209 597 4266 futuro
639 4224 770 4265 vero
811 4210 986 4280 reipsa
1038 4187 1380 4266 liberabitur.
1431 4211 1568 4278 Quid
1606 4227 1733 4283 ergo

1879 4193 1956 4258 ui,
1982 4193 2141 4248 datur
2170 4189 2419 4262 intelligi,
2465 4190 2663 4261 ipsum,
2710 4187 3062 4244 Nieodemum
3089 4188 3230 4254 dico,
3260 4204 3424 4242 unum

181 4298 312 4354 datur
346 4317 438 4371 per
479 4301 716 4374 gratiam
754 4276 967 4356 divinae
1001 4301 1384 4373 generationis,
1413 4276 1512 4373 per
1533 4276 1737 4373 haptis-
1840 4282 2009 4337 fuisse
2053 4296 2133 4374 θιᾲ
2168 4280 2411 4374 histum“
2447 4278 2812 4374 fmdidemm
2856 4276 3015 4374 Ρῖ¹³¹⁰
3056 4284 3184 4331 “me
3237 4277 3290 4331 i"
3339 4279 3428 4334 die

181 4403 301 4446 mum
345 4392 485 4459 dico,
517 4394 566 4448 si
602 4392 825 4448 omnino
855 4390 1118 4464 originale
1154 4401 1435 4463 peccatum
1478 4393 1729 4449 radicitus

1878 4374 2071 4439 ’ascha,
2105 4372 2172 4428 de
2209 4370 2405 4442 quibus
2430 4370 2632 4425 dictum
2678 4377 2764 4423 est
2793 4385 2809 4422 :
2845 4386 2864 4419 ι
2895 4366 3029 4422 Cum
3059 4375 3242 4421 autem
3282 4378 3426 4423 esset

181 4494 265 4533 non
290 4457 615 4553 exstirpatur
633 4483 659 4536 ?
679 4482 761 4536 Ad
808 4481 912 4537 hoc
942 4457 1235 4537 dicendum
1267 4499 1281 4535 :
1328 4489 1510 4536 reatus
1536 4482 1737 4537 solum-
1767 4457 1814 4477 υ
1842 4463 2293 4524 Πῑθνοεοιοηλίείη
2314 4460 2521 4553 Pii-“fel”
2546 4460 2600 4515 in
2624 4458 2711 4553 fﬁe
2741 4457 3427 4553 fesklmullicfe‘iitler“"l

180 4571 311 4627 modo
334 4546 614 4645 originalis
639 4572 851 4642 peccati
879 4586 979 4642 per
1004 4571 1332 4642 baptismum
1356 4570 1591 4635 laxatur,
1616 4586 1734 4626 ma-
1840 4562 1895 4616 ἰιι
1923 4557 2142 4615 nomine
2171 4553 2305 4625 (³10⁸»
2329 4551 2575 4645 νίάβηιεδ
2599 4549 2750 4645 ⁸ξ8¹ξ²
2787 4546 3073 4645 Quique
3105 4547 3343 4645 Γαθίθῧξιι
3377 4568 3421 4604 ’-

180 4673 313 4720 nente
348 4637 524 4721 adhuc
558 4637 811 4737 originali
863 4637 1103 4735 peccato.
1145 4663 1304 4718 Aliud
1347 4663 1493 4719 enim
1531 4671 1614 4718 est
1644 4679 1728 4719 sa-

1875 4652 1919 4707 .d
1941 4652 2046 4706 hoc
2069 4648 2214 4703 enim
2251 4643 2471 4716 respicit
2494 4641 2639 4714 quod
2668 4641 2745 4696 ait
2775 4658 2789 4695 :
2828 4658 2847 4692 ι
2881 4637 3054 4695 Nemo
3088 4647 3270 4711 potest
3289 4639 3423 4698 haec

177 4753 335 4822 εειιειη
372 4757 591 4814 auferre
617 4733 686 4813 δέ
708 4733 954 4822 minae,
1001 4755 1147 4809 aliud
1191 4763 1376 4825 postea
1417 4753 1612 4808 vulnus
1650 4770 1739 4808 sa.
1838 4746 1988 4815 signa
2015 4743 2195 4797 facere
2215 4752 2354 4809 quae
2381 4748 2435 4790 lu
2467 4735 2621 4800 facis,
2648 4735 2752 4790 nisi
2776 4734 2940 4790 fuerit
2963 4733 3107 4791 Deus
3126 4748 3248 4790 cum
3279 4750 3345 4789 eo
3375 4754 3393 4786 ι

177 4860 301 4901 iure,
349 4848 459 4906 Hoc
519 4850 689 4921 igitur
742 4857 914 4904 totum
978 4856 1081 4907 est,
1143 4846 1287 4916 quod
1344 4844 1504 4913 nobis
1563 4844 1736 4913 gratia
1914 4833 2195 4904 Respondit
2217 4830 2394 4895 Iesus,
2419 4839 2466 4885 et
2490 4824 2947 4891 dixitei:Ameu,
2971 4843 3125 4882 amen
3152 4826 3275 4921 uico
3305 4828 3422 4895 tibe,

173 4935 478 5010 baptismatis
506 4916 740 4997 confert.
769 4940 850 4996 Ex
880 4948 1030 4997 reatu
1058 4938 1204 4994 enim
1235 4932 1447 5008 peccati
1475 4950 1574 4990 nos
1600 4935 1733 4989 libe-
1843 4930 1943 4985 nisi
1975 4928 2091 5000 quis
2120 4936 2274 4980 natus
2307 4923 2465 4994 fuerit
2513 4921 2708 4988 denuo,
2759 4936 2862 4975 non
2913 4929 3077 4991 potest
3115 4916 3289 4975 uiuere
3339 4935 3420 4974 re-

1425 5034 1681 5091 VARIAE
1718 5025 2118 5088 LECTIONES.

225 5134 245 5167 '
268 5133 354 5192 Sic
374 5138 527 5204 cod.,
550 5135 690 5192 forte
710 5133 815 5206 leg.
844 5134 1108 5188 humanae
1135 5140 1357 5185 naturae
1377 5129 1404 5183 2
1685 5211 1916 5274 ΝΟΤΑΕ

222 5329 246 5359 ι
269 5318 363 5388 Ea,
394 5335 540 5392 quae
564 5318 615 5376 J.
643 5318 840 5376 Scotus
886 5331 1059 5443 usque
1098 5314 1165 5370 ad
1214 5313 1378 5369 finem
1430 5309 1721 5394 fragmenti
1826 5306 1967 5381 typis
1989 5311 2251 5393 expressa
2278 5294 2343 5353 P.
2373 5292 2418 5349 ll
2446 5291 2475 5366 ᾗ
2504 5291 2571 5348 57
2595 5304 2718 5361 sqq.
2746 5367 2758 5380 .
3191 5354 3204 5366 .
3281 5350 3337 5404 di
3364 5379 3391 5393 ο

252 5402 468 5443 peccato
518 5389 767 5443 originali
817 5397 921 5443 cet.
996 5388 1236 5443 isuutat.
1312 5398 1437 5439 cum
1489 5390 1723 5436 veritate
1880 5384 1911 5425 ιι
1941 5383 2000 5439 δ,
2040 5383 2402 5443 ηιοτοηςιηυε
2432 5391 2447 5426 ;
2477 5366 3363 5443 pherqf,li,_.¢pqya,ug3,ﬁgi:

252 5366 1196 5474 ρῗοξέεἴόῖίὶςίῖιέῖὲεῖῗὲίέῦυἶὲι
1302 5366 1458 5463 ἀπ’.
1489 5366 1723 5475 timur
1848 5366 2000 5467 Ὑδ-
2022 5366 3363 5475 .ll“attriti:.ﬁﬁf‘iﬁtia‘i’iﬁfﬁ’ﬁﬁiaéi’iSi

167 5419 1274 5521 ymﬁinrngii'ginucgﬁen‘igun‘éiﬁo
1811 5419 2624 5521 umizati:lse‘ili'i'uetipcautes.
2658 5419 3208 5521 Illud-eui‘inntlgmgil
3239 5419 3392 5476 de?“

167 5496 1575 5605 magna:53:33:31.1;'aisas';;;.'3.gan;.
1601 5496 1718 5578 ne:
1811 5496 2253 5583 :51'.'.:'.";.f.n.'.
2281 5496 2435 5592 ωτέ,
2766 5505 2821 5561 ω
2966 5496 3222 5552 dividere-

168 5595 242 5673 ῆι,
268 5595 542 5674 copiosius
580 5595 912 5671 diSCeptatttr
957 5600 1010 5654 iu
1050 5595 1509 5654 commentatione
1553 5607 1718 5663 supra
