3952 6156
487 248 593 304 ειὸ

1830 238 2112 295 JOANNIS
2180 240 2375 296 SCOTI

3640 246 3742 307 516

487 380 645 436 gnum
690 362 803 417 Dei.
838 360 1148 429 Quaeritur,
1179 375 1275 415 cur
1308 356 1463 413 Jesus
1505 356 1570 412 de
1604 353 1841 408 secunda
1871 354 2064 407 nativi-
2092 359 2138 415 Α
2169 370 2289 411 rum
2339 357 2569 411 animae.
2606 357 2846 429 Regnum
2876 358 2966 412 Dei
3010 370 3094 414 est
3142 358 3310 416 Filius
3347 359 3439 414 Dei
3467 402 3482 424 ,
3528 363 3621 431 qui
3655 380 3675 414 ι
3712 378 3742 418 a

490 462 618 516 tate.
646 468 783 522 quae
820 462 905 505 est
948 451 1240 506 secundum
1274 447 1541 516 spiritum,
1582 443 1857 513 respondit
1902 441 2062 496 Nico-

490 545 669 607 demo,
714 558 834 596 cum
881 542 994 611 ipse.
1038 538 1168 593 nihil
1210 537 1338 591 inde
1384 536 1748 605 interrogasse
1797 532 2065 586 videatur?

493 633 595 687 Sed
644 630 1070 701 respondendum
1103 646 1117 681 :
1163 626 1419 697 quoniam
1486 624 1747 678 Dominus
1778 620 1909 676 vidit
1941 636 2063 675 eum

492 722 809 783 credidisse,
856 719 997 773 sicut
1037 727 1093 774 et
1146 717 1317 772 ceteri
1363 714 1736 776 crediderunt,
1783 714 1873 783 qui
1911 715 2063 784 signa

490 812 605 880 ejus
647 809 913 870 viderunt,
966 814 1021 861 et
1064 807 1420 870 existimasse,
1453 804 1595 873 quod
1639 802 1754 857 sola
1800 802 1939 857 ﬁdes
1988 804 2066 857 cis

486 898 782 959 sufﬁceret.
804 897 1008 967 absque
1044 894 1342 965 spiritualis
1384 892 1746 965 generationis
1778 893 1973 952 virtute
2013 900 2068 949 et

488 988 867 1055 sacramentis,
900 986 1162 1041 continuo
1185 987 1377 1040 docere
1403 999 1528 1039 eum
1565 982 1745 1052 coepit
1775 983 1841 1036 de
1882 982 2068 1035 nativi-

492 1090 618 1143 tate,
644 1094 785 1147 quae
818 1085 900 1132 est
946 1077 1242 1132 secundum
1284 1075 1553 1145 spiritum.
1597 1074 1677 1129 Ac
1720 1073 1763 1127 si
1800 1073 1849 1128 ei
1882 1082 2068 1141 aperte

492 1172 693 1227 diceret
726 1188 739 1224 :
768 1169 886 1225 Non
915 1168 1117 1224 suﬂicit
1148 1168 1267 1231 tibi,
1305 1166 1639 1221 solummodo
1674 1166 1728 1220 in
1764 1178 1849 1218 me
1885 1164 2065 1219 credi-

490 1263 653 1323 disse.
699 1260 803 1315 nisi
846 1266 1183 1315 sacramenta
1222 1256 1561 1328 baptismatis
1598 1254 1853 1323 accipias,
1894 1254 2063 1307 virtu-

492 1359 707 1418 temque
769 1348 1063 1418 spiritualis
1120 1346 1485 1418 generationis
1534 1344 1823 1414 intelligas.
1867 1342 2066 1397 Notau-

489 1443 640 1502 dum,
673 1441 813 1509 quod
844 1439 898 1493 in
945 1435 1588 1493 codicibuS'Graecorum
1631 1435 1813 1492 ἄνωθεν
1849 1433 2064 1504 legitur,

490 1532 581 1586 ubi
622 1531 673 1585 in
700 1530 884 1585 latinis
931 1528 1210 1589 codicibus
1237 1528 1407 1582 denuo
1441 1527 1726 1596 reperitur,
1753 1534 1810 1578 ut
1837 1525 1908 1580 sit
1947 1540 2068 1578 sen-

490 1641 585 1681 sus
620 1643 633 1680 :
676 1625 778 1680 nisi
816 1625 939 1695 quis
981 1632 1140 1678 natus
1180 1622 1347 1678 fuerit
1381 1620 1584 1684 ἅνυθσν.
1614 1621 1715 1675 hoc
1747 1629 1833 1675 est
1879 1621 2066 1674 desur-

491 1732 609 1771 sum
632 1757 645 1777 .
672 1724 732 1770 ut
762 1716 1041 1770 desursum
1073 1714 1314 1769 dicamus
1350 1727 1448 1783 pro
1474 1713 1681 1773 denuo;
1718 1712 1859 1779 quod
1900 1719 1955 1764 et
1984 1709 2066 1763 fa-
2098 1700 2141 1758 Β

490 1806 646 1861 cilius
678 1806 1012 1876 intelligitur,
1071 1813 1125 1857 et
1152 1802 1359 1856 duabus
1389 1801 1778 1866 nativitatibus,
1825 1811 2067 1855 terrenae

492 1903 736 1961 videlicet
787 1912 949 1972 atque
1004 1900 1253 1963 caelesti,
1308 1897 1735 1954 convenientius.
1792 1897 1884 1951 Ait
1921 1897 2066 1951 enim

490 1991 821 2060 Apostolus:
858 2009 876 2042 ‹
906 1989 1119 2044 Primus
1148 1989 1309 2042 homo
1356 1986 1422 2042 de
1476 1995 1622 2041 terra
1680 1995 1948 2045 terrenus.
1984 2000 2070 2040 se-

491 2084 699 2138 cundus
727 2083 887 2137 homo
923 2081 991 2136 de
1034 2079 1185 2135 caelo
1236 2078 1481 2134 caelestis
1515 2097 1560 2129 ι.
1614 2078 1760 2132 Duae
1804 2077 2066 2145 siquidem

494 2174 801 2227 nativitates
828 2180 973 2234 sunt,
1005 2180 1063 2225 ut
1101 2171 1177 2225 ait
1204 2171 1573 2241 Augustinus;
1601 2184 1831 2239 quarum
1873 2184 1976 2223 una
2002 2168 2068 2222 de

493 2272 660 2326 terra,
710 2261 883 2317 altera
926 2262 991 2316 de
1024 2260 1194 2326 caelo,
1229 2261 1331 2314 hoc
1377 2269 1465 2315 est
1505 2260 1821 2323 desursum;
1854 2273 1959 2313 una
2002 2273 2067 2310 ex

493 2353 823 2421 parentibus,
854 2351 1146 2407 secundum
1176 2365 1420 2415 carnem,
1463 2349 1634 2403 altera
1667 2366 1735 2405 ex
1763 2349 1979 2403 Christo
2014 2357 2071 2402 et

494 2440 769 2505 Ecclesia,
798 2442 1090 2497 secundum
1141 2426 1427 2511 spiritum;
1470 2455 1573 2495 tina
1618 2440 1672 2494 in
1717 2438 2069 2494 similitudine

489 2531 853 2603 iumentorum
898 2547 994 2601 per
1020 2542 1299 2602 peccatum
1330 2532 1382 2586 in
1428 2541 1675 2595 mortem,
1706 2532 1874 2586 altera
1916 2531 1967 2584 in
1998 2531 2068 2583 si-

493 2625 794 2681 militudine
825 2625 1133 2681 caelestium
1190 2625 1438 2679 virtutum
1477 2639 1575 2694 per
1623 2625 1851 2695 gratiam
1902 2624 1955 2677 in
1992 2624 2068 2676 vi-

496 2727 640 2780 tam;
672 2731 777 2769 una
820 2726 1007 2770 contra
1036 2724 1284 2770 naturam
1327 2730 1423 2785 per
1449 2714 1727 2779 delictum,
1770 2707 1937 2768 altera
1986 2729 2068 2768 se-

495 2806 727 2861 cundum
757 2814 1004 2859 naturam
1039 2820 1135 2873 per
1168 2804 1484 2859 delictorum
1524 2803 1840 2859 remedium.
1871 2801 2072 2872 Grego-

497 2902 611 2952 rius
657 2904 835 2952 autem
888 2895 1165 2964 theologus
1210 2903 1444 2963 quatuor
1495 2894 1801 2948 nativitates
1850 2895 2105 2969 astruit,'

495 3002 630 3056 quius
667 2987 829 3041 etiam
861 2984 1117 3040 Dominus
1148 2992 1329 3039 noster
1367 2982 1523 3039 Iesus
1547 2983 1790 3039 Christus
1838 2997 1934 3051 pro
1980 2998 2069 3037 sa-

499 3046 606 3132 lute
626 3056 1140 3132 humanaenaturac
1166 3074 1397 3129 subiisse
1427 3074 1676 3143 dignatus
1706 3080 1806 3127 est.
1830 3046 2069 3138 Quarum
2100 3046 2142 3103 Ο

499 3167 670 3238 prima
708 3176 791 3222 est
821 3166 1074 3221 nativitas
1110 3165 1215 3228 illa,
1247 3158 1302 3219 in
1331 3178 1436 3231 qua
1467 3171 1634 3217 totum
1682 3177 1852 3231 genus
1883 3164 2072 3218 humu-

494 3270 625 3317 ‘num
653 3260 810 3316 simul
852 3260 918 3313 de
960 3258 1127 3312 nihilo
1156 3266 1374 3319 natum;
1406 3256 1472 3308 de
1505 3271 1609 3325 qua
1641 3255 1898 3324 scaip'um
1945 3265 2027 3308 est
2055 3273 2068 3307 :

501 3367 522 3403 ι
560 3349 629 3406 Et
658 3350 784 3404 fecit
814 3348 953 3402 Deus
981 3346 1249 3402 hominem
1281 3345 1349 3399 ad
1390 3344 1677 3415 imaginem
1721 3352 1777 3399 et
1822 3343 2072 3399 similitu-

497 3438 678 3496 dinem
729 3453 881 3492 suam
912 3457 957 3490 ι.
1020 3436 1266 3491 Secunda
1297 3475 1313 3498 ,
1362 3449 1501 3502 quae
1553 3434 1786 3488 hominis
1820 3433 2070 3489 delictum

498 3529 791 3585 subsecuta
821 3541 886 3580 ex
917 3535 1147 3594 utroque
1177 3540 1332 3589 sexu,
1364 3525 1432 3577 ad
1497 3523 1901 3579 similitudinem
1934 3533 2075 3577 cete-

500 3635 684 3675 rorum
716 3618 1053 3681 animalium,
1086 3618 1153 3672 de
1190 3632 1295 3684 qua
1351 3616 1537 3671 eadem
1583 3614 1863 3684 Scriptura
1904 3615 2070 3671 dicit:

505 3730 525 3755 ι
562 3709 851 3767 Masculum
890 3720 945 3765 et
985 3708 1240 3763 feminam
1302 3706 1432 3762 fecit
1501 3721 1595 3762 eos
1649 3724 1712 3771 i;
1766 3722 1861 3775 per
1913 3721 2072 3775 quam

500 3811 670 3858 totum
712 3816 880 3872 genus
922 3800 1214 3855 humanum
1260 3799 1313 3855 iu
1360 3796 1627 3856 infinitum
1689 3796 2078 3866 multiplicatur

500 3901 717 3949 terrena
772 3891 1131 3946 successione.
1189 3890 1401 3954 Tertia,
1444 3903 1582 3957 quae
1638 3898 1721 3943 est
1783 3888 2077 3943 secundum

498 3981 781 4053 spiritum,
830 3981 897 4035 de
938 3993 1046 4049 qua
1092 3994 1238 4033 nunc
1272 3977 1531 4033 Dominus
1568 3976 1646 4031 ait
1680 3993 1693 4031 :
1730 3995 1748 4028 α
1798 3976 1909 4031 Nisi
1956 3977 2080 4045 quis

499 4084 661 4128 natus
684 4071 849 4127 fuerit
876 4073 1051 4126 denuo
1083 4085 1141 4136 »;
1175 4070 1228 4124 in
1257 4084 1363 4138 qua
1410 4067 1691 4123 nativitate
1737 4067 1927 4136 incipit
1977 4069 2077 4122 hu—

500 4179 659 4221 mana
710 4173 899 4218 natura
938 4162 1008 4218 ad
1063 4175 1215 4216 suam
1274 4160 1556 4231 pristinam
1610 4158 1831 4224 sedem,
1879 4158 1947 4214 de
1975 4176 2077 4228 qua

500 4256 723 4318 corruit,
772 4254 968 4309 redire.
1022 4252 1223 4319 Quarta
1259 4254 1365 4306 erit
1417 4252 1468 4305 in
1508 4250 1903 4306 resurreCtione
1960 4267 2080 4305 om-

500 4347 679 4411 nium,
710 4347 923 4415 quando
972 4356 1225 4403 nascetur
1280 4343 1439 4398 simul
1499 4352 1606 4398 tota
1643 4351 1826 4397 nostra
1868 4352 2080 4405 natura,

501 4447 674 4493 morte
701 4439 1042 4507 interempta,
1082 4438 1134 4492 in
1158 4437 1322 4492 vitam
1349 4433 1858 4496 aeternamJ’rima
1894 4433 2080 4502 itaque

502 4528 787 4593 naturalis,
816 4532 1051 4584 secunda
1077 4538 1297 4599 propter
1317 4537 1597 4598 peccatum
1617 4567 1633 4591 ,
1658 4526 1816 4582 tertia
1844 4541 1939 4596 per
1959 4540 2081 4596 gra-

505 4618 632 4671 tiam
668 4617 1067 4688 Redemptoris,
1094 4628 1286 4689 quarta
1327 4619 1621 4674 secundum
1644 4626 1894 4673 naturam
1922 4617 2082 4673 simul

502 4717 557 4761 ct
573 4708 820 4777 gratiam.
852 4708 996 4764 lnest
1037 4710 1178 4764 enim
1203 4709 1522 4763 naturaliter
1568 4708 1834 4763 humanae
1857 4716 2081 4762 naturae

504 4798 678 4853 virtus
731 4799 1176 4862 resurrectionis,
1231 4799 1494 4867 siquidem
1548 4800 1817 4854 contraria
1860 4799 2080 4854 omnino

505 4887 608 4942 sibi
635 4897 719 4942 est
765 4905 912 4944 mors
941 4898 1180 4944 aeterna.
1232 4889 1371 4956 Quid
1417 4900 1596 4945 autem
1642 4900 1833 4945 natura
1869 4892 2081 4947 confert

507 4980 913 5044 resurrectioni,
957 4988 1013 5034 et
1040 4981 1168 5049 quid
1209 4982 1405 5052 gratia,
1439 4981 1575 5034 alius
1601 4982 1900 5036 disserendi
1930 4984 2079 5037 locus

504 5083 606 5131 est.
643 5075 766 5128 Non
794 5084 954 5143 potest
978 5073 1147 5128 uidere
1175 5087 1387 5141 regnum
1412 5070 1522 5124 Dei.
1563 5071 1730 5142 Regni
1765 5071 1858 5127 Dei
1897 5072 2078 5126 multi’

504 5166 624 5233 plex
658 5164 963 5221 intellectus
992 5177 1094 5221 est.
1133 5166 1373 5236 Regnum
1425 5165 1516 5218 Dei
1565 5175 1647 5220 est
1692 5165 1919 5220 ecclesia
1953 5165 2083 5218 fide-

498 5252 654 5313 lium,
673 5250 737 5304 de
757 5268 861 5318 qua
884 5252 1143 5320 scriptum
1174 5270 1189 5304 ι
1227 5271 1245 5303 ι
1275 5249 1629 5321 Regnum-Dei
1649 5252 1792 5307 inter
1813 5268 1908 5307 vos
1931 5261 2015 5306 est
2039 5271 2079 5303 ι.

497 5339 747 5413 Regnum
804 5342 896 5397 Dei
959 5345 1290 5399 universitas
1337 5343 1640 5413 corporalis
1686 5354 1743 5400 et
1774 5344 2081 5414 Spiritualis

499 5438 807 5492 creaturae.
843 5437 1088 5506 Regnum
1128 5436 1221 5492 Dei
1257 5438 1519 5494 caelestes
1553 5435 1782 5491 virtutes
1807 5448 1862 5491 et
1903 5436 2080 5506 justo-

2167 447 2271 503 fine
2292 462 2461 518 usque
2482 448 2549 503 ad
2575 450 2733 509 finem
2761 452 2986 521 adtingit
3008 451 3221 515 fortiter
3233 462 3291 507 et
3304 455 3538 523 dispoth
3565 457 3742 511 omnia

2165 538 2403 592 suaviter
2447 558 2492 592 ι.
2545 540 2786 610 Regnum
2836 541 2929 597 Dei
2978 543 3114 600 visio
3164 544 3405 601 veritatis
3452 557 3557 601 est.
3588 547 3743 615 Quod

2165 644 2293 699 ergo
2307 632 2416 689 ait;
2436 647 2537 687 non
2548 642 2714 703 potest
2732 632 2907 688 videre
2929 650 3140 703 regnum
3168 633 3287 696 Dei,
3310 651 3416 691 non
3450 636 3746 708 incongrue

2167 718 2658 790 intelligiturznon
2706 731 2883 792 petest
2940 739 3027 778 me
3072 734 3437 793 cognoscere,
3479 726 3573 795 qui
3625 743 3744 787 sum

2168 828 2390 885 regnum
2420 813 2621 870 Patris.
2665 814 2779 871 Non
2806 816 2951 871 enim
2998 815 3337 873 solummodo
3368 833 3463 873 rex
3501 823 3742 875 omnium

2167 918 2325 970 sum,
2366 904 2460 961 sed
2486 915 2542 960 et
2576 905 2702 959 illud
2746 922 2967 976 regnum
3013 916 3067 962 et
3114 909 3316 963 omnia.
3362 908 3535 964 Recte
3584 910 3749 979 igitur

2165 994 2305 1050 visio
2334 996 2580 1051 veritatis
2611 1012 2834 1063 regnum
2866 996 2958 1050 Dei
2996 1005 3050 1051 et
3079 998 3279 1053 dicitur
3308 1007 3366 1053 et
3410 998 3744 1069 intelligitur.

2239 1087 2377 1141 Dicit
2402 1088 2472 1141 ad
2501 1104 2619 1142 eum
2668 1086 2985 1156 Nicodamus
3014 1103 3033 1140 :
3078 1088 3353 1155 Quomodo
3394 1100 3558 1159 potest
3593 1096 3748 1145 homo

2169 1178 2315 1232 nasci
2352 1195 2472 1235 cum
2518 1194 2678 1235 senex
2727 1180 2834 1232 sit?
2894 1179 3162 1251 Numquid
3204 1190 3369 1251 potest
3414 1181 3469 1235 in
3520 1191 3747 1235 remrem

2167 1268 2352 1327 matris
2368 1284 2499 1327 suae
2522 1268 2746 1324 secundo
2767 1269 2983 1323 introire
3002 1280 3051 1324 et
3073 1268 3330 1340 [re]uasoi
3373 1268 3750 1327 ‘YCamaliter

2170 1357 2452 1422 intellexit.
2474 1358 2575 1428 qui
2606 1360 2780 1414 adhuc
2805 1360 3098 1414 secundum
3143 1374 3360 1418 carnem
3408 1360 3749 1417 solummodo

2128 1484 2137 1493 -
2172 1460 2331 1506 natus
2361 1450 2483 1516 fuit,
2509 1460 2562 1507 et
2595 1452 2717 1508 ideo
2736 1453 3029 1508 carnaliter
3054 1454 3352 1523 respondit,
3368 1455 3624 1524 quoniam
3643 1469 3748 1510 non

2169 1551 2287 1597 erat
2339 1548 2498 1599 natus
2536 1559 2605 1598 ex
2647 1554 2990 1599 sacramento
3036 1547 3378 1617 baptismatis
3422 1557 3477 1603 et
3529 1550 3746 1617 spiritu.

2169 1635 2420 1689 Attamen
2458 1650 2584 1689 vero
2643 1635 2816 1699 dixit,
2876 1638 3199 1705 quia'nemo
3244 1645 3419 1708 potest
3469 1640 3553 1694 bis
3595 1641 3746 1695 nasci

2168 1724 2459 1780 secundum
2492 1738 2758 1789 carnem,
2816 1726 2958 1781 sicut
3008 1742 3167 1782 nemo
3213 1738 3395 1797 potest
3456 1728 3540 1785 bis
3595 1731 3745 1783 nasci

2169 1814 2460 1870 secundum
2515 1814 2782 1883 spiritum.
2816 1815 2888 1871 Ut
2914 1816 3058 1871 enim
3116 1819 3359 1872 nascitur
3384 1818 3551 1873 semel
3584 1820 3753 1875 homo

2168 1904 2223 1961 in
2243 1917 2414 1961 came
2437 1917 2505 1959 ex
2524 1917 2708 1968 carne,
2726 1906 2798 1959 ita
2826 1905 2995 1961 semel
3018 1908 3258 1961 nascitur
3279 1907 3440 1962 Inoino
3461 1922 3528 1962 ex
3552 1906 3749 1977 spiritu

2168 1992 2224 2051 in
2254 1992 2470 2061 spiritu.
2501 1991 2915 2051 Sacramentum
2942 2010 3181 2066 namque
3215 1997 3556 2067 baptismatis
3578 1997 3749 2053 semel

2167 2093 2446 2154 acceptum
2472 2100 2632 2147 nemo
2664 2094 2840 2157 potest
2867 2088 3085 2145 iterare.

2237 2171 2522 2242 Respondit
2551 2173 2707 2229 Iesus
2745 2191 2764 2229 :
2792 2175 2977 2239 Amen,
3004 2192 3160 2241 amen
3197 2178 3313 2231 dico
3337 2177 3451 2243 tibi,
3498 2178 3601 2233 nisi
3631 2179 3748 2247 quis

2168 2273 2323 2315 natus
2356 2262 2513 2331 fuerit
2543 2280 2608 2318 ea:
2645 2281 2781 2335 aqua
2810 2276 2856 2318 et
2882 2265 3091 2336 spiritu,
3123 2283 3227 2321 non
3267 2276 3431 2337 potest
3457 2267 3678 2323 introire
3698 2269 3754 2322 in

2169 2368 2384 2420 regnum
2430 2351 2549 2406 Dei.
2609 2353 2710 2409 Ubi
2764 2355 2924 2408 datur
2970 2356 3218 2426 intelligi,
3268 2370 3375 2412 non
3428 2357 3574 2412 aliud
3630 2372 3754 2412 esse

2168 2440 2351 2495 videre
2402 2456 2623 2511 regnum
2676 2444 2804 2505 Dei,
2847 2453 2903 2499 et
2951 2444 3096 2501 aliud
3147 2446 3372 2501 introire
3413 2445 3467 2499 in
3524 2461 3753 2517 regnum

2171 2534 2306 2596 Dei,
2361 2534 2456 2588 sed
2505 2535 2756 2604 idipsum.
2813 2537 2914 2605 Qui
2961 2538 3105 2593 enim
3152 2539 3298 2594 videt
3361 2553 3583 2609 regnum
3630 2537 3751 2598 Dei,

2172 2625 2260 2679 ille
2293 2626 2489 2691 intrat;
2541 2635 2597 2681 et
2642 2628 2733 2697 qui
2787 2629 2973 2694 intrat,
3026 2629 3115 2684 ille
3163 2630 3329 2686 videt.
3370 2628 3565 2684 Videre
3603 2630 3755 2684 enim

2150 2714 2375 2788 .intrare
2422 2724 2545 2777 est,
2607 2726 2663 2771 et
2718 2717 2922 2773 intrare
2973 2718 3197 2783 videre,
3254 2718 3355 2772 hoc
3396 2725 3481 2771 est
3551 2715 3758 2769 verita-

2135 2813 2281 2860 'tem
2336 2820 2682 2877 cognoscere.
2738 2804 2856 2859 Nisi
2913 2809 3028 2877 quis
3088 2821 3245 2862 natus
3293 2806 3446 2875 fuerit
3499 2821 3564 2860 ex
3616 2822 3758 2875 aqua

2172 2903 2220 2947 et
2255 2896 2480 2964 spiritu,
2516 2896 2617 2950 hoc
2643 2903 2745 2958 est,
2790 2912 2854 2950 ex
2891 2905 3234 2951 sacramento
3281 2896 3473 2950 visibili
3504 2903 3560 2949 et
3592 2894 3757 2948 intel-

2173 2986 2315 3041 lectu
2371 2986 2647 3041 invisibili.
2678 2987 2755 3041 Ac
2801 2989 2846 3041 si
2901 2997 3085 3057 aperte
3132 2987 3360 3042 dixisset
3411 3004 3425 3039 :
3483 2984 3592 3040 Nisi
3633 2987 3760 3056 quis

2175 3077 2475 3148 symbolum
2508 3076 2846 3147 baptismatis
2894 3079 3165 3146 acceperit
3202 3078 3505 3139 visibiliter,
3541 3085 3593 3129 et
3645 3078 3759 3145 spi-

2177 3167 2362 3232 ritum,
2387 3167 2439 3221 id
2461 3176 2563 3233 est,
2595 3168 2925 3223 intellectum
2971 3170 3139 3239 ipsius
3179 3170 3406 3241 symboli
3437 3184 3763 3245 nonperce-

2176 3257 2336 3325 perit.
2365 3271 2468 3311 non
2497 3266 2672 3326 potest
2703 3259 2925 3313 introire
2962 3261 3013 3313 in
3056 3276 3278 3331 regnum
3322 3260 3439 3314 Dei.
3469 3258 3658 3314 Potest
3705 3270 3764 3312 et

2139 3418 2147 3425 .
2178 3347 2256 3399 sic
2282 3346 2508 3417 intelligi
2528 3362 2621 3402 :ex
2651 3362 2809 3418 aqua,
2836 3349 2937 3404 hoc
2954 3359 3055 3411 est,
3082 3366 3147 3405 ex
3171 3350 3366 3409 visibili
3394 3362 3761 3411 sacramento,

2178 3445 2233 3490 et
2255 3434 2461 3506 Spiritu
2487 3447 2695 3491 sancto.
2726 3437 3036 3505 Quaeritur,
3067 3455 3171 3509 qua
3201 3440 3268 3495 de
3306 3455 3465 3497 causa
3496 3436 3764 3495 Dominus

2177 3529 2386 3583 visibile
2420 3537 2817 3584 sacramentum
2866 3529 3207 3597 baptismatis
3234 3530 3453 3598 iuaqua
3481 3528 3597 3583 ﬁeri
3628 3545 3763 3584 con-

2185 3621 2390 3686 stituit,
2421 3635 2544 3674 cum
2576 3619 2822 3674 videatur
2860 3620 2974 3675 sola
3019 3620 3263 3677 doctrina
3312 3619 3610 3688 spiritualis
3663 3634 3764 3689 per

2190 3711 2349 3764 fidem
2380 3708 2624 3765 sufficere
2666 3710 2734 3765 ad
2760 3710 3097 3771 nativitatem
3142 3710 3374 3765 hominis
3422 3726 3489 3766 ex
3535 3710 3762 3780 spiritu.

2186 3800 2290 3855 Sed
2323 3799 2500 3854 ethoc
2546 3800 2834 3855 dicendum
2872 3818 2886 3853 :
2922 3800 3178 3870 quoniam
3222 3800 3382 3854 homo
3429 3812 3498 3854 ex
3554 3799 3765 3854 visibili

2181 3905 2408 3960 corpore
2431 3898 2487 3944 et
2508 3889 2758 3944 invisibili
2783 3890 2963 3947 anima
2982 3889 3355 3964 constituitur,
3380 3889 3762 3943 necessarium

2181 3991 2302 4037 erat
2323 3990 2724 4035 sacramentum
2752 3981 2963 4037 visibile
2989 3983 3055 4035 ad
3080 3980 3506 4051 purificationem
3529 3980 3766 4035 visibilis

2183 4071 2601 4141 corporis,sicut
2628 4069 2932 4126 necessaria
2956 4080 3043 4125 est
3059 4070 3340 4125 invisibilis
3360 4069 3482 4125 ﬁdei
3511 4071 3767 4126 doctrina

2185 4162 2251 4215 ad
2303 4160 2787 4216 sanctificationem
2863 4161 3146 4217 invisibilis
3205 4159 3436 4215 animae.
3490 4157 3767 4226 Quamvis

2184 4252 2327 4306 enim
2376 4261 2771 4316 sacramentum
2802 4252 3013 4308 visibile
3052 4252 3393 4323 baptismatis
3423 4251 3554 4305 nihil
3583 4251 3769 4306 adhuc

2189 4342 2240 4395 in
2293 4342 2395 4397 hac
2450 4342 2555 4395 vita
2601 4342 2813 4411 corpori
2860 4342 3102 4397 videatur
3151 4339 3433 4405 conferre,
3471 4342 3528 4395 in
3575 4355 3771 4395 resur-

2191 4431 2425 4484 rectiooe
2452 4442 2628 4485 tamen
2659 4431 2838 4485 futura
2870 4433 2936 4486 de
2969 4432 3180 4487 mortali
3213 4430 3407 4487 efliciet
3434 4431 3767 4495 immortale,

2188 4522 2252 4575 de
2295 4522 2627 4589 corruptibili
2677 4522 3113 4591 incorrruptibile
3135 4563 3149 4586 ,
3198 4532 3254 4577 et
3288 4530 3490 4587 cetera,
3521 4537 3665 4591 quae
3697 4524 3772 4576 ad

2186 4613 2409 4684 gloriam
2452 4613 2668 4668 futurae
2708 4615 3117 4670 resurrectionis
3144 4615 3508 4686 pertinebunt.
3539 4611 3773 4668 Verum-

2190 4719 2362 4760 tamen
2380 4707 2542 4760 etiam
2567 4707 2619 4760 in
2637 4708 2907 4775 praesenti
2932 4708 3038 4761 vita
3062 4707 3369 4763 sanctificat
3392 4703 3629 4761 fidelium
3646 4719 3771 4759 cor-

2189 4816 2315 4869 pora
2335 4799 2504 4852 virtus
2519 4800 2864 4863 sacramenti,
2880 4816 3001 4855 cum
3024 4800 3282 4870 templum
3315 4799 3410 4853 Dei
3436 4795 3708 4852 elliciautu
3719 4813 3768 4860 r,

2188 4891 2398 4943 dicente
2428 4876 2687 4959 Apoﬁolo
2729 4910 2741 4943 :
2781 4911 2797 4939 ι
2840 4892 3087 4955 Nescitis,
3128 4893 3252 4961 quia
3307 4906 3532 4961 corpora
3580 4898 3770 4943 vestra

2189 4978 2442 5049 templum
2479 4981 2647 5035 sancti
2696 4980 2928 5050 Spiritus
2975 4989 3100 5036 sunt
3142 4982 3200 5035 i?
3246 4979 3352 5035 Sed
3381 4981 3425 5035 si
3455 4980 3576 5049 quis
3602 4980 3773 5048 piene

2189 5072 2442 5123 virtutem
2477 5071 2820 5141 baptismatis
2851 5088 3077 5127 noscere
3107 5073 3396 5137 desiderat,
3442 5071 3584 5139 legat
3628 5085 3770 5124 san—

2188 5171 2330 5217 ctum
2365 5164 2674 5235 Dionysium
2700 5164 3076 5235 Arcopagitam
3098 5166 3176 5246 “in
3210 5165 3347 5221 libro
3388 5163 3454 5219 de
3494 5163 3773 5217 Ecclesra-

2192 5255 2329 5306 stiva
2365 5256 2653 5308 ierarchin.

2214 5334 2219 5343 ’
2264 5344 2525 5414 Sequitur
2557 5368 2571 5402 ;
2604 5346 2756 5412 Quod
2798 5357 2979 5402 natum
3007 5356 3078 5401 est
3116 5360 3179 5400 ex
3210 5360 3386 5409 carne,
3422 5359 3549 5398 caro
3583 5352 3693 5411 est,
3726 5358 3785 5401 et

2187 5436 2326 5504 quod
2354 5446 2540 5491 natum
2557 5446 2632 5493 est
2656 5453 2719 5493 ex
2736 5438 2952 5509 spiritu,
2977 5438 3312 5508 spiritusest.
3339 5435 3481 5492 Duas
3507 5434 3783 5492 nativita-

1779 5525 1987 5590 VARIA
2000 5534 2039 5588 ιε
2069 5532 2471 5590 LEC'l'lONES.

578 5627 595 5657 ⁸
630 5629 807 5694 Corn,
843 5645 959 5683 cur.
998 5631 1146 5684 uasri
