3952 6156
226 240 310 298 317

224 460 379 506 natum
427 459 513 504 est
551 464 614 503 ex
647 463 834 513 carne,
865 447 968 502 hoc
996 455 1101 515 est,
1137 461 1203 499 ex
1235 446 1410 514 primo
1434 443 1650 498 homine
1676 458 1772 512 per

225 541 376 597 mntis
403 539 827 602 successionem,
854 552 982 592 caro
1012 545 1115 600 est,
1156 536 1259 590 hoc
1279 543 1362 589 est
1384 576 1398 596 ,
1421 532 1639 588 carnale
1664 541 1767 587 est.

224 630 518 692 Notandum,
575 627 719 697 quod
750 626 806 682 in
851 627 955 681 hoc
1009 624 1128 680 loco
1176 624 1394 679 nomine.
1436 622 1617 677 carnis
1666 636 1770 675 non

225 734 413 777 carnem
440 718 804 782 solummodo,
853 716 948 774 sed
982 725 1151 772 totum
1192 715 1465 771 carnalem
1498 713 1770 768 hominem

223 812 596 884 signiﬁcaverit.
636 809 917 879 Siquidem
972 823 1133 878 saepe
1171 808 1351 862 anima
1390 804 1625 860 carnalis
1651 819 1771 858 ear-

226 906 292 959 nis
328 903 547 957 nomine
600 901 915 963 vocitatur,
959 900 1105 954 unde
1158 896 1452 968 Apostolus
1505 914 1518 949 :
1578 914 1595 946 t
1634 894 1771 949 Caro

224 993 530 1064 concupiscit
558 993 820 1046 adversus
844 990 1090 1060 spiritmn
1118 1029 1133 1053 ,
1178 998 1235 1041 et
1260 988 1487 1057 Spiritus
1514 987 1773 1039 adversus

224 1096 412 1138 carnem
460 1099 510 1134 ι.
569 1080 863 1135 Sciendum
925 1094 1164 1149 quoque,
1194 1078 1380 1147 quod,
1438 1077 1580 1130 sicut
1630 1084 1773 1129 totus

225 1175 354 1228 homo
374 1171 610 1227 carnalis
640 1171 819 1223 anima
849 1178 903 1223 et
926 1183 1152 1237 corpore
1196 1182 1323 1221 caro
1371 1167 1589 1227 dicitur,
1615 1166 1689 1219 ita
1719 1174 1774 1219 et

225 1271 339 1315 totus
366 1261 532 1315 homo
567 1257 865 1327 spiritualis
917 1258 1096 1310 anima
1148 1265 1201 1310 et
1251 1270 1479 1326 corpore
1529 1256 1766 1324 spiritus.

225 1351 449 1421 quoniam
480 1360 765 1404 nascentes
792 1348 1036 1402 homines
1065 1348 1118 1401 in
1144 1346 1363 1401 Christo
1389 1362 1486 1416 per
1512 1346 1769 1416 Spiritum

222 1450 438 1495 sanctum
478 1455 651 1494 unum
684 1454 806 1493 cum
856 1439 972 1507 ipso
1011 1434 1213 1505 Spiritu
1241 1430 1547 1491 elliciuntnr
1578 1450 1771 1490 secun—

222 1533 321 1586 dum
360 1548 557 1601 corpus
604 1541 661 1585 et
703 1531 960 1585 animam.
999 1529 1096 1585 Ubi
1146 1531 1304 1585 datur
1352 1528 1598 1599 intelligi,
1628 1527 1770 1597 quod

220 1631 589 1676 sacramentum
661 1621 1002 1690 baptismatis
1064 1620 1418 1675 mutationem
1478 1618 1658 1674 carnis
1715 1618 1767 1671 in

222 1713 441 1781 spiritum
476 1711 711 1765 futuram
739 1726 857 1765 esse
883 1709 1235 1780 praeﬁgurat.

278 1805 383 1859 Non
428 1804 674 1865 mireris,
709 1803 831 1872 quia
887 1801 998 1855 dixi
1046 1800 1138 1853 tibi
1186 1813 1205 1851 :
1240 1798 1453 1868 Oportet
1497 1814 1583 1852 vos
1628 1796 1771 1851 nasci

221 1895 377 1949 denuo.
414 1894 497 1949 Ac
524 1894 569 1949 si
600 1893 829 1947 dixisset
857 1909 871 1945 :
902 1907 1008 1944 non
1047 1891 1117 1944 sit
1160 1890 1253 1944 tibi
1284 1890 1477 1943 mirum
1507 1896 1563 1942 et
1591 1888 1769 1943 incre—
1816 1920 1817 1923 η

217 1986 374 2047 dibile.
397 1985 677 2040 hominem
715 1983 863 2037 nasci
897 1983 1093 2037 iterum
1127 1997 1194 2035 ex
1235 1981 1449 2050 spiritu.

276 2075 490 2147 Spiritus
529 2075 618 2130 ubi
657 2074 761 2130 vult
799 2075 983 2145 spirat.
1019 2072 1120 2128 Ubi
1145 2072 1379 2143 Spiritus
1412 2079 1633 2126 sanctus
1658 2070 1771 2123 vir-

219 2175 361 2223 tutem
381 2163 835 2223 sanctificationis
861 2175 992 2219 Suae
1020 2162 1134 2216 vult
1164 2160 1445 2232 perlicere,
1477 2160 1549 2215 ibi
1576 2160 1770 2229 spirat,

222 2258 279 2311 ibi
329 2256 813 2312 sanctificationem
863 2253 1093 2325 perlicit.
1149 2253 1226 2307 Ex
1276 2252 1378 2307 hoc
1435 2251 1769 2321 intelligitur,

217 2345 336 2415 quod
366 2346 521 2411 fides,
554 2360 665 2414 qua
708 2344 979 2399 credimus
1036 2344 1088 2397 in
1143 2342 1443 2405 Christum,
1494 2349 1548 2395 et
1587 2356 1770 2395 sacra-

218 2445 455 2502 mentum,
478 2450 587 2505 quo
617 2435 974 2498 renascimur,
1002 2434 1141 2488 dona
1172 2433 1341 2487 sancti
1364 2431 1603 2500 Spiritus
1643 2431 1769 2493 sint,

217 2528 292 2596 qui
334 2527 416 2582 ubi
458 2527 579 2582 vult
628 2526 839 2595 spirat,
890 2528 990 2580 hoc
1024 2536 1129 2587 ρει,
1168 2533 1424 2594 Operatur
1471 2522 1522 2576 in
1578 2523 1679 2585 bis,
1719 2523 1771 2576 in

217 2615 386 2682 quibus
409 2616 529 2670 vult
561 2616 801 2684 operari,
828 2614 1075 2670 dividens
1104 2614 1328 2684 singulis
1346 2614 1584 2683 propria,
1614 2621 1775 2680 prout

216 2705 328 2761 vult.
356 2704 420 2760 Et
446 2722 628 2760 vocem
659 2706 776 2775 ejus
821 2706 996 2759 audis.
1048 2705 1123 2760 De
1151 2719 1282 2759 voce
1314 2703 1488 2758 sancti
1536 2702 1771 2771 Spiritus

214 2807 286 2851 sat
308 2807 386 2853 est
431 2797 600 2852 verba
635 2796 812 2853 sancti
864 2797 1145 2867 Augustini
1175 2812 1398 2865 ponere.
1452 2796 1541 2849 Ait
1584 2796 1769 2848 enim:

218 2906 233 2935 ι
258 2886 411 2942 Nemo
450 2888 602 2943 videt
645 2888 929 2956 spiritum;
981 2886 1251 2956 quomodo
1300 2887 1547 2939 audimus
1586 2900 1771 2939 vocem

210 2981 446 3047 spiritus?
496 2978 670 3035 Sonat
726 2979 1005 3048 psalmus,
1048 2994 1150 3033 vox
1179 2986 1263 3031 est
1308 2978 1551 3047 spiritus.
1604 2978 1775 3030 Sonat

1236 235 1590 294 COMMENT.
1633 234 1699 291 IN
1739 235 1987 291 EVANC.
2057 236 2200 292 SEC.
2242 236 2429 292 JOAN.

228 351 507 421 tesrepetit,
539 364 606 405 ex
657 364 822 404 carne
852 347 1102 405 videlicet
1146 358 1201 403 ct
1236 363 1302 403 ex
1354 349 1567 418 spiritu.
1614 349 1766 415 Quod
1799 356 1841 409 Λ
1872 364 2063 417 sensus
2112 365 2124 399 :

3338 239 3441 295 Sit}

2176 348 2398 416 spiritus
2443 348 2530 403 Ul‘i
2578 348 2691 402 vult
2734 348 2942 418 Spirat,
2996 357 3049 401 et
3098 363 3279 403 vocem
3328 350 3444 420 ejus

1877 437 2063 503 audis,
2092 438 2185 492 sed
2217 439 2391 510 nescis
2421 439 2561 493 unde
2591 439 2737 494 venit
2763 447 2818 492 et
2844 452 2951 507 quo
2990 436 3156 501 vadit,
3189 439 3439 507 quoniam

1875 528 2049 582 adhuc
2075 542 2179 581 non
2212 543 2270 583 es
2300 536 2454 582 natus
2487 543 2552 581 ex
2602 529 2825 597 spiritu;
2879 528 2959 582 sic
2993 537 3077 582 est
3126 529 3336 582 Ol'lllllS?
3366 529 3443 583 Ac

1876 619 1920 673 si
1966 619 2191 672 dixisset
2243 635 2256 671 :
2306 626 2530 687 putasne
2581 619 2660 673 sic
2703 632 2821 674 esse
2864 632 3076 673 onmem
3132 628 3440 673 nascentem

1875 725 1939 763 ex
1974 709 2187 779 spiritu,
2214 718 2273 762 ut
2316 710 2499 763 audiat
2520 724 2707 766 vocem
2737 691 2977 780 spiritus,
3006 712 3217 781 ignoret
3239 721 3443 776 autem,

1875 797 2016 852 unde
2062 797 2208 850 venit
2230 805 2283 850 et
2330 812 2437 866 quo
2465 798 2643 851 vadit?
2671 796 2786 853 Noli
2820 801 2920 854 hoc
2944 800 3277 855 existimare.
3308 800 3440 854 Nam

1875 889 1919 941 si
1950 888 2191 944 nascaris
2213 902 2276 940 ex
2305 887 2514 957 spiritu,
2544 902 2647 941 non
2679 887 2849 942 solum
2875 904 3060 945 vocem
3093 890 3206 960 ejus
3236 891 3444 957 audies,

1876 993 2062 1031 verum
2097 978 2259 1031 etiam
2308 992 2625 1047 cognosces,
2659 979 2801 1031 unde
2852 979 2997 1032 venit
3046 989 3100 1032 et
3141 995 3248 1048 quo
3276 980 3443 1034 vadit.

1875 1067 2036 1122 Venit
2077 1081 2106 1119 a
2138 1065 2298 1120 Patre
2344 1082 2441 1136 per
2500 1067 2730 1130 Filium,
2776 1066 2916 1120 sicut
2961 1066 3085 1121 alibi
3139 1069 3441 1137 scriptum:

1882 1175 1899 1206 ι
1943 1156 2111 1222 Quem
2148 1156 2324 1209 mittet
2363 1154 2522 1208 Pater
2558 1156 2608 1208 in
2641 1156 2855 1209 nomine
2886 1170 3027 1215 meo,
3049 1165 3114 1209 ut
3152 1171 3217 1209 ex
3243 1171 3299 1211 se
3326 1172 3445 1213 cre-r

1876 1245 2063 1299 dentes
2102 1244 2151 1297 in
2193 1243 2469 1297 Christum
2514 1253 2806 1297 nascantur
2852 1262 2895 1296 ι.
2930 1245 3084 1311 ltedit
3123 1247 3188 1299 ad
3229 1244 3445 1299 Patrem

1876 1348 1970 1402 per
2014 1334 2242 1387 eundem
2291 1332 2507 1399 Filium,
2564 1342 2848 1387 nascentes
2884 1348 2947 1387 ex
3000 1332 3158 1388 se'in
3208 1334 3443 1388 divinam

1878 1422 2155 1478 ﬁlictatem
2192 1426 2473 1479 reducens.

1946 1514 2223 1585 Respondit
2268 1515 2587 1570 Nicodemus
2633 1528 2679 1571 et
2723 1518 2856 1571 dixit
2890 1519 2938 1573 ei
2963 1535 2982 1573 :
3014 1516 3287 1585 Quomodo
3328 1535 3448 1589 pos-

1875 1620 1995 1663 sunt
2022 1612 2150 1665 haec
2197 1611 2352 1680 ﬁeri?
2400 1612 2592 1667 Adhuc
2627 1598 2877 1679 haesitat,
2902 1616 2992 1683 qui
3043 1614 3276 1668 litteram
3318 1613 3451 1683 legis

1800 1716 1845 1775 Β
1874 1701 2097 1772 legerat,
2138 1703 2385 1771 spiritum
2434 1712 2611 1756 autem
2660 1703 2826 1771 ipsius
2876 1704 3094 1758 omnino
3146 1704 3446 1773 ignorabat.

1876 1791 2026 1859 Quod
2048 1792 2423 1862 aitApostolus
2454 1810 2465 1845 :
2498 1811 2516 1843 ε
2557 1792 2759 1847 Littera
2775 1793 2993 1855 occidit,
3025 1792 3245 1861 spiritus
3269 1800 3448 1846 autem

1874 1880 2111 1936 viviﬁcat
2146 1901 2192 1936 ι.
2224 1881 2334 1936 Lex
2356 1883 2497 1936 enim
2529 1882 2665 1937 lecta
2691 1889 2746 1936 et
2771 1898 2873 1936 non
2921 1868 3187 1958 intellecta
3228 1884 3450 1949 occidit,

1876 1974 2011 2028 lecta
2035 1990 2164 2030 vero
2192 1985 2247 2031 et
2285 1975 2552 2031 intellecta
2576 1977 2830 2031 vivificat.
2855 1976 3086 2031 Proinde
3125 1978 3452 2047 impossibile

1875 2063 2169 2119 Nicodemo
2198 2065 2369 2120 visum
2401 2073 2538 2132 erat,
2585 2067 2726 2136 quod
2752 2068 2816 2121 de
2858 2066 3135 2122 nativitate
3163 2082 3226 2122 ex
3257 2069 3447 2135 spiritu

1874 2152 2134 2210 Dominus
2189 2156 2552 2225 praedicabat.
2617 2157 2875 2227 Ignorans
2936 2158 3183 2227 spirilum
3240 2158 3450 2214 divinae

1875 2245 2152 2300 doctrinae
2178 2244 2438 2299 refellitur
2460 2245 2673 2316 judaica
2706 2246 2975 2316 superbia,
3003 2261 3142 2316 quae
3185 2257 3345 2318 negat
3371 2248 3450 2300 al-

1878 2336 2012 2390 tiora
2040 2328 2157 2391 essé
2186 2336 2318 2405 legis
2344 2336 2543 2401 littera,
2573 2338 2625 2391 in
2647 2354 2751 2407 qua
2782 2339 3021 2393 redolent
3046 2340 3225 2393 divina
3251 2349 3448 2410 myste-

1877 2424 1976 2477 ria.
2003 2425 2079 2478 Ac
2102 2440 2199 2494 per
2224 2426 2326 2480 hoc
2351 2427 2764 2498 reprehenditur
2790 2425 3116 2483 Nicodemus
3138 2445 3168 2482 a
3198 2429 3446 2484 Domino.

1873 2515 1963 2567 Ait
1989 2515 2315 2584 evangelista
2341 2533 2354 2568 :
2399 2589 2403 2593 ‘

1950 2605 2230 2674 Respondit
2260 2604 2415 2660 Iesus
2441 2614 2488 2659 et
2519 2607 2650 2661 dixit
2673 2608 2721 2661 ei
2744 2625 2762 2662 :
2797 2606 2874 2661 Tu
2902 2625 2957 2662 es
2994 2611 3243 2680 mag'ster
3282 2609 3453 2665 Israel

1875 2703 1922 2747 et
1946 2694 2070 2748 haec
2101 2697 2349 2765 ignaras?
2380 2697 2474 2752 Ubi
2500 2686 2812 2763 notandtim,
2842 2699 2983 2769 quod
3006 2715 3112 2754 non
3145 2701 3450 2756 insultando

1876 2784 2134 2841 Dominus
2160 2789 2285 2842 dixit
2306 2802 2322 2838 :
2347 2800 2401 2841 tu
2439 2806 2491 2843 es
2522 2793 2771 2861 magister
2803 2791 2994 2858 Israel,
3024 2793 3115 2847 sed
3145 2795 3450 2865 superbiam

1874 2878 2248 2944 opprimendo,
2278 2894 2414 2947 quae
2441 2880 2574 2934 nihil
2618 2891 2835 2950 praeter
2870 2882 3104 2938 litteram
3150 2897 3370 2939 noverat
3399 2898 3454 2939 et

1876 2967 2148 3021 carnalem
2183 2970 2540 3024 nativitatem.

212 3070 565 3142 Evangelium,
619 3086 724 3126 vox
755 3080 848 3142 est
898 3071 1136 3140 spiritus.
1195 3070 1366 3124 Sonat
1409 3083 1587 3123 sermo
1634 3068 1770 3122 divi-

1947 3056 2132 3122 Amen,
2155 3074 2306 3112 amen
2346 3060 2462 3112 dico
2493 3059 2606 3119 tibi,
2631 3063 2753 3130 quia
2780 3063 2917 3131 quod
2957 3065 3148 3116 scimus
3172 3063 3453 3134 loquimur,

211 3140 472 3224 nus,_vox
523 3170 610 3215 est
660 3140 905 3230 spiiitus.
966 3158 1150 3212 Vocem
1204 3158 1318 3227 ejus
1374 3157 1560 3221 audis,
1598 3166 1643 3210 et
1687 3167 1775 3210 ne-

212 3254 317 3317 scis,
342 3256 479 3308 unde
516 3254 686 3309 ueniat
712 3262 758 3306 et
786 3268 886 3322 quo
934 3252 1107 3305 vadat.
1149 3250 1205 3305 Si
1240 3251 1479 3305 nasceris
1520 3260 1573 3304 et
1614 3258 1668 3303 tu
1710 3249 1775 3301 de

210 3341 404 3409 spiritu,
434 3343 544 3396 hoc
573 3341 684 3395 eris
722 3348 794 3393 ut
820 3339 929 3394 ille.
982 3338 1083 3406 Qui
1140 3354 1242 3393 non
1275 3347 1357 3393 est
1412 3346 1570 3391 natus
1600 3338 1773 3391 adhuc

212 3432 268 3481 de
286 3431 495 3498 spiritu,
525 3431 710 3503 nescit
748 3429 813 3483 de
844 3436 914 3490 te,
946 3427 1087 3482 unde
1110 3428 1298 3482 venias
1344 3436 1398 3482 et
1428 3442 1536 3496 quo
1568 3427 1772 3491 vadas;

212 3519 299 3573 hoc
324 3521 466 3575 enim
512 3522 591 3575 ait
640 3528 900 3575 secutus:
931 3517 1018 3574 Sic
1063 3528 1137 3572 est
1187 3528 1235 3571 et
1277 3518 1446 3571 omm's
1487 3518 1577 3588 qui
1621 3528 1776 3569 natus

213 3618 276 3660 est
321 3627 384 3664 η
429 3613 624 3681 spiritu
670 3629 717 3664 ι.
762 3609 1041 3664 ﬂactenus
1095 3609 1259 3663 verba
1319 3608 1627 3679 Augustini.
1659 3606 1776 3661 Vox

216 3697 360 3767 igitur
383 3701 613 3771 spiritus
639 3709 725 3755 est
749 3716 854 3754 vox
874 3694 1081 3754 Christi
1108 3740 1122 3763 ,
1170 3714 1330 3768 quam
1363 3698 1569 3751 audivit
1614 3696 1778 3752 Nico-

214 3789 404 3846 demus.
434 3792 547 3848 Sed
594 3791 853 3863 quoniam
899 3790 991 3846 ille
1023 3792 1198 3846 adhuc
1248 3806 1354 3845 non
1404 3798 1488 3845 est
1525 3800 1683 3846 natus
1709 3806 1776 3845 ex

209 3875 406 3941 spiritu,
434 3894 621 3949 neque
648 3891 1003 3947 cognoverat,
1037 3880 1182 3933 unde
1208 3881 1392 3934 veniat
1430 3884 1681 3951 spiritus.
1714 3889 1770 3933 et

209 3974 307 4028 quo
332 3966 517 4031 vadat,
540 3969 799 4037 quamvis
820 3982 1007 4020 vocem
1034 3969 1153 4036 ejus
1176 3968 1436 4033 audierit,
1464 3969 1665 4025 dicitur
1686 3967 1733 4021 ei
1766 3983 1781 4022 :

210 4050 526 4122 Sed-nescis,
565 4059 709 4112 unde
756 4061 932 4113 veniat
981 4069 1029 4113 et
1065 4077 1167 4128 quo
1199 4061 1381 4126 radat,
1418 4062 1544 4130 quia
1601 4059 1783 4113 adhuc

206 4160 304 4200 non
327 4164 389 4204 es
436 4160 613 4206 natus
646 4166 711 4206 ex
745 4151 963 4220 spiri1u.
1004 4152 1263 4221 Ideoque,
1306 4154 1559 4224 quamvis
1596 4169 1784 4207 vocem

208 4253 371 4295 meam
408 4248 645 4309 audias,
681 4245 809 4297 dum
843 4245 910 4299 de
943 4245 1138 4312 spiritu
1174 4261 1293 4301 meo
1327 4245 1544 4314 loquor,
1578 4246 1780 4309 nescis,

1875 3157 1922 3200 et
1944 3149 2083 3217 quod
2110 3148 2332 3202 vidimus
2354 3159 2627 3215 testantur,
2644 3162 2692 3203 et
2718 3153 3067 3206 testimonium
3088 3165 3323 3207 nostrum
3349 3171 3452 3207 non

1876 3240 2132 3308 accipitis.
2163 3241 2241 3295 Ac
2292 3240 2338 3295 si
2384 3252 2566 3311 aperte
2612 3243 2861 3298 diceret:
2910 3243 3166 3310 Putasne,
3221 3249 3454 3317 superbe

1875 3328 2095 3396 Judace,
2125 3339 2178 3384 et
2201 3332 2451 3387 virtutem
2478 3333 2781 3391 divinorum
2808 3335 3144 3404 eloquiorum
3177 3337 3453 3410 ignorans.

1878 3436 1976 3475 nos
2001 3423 2203 3487 dicere,
2231 3424 2372 3493 quod
2404 3425 2730 3495 ignoramus,
2763 3436 2856 3482 aut
2898 3429 3040 3497 quod
3079 3444 3185 3484 non
3226 3430 3456 3483 vidimus

1880 3510 2107 3564 testari?
2136 3509 2253 3564 Non
2285 3512 2356 3565 ita
2387 3521 2500 3577 est;
2535 3515 2674 3582 quod
2699 3515 2899 3569 scimus
2926 3516 3213 3586 loquimur.
3234 3516 3457 3587 Sapien-

1880 3600 1951 3653 tia
1981 3602 2287 3670 novitquae
2314 3603 2568 3671 loquitur,
2612 3615 2667 3659 et
2692 3607 2825 3661 vidit
2871 3623 3009 3678 quae
3037 3618 3293 3677 testatur;
3344 3612 3456 3682 ipse

1878 3700 1961 3746 est
1991 3692 2132 3745 enim
2164 3690 2449 3764 sapientia,
2483 3712 2620 3765 quae
2666 3715 2763 3754 nec
2794 3698 2925 3754 fallit
2952 3716 3051 3756 nec
3079 3701 3298 3757 fallitur.
3337 3703 3457 3774 Ipse

1876 3791 1961 3836 est
1981 3783 2140 3850 visio,
2171 3798 2309 3853 quae
2334 3787 2539 3851 omnia,
2585 3788 2737 3858 prius
2774 3803 2937 3858 quam
2965 3790 3172 3858 fierent,
3205 3793 3354 3847 vidit.
3389 3794 3457 3849 Et

1880 3880 1995 3951 ipsa
2021 3881 2159 3938 visio
2186 3884 2493 3942 substantia
2511 3896 2593 3943 est
2613 3903 2805 3942 eorum
2828 3902 2968 3956 quae
2989 3888 3103 3940 visa
3128 3898 3281 3950 sunt,
3302 3886 3469 3952 cujus

1895 3978 2272 4034 testimonium
2308 3995 2497 4034 verum
2532 3991 2638 4047 est,
2674 3980 2932 4051 quoniam
2962 3981 3077 4049 ipse
3117 3990 3200 4036 est
3236 3979 3462 4033 veritas.

1893 4066 2064 4120 Omne
2096 4075 2304 4132 autem,
2332 4072 2476 4136 quod
2499 4086 2565 4123 ex
2587 4072 2817 4123 veritate
2846 4066 3119 4140 procedit,
3140 4083 3330 4124 verum
3348 4082 3469 4121 esse

1890 4168 2119 4208 necesse
2142 4164 2245 4209 est.
2266 4153 2487 4209 Necnon
2517 4166 2573 4211 et
2605 4140 3010 4226 ipeDominus
3039 4157 3240 4212 locutio
3257 4164 3341 4211 est
3364 4155 3436 4211 Pa
3454 4184 3469 4193 -

1893 4241 2014 4303 tris,
2048 4249 2103 4294 et
2133 4257 2313 4296 sermo
2349 4242 2546 4309 Patris,
2579 4254 2633 4297 et
2667 4245 2893 4299 verbum
2932 4244 3073 4314 ejus.
3114 4246 3185 4299 De
3226 4244 3319 4298 illo
3348 4258 3469 4297 ser-

204 4331 337 4385 unde
364 4333 520 4388 venit
546 4334 913 4403 spiritusille,
938 4334 989 4390 id
1013 4345 1119 4400 est,
1138 4351 1244 4406 qua
1269 4336 1561 4390 occasione
1590 4337 1785 4391 vultex
1820 4371 1865 4426 υ
1896 4346 2055 4386 mone
2084 4332 2358 4402 Propheta
2392 4336 2487 4394 ait.
2526 4354 2543 4385 ι
2582 4334 2849 4389 velociter
2873 4335 3047 4390 currit
3068 4350 3250 4390 sermo
3274 4334 3394 4402 ejus
3421 4354 3475 4398 ι,

206 4434 258 4475 se
283 4424 429 4479 nasci
461 4425 752 4480 hominem
786 4427 839 4480 in
876 4427 1097 4496 spiritu,
1129 4437 1220 4481 aut
1254 4427 1320 4481 ad
1351 4427 1569 4496 qualem
1601 4426 1783 4497 perfe-

208 4514 432 4571 ctionem
493 4518 658 4575 ducit
696 4518 870 4587 ipsam
914 4526 1233 4574 nascentem
1274 4533 1338 4572 ex
1376 4535 1435 4573 se
1478 4519 1782 4572 hominem.

206 4600 327 4657 Nam
359 4608 454 4674 qui
516 4625 588 4662 ex
654 4623 722 4662 eo
754 4608 1024 4671 nascitur,
1076 4624 1220 4664 unus
1266 4624 1391 4665 cum
1429 4624 1497 4663 eo
1528 4608 1783 4665 edicitur.

206 4690 683 4758 Quemadmodum
719 4697 812 4753 ille
852 4698 1094 4768 Spiritus
1126 4710 1351 4755 sanctus
1379 4709 1467 4755 est
1497 4716 1597 4770 per
1625 4710 1788 4754 natu-

207 4799 331 4852 ram,
366 4789 444 4844 ita
470 4803 532 4846 et
568 4801 888 4845 nascentem
922 4807 989 4845 ex
1022 4806 1080 4845 se
1106 4793 1358 4862 spiritum
1392 4804 1641 4847 sanctum
1676 4790 1790 4845 clli-

206 4878 274 4933 cit
302 4895 396 4950 per
420 4885 688 4955 gratiam.
721 4882 807 4937 Sic
840 4892 913 4937 est
955 4885 1125 4936 omnis
1157 4884 1245 4953 qui
1282 4895 1441 4938 natus
1478 4896 1549 4938 est
1584 4900 1648 4938 ea:
1676 4886 1789 4955 spi-

205 4973 325 5026 rits.
354 4974 481 5029 Non
520 4982 590 5030 ut
619 4986 698 5039 tu,
728 4990 762 5030 ο
789 4975 1113 5039 Nicodeme,
1143 4979 1234 5046 qui
1264 4978 1504 5031 nondum
1540 4987 1700 5033 natus
1732 4993 1792 5032 es

204 5079 263 5120 ex
287 5069 516 5138 spiritu,
546 5070 763 5134 nescis,
784 5068 931 5124 unde
954 5069 1377 5139 veniatspiritus
1400 5081 1454 5123 et
1475 5086 1585 5140 quo
1604 5071 1788 5132 vadat,

206 5159 452 5225 quamvis
480 5173 681 5214 vocem
710 5159 828 5229 ejus
850 5159 1065 5225 audias,
1095 5159 1295 5225 omnis,
1330 5163 1423 5230 qui
1452 5178 1563 5215 nasi
1586 5161 1695 5216 itur
1724 5177 1791 5216 ex

204 5250 418 5319 spiritu,
450 5263 515 5307 et
546 5267 743 5307 vocem
784 5254 900 5322 ejus
942 5252 1117 5316 audit,
1158 5252 1262 5306 hoc
1304 5262 1390 5306 est
1424 5253 1702 5323 intelligit,
1734 5266 1790 5307 et

205 5356 305 5409 qua
334 5347 399 5399 de
436 5360 623 5400 causa
675 5345 848 5415 spirat
887 5346 940 5399 in
989 5345 1100 5408 his,
1130 5344 1183 5398 in
1217 5345 1417 5414 quibus
1471 5348 1605 5404 vult.
1637 5359 1690 5399 et
1728 5347 1790 5398 ad

204 5439 415 5503 qualem
459 5438 642 5494 tinem
673 5452 771 5492 eos
823 5438 1098 5507 perducit.
1144 5436 1275 5492 Mihi
1332 5450 1514 5494 tamen
1576 5441 1797 5494 videtur

209 5525 412 5584 facilius
445 5530 724 5598 intelligi,
778 5530 823 5583 si
880 5531 1269 5597 interrogative
1310 5531 1617 5598 proferatur
1648 5532 1794 5602 quod

211 5618 472 5685 meinus
499 5622 612 5687 ait,
647 5622 718 5673 sic
772 5618 846 5675 cst
878 5624 1048 5675 omnis
1084 5632 1241 5676 nutus
1293 5637 1356 5675 ex
1386 5624 1599 5694 spiritu,
1640 5636 1696 5678 ut
1727 5626 1799 5680 sit

1892 4432 1947 4478 et
1981 4424 2096 4493 ipse
2129 4424 2197 4479 de
2229 4440 2289 4482 se
2320 4426 2438 4495 ipso
2460 4429 2534 4479 ait
2566 4443 2581 4482 :
2618 4446 2637 4477 ι
2672 4426 2889 4487 Sermo,
2924 4427 3323 4496 quemlocutus
3349 4441 3471 4480 sum

1891 4518 2070 4578 vobis,
2099 4532 2206 4571 non
2235 4525 2318 4571 est
2348 4532 2526 4584 meus,
2553 4519 2649 4574 sed
2677 4518 2952 4574 mittentis
2980 4534 3066 4573 me
3090 4519 3273 4575 Patris
3307 4536 3354 4571 ι.
3382 4519 3471 4573 ιι.-

1890 4608 2040 4678 spice
2056 4624 2187 4678 ergo
2203 4609 2311 4663 vim
2340 4611 2639 4667 verborum
2659 4613 2798 4683 quod
2814 4614 3008 4667 scimus
3032 4611 3317 4682 loquimur,
3342 4629 3475 4679 quo-

1893 4699 2038 4754 niam
2053 4701 2169 4770 ipse
2183 4712 2270 4757 est
2286 4704 2458 4757 scient
2471 4705 2517 4758 ia
2536 4714 2589 4760 et
2603 4706 2805 4760 locutio
2826 4722 2843 4774 ;
2861 4714 2908 4760 et
2921 4706 3060 4776 quod
3079 4706 3181 4760 vidi
3190 4722 3308 4759 mus
3318 4716 3485 4759 testa-

1894 4808 2034 4854 mur,
2060 4795 2321 4864 quoniam
2348 4795 2465 4865 ipse
2496 4808 2580 4852 est
2604 4798 2739 4852 visio
2765 4814 2830 4851 ac
2853 4814 3045 4853 verum
3077 4800 3473 4853 testimonium.

1892 4886 2045 4952 Quod
2064 4896 2248 4942 autem
2275 4890 2558 4957 pluraliter
2578 4890 2734 4953 dixit,
2762 4898 2955 4959 myste:
2973 4890 3085 4943 ium
3114 4901 3337 4943 sanctae
3356 4888 3477 4941 Tri-

1894 4977 2082 5033 nitatis
2102 4981 2361 5049 suggerit.
2382 4979 2450 5032 Et
2465 4981 2818 5034 testimonium
2835 4989 3072 5033 nostrum
3088 4996 3193 5034 non
3215 4980 3473 5047 accipifis,

1896 5072 2022 5142 quia
2058 5073 2114 5127 in
2146 5088 2247 5127 nos
2284 5088 2391 5126 non
2433 5073 2682 5137 creditis,
2720 5088 2901 5143 neque
2936 5089 3024 5137 ea,
3056 5088 3177 5142 qum
3211 5071 3474 5127 docemus

1897 5166 2201 5236 intelligere
2216 5167 2413 5221 valetis
2438 5166 2711 5233 ;nondum
2728 5168 2871 5221 enim
2889 5184 2955 5222 ex
2974 5167 3169 5235 Spiritu
3188 5164 3300 5219 nati
3321 5163 3475 5217 estis.

1968 5258 2025 5311 Si
2039 5269 2247 5312 terrena
2269 5258 2667 5317 dixi.vel.sicut
2689 5259 2962 5314 inGraeco
2982 5259 3199 5328 legitur,
3223 5254 3487 5318 dicebam,

1898 5352 2058 5410 vobis,
2084 5358 2130 5402 et
2163 5366 2265 5401 non
2295 5350 2506 5403 creditis
2538 5351 2821 5419 quomodo,
2857 5354 2901 5404 si
2934 5350 3105 5403 dicam
3140 5346 3278 5401 vobis
3320 5343 3473 5398 etule-

1898 5443 2025 5507 stia,
2044 5440 2297 5495 credetis?
2312 5441 2647 5498 Nicodemus
2664 5443 2955 5512 quaesivit,
2976 5439 3235 5510 quomodo
3260 5446 3477 5504 possunt

1901 5534 2026 5588 haec
2051 5531 2170 5601 ﬁeri
2193 5533 2217 5586 ?
2244 5534 2634 5603 impossibilem
2662 5548 2782 5587 esse
2813 5546 2877 5586 ex
2905 5530 3106 5600 Spiritu
3135 5530 3477 5584 nativitatmn

1903 5626 2258 5692 existimans;
2286 5627 2379 5681 sed
2408 5626 2615 5681 audita
2636 5624 2866 5679 Domino
2892 5640 2905 5678 τ
2939 5627 2986 5680 si
3012 5633 3221 5679 terrena
3248 5623 3489 5677 dicebam
