3952 6156
436 245 540 300 519

436 360 595 415 vobis.
625 357 939 427 Quacritur,
959 372 1079 423 cur,
1126 370 1246 409 cum
1292 352 1422 407 nihil
1455 360 1726 405 terrenum
1771 347 1824 400 in
1854 359 2013 415 prae-
2046 350 2090 404 Λ

352 510 361 513 ,
438 447 601 503 dictis
625 446 963 503 sermonibus
983 446 1228 500 videnlur
1250 441 1469 503 dixisse,
1493 437 1712 491 omnino
1734 434 1879 489 enim
1905 432 2014 502 spi-

438 536 653 591 ritualia
685 536 845 600 dixit,
890 532 1220 603 Spiritualem
1253 528 1586 582 nativitatem
1615 539 1680 578 ex
1702 523 1896 593 spiritu
1922 523 2017 575 do-

438 641 568 687 cens
591 666 608 693 ,
634 626 832 680 dixerit
867 642 881 678 :
927 625 974 677 si
1010 633 1210 674 terrena
1239 618 1471 672 dicebam
1501 615 1677 670 vobis?
1699 614 1779 666 Ad
1807 613 1910 667 hoc
1931 611 2014 665 di-

438 716 685 778 cendum,
710 714 833 782 quia
864 726 969 765 non
1018 710 1082 763 ad
1134 707 1404 778 praedicta
1437 704 1657 772 respicit
1712 702 2013 765 responsio,

438 807 530 860 sed
562 807 627 859 ad
654 820 739 866 ea,
760 818 896 874 quae
924 802 1169 871 superius
1188 802 1238 854 in
1269 801 1354 855 die
1383 796 1591 851 Pascha
1616 795 1830 850 dixerat
1854 805 2017 861 quae-

438 895 680 950 rentibus
710 895 917 964 signum
965 889 1184 947 Iudaeis
1217 907 1230 942 :
1270 908 1289 942 ι
1343 888 1547 942 Solvite
1588 885 1843 955 templum
1891 885 2010 947 hoc,

438 997 492 1039 et
520 987 571 1040 in
598 985 768 1039 tribus
797 983 985 1038 diebus
1011 979 1281 1037 suscitabo
1302 977 1431 1034 illud
1468 997 1515 1033 ο.
1540 976 1632 1031 Ait
1666 988 1795 1046 ergo
1825 990 1838 1021 ε
1869 972 1924 1028 Si
1950 973 2017 1028 de

443 1092 562 1132 meo
588 1087 803 1131 terreno
828 1077 1005 1131 adhuc
1031 1088 1258 1145 corpore
1282 1072 1538 1128 solvendo
1580 1067 1740 1139 paulo
1768 1068 2016 1137 superius

438 1169 677 1220 dicebam
700 1166 877 1229 vobis,
901 1173 955 1221 et
971 1179 1076 1219 non
1106 1162 1433 1226 credidistis,
1457 1159 1745 1231 quomodo,
1770 1158 1813 1212 si
1838 1158 2013 1211 dicam

435 1256 590 1312 vobis
619 1255 894 1319 caelestia,
945 1251 1212 1308 credetis?
1239 1252 1339 1306 hoc
1384 1257 1490 1315 est,
1520 1245 1856 1318 spiritualcm
1879 1246 2017 1300 nati-

435 1345 657 1399 vitatem
703 1358 733 1397 a
780 1350 968 1397 saneto
998 1342 1223 1411 Spiritu,
1264 1354 1401 1411 quae
1445 1337 1696 1395 caelestis
1740 1322 1824 1392 esi
1854 1345 2017 1406 atque

437 1432 661 1486 divina?
689 1431 745 1487 Si
775 1433 937 1501 igitur
961 1431 1160 1486 terreni
1188 1430 1435 1500 corporis
1465 1428 1568 1484 mei
1606 1427 1930 1482 solutionem
1961 1427 2013 1480 in

435 1524 705 1591 passione,
747 1530 804 1575 et
852 1521 1007 1575 tertia
1062 1521 1148 1575 die
1178 1520 1346 1590 ipsius
1396 1517 1850 1573 resurrectionem
1909 1526 2014 1568 non

434 1612 753 1677 credidistis,
782 1611 907 1681 quid
929 1626 958 1664 a
992 1625 1075 1665 me
1100 1609 1363 1680 quaeritis
1388 1605 1683 1678 spiritualis
1707 1604 2011 1663 nativitatis

1788 226 2070 286 JOANNIS
2106 225 2298 283 SCOTl

3593 223 3693 278 5‘20

2192 341 2259 394 Et
2286 341 2419 395 sicut
2442 338 2649 411 Moyses
2689 338 2934 394 exultavit
2977 348 3262 411 serpentem
3286 340 3341 392 in
3366 338 3593 401 deserto,
3620 341 3692 391 sic

2115 431 2340 488 exaltari
2364 441 2563 500 oportet
2589 430 2637 484 F
2641 431 2794 486 ilium
2838 430 3083 494 hominis,
3111 439 3166 482 ut
3209 430 3377 485 omnis
3396 430 3612 484 credens
3644 431 3695 483 in

2114 539 2232 577 eum
2263 538 2366 576 non
2384 530 2580 591 pereat,
2609 522 2699 575 sed
2723 522 2915 577 habeat
2941 522 3100 576 vitam
3127 529 3416 574 aeternam.
3443 518 3697 590 Figuram

2115 628 2265 669 suam
2289 613 2405 683 ipsa
2430 611 2630 666 veritas
2648 613 2904 682 exponit;
2933 614 3182 669 umbram
3203 627 3355 668 suam
3380 611 3554 682 ipsum
3578 626 3699 665 cor-

2115 718 2215 774 pus
2240 701 2452 758 asserit.
2481 701 2672 757 Divina
2716 712 2903 757 narrat
2943 703 3192 768 historia,
3238 701 3500 773 populum
3541 702 3639 757 De:
3666 719 3695 755 a

2114 792 2453 861 serpentibus
2495 791 2548 845 in
2579 792 2791 847 deserto
2836 790 3113 856 alilictum,
3149 789 3463 860 crebrisque
3507 804 3698 845 eorum

2115 882 2385 937 morsibus
2432 895 2676 951 magnam
2725 890 2960 950 stragem
2991 879 3189 946 fuisse;
3217 878 3311 935 sed
3346 878 3582 951 Moyses,
3613 877 3698 946 ju—

2116 971 2275 1027 bente
2301 962 2544 1033 Domino,
2590 984 2817 1024 aeneum
2860 977 3167 1038 serpentem
3202 966 3426 1031 fecerat,
3452 982 3615 1039 quem
3648 968 3696 1021 in

2116 1058 2223 1112 alta
2252 1059 2444 1114 arbore
2469 1057 2840 1127 suspenderat,
2862 1056 3166 1128 populoque
3176 1054 3439 1125 iusserat,
3475 1064 3554 1120 ut,
3584 1057 3699 1126 qui-

2117 1165 2329 1219 cunque
2349 1164 2560 1205 morsus
2580 1156 2724 1204 esset
2752 1164 2783 1203 a
2804 1148 3152 1215 draconibus,
3178 1149 3232 1203 in
3259 1163 3484 1204 aeneum
3515 1150 3696 1219 suSpi-

2117 1249 2265 1296 ceret
2283 1239 2583 1306 colubrum,
2612 1247 2668 1295 et
2696 1248 3002 1307 sanaretur,
3038 1248 3093 1296 et
3133 1256 3163 1295 a
3204 1240 3515 1301 serpentina
3539 1238 3699 1307 plaga

2117 1332 2459 1389 liberaretur.
2498 1332 2613 1389 Hoc
2645 1342 2817 1390 totum
2861 1335 3050 1389 umbra
3085 1333 3253 1389 futuri
3295 1344 3398 1401 est,
3446 1344 3552 1389 hoc
3590 1350 3701 1401 est,

2118 1423 2288 1495 ﬁgura
2302 1416 2514 1478 Christi
2541 1424 2788 1479 morituri
2809 1439 2906 1495 pro
2932 1423 3105 1479 salute
3124 1423 3388 1487 omnium,
3413 1439 3552 1493 quos
3581 1438 3700 1479 sero

2118 1522 2306 1582 pentes
2332 1512 2648 1567 delictorum
2676 1527 2895 1567 suorum
2920 1512 3204 1568 veneuosis
3235 1513 3504 1567 morsibus
3530 1513 3701 1568 inter-

2118 1601 2311 1655 imunt.
2362 1600 2573 1671 Moyses
2622 1602 2802 1672 itaque
2844 1601 2959 1671 ipse
3008 1600 3257 1657 Christus
3301 1609 3416 1666 est;
3468 1616 3701 1671 serpens

436 1702 648 1769 aperire
677 1701 828 1755 vobis
863 1700 1147 1772 mysteria,
1188 1714 1349 1770 quae,
1401 1698 1656 1768 quoniam
1702 1695 1871 1750 renati
1906 1710 2011 1749 non
2046 1696 2088 1755 Β
2115 1704 2318 1745 aeneus
2393 1705 2541 1745 mors
2607 1689 2805 1744 Christi
2859 1709 2873 1745 :
2914 1690 3120 1761 lignum
3147 1730 3163 1756 ,
3208 1691 3263 1745 in
3310 1705 3417 1760 quo
3472 1705 3704 1759 serpens

434 1790 568 1844 estis
595 1804 661 1843 ex
683 1789 894 1863 spiritu,
917 1790 1137 1843 omnino
1166 1787 1389 1843 credere
1437 1802 1545 1842 non
1576 1783 1810 1839 valetis?
1834 1782 2018 1838 Dicam

443 1887 623 1931 tamen
651 1876 928 1942 caelestia,
961 1877 1208 1946 quamvis
1237 1875 1536 1947 intelligere
1576 1888 1681 1929 non
1709 1872 1947 1941 possitis.

516 1965 583 2018 Et
628 1980 776 2018 nemo
825 1965 1058 2018 ascendit
1108 1966 1164 2018 in
1225 1962 1456 2028 caelum,
1506 1962 1608 2017 nisi
1658 1962 1749 2032 qui
1782 1960 1847 2014 de
1877 1960 2061 2016 caelo-

437 2055 721 2119 descendit,
748 2054 921 2109 Filius
943 2055 1191 2121 hominis,
1211 2056 1301 2125 qui
1342 2063 1417 2108 est
1447 2053 1504 2107 in
1545 2049 1711 2106 caelo.
1742 2049 2020 2115 Ascendit,

436 2145 743 2216 ambiguum
786 2150 886 2207 est,
919 2144 1074 2214 cujus
1125 2142 1387 2212 temporis
1443 2141 1667 2195 verbum
1701 2140 1795 2205 sit,
1841 2148 2021 2193 utrum

435 2236 733 2309 praeteriti,
769 2251 837 2289 an
864 2235 1188 2306 praesentis.
1224 2233 1332 2289 Sed
1355 2234 1407 2287 in
1431 2232 1643 2288 Graeco
1665 2245 1773 2285 non
1796 2238 1881 2286 est
1906 2244 2022 2283 am-

438 2328 689 2398 higuum;
743 2325 1022 2398 praeteriti
1062 2324 1324 2396 temporis
1372 2331 1476 2379 est.
1526 2320 1584 2377 In
1610 2321 1714 2377 hac
1755 2318 2021 2376 sententia

435 2417 740 2486 quaeritur,
788 2416 910 2486 quis
935 2426 1020 2471 est
1045 2417 1339 2471 descensus
1364 2414 1486 2469 Filii
1520 2414 1775 2480 hominis,
1804 2421 1860 2468 et
1902 2412 2024 2483 quis

438 2522 728 2574 ascensus;
776 2515 832 2561 et
854 2506 996 2578 quod
1027 2506 1258 2573 caelum,
1312 2506 1365 2561 in
1411 2504 1554 2576 quod
1586 2504 1851 2571 ascendit,
1878 2512 1933 2560 et
1956 2504 2025 2561 de

441 2613 550 2666 quo
576 2597 877 2663 descendit,
898 2605 953 2652 et
978 2597 1033 2652 in
1064 2611 1172 2667 quo
1198 2610 1412 2666 semper
1439 2603 1642 2660 manet,
1673 2595 1800 2649 dum
1828 2607 2021 2649 ascen-

437 2689 518 2743 dit
559 2698 615 2744 et
640 2688 959 2744 descendit?
994 2686 1102 2743 Sed
1130 2702 1218 2754 ne,
1250 2685 1541 2741 multorum
1581 2699 1775 2741 sensus
1813 2683 1880 2739 de
1922 2684 2025 2740 hoc

440 2781 690 2847 dicendo,
724 2795 904 2837 moras
932 2778 1215 2847 faciamus,
1241 2779 1384 2850 quod
1411 2776 1761 2845 verisimilius
1792 2777 2019 2842 videtur,

443 2882 529 2928 sat
569 2882 653 2929 est
694 2873 895 2929 dicere.
946 2872 1004 2928 In
1034 2873 1213 2928 divina
1237 2871 1516 2941 Scriptura
1544 2867 1707 2925 Pater
1751 2868 2023 2935 caelestis,

441 2964 532 3035 qui
558 2973 641 3021 est
667 2964 984 3035 principium
1010 2964 1273 3029 omnium,
1301 2962 1519 3019 nomine
1544 2961 1676 3018 caeli
1703 2961 1898 3017 crebro
1926 2976 2019 3015 no~

2122 1794 2436 1850 suspensus,
2467 1794 2598 1834 crux
2637 1779 2861 1846 Christi,
2889 1780 2944 1835 in
2983 1796 3088 1850 qua
3132 1789 3361 1836 mortem
3384 1780 3550 1834 subiit
3602 1797 3703 1851 pro

2123 1873 2296 1929 salute
2336 1874 2577 1927 omnium
2622 1873 2677 1927 in
2725 1887 2784 1928 se
2807 1873 3163 1928 credentium.
3210 1872 3436 1928 Pulchre
3480 1887 3702 1943 quoque

2123 1979 2270 2019 mors
2296 1961 2499 2019 Christi
2529 1979 2628 2034 per
2657 1973 2966 2034 serpentem
3012 1964 3275 2036 ﬁguratur
3302 1980 3333 2018 a
3361 1963 3562 2029 forma,
3593 1980 3700 2033 qua

2122 2070 2283 2129 causa
2299 2070 2397 2125 pro
2421 2053 2611 2111 eﬁ‘ectu
2635 2055 2870 2126 ponitur.
2894 2055 3066 2110 Causa
3082 2055 3276 2125 quippe
3290 2056 3479 2109 mortis
3491 2054 3700 2111 Christi

2122 2161 2347 2217 serpens
2371 2156 2508 2201 erat.
2532 2147 2611 2202 Ac
2639 2162 2733 2216 per
2754 2146 2856 2202 hoc
2880 2155 2935 2202 et
2955 2161 3176 2216 serpens
3197 2147 3423 2219 ﬁgurate
3442 2146 3699 2203 ell‘ectum

2124 2252 2305 2304 suum,
2346 2238 2398 2294 id
2427 2246 2511 2293 est
2554 2247 2783 2297 mortem
2824 2238 3228 2307 praetendebat,
3273 2246 3334 2291 ut
3375 2238 3575 2301 omnis,
3607 2240 3701 2309 qui

2125 2331 2297 2386 credit
2320 2330 2375 2385 in
2407 2329 2579 2395 illum,
2627 2344 2732 2384 non
2775 2339 2984 2400 pereat,
3029 2329 3126 2384 sed
3172 2329 3369 2384 habeat
3404 2329 3575 2384 vitam
3602 2316 3704 2385 iae-

2127 2429 2357 2475 lernam.
2387 2417 2577 2490 Magna
2606 2418 2861 2474 distantia
2906 2428 2989 2474 est
3022 2418 3162 2473 inter
3190 2418 3422 2473 litteram
3448 2427 3504 2472 et
3533 2418 3704 2489 spiris

2127 2519 2263 2573 tum,
2309 2509 2452 2563 inter
2484 2508 2709 2578 ﬁguram
2738 2516 2795 2563 et
2839 2509 3140 2574 veritatem,
3181 2509 3322 2564 inter
3366 2509 3617 2563 umbram
3651 2516 3707 2562 et

2125 2613 2342 2669 corpus.
2380 2596 2581 2652 Littera
2611 2598 2944 2663 estfactum,
2981 2599 3123 2666 quod
3159 2606 3347 2652 sancta
3369 2606 3557 2651 narrat
3596 2597 3707 2652 his-

2129 2689 2297 2757 toria;
2320 2688 2542 2759 spiritus
2565 2696 2650 2744 est
2668 2704 2816 2745 mors
2838 2688 3061 2754 Christi,
3084 2704 3246 2759 quam
3273 2688 3436 2743 tradit
3453 2688 3708 2761 Evangee

2127 2780 2288 2841 lium:
2320 2795 2544 2852 serpens
2592 2780 2854 2852 ﬁguratur
2905 2781 2959 2835 in
2989 2781 3133 2852 ligno
3179 2794 3503 2850 suspensus;
3555 2781 3707 2848 aspi-

2127 2871 2394 2927 cientibus
2441 2887 2501 2927 se
2555 2871 2721 2926 vitam
2770 2869 3075 2942 praestabat
3124 2868 3509 2939 temporalem;
3550 2885 3708 2923 mors

2127 2958 2326 3017 Christi
2348 2963 2695 3019 credentibus
2718 2963 2771 3017 in
2801 2978 2924 3018 eum
2956 2961 3118 3015 vitam
3139 2968 3373 3030 praestat
3398 2968 3705 3014 aeternam.

443 3054 699 3109 minatur.
724 3053 895 3125 Saepe
924 3054 976 3109 in
1004 3052 1293 3124 Evangelio
1329 3052 1547 3124 legitur,
1580 3051 1862 3107 Dominum
1894 3065 2018 3106 sur-
2047 3038 2091 3099 C
2124 3052 2231 3109 sed
2259 3055 2389 3125 quid
2421 3053 2556 3111 haec
2580 3056 2644 3109 ad
2675 3056 2963 3110 secundam
2998 3054 3328 3108 nativitatem
3377 3066 3446 3106 ex
3479 3052 3705 3123 spiritu,

440 3146 643 3199 rexisse
673 3144 728 3199 in
757 3144 988 3210 caelum,
1015 3144 1067 3199 id
1096 3153 1181 3200 est
1208 3144 1260 3198 in
1302 3142 1540 3198 Patrem.
1573 3141 1690 3198 Non
1730 3142 1874 3197 enim
1903 3156 2020 3196 cre-
2066 3158 2069 3161 ·

443 3235 676 3289 dendum
725 3242 829 3298 est,
885 3234 1060 3304 ipsum
1109 3233 1351 3287 elevasse
1403 3232 1592 3287 oculos
1632 3245 1760 3286 suos
1811 3230 1866 3285 in
1917 3230 2021 3285 hoc

442 3325 651 3379 caelum
692 3324 983 3389 sidereum,
1024 3322 1323 3394 corporale,
1355 3323 1848 3394 circumscriptum,
1877 3338 2022 3379 mor-

444 3415 569 3470 tale.
593 3415 651 3469 ln
674 3414 889 3469 Patrem
923 3414 1090 3485 igitur
1118 3413 1365 3470 elevabat
1392 3413 1601 3480 oculos,
1634 3423 1694 3469 ut
1724 3430 1846 3470 eum
1874 3415 2021 3484 aspi-

442 3504 649 3560 cientes
677 3503 1043 3559 indubitanter
1056 3504 1563 3574 crederentsemper
1577 3504 1633 3560 ia
1654 3503 1814 3560 Patre
1830 3504 2019 3569 fuisse,

446 3592 515 3646 ad
540 3607 699 3662 quem
738 3591 1070 3647 intendebat.
1110 3590 1263 3658 Quod
1290 3607 1419 3664 ergo
1447 3593 1526 3647 ait
1558 3607 1573 3647 :
1602 3610 1752 3648 nemo
1780 3595 2019 3649 ascendit

442 3682 501 3736 in
519 3679 741 3747 caelum,
775 3681 877 3735 nisi
896 3681 985 3752 qui
1013 3681 1078 3735 de
1111 3681 1255 3737 caelo
1284 3682 1567 3750 descendit,
1595 3682 1741 3754 ﬁlius
1775 3685 2021 3752 hominis,

444 3774 536 3845 qui
560 3783 633 3828 est
659 3774 715 3828 in
740 3773 904 3840 caelo,
932 3773 1155 3844 pulchre
1175 3774 1295 3831 aliis
1317 3776 1499 3831 verbis
1511 3778 1802 3847 exponitur
1827 3796 1839 3832 :
1867 3792 2025 3833 nemo

446 3864 690 3920 ascendit
716 3863 769 3918 in
791 3863 1029 3930 Patrem,
1044 3864 1147 3920 nisi
1178 3865 1269 3935 qui
1297 3866 1361 3921 de
1380 3866 1539 3921 Patre
1561 3868 1860 3933 descendit,
1883 3867 2026 3924 ﬁlius

447 3954 698 4018 hominis,
731 3954 822 4026 qui
852 3962 936 4009 est
975 3954 1031 4009 in
1069 3954 1249 4010 Patre.
1281 3954 1466 4023 Qualis
1512 3965 1692 4012 autem
1737 3957 2027 4013 descensus

446 4045 564 4116 rjns
590 4054 645 4100 et
669 4060 944 4112 ascensus,
978 4045 1094 4116 ipse
1121 4046 1248 4102 alibi
1279 4056 1464 4116 aperte
1500 4048 1771 4118 exposuit,
1800 4048 2024 4103 dicens:

453 4154 475 4189 ι
504 4136 654 4192 Exivi
683 4152 711 4190 a
734 4136 897 4192 Patre
933 4144 989 4192 et
1016 4136 1135 4192 veni
1166 4137 1219 4191 in
1252 4137 1534 4204 mundum,
1560 4148 1614 4192 et
1640 4138 1834 4193 iterum
1860 4135 2026 4192 relin—

448 4241 557 4298 quo
578 4226 835 4282 mundum
864 4236 920 4283 et
945 4227 1085 4283 vado
1111 4227 1177 4282 ad
1210 4226 1422 4283 Patrem
1461 4246 1506 4281 ι.
1536 4227 1725 4282 Exitus
1763 4242 1893 4298 ergo
1911 4227 2029 4300 ejus

446 4332 482 4373 a
508 4315 670 4372 Patre
713 4317 1027 4373 humanatio
1059 4326 1163 4384 est,
1210 4326 1266 4372 et
1305 4318 1512 4374 reditus
1551 4317 1669 4389 ejus
1710 4319 1778 4374 ad
1810 4318 2027 4374 Patrem

451 4409 707 4475 hominis,
732 4423 892 4479 quem
922 4410 1149 4478 accepit,
1176 4407 1464 4474 deiﬁcatio,
1509 4416 1566 4464 et
1609 4408 1661 4462 in
1693 4408 2025 4465 altitudinem
2057 4392 2105 4450 ι)

452 4498 746 4553 divinitatis
769 4498 1087 4568 assumptio.
1116 4497 1273 4554 Solus
1298 4497 1387 4554 ille
1411 4498 1707 4563 descendit,
1737 4498 1859 4569 quia
1883 4499 2028 4555 solus

453 4587 762 4645 incarnatus
790 4595 912 4654 est;
941 4586 1055 4653 sed,
1080 4588 1126 4643 si
1153 4588 1296 4643 solus
1316 4589 1576 4653 ascendit,
1623 4604 1763 4659 quae
1799 4604 1924 4660 spes
1944 4601 2028 4645 est

453 4677 560 4743 his,
598 4692 696 4747 pro
733 4678 930 4747 quibus
956 4677 1273 4734 descendit?
1311 4678 1503 4749 Magna
1532 4678 1748 4749 quidem
1778 4689 1833 4735 et
1874 4681 2028 4735 inex-

452 4768 735 4840 plicabilis,
780 4769 1037 4840 quoniam
1062 4784 1270 4836 omnes,
1319 4784 1455 4839 quos
1497 4770 1755 4837 salvavit,
1806 4771 1859 4825 in
1910 4773 2027 4842 ipso

456 4866 771 4925 escendunt,
814 4876 960 4916 nunc
990 4876 1087 4932 per
1117 4860 1274 4916 ﬁdem
1320 4861 1375 4915 in
1402 4875 1517 4932 spe,
1546 4863 1598 4916 in
1631 4862 1735 4917 ﬁne
1770 4878 1898 4919 vero
1932 4878 2030 4933 per

456 4952 689 5022 speciem
735 4953 789 5007 in
821 4967 904 5018 re,
948 4954 1087 5008 sicut
1113 4953 1190 5007 ait
1220 4951 1458 5008 Joannes
1498 4954 1551 5006 in
1605 4953 1839 5022 Epistola
1884 4970 2023 5012 sua:

463 5063 478 5092 ι
515 5042 727 5097 Scimus
756 5043 1010 5112 quonium
1039 5043 1131 5097 ﬁlii
1154 5043 1247 5098 Dei
1281 5058 1495 5111 sumus;
1525 5044 1761 5101 nondum
1785 5048 2033 5117 apparuit

459 5132 585 5201 quid
615 5132 851 5196 erimus;
886 5146 1008 5186 cum
1033 5141 1213 5188 autem
1246 5135 1577 5205 apparuerit,
1606 5136 1808 5193 similes
1832 5138 1880 5193 ei
1925 5139 2004 5192 eri

461 5238 611 5288 mus;
646 5221 943 5277 videbimus
969 5224 1112 5279 enim
1142 5240 1287 5291 eum,
1319 5227 1476 5282 sicuti
1520 5234 1606 5283 est
1639 5248 1683 5281 ι.
1732 5228 1891 5284 Solus
1932 5228 2033 5283 ita—

460 5326 563 5382 que
573 5312 1093 5379 descendit,etsolus
1116 5317 1381 5383 ascendit,
1396 5320 1518 5388 quia
1543 5320 1632 5375 ille
1650 5336 1770 5377 cum
1785 5320 2034 5377 omnibus

463 5404 573 5457 suis
596 5403 850 5459 membris
874 5420 1012 5460 unus
1037 5405 1290 5473 Deusest,
1306 5409 1496 5465 unicus
1509 5410 1676 5466 Filius
1706 5411 1817 5465 Dei.
1842 5410 1897 5466 lu
1922 5412 2035 5481 ipso

464 5492 602 5546 enim
617 5511 804 5551 omnes
815 5497 1158 5552 crcdentesin
1176 5499 1348 5568 ipsum
1363 5515 1528 5555 unum
1547 5512 1690 5565 sunt;
1706 5518 1841 5556 unus
1858 5504 2035 5573 itaque

464 5587 727 5652 Christus,
755 5601 949 5669 col-pus
977 5603 1098 5644 cum
1132 5591 1408 5652 tticmbris.
1442 5594 1678 5650 ascendit
1717 5596 1767 5649 in
1802 5594 2035 5650 Patrem.

2124 3159 2230 3199 non
2270 3144 2541 3199 immerito
2580 3145 2902 3214 quaeritur?
2933 3143 3209 3198 Facillime
3256 3142 3498 3198 solvitur.
3530 3142 3708 3197 Nemo

2125 3232 2369 3288 ascendit
2398 3233 2453 3287 in
2498 3232 2715 3288 Christo
2756 3232 2823 3287 ad
2851 3231 3084 3297 Patrem,
3126 3231 3230 3287 nisi
3263 3231 3353 3299 qui
3398 3247 3462 3285 ex
3506 3230 3709 3300 spiritu

2124 3321 2385 3387 nascitur,
2404 3330 2461 3376 ut
2483 3320 2777 3377 conformis
2804 3321 2898 3376 ﬁat
2922 3321 3171 3393 imaginis
3196 3320 3448 3385 FiliiDei,
3472 3321 3574 3374 hoc
3593 3333 3704 3380 est.

2125 3420 2183 3466 ut
2206 3410 2454 3466 Christus
2494 3411 2547 3465 in
2597 3411 2685 3465 illo
2706 3409 2987 3474 formetur,
3019 3418 3077 3465 et
3114 3424 3282 3464 unum
3319 3424 3441 3464 cum
3483 3408 3712 3464 Christo

2125 3503 2216 3559 sit.
2241 3501 2501 3558 Similiter
2522 3517 2681 3557 nemo
2711 3501 2950 3556 salvatur
2973 3515 3069 3571 per
3090 3509 3317 3556 mortem
3344 3499 3566 3563 Christi,
3595 3500 3711 3554 nisi

2124 3593 2215 3664 qui
2262 3608 2327 3647 ex
2358 3591 2553 3663 spiritu
2598 3591 2870 3656 nascitur;
2925 3604 3084 3644 nemo
3110 3603 3179 3643 ex
3222 3588 3413 3658 spiritu
3460 3587 3715 3642 nascitur

2125 3698 2223 3755 per
2254 3683 2602 3753 baptismum,
2646 3681 2748 3736 nisi
2773 3681 2827 3735 in
2852 3688 3025 3735 morte
3049 3678 3271 3744 Christi,
3295 3677 3432 3733 sicut
3457 3677 3533 3731 ait
3559 3676 3712 3747 Apo-

2126 3772 2334 3829 stolus:
2366 3791 2384 3824 ι
2418 3770 2728 3841 Consepulti
2774 3784 2961 3825 sumus
3011 3783 3134 3824 cum
3176 3767 3392 3822 Christo
3435 3780 3533 3836 per
3573 3766 3716 3835 hap-

2127 3862 2368 3928 tismum,
2391 3860 2494 3916 nisi
2519 3861 2572 3915 in
2597 3868 2847 3925 mortem,
2869 3867 2951 3925 ut,
2982 3856 3432 3929 quemadmodum
3453 3854 3714 3910 Christus

2127 3953 2363 4008 surrexit
2381 3967 2412 4006 a
2443 3951 2670 4006 mortuis
2693 3950 2745 4004 in
2768 3949 2991 4019 gloriam
3012 3947 3208 4013 Patris,
3237 3946 3311 4001 ita
3330 3955 3385 4001 et
3413 3961 3511 4002 nos
3532 3945 3584 3999 in
3619 3963 3715 4000 ιιοο

2127 4043 2291 4099 vitale
2316 4043 2458 4098 vitae
2480 4040 2818 4097 ambulemus
2851 4059 2895 4092 ι.

2200 4156 2290 4212 Sic
2308 4157 2445 4210 enim
2461 4156 2598 4210 Deus
2620 4153 2801 4209 dilexit
2822 4153 3098 4219 mundum,
3124 4164 3179 4209 ut
3192 4151 3240 4206 F
3243 4153 3391 4208 ilium
3415 4168 3570 4207 suum
3585 4153 3714 4206 unia

2126 4259 2354 4331 genitum
2392 4259 2560 4312 daret.
2585 4257 2814 4313 Causam
2848 4259 3114 4312 humanae
3142 4256 3329 4310 salutis
3359 4256 3551 4325 aperit,
3605 4253 3716 4307 Pa-

2132 4369 2268 4415 trem
2296 4359 2542 4415 videlicet
2568 4359 2875 4422 caelestem,
2903 4374 2971 4413 ει
3012 4374 3119 4428 quo
3142 4358 3319 4413 omnis
3339 4359 3486 4413 salus
3510 4367 3566 4412 et
3619 4374 3713 4412 rea

2132 4459 2342 4514 stitutio
2365 4457 2634 4513 humanae
2673 4466 2898 4512 naturae
2939 4470 3038 4527 per
3075 4456 3404 4527 unigenitum
3452 4468 3609 4510 suum
3656 4455 3714 4509 iu

2132 4553 2336 4625 Spiritu
2368 4567 2485 4608 suo.
2510 4553 2737 4608 Dilectio
2768 4554 2951 4622 itaque
2969 4551 3146 4608 Patris
3166 4567 3330 4607 causa
3358 4562 3413 4607 et
3441 4558 3717 4607 humanae

2132 4656 2339 4721 salutis,
2370 4656 2463 4726 qui
2506 4656 2560 4709 in
2608 4663 2814 4709 tantum
2862 4654 3050 4710 dilexit
3087 4655 3364 4720 mundum,
3410 4663 3469 4708 ut
3510 4654 3714 4708 Filium

2131 4776 2286 4815 suum
2320 4757 2651 4827 unigenitum
2683 4759 2855 4821 daret,
2890 4754 2993 4812 hoc
3044 4766 3126 4812 est
3158 4759 3315 4812 morti
3358 4758 3615 4821 traderet,
3653 4764 3719 4813 ut

2129 4862 2305 4918 omnis
2334 4861 2599 4932 aspiciens
2623 4861 2674 4914 in
2707 4868 2934 4914 mortem
2956 4854 3073 4928 ejus
3103 4875 3209 4915 non
3238 4869 3445 4931 pereat,
3471 4861 3565 4916 sed
3615 4862 3720 4918 ha-

2131 4962 2253 5017 beat
2283 4960 2446 5014 vitam
2478 4968 2775 5015 aeternam.
2801 4958 2907 5014 Sed
2930 4959 3229 5029 quaeritur,
3260 4974 3420 5029 quem
3449 4959 3719 5014 mundum

2131 5050 2321 5106 dilexit
2372 5049 2547 5105 Deus?
2584 5049 2698 5104 Non
2747 5050 2888 5104 enim
2931 5050 3257 5105 credendum
3303 5060 3407 5117 est,
3451 5051 3719 5106 mundum

2135 5140 2319 5205 istum,
2345 5139 2395 5193 id
2416 5150 2500 5193 est
2525 5138 2953 5202 universitatem,
2984 5154 3122 5209 quae
3151 5149 3362 5194 constat
3383 5155 3444 5195 ex
3473 5140 3630 5195 caelo
3658 5150 3721 5195 et

2136 5239 2301 5294 terra,
2334 5228 2549 5284 Patrem
2597 5229 2867 5283 dilexisse.
2905 5230 2996 5283 Ille
3046 5230 3189 5284 enim
3236 5245 3340 5284 non
3394 5240 3618 5299 propter
3650 5246 3719 5288 so

2137 5322 2329 5391 ipsum,
2365 5323 2456 5376 sed
2481 5330 2696 5391 propter
2723 5322 3050 5391 superiorem
3093 5323 3349 5375 mundum
3393 5321 3568 5376 factus
3607 5334 3716 5376 est.

2139 5413 2388 5467 Mundam
2419 5412 2579 5481 igitur
2623 5412 2971 5480 superiorem,
3022 5426 3180 5482 quem
3217 5411 3284 5465 ad
3330 5411 3621 5481 imaginem
3662 5421 3723 5467 ct

2138 5504 2541 5559 similitudinem
2572 5519 2724 5558 suam
2756 5506 3011 5569 condidit,
3047 5504 3098 5560 id
3127 5515 3213 5560 est
3242 5505 3526 5559 humanam
3554 5516 3724 5558 natu-

2140 5612 2256 5650 ram
2291 5595 2447 5650 Pater
2475 5595 2656 5649 dilexit
2690 5597 2781 5661 ita,
2806 5609 2861 5651 ut
2893 5596 3085 5652 Filium
3115 5613 3269 5651 suum
3318 5613 3414 5667 pro
3435 5612 3498 5651 eo
3530 5597 3723 5650 Ira-lc—
