3920 6154
269 326 360 384 521
1269 317 1620 382 COMMENT.
1665 311 1732 382 ιιι
1783 320 1794 372 I

1904 313 2030 376 .NG.
2072 323 2216 378 SEC.
2256 315 2446 379 JOAN.

3449 169 3481 190 ο

3377 325 3478 385 5⁸ξὲ

269 448 358 493 ret.
394 435 493 490 Sed
525 437 840 498 notandum,
873 437 1015 505 quod
1047 440 1301 498 mundus.
1337 457 1495 508 quem
1532 442 1686 495 Pater
1711 441 1794 495 di-
1827 441 1873 497 Α
1902 451 2130 509 quenter
2161 443 2463 511 snlijnngit.
2499 442 2722 495 dicens:
2757 432 2924 495 Erant
2959 443 3096 496 enim
3130 457 3306 499 eorum
3342 452 3482 502 mala

267 525 400 590 lexit,
432 527 481 582 id
512 537 594 580 est
615 528 797 589 homo,
827 543 932 582 non
966 537 1246 598 propterea
1281 532 1515 585 mundus
1546 542 1794 594 vocatur,

265 621 394 690 quod
417 629 666 688 quattuor
688 618 974 672 clementis
994 620 1321 683 constiterit,
1345 621 1486 688 quod
1513 621 1690 675 solum
1716 637 1796 678 se-

263 713 476 768 cundum
509 725 706 778 corpus
742 711 856 764 fieri
887 711 940 764 in
967 720 1183 765 terreno
1209 711 1388 765 adhuc
1418 712 1636 766 homine
1669 728 1797 767 con-

262 803 547 867 sideratur;
578 801 670 855 sed
702 800 822 853 ideo
843 799 1008 853 homo
1039 801 1243 869 κόσμος
1267 812 1516 865 vocatur,
1539 804 1795 872 quoniam

259 903 462 948 ornatus
484 899 567 946 est
591 892 654 944 ad
678 890 964 960 imaginem
991 900 1046 945 et
1069 890 1484 946 similitudinem
1515 893 1630 959 Dei,
1655 905 1796 964 quae

260 985 328 1038 vel
355 983 540 1044 solum,
565 981 646 1034 vel
677 981 911 1034 maxime
931 981 986 1034 in
1011 982 1190 1034 anima
1211 983 1549 1050 intelligitur.
1575 986 1797 1053 Κόσμος

258 1069 425 1137 quippe
460 1083 650 1137 graece
698 1080 913 1124 ornatus
958 1071 1173 1141 pr0prie
1228 1071 1647 1139 interpretatur,
1694 1087 1802 1127 non

258 1161 475 1213 mundus.
508 1152 573 1214 Et
597 1176 734 1230 quae
754 1170 1001 1216 creatura
1031 1172 1140 1216 tam
1160 1173 1350 1217 ornata
1380 1173 1484 1224 est.
1527 1178 1688 1232 quam
1713 1177 1800 1226 ea,

257 1265 369 1317 quae
395 1255 456 1302 ad
478 1252 761 1322 imaginem
791 1250 1064 1307 Creatoris
1093 1249 1344 1308 condita?
1373 1254 1453 1307 Ad
1487 1254 1588 1307 hoc
1619 1254 1801 1323 itaque

256 1343 413 1395 dilexit
448 1337 581 1397 Dens
627 1345 901 1408 mundum,
933 1354 988 1399 et
1012 1359 1110 1414 pro
1138 1362 1202 1399 eo
1241 1347 1459 1400 tradidit
1499 1345 1714 1407 Filium,
1745 1355 1801 1400 ut

254 1435 401 1484 n'vnis
424 1435 645 1486 credens
667 1434 718 1486 in
749 1450 869 1488 eum
901 1450 1008 1488 non
1038 1447 1241 1503 pereat,
1273 1439 1365 1492 sed
1390 1439 1584 1491 habeat
1611 1438 1797 1503 vitam,

256 1537 340 1573 non
371 1522 733 1590 temporalem,
760 1524 850 1575 sed
883 1532 1176 1576 aeternam.

313 1609 420 1663 Non
433 1613 562 1663 enim
587 1613 729 1664 misit
764 1612 900 1665 Deus
921 1609 1119 1665 Filium
1141 1631 1289 1666 suum
1312 1613 1364 1667 in
1392 1606 1665 1679 mundum,
1700 1615 1803 1672 hoc

254 1709 337 1761 est,
367 1699 412 1752 in
441 1702 729 1754 humanam
755 1703 1436 1770 naturam,utjadicct,lmc
1450 1713 1550 1764 est,
1587 1707 1801 1760 damnet

1902 547 2076 598 opera.
2102 531 2250 597 Quae
2267 541 2390 584 sunt
2405 531 2490 584 illa
2515 531 2653 584 mala
2669 532 2872 601 opera?
2897 528 3010 586 Non
3035 533 3162 598 alia,
3179 535 3278 588 nisi
3296 536 3485 606 impie-

1903 629 1982 672 tas
2010 619 2679 674 etincredulitasetodium
2694 619 3184 686 aeternaelucis,et
3209 623 3346 677 nolle
3361 641 3481 678 eam
3565 653 3574 664 ε

1901 712 2166 778 aspicere,
2183 709 2316 763 velle
2343 719 2520 763 autem
2536 710 2587 763 in
2604 711 2840 765 tenebris
2865 721 3208 780 peccatorum
3241 730 3481 770 manere.

1973 796 2156 851 Omnis
2184 797 2320 850 enim
2370 795 2511 850 mala
2559 813 2716 866 agens
2746 798 2854 852 odit
2885 798 3052 852 lucem
3070 839 3084 862 ,
3115 815 3208 854 nec
3248 814 3383 856 venit
3407 805 3478 856 ad

1901 883 2090 948 lucem,
2136 893 2190 936 ut
2232 899 2336 937 non
2385 883 2770 952 redarguantur
2813 899 2968 954 opera
2998 881 3134 955 ejus.
3175 886 3300 944 Ideo
3342 888 3482 957 lugit

1903 973 2098 1042 impius
2147 973 2318 1028 lucem
2359 974 2636 1038 veritatis,
2665 989 2732 1028 ne
2762 975 3010 1045 impietas
3049 977 3166 1045 ejus
3195 979 3478 1036 maniicsta

1903 1064 2016 1128 ﬁat,
2047 1063 2099 1117 in
2131 1077 2236 1132 qua
2264 1064 2446 1117 omnia
2476 1063 2616 1117 mala
2647 1079 2810 1134 opera
2836 1065 3201 1122 continentur.
3233 1066 3302 1124 Ut
3330 1069 3477 1124 enini

1899 1157 2072 1226 pietas
2083 1155 2227 1210 nullo
2250 1154 2389 1210 bono
2404 1171 2566 1225 opere
2583 1165 2750 1221 caret,
2778 1155 2851 1211 ita
2873 1156 3121 1227 impietas
3140 1158 3284 1214 nullo
3311 1160 3475 1216 malo.

1977 1239 2079 1310 Qui
2107 1252 2279 1298 autem
2320 1245 2446 1314 facit
2488 1246 2772 1309 veritatem,
2801 1248 2934 1299 venit
2963 1247 3032 1299 ad
3062 1247 3248 1311 lucem,
3279 1261 3332 1301 ut
3357 1266 3472 1303 ma-

1904 1335 2211 1402 nifest-eatur
2251 1345 2348 1388 sua
2389 1349 2568 1404 Opera,
2594 1337 2717 1406 quia
2748 1326 2802 1390 in
2845 1336 2949 1391 Deo
2976 1349 3097 1391 sunt
3141 1338 3302 1407 facta.
3343 1339 3476 1407 Quis

1901 1424 2105 1492 estqui
2145 1422 2275 1477 facit
2302 1423 2606 1488 veritatem,
2651 1425 2753 1479 hoc
2794 1433 2897 1491 est,
2935 1426 3056 1493 quis
3101 1427 3298 1496 estqui
3329 1429 3471 1484 bona

1901 1521 2086 1580 opera,
2112 1526 2249 1580 quae
2268 1511 2425 1581 jubet
2448 1513 2670 1577 veritas,
2708 1514 2938 1583 perlicit,
2968 1517 3070 1569 nisi
3099 1517 3190 1586 qui
3217 1517 3389 1572 credit
3415 1519 3468 1573 in

1902 1598 2218 1654 Christum?
2247 1602 2309 1654 Et
2339 1603 2460 1670 quis
2484 1611 2585 1664 est,
2617 1603 2706 1671 qui
2753 1605 2898 1658 venit
2936 1605 3001 1658 ad
3027 1605 3222 1668 lacent,
3255 1605 3355 1659 hoc
3387 1619 3473 1661 est

1903 1690 1970 1742 ad
2013 1690 2282 1744 Christum
2325 1702 2378 1746 et
2423 1693 2722 1747 doctrinam
2768 1695 2916 1762 ejus,
2969 1704 3026 1748 ιιι
3063 1697 3475 1752 manifestentnr

254 1803 440 1860 propter
457 1807 613 1846 suum
641 1802 939 1862 peccatum,
955 1794 1227 1856 mundum,
1246 1795 1514 1848 hominem
1536 1795 1794 1858 videlicet,

1904 1795 2065 1848 opera
2099 1795 2191 1832 sua
2227 1781 2384 1842 bona,
2415 1782 2540 1850 quia
2590 1782 2639 1834 in
2683 1782 2790 1835 Deo
2815 1791 2940 1836 sunt
2971 1781 3134 1846 facta,
3186 1783 3287 1837 nisi
3337 1784 3470 1852 ipso,

252 1882 324 1934 sed
350 1891 397 1933 ut
423 1882 646 1936 salvetur
683 1883 910 1935 mundus
950 1884 1214 1935 humanae
1245 1892 1467 1936 naturae
1499 1900 1592 1951 per
1611 1883 1798 1948 ipsum.

311 1970 400 2034 Qui
427 1971 586 2024 credit
625 1989 725 2023 non
748 1971 1041 2039 judicatur,
1065 1974 1152 2040 qui
1179 1983 1350 2024 autem
1383 1989 1484 2026 non
1511 1974 1670 2026 credit
1685 1971 1800 2042 jam

254 2060 481 2120 iudicatus
505 2072 604 2115 est.
637 2061 737 2126 Qui
769 2070 947 2115 autem
984 2063 1154 2114 credit
1203 2063 1253 2116 in
1302 2057 1493 2116 Filium
1527 2063 1642 2126 Dei,
1693 2081 1799 2120 non

251 2149 504 2214 iudicatur,
543 2154 802 2220 quoniam
855 2153 1200 2207 dimittuntur
1244 2155 1292 2207 ei
1339 2156 1516 2208 omnia
1558 2166 1799 2223 peccata,

252 2255 330 2309 pro
354 2241 1042 2309 quibnsjudicaretur.Qui
1072 2257 1177 2296 non
1224 2243 1416 2306 credit,
1463 2241 1670 2297 ﬁnitum
1719 2253 1800 2298 est

251 2331 303 2382 de
326 2329 676 2399 eojudieinm,
708 2332 830 2398 quia
868 2346 972 2385 non
1011 2333 1210 2394 credit;
1263 2345 1326 2386 ac
1369 2348 1464 2400 per
1509 2334 1609 2387 hoc
1640 2333 1799 2387 habet

251 2431 458 2488 tcecata.
484 2437 585 2491 pro
609 2423 804 2490 quibus
820 2421 1108 2490 iudicatur,
1138 2422 1388 2490 quoniam
1413 2435 1587 2491 neque
1607 2425 1795 2486 credit,

251 2521 393 2574 neque
414 2509 690 2562 dimittere
719 2509 766 2561 ei
800 2523 893 2561 sua
926 2520 1141 2575 peccata
1172 2510 1303 2562 vult.
1335 2509 1433 2563 Ubi
1480 2512 1796 2575 notandum,

249 2597 366 2665 quod
389 2598 755 2667 unusquisque
778 2613 836 2651 se
863 2599 1034 2667 ipsum
1055 2595 1261 2666 judicat
1293 2600 1373 2654 vel
1426 2616 1530 2654 non
1565 2601 1792 2672 judicat.

247 2685 552 2753 Nonjndicat
596 2703 653 2742 se
676 2687 871 2753 ipsum,
895 2690 984 2754 qui
1015 2690 1321 2743 considerat
1361 2691 1580 2746 dimissa
1623 2691 1672 2746 ei
1711 2691 1802 2745 de-

252 2767 375 2830 licta.
396 2782 444 2822 et
469 2786 574 2822 non
601 2771 653 2824 in
677 2786 744 2825 eo
771 2782 968 2834 manet,
991 2774 1130 2840 quod
1152 2774 1430 2841 jlltl'cellﬂ'
1450 2791 1464 2836 ;
1488 2772 1582 2844 qui
1606 2783 1786 2827 autem

249 2871 340 2910 non
366 2861 550 2924 credit,
591 2860 708 2930 ipse
757 2877 814 2914 se
849 2863 1082 2931 judicat,
1120 2865 1378 2932 quoniam
1415 2863 1468 2916 in
1501 2877 1559 2917 se
1587 2864 1791 2916 detinet

250 2947 388 3012 digna
415 2951 643 3016 judicio.
669 2952 790 3006 1am
813 2954 1085 3018 judicatus
1108 2966 1205 3008 est.
1250 2955 1372 3008 Jam
1417 2956 1570 3020 dixit,
1610 2956 1791 3008 adhuc

253 3036 294 3085 in
319 3040 577 3102 praesenti
601 3029 878 3106 tempore.
903 3042 1164 3106 Quamvis
1189 3044 1332 3096 enim
1359 3043 1652 3110 judicium,
1681 3057 1788 3109 quo
1821 3073 1863 3129 ε

250 3125 394 3186 sejud
417 3135 501 3178 cit
533 3128 929 3192 damnandum,
972 3129 1242 3184 occultum
1279 3131 1350 3184 sit
1384 3131 1562 3185 adhuc
1593 3134 1648 3184 in
1687 3131 1788 3184 hac

252 3213 360 3274 vita,
387 3215 434 3267 in
457 3217 642 3270 futura
676 3226 851 3272 tamen
885 3220 1339 3276 manilestabitur.
1369 3220 1548 3287 Quare
1572 3223 1681 3291 jam
1704 3222 1792 3291 ju-

252 3302 438 3359 dicatus
457 3307 580 3360 est?
610 3307 744 3370 Quia
778 3325 882 3362 non
905 3311 1156 3377 creditjin
1182 3328 1377 3365 nomen
1409 3313 1794 3380 unigenitiFi-

241 3394 287 3447 lii
315 3391 414 3449 Dei.
443 3393 584 3449 Nihil
618 3394 761 3447 aliud
791 3403 869 3448 est
895 3409 1024 3462 ergo
1059 3394 1342 3463 judicium,
1376 3397 1426 3451 id
1458 3407 1544 3451 est
1569 3409 1790 3452 aeterna

242 3485 612 3548 condemnatio,
641 3484 742 3538 nisi
794 3500 897 3537 non
926 3484 1148 3538 credere
1198 3485 1248 3538 in
1288 3484 1480 3537 Filium
1507 3485 1620 3550 Dei,
1653 3487 1792 3540 sicut

241 3573 351 3626 nihil
376 3574 510 3628 aliud
533 3583 621 3628 est
651 3574 924 3628 beatitudo
968 3582 1022 3626 et
1050 3574 1177 3635 vita,
1208 3574 1308 3627 nisi
1352 3573 1574 3627 credere
1619 3584 1674 3627 et
1703 3591 1793 3628 cn-

241 3680 466 3732 guosccre
500 3665 700 3718 Filium
733 3661 859 3728 Dei;
894 3664 1030 3717 sicut
1061 3664 1173 3734 ipse
1211 3664 1286 3716 ait
1317 3682 1328 3715 :
1368 3682 1384 3713 ι
1419 3663 1560 3718 llaec
1587 3673 1668 3718 est
1691 3681 1790 3716 au-

243 3765 330 3807 tem
351 3757 449 3809 vita
483 3768 735 3817 aeterna,
759 3764 818 3806 ut
846 3763 1173 3822 cognoscant
1218 3763 1266 3806 te
1294 3769 1478 3807 verum
1507 3769 1573 3807 ac
1617 3754 1789 3808 solum

241 3844 398 3909 Deum,
424 3857 476 3902 et
504 3862 669 3916 quem
702 3846 891 3898 misisti
920 3843 1102 3899 Jesum
1131 3846 1460 3898 Christum).
1493 3844 1786 3914 Sequitur:

299 3938 398 3989 Hoc
419 3949 488 3992 est
508 3948 688 3990 autem
704 3936 989 4004 judicium,
1019 3935 1140 4004 quia
1161 3934 1253 3986 lux
1278 3934 1409 3987 venit
1439 3935 1490 3986 in
1513 3936 1787 3988 mundum.

239 4022 284 4076 Si
311 4024 388 4078 lux
415 4042 518 4080 non
552 4025 765 4078 veniret
797 4024 849 4076 in
877 4023 1155 4084 mundum,
1187 4038 1292 4075 non
1325 4034 1468 4077 esset
1496 4024 1561 4077 de
1589 4025 1791 4079 mundo

238 4111 482 4178 iudicium,
505 4116 651 4170 sicut
678 4113 935 4168 Dominus
955 4113 1058 4164 ait:
1080 4130 1097 4162 ι
1141 4110 1194 4165 Si
1229 4127 1331 4165 non
1355 4113 1618 4168 venissem
1637 4123 1692 4168 et
1712 4114 1792 4168 lo-

236 4213 368 4256 cutus
390 4205 606 4260 luissem
629 4247 643 4269 ,
668 4207 942 4272 peccatum
972 4218 1075 4255 non
1105 4203 1364 4257 haberent
1383 4202 1554 4258 LLIIX
1588 4204 1788 4274 itaque,

239 4293 322 4348 hoc
347 4306 423 4349 est
456 4297 548 4350 Dei
581 4294 745 4349 Verbi
777 4293 1074 4348 incarnatio
1099 4301 1153 4346 et
1185 4293 1428 4347 doctrina
1459 4303 1515 4348 et
1538 4295 1717 4363 passio
1738 4307 1792 4348 et

237 4386 556 4450 resurrectio,
586 4384 791 4452 iudicat
827 4384 1101 4436 mundum.
1149 4382 1248 4449 Qui
1281 4383 1393 4436 vult
1435 4385 1690 4440 accedere
1722 4388 1788 4438 ad

1905 1870 1994 1937 qni
2027 1870 2271 1924 creditin
2298 1867 2592 1934 Christum,
2627 1879 2681 1924 et
2735 1873 2983 1925 mandata
3037 1873 3154 1942 ejus
3211 1875 3477 1927 custodit?

1979 1958 2100 2012 P-ost
2131 1961 2255 2012 haec
2282 1963 2412 2013 venit
2439 1960 2592 2014 Jesus
2636 1970 2683 2013 et
2723 1961 2964 2031 discipuli
2991 1961 3103 2030 ejus
3133 1964 3185 2016 in
3210 1963 3475 2016 Judueam

1902 2059 2116 2110 terram,
2148 2057 2202 2100 et
2224 2047 2447 2116 reliqua.
2484 2048 2596 2101 Non
2639 2059 2722 2102 est
2749 2050 3188 2115 existinmndum,
3219 2052 3475 2105 continuo

1904 2146 2024 2206 post
2067 2139 2487 2207 disputationem
2520 2155 2640 2192 cum
2688 2138 3012 2203 Nicodemo,
3039 2155 3176 2208 quae
3227 2139 3363 2193 facta
3392 2148 3476 2193 est

1904 2227 1956 2277 in
1980 2225 2345 2297 Jerosolymis,
2381 2229 2592 2282 venisse
2637 2227 2820 2282 Iesum
2853 2239 2906 2282 et
2931 2229 3222 2299 discipulos
3259 2230 3374 2300 ejus
3420 2231 3473 2284 in

1900 2313 2159 2372 Iudaeam
2203 2329 2428 2382 terram,
2477 2321 2568 2373 sed
2613 2329 2830 2390 peracto
2881 2323 3054 2390 spatio
3105 2323 3361 2392 temporis
3408 2321 3477 2377 de

1900 2405 2135 2461 Galil-aea
2181 2407 2231 2460 in
2265 2407 2523 2462 Judacam
2576 2409 2820 2464 rediisse.
2865 2410 3047 2464 Murali
3079 2427 3236 2464 sensu
3272 2409 3474 2466 Judaea

1903 2509 2045 2552 terra
2079 2507 2158 2553 est
2187 2515 2281 2552 cor
2307 2499 2558 2552 ﬁdelium.
2584 2498 2784 2554 Judaea
2809 2503 3004 2569 quippe
3029 2500 3282 2570 confessio
3311 2501 3476 2555 inter-

1902 2597 2146 2657 pretatur
2161 2602 2207 2641 ³.
2234 2589 2513 2642 Confessio
2533 2599 2711 2644 autem
2734 2591 2927 2659 duplex
2943 2600 3042 2645 est.
3070 2592 3158 2644 Est
3179 2593 3322 2646 enim
3346 2609 3475 2647 eon-

1900 2677 2064 2734 l'essio
2091 2689 2465 2748 peccatorum,
2509 2688 2592 2734 est
2627 2688 2680 2733 et
2716 2681 2988 2735 confessio
3015 2683 3318 2735 divinarum
3361 2681 3478 2736 lau-

1901 2772 2057 2828 dum.
2086 2771 2143 2827 ln
2172 2785 2495 2840 quocunque
2517 2786 2644 2840 ergo
2674 2771 2835 2824 corde
2859 2769 3058 2838 duplex
3076 2769 3164 2823 illa
3186 2768 3457 2823 confessio

1898 2865 2077 2922 fuerit,
2102 2873 2154 2915 et
2174 2872 2517 2932 peccatorum
2544 2861 2785 2914 videlicet
2813 2875 2866 2913 et
2886 2861 3195 2914 divinarum
3220 2859 3457 2922 laudum.

1897 2954 2030 3007 illuc
2061 2955 2204 3006 venit
2224 2953 2382 3007 Jesus
2409 2962 2464 3006 et
2509 2952 2753 3020 discipuli
2779 2951 2921 3019 ejus,
2969 2952 3070 3005 hoc
3097 2962 3176 3004 est
3211 2951 3455 3006 doctrina

1897 3044 2017 3112 ejus
2048 3054 2101 3097 e'.
2135 3044 2456 3096 illuminatio
2489 3085 2506 3108 ,
2566 3043 2740 3111 ibique
2803 3043 3116 3096 demoratur
3142 3044 3218 3112 iet
3265 3053 3458 3110 purgat

1899 3134 2026 3188 iflud
2052 3135 2116 3186 ab
2148 3134 2402 3186 omnibus
2423 3132 2649 3186 delictis.
2688 3134 2750 3186 Et
2781 3133 2882 3186 hoc
2899 3144 2981 3186 est
3009 3131 3147 3199 quod
3173 3133 3452 3200 sequitur:

1975 3223 2039 3277 Et
2069 3225 2182 3276 illic-
2202 3226 2571 3277 demorabatur
2609 3240 2723 3277 cum
2767 3226 2838 3277 eis
2866 3233 2914 3276 et
2955 3226 3266 3293 baptizavit.
3295 3223 3456 3280 Juxta

1898 3311 2135 3368 litteram
2165 3313 2545 3368 demorabatur
2569 3312 2725 3368 Jesus
2749 3329 2872 3367 cum
2914 3315 3196 3381 discipulis
3224 3315 3306 3368 vel
3335 3329 3459 3370 cum

1895 3396 2240 3450 credentibus
2272 3393 2492 3452 Judaeis
2533 3398 2586 3451 in
2613 3395 2840 3451 Judaea.
2871 3398 3192 3468 Ambiguum
3220 3401 3364 3452 enim
3388 3408 3474 3452 est

1895 3485 2036 3553 quod
2060 3485 2138 3538 ait
2162 3485 2532 3540 demorabatur
2557 3488 2804 3553 cum'eis,
2835 3496 3013 3542 utrum
3045 3504 3165 3543 cum
3194 3488 3474 3558 discipulis

1895 3575 2030 3638 suis,
2055 3591 2124 3627 an
2154 3590 2276 3629 cum
2308 3577 2654 3631 credentibus
2681 3578 2734 3631 in
2759 3593 2881 3632 eum
2905 3575 3147 3643 Judaeis,
3172 3589 3287 3640 aut,
3327 3580 3470 3647 quod

1897 3665 2239 3720 verisimilius
2291 3674 2394 3729 est,
2443 3683 2562 3721 cum
2605 3669 2863 3737 utrisque.
2913 3667 2982 3721 Et
3027 3669 3325 3737 baptizavit.
3371 3667 3472 3722 Ubi

1894 3757 2202 3826 quaeritur,
2259 3758 2303 3810 si
2352 3758 2600 3811 Christus
2651 3759 2762 3827 ipse
2818 3759 3151 3828 baptizavit,
3203 3759 3470 3828 quomodo

1895 3849 2216 3917 evangelista
2261 3850 2311 3902 in
2337 3851 2686 3918 sequentibus
2709 3849 2839 3903 dicit
2867 3867 2880 3902 :
2914 3867 2934 3901 ι
2973 3849 3291 3918 Quanquam
3313 3847 3472 3902 Jesns

1895 3955 2000 3993 non
2047 3939 2382 4008 baptizaret,
2426 3941 2523 3994 sed
2572 3939 2813 4006 discipuli
2862 3938 2982 4006 ejus
3022 3958 3065 3990 ι.
3108 3938 3214 3992 Sed
3256 3939 3322 3992 ad
3367 3939 3470 3992 hoc

1894 4029 2179 4086 dicendum
2205 4071 2220 4097 ,
2246 4032 2390 4101 quod
2419 4033 2533 4102 ipse
2559 4031 2810 4087 Christus
2850 4031 3146 4101 baptizavit
3176 4031 3468 4100 discipulos

1893 4135 2020 4174 suos
2036 4119 2290 4189 primum,
2304 4120 2497 4175 deinde
2511 4120 2607 4190 ipsi
2625 4118 2867 4188 discipuli
2883 4119 3226 4188 baptizabant
3249 4119 3470 4174 creden-

1895 4221 1974 4264 tes
2000 4210 2052 4264 ιιι
2080 4210 2374 4265 Christum.
2403 4209 2658 4278 Quamvis
2687 4209 2903 4278 quidam
2927 4209 3253 4272 existiment,
3292 4209 3469 4262 nenii-

1895 4313 2016 4351 nem
2037 4313 2158 4351 eum
2183 4299 2481 4366 baptizasse
2513 4313 2608 4367 per
2649 4297 2884 4363 scipsum
2903 4336 2916 4359 ,
2953 4295 3046 4349 sed
3076 4295 3274 4348 dicitur
3299 4295 3468 4366 bapti-

1895 4405 2068 4453 zasse,
2091 4391 2182 4459 qui
2203 4389 2477 4458 discipulis
2507 4389 2621 4443 suis
2642 4386 2800 4455 jussit
2831 4386 3122 4454 baptizare.
3164 4386 3420 4455 Sequitur
3450 4405 3462 4438 :

238 4472 407 4536 lucem,
436 4476 536 4530 hoc
581 4482 664 4528 est
710 4473 776 4525 ad
825 4471 1015 4526 Filium
1065 4473 1180 4536 Dei,
1211 4481 1269 4526 ut
1309 4473 1361 4526 in
1407 4489 1528 4528 eum
1573 4477 1778 4540 credat,
1812 4462 1864 4520 υ
1961 4480 2092 4533 Erat
2139 4490 2313 4532 autem
2360 4478 2592 4532 Joannes
2637 4477 2907 4546 baptizans
2949 4477 3004 4530 in
3045 4480 3200 4532 Αἰνὼν
3246 4478 3261 4506 ¹
3303 4477 3468 4546 juxta

235 4579 439 4634 eumque
465 4573 778 4636 cognoscat,
811 4580 916 4618 non
940 4563 1248 4631 judicalur;
1284 4566 1373 4632 qui
1399 4578 1576 4621 autem
1613 4585 1783 4637 neque

237 4651 281 4704 in
319 4669 429 4708 eum
475 4655 681 4718 credit,
731 4667 904 4722 neque
952 4653 1238 4722 intelligit,
1288 4654 1338 4706 in
1387 4655 1623 4710 tenebris
1673 4659 1784 4712 suis

235 4747 468 4810 manebit.
501 4749 553 4802 in
581 4747 778 4816 quibus
807 4744 1170 4809 damnabitur,
1198 4746 1300 4800 hoc
1323 4756 1407 4800 est
1434 4746 1784 4814 judicabitur,

235 4833 400 4890 nolens
445 4837 707 4891 accedere
753 4835 818 4888 ad
865 4833 1058 4887 lucem.
1112 4833 1178 4886 Et
1222 4834 1513 4889 dilexerunt
1553 4837 1784 4891 homines

233 4927 376 4994 plagis
395 4928 628 4980 tenebras
652 4923 1009 4993 quamlucem.
1032 4923 1262 4977 Pulchre
1295 4923 1369 4978 ait
1391 4926 1622 4979 homines
1642 4968 1655 4988 ,
1686 4929 1787 4982 hoc

233 5023 299 5065 est
327 5015 597 5076 carnales,
625 5013 795 5082 impii,
831 5011 1125 5076 increduli,
1154 5029 1258 5066 non
1294 5013 1628 5081 spirituales;
1662 5032 1784 5069 nam

232 5101 294 5155 illi
320 5103 446 5157 ultra
483 5105 755 5158 hominem
787 5102 1084 5157 ascendunt
1102 5111 1156 5156 et
1174 5110 1431 5173 superant
1457 5119 1606 5158 suam
1635 5115 1787 5158 ualu-

233 5213 330 5250 ram
345 5216 435 5266 per
450 5201 581 5268 ejus.
599 5199 798 5268 quieos
815 5197 1094 5259 illuminat,
1113 5198 1357 5267 gratiam.
1375 5196 1484 5253 Cur
1499 5209 1674 5254 autem
1692 5201 1787 5254 ho-

233 5287 384 5341 mines
412 5290 710 5342 dilexerunt
734 5289 903 5354 magis
929 5288 1176 5341 tenebras
1199 5303 1357 5356 quam
1376 5289 1568 5352 lucem,
1597 5305 1785 5346 conse-

1894 4573 2112 4635 Saleim,
2135 4571 2256 4640 quia
2285 4587 2450 4641 aquae
2473 4569 2666 4623 multae
2686 4577 2832 4622 erant
2855 4567 2984 4621 illic.
3010 4567 3200 4622 Adhuc
3227 4566 3467 4624 Joannes

1892 4665 2198 4732 baptizabat
2222 4665 2274 4718 in
2305 4662 2567 4725 Jordane,
2599 4663 2724 4716 dum
2753 4659 3003 4716 Christus
3035 4661 3088 4714 in
3118 4658 3318 4715 Iudaea
3346 4676 3466 4715 coe-

1893 4765 2044 4825 perat
2070 4767 2123 4811 et
2147 4756 2438 4824 discipulos
2477 4770 2624 4818 suos,
2655 4763 2713 4810 et
2747 4769 2841 4821 per
2867 4769 2961 4810 eos
2987 4754 3124 4810 alios
3164 4757 3462 4825 baptizare.

1893 4849 2017 4902 Non
2037 4850 2180 4904 enim
2215 4851 2474 4904 debuerat
2526 4863 2849 4917 praecursor
2882 4848 3176 4918 discipulus
3204 4862 3465 4918 praecur-

1892 4940 2062 4993 sionis
2087 4955 2214 4993 suae
2239 4939 2554 5008 mysterium
2582 4939 2960 4998 intermittere.
2986 4939 3300 5008 priusquam
3331 4939 3460 5010 ipse,

1893 5028 2043 5096 enjns
2062 5043 2382 5097 praecursor
2403 5040 2540 5090 erat,
2558 5027 2816 5097 inciperet
2841 5029 3123 5083 veritatem
3147 5029 3460 5084 ostendere.

1898 5117 2094 5173 Umbra
2127 5119 2302 5174 adhuc
2323 5121 2637 5188 permansit,
2662 5119 2787 5188 quia
2820 5135 2925 5175 non
2954 5121 3176 5175 omnino
3202 5119 3290 5186 his
3314 5128 3464 5188 pate-

1893 5208 2032 5262 lacta
2060 5203 2174 5262 fuit.
2201 5207 2267 5262 In
2294 5210 2528 5272 Amnon,
2553 5207 2655 5264 hoc
2684 5218 2767 5263 est
2788 5209 2841 5262 in
2863 5210 3011 5279 aquis
3038 5209 3097 5271 ιις
3127 5209 3286 5262 enos'
3317 5220 3462 5261 ctiln'l

1895 5297 2148 5350 hebraice
2206 5313 2342 5366 aqua
2379 5295 2609 5362 dicitur;
2644 5297 2763 5353 ideo
2801 5298 3125 5351 subsecutus
3159 5302 3264 5356 ait,
3305 5295 3460 5362 quasi

1489 5381 1572 5434 VA
1585 5381 1739 5438 lli-\E
1775 5386 2168 5442 LECTIONES.

1731 5519 1986 5578 NOTAE.

301 5447 316 5477 ⁸
335 5448 468 5501 Col.
495 5451 727 5502 Amnon.
813 5451 832 5478 ’
854 5451 942 5502 Sic
965 5452 1084 5504 cod.
1116 5465 1212 5520 pro
1238 5449 1472 5506 Αιιιηοιι.

300 5595 325 5708 lI
351 5584 551 5710 ἓδὲηπ
579 5591 703 5642 inte:
722 5591 1023 5657 pretatione
1053 5589 1196 5644 verbi
1231 5567 1446 5644 Judaea
1474 5589 1592 5643 vide
1617 5567 1778 5658 supra

517 5725 557 5780 εἰ.
572 5729 624 5780 δι
645 5740 762 5780 onis
781 5727 1162 5795 interpretatur
1179 5731 1344 5796 aquis.
1447 5744 1494 5782 m
1516 5737 1623 5793 :lcri
1636 5749 1774 5791 int."

539 5819 806 5881 Γηιιοι.
843 5819 1079 5879 CXXII.

1889 5591 2021 5680 fit?
2069 5611 2098 5647 a
2143 5603 2244 5676 νς,
2295 5593 2408 5662 fon;
2437 5632 2451 5656 ,
2488 5602 2691 5660 pimus.
2727 5589 2784 5645 S.
2820 5587 3175 5658 Hieronymus
3208 5611 3224 5652 ς
3255 5600 3459 5662 Aeson,

1893 5697 2095 5760 oculus,
2129 5710 2219 5750 aut
2247 5698 2359 5764 fons
2383 5703 2576 5748 contra.

3009 5805 3071 5868 ll
