3952 6156
459 252 526 305 '5»:

533 292 543 306 Ι

543 253 565 308 5
1120 226 1123 229 ’
1212 226 1217 231 ’
1333 229 1366 233 ﬂ
1847 266 2122 327 JOANNlS
2170 270 2365 329 scen

3585 289 3693 350 3'“

468 375 968 445 interpretationem
1001 377 1231 432 nominis
1259 377 1502 446 aperiens
1530 397 1541 430 :
1566 380 1684 447 quia
1709 397 1871 446 aquae
1893 386 2024 437 mal-
2056 395 2097 446 Α
2132 389 2230 441 hoc
2262 389 2582 456 dicendum,
2628 395 2770 463 qn-nl
2792 437 2805 461 ,
2857 396 2902 451 si
2951 397 3195 455 Christus
3228 403 3373 456 slus
3417 421 3446 459 a
3482 406 3691 463 Joanne

462 479 547 525 tae
570 479 719 523 erant
744 468 870 522 illic.
902 469 978 523 De
1011 468 1209 524 Saleim
1238 479 1416 523 autem
1446 470 1593 524 varie
1634 472 1863 526 tradunt.
1893 474 2021 540 Qni-

460 562 586 615 dam
629 557 816 612 volunt
856 558 923 612 de
963 555 1256 612 Jerusalem
1289 558 1488 627 accipi,
1530 575 1668 629 quae
1717 578 1821 615 non
1866 563 2021 632 lo::go

457 649 635 719 spatio
687 647 923 702 locorum
978 646 1141 700 distat
1187 647 1253 701 ab
1290 645 1543 702 Jordane.
1593 649 1725 704 Nam
1771 652 2019 720 primitus

456 740 652 793 Sateim
685 737 1004 806 simpliciter
1029 737 1327 801 nominata,
1357 746 1415 792 ut
1434 739 1610 805 aiunt;
1637 739 1830 795 deinde
1858 743 2018 797 Ebus-

449 830 640 892 salem,
656 827 778 896 quia
802 827 870 881 ab
892 826 1144 880 Ebusseis
1165 842 1443 895 possessa;
1470 828 1663 883 deinde
1694 829 2010 894 Jerusalem,

450 922 554 974 hoc
579 928 662 972 est
697 916 941 986 templum
973 917 1137 985 pacis,
1171 927 1391 985 pmpter
1421 918 1738 973 nobilissimi
1772 921 1950 991 templi
1982 937 2010 974 a

448 1009 735 1063 Salomone
774 1005 1068 1060 constructi
1096 1005 1417 1074 divulgatam
1445 1007 1495 1059 in
1524 1006 1658 1062 lines
1686 1011 1869 1063 mundi
1900 1011 2011 1080 glo-

448 1097 802 1151 riosissimam
826 1093 1023 1148 famam
1051 1105 1097 1147 δ.
1129 1093 1233 1147 Alii
1263 1109 1411 1158 vero,
1435 1095 1648 1162 quibus,
1672 1106 1730 1149 ut
1759 1099 2005 1164 aestimo,

442 1185 577 1240 ﬁdes
614 1184 787 1253 magis
817 1184 1095 1247 habenda,
1137 1182 1317 1237 Salem
1363 1182 1548 1238 dicunt
1584 1186 1835 1254 oppidum
1868 1189 2004 1241 ultra

440 1278 729 1334 Jordanem
783 1276 981 1339 situm,
1012 1289 1076 1329 eo
1104 1275 1241 1340 loci,
1289 1291 1396 1344 quo
1434 1274 1703 1332 Jordanus
1746 1278 1907 1332 intrat
1951 1280 2003 1333 in

438 1370 614 1424 lacum
642 1365 853 1428 Asfalti,
889 1365 988 1419 hoc
1022 1374 1105 1420 est
1136 1366 1187 1418 in
1219 1365 1391 1419 laeum
1423 1366 1721 1431 bituminis,
1753 1377 1807 1421 et
1833 1368 1884 1422 in
1917 1368 2004 1423 illo

437 1457 634 1527 opp'do
657 1456 925 1524 quondam
942 1454 1336 1509 Melchisedech
1364 1471 1636 1525 regnasse,
1654 1458 1805 1525 cujus
1823 1460 2002 1528 oppidi

436 1550 609 1602 adhuc
658 1546 888 1616 vestigia
948 1557 1249 1601 remanent.
1303 1546 1461 1601 Juxta
1513 1548 1641 1601 illud
1697 1548 2002 1618 baptizabat

430 1644 685 1705 Joannes,
715 1642 836 1712 quia
866 1649 1018 1695 erant
1045 1642 1113 1695 ibi
1142 1656 1309 1710 aquae
1337 1641 1554 1697 multae.

2131 476 2518 544 baptizawtnr,
2550 486 2668 552 plus
2701 485 2965 553 baptisma
2997 486 3241 553 Joannis,
3266 509 3421 562 quam
3457 494 3686 558 Christi.

2127 567 2418 635 baptizatis
2469 574 2714 627 conferre
2758 576 3047 631 videretur.
3094 578 3260 634 Multo
3306 586 3445 636 enim
3499 586 3689 643 melius

2109 662 2302 725 ’pouzit
2351 664 2644 717 CXlSEllllttll
2701 666 2917 720 unicum
2964 668 3248 736 baptisma,
3282 690 3387 741 quo
3422 674 3686 733 Dominus

2110 751 2421 818 baptizatus
2465 763 2566 818 est,
2616 772 2775 825 quam
2809 760 3094 827 baptisma,
3129 778 3236 831 quo
3280 767 3433 819 multi
3469 772 3537 821 ab
3569 770 3686 839 ipso

2114 842 2347 900 nouiiuo
2381 858 2431 899 et
2456 850 2727 907 discipulis
2751 851 2865 905 suis
2893 853 3137 919 baptizati
3165 870 3309 913 sum.
3345 859 3445 915 Sed
3478 880 3549 916 ne
3585 868 3688 919 huc

2115 933 2414 991 putaretur,
2441 930 2593 982 multi
2640 946 2668 983 a
2707 932 2911 987 Joanne
2940 945 3062 989 sunt
3090 937 3359 1005 baptizati.
3400 940 3456 995 Si
3500 950 3686 998 autem

2113 1017 2426 1082 quaeritur,
2480 1033 2657 1075 utrum
2710 1023 2762 1076 in
2811 1023 2988 1093 aliquo
3035 1026 3233 1094 profuit
3276 1029 3374 1099 ipsi
3425 1030 3685 1098 Domino,

2110 1104 2249 1170 quod
2303 1122 2331 1158 a
2380 1122 2478 1161 suo
2530 1124 2879 1177 praecursore
2930 1115 3238 1184 baptizatus
3278 1118 3394 1182 sit,
3461 1121 3685 1190 quidam

2108 1208 2213 1246 non
2245 1194 2473 1252 absurde
2504 1203 2851 1269 respondent,
2878 1204 3152 1260 Christum
3188 1212 3682 1266 sanctiticationem

2111 1285 2383 1353 quandam
2431 1286 2653 1344 Joannis
2699 1291 2961 1348 effecisse.
3006 1294 3136 1349 Illud
3181 1308 3355 1352 autem
3411 1300 3683 1369 baptisma

2106 1374 2241 1428 nihil
2289 1375 2505 1431 Christo
2545 1380 2789 1434 contulit.
2843 1382 3055 1437 Scimus
3103 1395 3314 1448 tamen,
3342 1387 3680 1444 Graecorum

2104 1474 2352 1519 auctores
2400 1467 2722 1524 ﬁducialiter
2761 1489 3024 1539 asserere,
3056 1478 3543 1533 sanctiﬁcationcm
3578 1482 3679 1534 hu-

2102 1556 2376 1610 manitatis
2394 1558 2589 1613 Christi
2613 1578 2708 1630 per
2746 1576 3141 1619 sacramentum
3166 1570 3501 1637 baptismatis
3516 1569 3681 1624 Joan-

2100 1644 2187 1697 nis
2226 1656 2436 1699 auctam
2487 1647 2670 1704 l‘uisse.
2726 1650 2878 1718 Quod
2930 1656 3161 1711 maxime
3206 1674 3269 1711 ex
3325 1660 3681 1715 descensione

508 1730 806 1804 Non[dum]
842 1731 975 1784 enim
993 1730 1182 1783 missus
1210 1730 1378 1798 fuerat
1404 1732 1459 1785 in
1476 1748 1733 1785 carcerem
1747 1731 1997 1788 Joannes.
2033 1726 2076 1784 Β
2106 1731 2340 1801 Spiritus
2378 1739 2549 1792 sancti
2589 1740 2641 1792 in
2682 1742 2858 1810 specie
2884 1744 3162 1800 columbae
3191 1763 3352 1817 super
3377 1749 3556 1818 ipsum
3586 1751 3679 1804 ba-

428 1823 563 1878 Nam
582 1830 860 1891 postquam
876 1820 1069 1873 missus
1081 1826 1164 1874 est
1177 1819 1229 1871 in
1244 1822 1799 1887 carcerem,continuo
1812 1822 2004 1877 desivit

430 1911 720 1980 baptizare,
754 1908 1077 1978 baptismate
1114 1907 1312 1962 Christi
1360 1908 1665 1963 inchoante.
1689 1910 1996 1977 Quaeritur,

430 2004 559 2073 quid
589 2001 853 2070 baptisma
879 1997 1100 2052 Joannis
1121 1998 1226 2062 bis,
1255 1998 1346 2067 qui
1377 1998 1445 2052 ab
1475 2014 1540 2053 eo
1571 1999 1826 2070 baptizati
1853 2010 1996 2067 sunt,

430 2091 667 2165 profuit?
690 2090 846 2146 Nullo
872 2091 1030 2144 modo
1044 2089 1194 2144 enim
1221 2091 1548 2145 credendum
1569 2100 1670 2158 est,
1697 2108 1800 2147 non
1826 2095 1996 2148 solum

427 2181 706 2254 originalis
741 2179 972 2250 peccati,
1005 2193 1190 2232 verum
1217 2180 1379 2232 etiam
1413 2182 1752 2250 prepriorum
1781 2183 1998 2238 delicto-

422 2290 544 2330 rum
590 2272 963 2328 remissionem
1006 2269 1295 2324 contulisse
1324 2272 1366 2323 '.
1399 2270 1535 2336 Quid
1578 2287 1706 2342 ergo
1733 2274 1998 2328 contulit?

422 2364 673 2435 Magnum
705 2361 942 2431 quidem.
973 2359 1239 2428 Quantum
1267 2361 1407 2415 enim
1432 2365 1832 2419 catzvchmueuis
1863 2382 1995 2419 non-

422 2450 548 2511 dum
600 2449 928 2519 baptizatis'
994 2449 1234 2503 dot'trina
1292 2449 1410 2503 lidei
1466 2452 1721 2521 prodest,
1786 2462 1990 2509 tantum

424 2540 653 2598 Ioannis
694 2541 958 2613 baptisma
1012 2539 1302 2609 baptizatis
1346 2541 1399 2594 iu
1429 2557 1528 2605 eo,
1557 2543 1866 2611 priusquam
1901 2546 1994 2598 ba-

429 2631 626 2691 ptisma
676 2629 877 2684 Christi
924 2630 1187 2698 subirent,
1236 2631 1454 2699 profuit.
1502 2631 1736 2687 Joannes
1790 2648 1987 2701 quippe

430 2716 797 2780 paenitentiam
822 2719 1166 2787 praedicabat,
1196 2731 1249 2775 et
1277 2722 1605 2790 baptismum
1626 2722 1824 2778 Christi
1853 2740 1993 2793 prte-

431 2808 732 2873 nuutiabat,
764 2819 817 2863 et
845 2810 896 2863 iu
951 2809 1308 2880 cognitionem
1340 2813 1604 2889 veritatis.
1641 2829 1760 2881 qua:
1789 2814 1988 2868 mundo

430 2899 700 2966 apparuit,
726 2902 967 2954 attraxit.
1001 2901 1189 2957 Nonne
1213 2903 1465 2957 similiter
1491 2905 1729 2974 quotidie
1754 2908 1986 2961 ministri

433 2990 635 3044 faciunt
650 2990 902 3045 Ecclesiae
920 2993 943 3046 ?
962 2992 1223 3048 Erudiuut
1247 2996 1417 3062 primo
1435 2996 1705 3050 venientes
1723 2999 1789 3050 ad
1813 3000 1990 3063 tidem;

430 3077 625 3132 deinde
642 3090 862 3149 peccata
887 3096 1071 3137 eormn
1095 3084 1423 3152 redarguunt
1450 3100 1464 3147 ;
1492 3084 1684 3137 deinde
1715 3085 1992 3139 remissio-

434 3186 555 3225 nem
578 3171 816 3226 omnium
842 3181 1186 3241 peccatorum
1213 3176 1263 3225 in
1292 3174 1609 3242 baptismate
1633 3175 1947 3241 promittunt
1973 3192 1989 3245 ;

433 3268 498 3308 ac
543 3256 623 3310 sic
666 3257 733 3309 ad
765 3258 1123 3325 cognitionem
1150 3268 1201 3311 et
1233 3258 1572 3314 dilectionem
1617 3262 1864 3317 veritatis
1897 3279 1989 3319 eos

424 3337 723 3393 attrahunt.
752 3336 982 3390 Additur
1008 3335 1075 3388 ad
1102 3332 1373 3388 cumulum
1418 3331 1591 3388 laudis
1632 3343 1684 3387 et
1724 3336 1992 3402 utilitatis,

422 3440 580 3494 quam
614 3425 836 3479 Joannis
866 3423 1127 3493 baptisma
1156 3420 1398 3491 perfecit.
1416 3422 1815 3494 Debuitquippe
1841 3441 1996 3494 prae-

426 3528 614 3567 cursor
675 3512 727 3567 in
792 3512 1040 3567 omnibus
1098 3510 1496 3580 praécursionis
1554 3525 1686 3566 suae
1742 3512 1990 3568 eil‘ectum

416 3599 644 3671 implere
672 3640 686 3665 ,
733 3607 826 3666 ut,
881 3598 1327 3668 quemadmodum
1376 3600 1673 3667 praecessit
1718 3601 1989 3658 Christum

422 3690 702 3743 uativitate
747 3699 803 3743 et
846 3688 1243 3758 praedicatione
1269 3727 1283 3751 ,
1322 3688 1395 3741 ita
1445 3690 1608 3743 etiam
1654 3691 1991 3762 baptismatis

420 3781 786 3835 similitudine.
820 3779 890 3835 Ut
911 3778 1053 3833 enim
1086 3794 1281 3833 aurora
1302 3781 1579 3849 praecedit
1620 3792 1796 3837 ortum
1835 3784 1987 3852 solis,

418 3872 491 3927 ita
515 3878 853 3927 sacramenta
888 3867 1111 3924 Joannis
1134 3882 1298 3937 opera
1330 3868 1529 3924 Christi
1557 3883 1984 3941 praecesserunt,

414 3966 463 4015 et
510 3962 962 4034 quemadmodum
1004 3975 1198 4015 aurora
1226 3961 1625 4029 quodammodo
1652 3964 1870 4019 umbras
1894 3981 1988 4020 ex-

417 4063 622 4117 cutere,
652 4054 724 4108 ita
754 4054 995 4109 doctrina
1022 4062 1077 4106 et
1104 4054 1414 4124 mysterium
1440 4057 1809 4123 praecursoris
1837 4065 1987 4115 tene-

418 4145 546 4200 bras
587 4142 923 4214 ignorantiae
970 4145 1132 4196 totius
1170 4144 1354 4197 mundi
1392 4143 1683 4199 inchoabat
1710 4156 1982 4203 excutere.

410 4236 619 4306 Itaque,
651 4250 719 4289 ne
759 4233 939 4289 subito
964 4247 1150 4286 verum
1182 4232 1449 4301 baptisma
1471 4233 1671 4289 Christi
1700 4247 1985 4305 appareret

411 4327 633 4389 mundo,
660 4324 957 4394 praecessit
1000 4324 1284 4393 figuratum
1326 4324 1616 4394 baptisma,
1649 4334 1709 4379 ut
1740 4327 1899 4382 altius
1925 4338 1981 4383 et

410 4417 610 4472 clarius
637 4417 841 4470 veritas
868 4414 1228 4479 elucesceret,
1281 4415 1325 4470 si
1374 4415 1522 4484 prius
1567 4416 1879 4471 sedentibus
1923 4419 1979 4473 in

414 4505 650 4559 tenebris
684 4505 851 4573 ﬁgura
884 4503 1169 4557 arrideret.
1205 4502 1337 4557 ltem
1369 4505 1669 4572 quaeritur,
1697 4520 1795 4559 cur
1820 4504 1982 4559 Chri-

409 4602 530 4647 stus
558 4580 861 4661 baptizatus
889 4600 971 4645 est
996 4607 1024 4644 a
1055 4607 1152 4645 suo
1179 4606 1356 4645 servo.
1383 4592 1460 4647 Ad
1487 4595 1628 4662 quod
1655 4594 1939 4649 dicendum
1962 4613 1977 4649 :

411 4693 693 4753 propterea
722 4683 972 4738 Christus
991 4697 1020 4733 a
1046 4696 1205 4736 servo
1232 4683 1492 4751 baptizari
1515 4684 1760 4753 dignatus
1789 4694 1891 4749 est,
1921 4695 1983 4739 ut

410 4771 782 4842 praecursoria
802 4770 884 4824 sui
910 4768 1142 4823 ollicinm
1171 4778 1226 4823 et
1265 4770 1668 4837 honoriﬁcaret,
1699 4782 1753 4827 et
1792 4789 1980 4828 verum

360 4899 365 4902 ρ
409 4862 542 4916 illud
573 4860 766 4925 fuisse,
791 4861 1043 4915 omnibus
1078 4859 1300 4916 Judaeis
1327 4877 1390 4916 ac
1420 4871 1531 4917 toto
1558 4865 1756 4918 mundo
1793 4876 1978 4919 notum

411 4954 636 5007 faceret.
688 4950 794 5004 Sed
828 4949 874 5004 si
916 4948 1028 5003 sola
1075 4950 1209 5004 haec
1243 4965 1404 5004 causa
1450 4949 1548 5005 fuit
1592 4953 1905 5021 baptizandi
1947 4971 1977 5010 a

411 5056 567 5098 servo
590 5054 689 5095 suo
718 5038 951 5102 Domini,
978 5054 1074 5092 cur
1102 5054 1206 5093 non
1229 5040 1375 5094 solus
1398 5040 1645 5096 Christus
1677 5044 1976 5113 baptizatus

409 5142 493 5189 est
520 5147 550 5186 a
589 5128 831 5186 Joanne?
859 5126 1168 5183 Sulliciebat
1219 5130 1361 5183 enim
1392 5130 1458 5184 ad
1491 5131 1700 5187 laudem
1743 5142 1798 5188 et
1826 5138 1976 5189 testi-

410 5223 648 5279 monium
675 5218 1016 5291 baptismatis
1044 5218 1184 5273 servi
1215 5220 1490 5276 humilitas
1519 5224 1747 5279 Domini.
1781 5225 1884 5282 Sed
1908 5233 1973 5284 ad

2105 1822 2361 1889 ptizatum
2394 1837 2857 1894 argumentantur.
2889 1831 2997 1887 Nec
3038 1850 3252 1901 mirum,
3284 1852 3404 1891 cum
3442 1854 3677 1911 evange-

2102 1910 2224 1966 lista
2266 1914 2446 1969 dicat:
2482 1934 2502 1967 ι
2537 1915 2692 1973 Jesus
2729 1929 2906 1975 autem
2953 1924 3269 1992 proficiebat
3311 1910 3678 1996 sapienti-aet

2101 2014 2278 2062 aetate
2323 2019 2378 2063 et
2424 2011 2597 2080 gratia
2652 2014 2789 2082 apud
2842 2014 3010 2087 Deum
3053 2027 3107 2072 et
3151 2019 3393 2074 homines
3435 2040 3483 2076 ι.
3530 2021 3677 2089 Quid

2100 2099 2318 2165 mirum,
2349 2101 2393 2156 si
2421 2103 2685 2170 quoddam
2726 2118 3071 2177 augmentum
3101 2110 3445 2167 humanitatis
3468 2113 3676 2170 Christi

2097 2202 2196 2257 per
2221 2202 2621 2247 sacramentum
2650 2199 3020 2264 praecursoris
3045 2201 3125 2253 sui
3149 2186 3493 2270 baptismatis
3514 2204 3615 2259 Cb:
3634 2206 3677 2257 i-

2098 2288 2213 2333 stius
2239 2281 2533 2349 acciperet,
2559 2285 2708 2340 verbi
2741 2288 2909 2356 gratia
2939 2289 3254 2344 humilitatis
3283 2306 3411 2346 suae
3447 2295 3671 2353 merito,

2096 2385 2200 2437 qua
2227 2370 2493 2440 baptisma
2527 2374 2607 2427 sui
2636 2377 2777 2429 servi
2810 2378 2990 2432 subire
3036 2395 3138 2433 non
3183 2382 3499 2450 dedignatus
3540 2385 3673 2437 est?

2093 2459 2313 2529 Accepit
2348 2463 2602 2532 gratiam,
2627 2474 2685 2518 ut
2714 2467 2795 2521 sui
2828 2469 3164 2537 baptismatis
3192 2472 3387 2526 virtute
3419 2474 3671 2527 omnium

2092 2548 2408 2606 delictorum
2436 2560 2491 2608 et
2517 2556 2855 2623 originalium
2879 2567 2932 2611 et
2961 2559 3296 2626 propriorum
3324 2575 3513 2615 omnes
3543 2577 3673 2617 cre-

2094 2636 2288 2692 dentes
2320 2637 2372 2691 in
2402 2653 2460 2693 se
2490 2639 2863 2693 remissionem
2914 2642 3241 2709 acciperent.
3292 2640 3456 2693 Addit
3487 2640 3661 2692 etiam

2091 2729 2425 2799 Augustinus
2449 2730 2603 2783 aliam
2631 2744 2847 2785 causam
2876 2730 3183 2800 baptizandi
3213 2731 3419 2783 Domini
3442 2736 3471 2781 Δ
3496 2743 3666 2783 servo

2092 2830 2189 2869 suo
2219 2833 2236 2874 ;
2267 2833 2335 2870 ne
2360 2816 2730 2871 catechumeni
2759 2826 2906 2872 caste
2936 2826 3101 2886 atque
3123 2817 3208 2887 pie
3229 2825 3346 2885 post
3372 2823 3661 2881 acceptam

2095 2905 2253 2961 diem
2292 2908 2537 2963 viventes
2561 2908 2921 2976 superbirent,
2949 2907 3663 2976 existimantesmysterium

2097 2998 2437 3068 baptismatis
2466 3000 2539 3052 nil
2594 2999 2673 3052 eis
2713 3001 2910 3053 addere
2963 3013 3138 3066 posse,
3196 3014 3316 3051 cum
3357 2998 3666 3052 secundum

2096 3086 2263 3149 illam,
2294 3101 2395 3153 qua
2431 3086 2621 3140 imbuti
2652 3097 2795 3149 sunt,
2826 3086 2981 3142 (idem
3013 3088 3216 3144 vivant.
3241 3085 3343 3141 Sed
3369 3100 3433 3140 ne
3473 3087 3524 3138 in
3556 3085 3670 3139 boc

2097 3184 2364 3239 errarent,
2389 3183 2444 3231 et
2474 3174 2527 3229 in
2558 3190 2760 3230 vanum
2791 3176 3129 3241 laborarent,
3180 3175 3446 3228 Dominus
3486 3174 3672 3227 voluit

2100 3266 2405 3328 cxernplurr
2455 3266 2537 3322 eis
2582 3269 2712 3321 dare
2759 3267 2827 3323 de
2877 3282 2978 3322 suo
3010 3268 3355 3332 baptismate,
3386 3274 3445 3318 ut
3476 3265 3672 3317 nullus

2096 3360 2281 3398 eorum
2309 3347 2533 3400 auderet
2553 3347 2746 3414 inﬂari,
2772 3349 3015 3404 videntes
3039 3349 3321 3405 Dominum
3344 3367 3501 3407 suum
3525 3356 3676 3410 servi

2095 3436 2176 3488 sui
2196 3436 2519 3504 baptismum
2538 3439 2787 3493 subiisse.
2810 3437 2865 3493 Si
2891 3439 3030 3493 enim
3061 3440 3315 3495 Dominus
3340 3443 3675 3511 baptismum

2094 3527 2174 3580 sui
2207 3527 2347 3581 servi
2378 3527 2545 3581 noluit
2564 3528 2864 3598 despicere,
2886 3545 2990 3598 qua
3014 3532 3217 3586 ratione
3237 3532 3309 3586 illi
3337 3532 3672 3601 baptismum

2094 3616 2306 3670 Domini
2339 3616 2419 3670 sui
2449 3617 2657 3673 nollent
2686 3618 2902 3673 subire?

2164 3702 2333 3757 Facta
2346 3715 2419 3758 est
2445 3723 2565 3777 ergo
2580 3709 2811 3776 quaestio
2825 3721 2888 3765 ea:
2912 3708 3176 3779 discipulis
3195 3708 3417 3763 Joannis
3430 3725 3549 3765 cum
3567 3723 3600 3766 .I
3613 3731 3645 3761 η
3658 3742 3676 3751 -

2091 3794 2236 3848 dacis
2255 3795 2318 3848 de
2342 3796 2723 3864 puriﬁcatione.
2745 3796 2995 3866 Discipuli
3011 3796 3253 3860 Joannis,
3272 3799 3513 3853 videntes
3530 3802 3675 3852 mul-

2093 3891 2175 3937 tos
2200 3882 2524 3938 Judaeorum
2555 3885 2847 3939 credidisse
2875 3885 2927 3938 in
2962 3885 3253 3948 Christum,
3279 3895 3335 3938 et
3362 3887 3675 3955 baptizatos

2088 3970 2255 4028 fuisse
2277 3989 2304 4026 a
2326 3974 2598 4043 discipulis
2610 3973 2746 4042 ejus,
2762 3974 2956 4028 invidia
2972 3974 3673 4044 commoti,interrogabant

2090 4071 2231 4140 ipsos
2244 4070 2475 4126 Judacos
2500 4071 2567 4126 de
2588 4069 2982 4140 purificatione,
3010 4071 3109 4124 hoc
3130 4079 3211 4123 est
3232 4071 3294 4124 de
3319 4068 3667 4138 baptismate.

2088 4158 2419 4213 Mirabantur
2437 4161 2579 4214 enim
2602 4160 2734 4214 alios
2756 4174 2912 4229 posse
2945 4160 3214 4227 baptizare
3250 4167 3462 4228 praeter
3497 4157 3671 4212 Joan-

2087 4266 2209 4304 nem
2239 4261 2291 4304 et
2325 4251 2615 4321 discipulos
2648 4251 2782 4321 ejus,
2812 4250 3215 4314 existimantes,
3247 4251 3502 4317 majorem
3537 4264 3671 4303 esse.

2084 4341 2345 4396 Joannem
2391 4342 2623 4406 Christo,
2651 4343 2903 4411 quoniam
2931 4341 3176 4395 viderunt
3207 4355 3311 4393 non
3337 4340 3492 4407 longe
3522 4349 3660 4393 ante

2091 4432 2262 4502 ipsum
2290 4432 2558 4485 Christum
2589 4447 2618 4484 a
2644 4430 2849 4486 Joanne
2874 4430 2927 4484 iu
2946 4428 3178 4483 Jordane
3209 4429 3555 4497 baptizatum.

2158 4515 2227 4570 Et
2264 4529 2510 4573 venerunt
2554 4518 2622 4571 ad
2664 4518 2942 4582 Joannem,
2975 4531 3233 4573 accusare
3263 4517 3533 4571 Christum
3560 4531 3663 4571 vo.

2089 4607 2262 4662 lentes
2302 4607 2528 4677 ejusque
2573 4606 2891 4677 discipulos,
2933 4606 3093 4660 veluti
3142 4607 3194 4659 in
3242 4605 3487 4675 iniuriam
3539 4605 3671 4674 ejus

2090 4698 2364 4768 baptizare
2407 4707 2844 4766 praesumentes,
2879 4706 2925 4750 et
2967 4696 3210 4749 dixerant
3233 4699 3280 4749 ci
3305 4712 3323 4749 :
3358 4695 3542 4761 Rabbi,
3565 4698 3671 4771 qui

2088 4799 2197 4842 erat
2224 4802 2386 4842 tecum
2419 4797 2562 4841 trans
2592 4785 2898 4851 Iordanem,
2928 4787 3018 4855 qui
3048 4787 3329 4841 videbatur
3361 4786 3668 4856 discipulus

2090 4886 2212 4933 tuus
2245 4886 2504 4946 tempore,
2548 4892 2654 4946 quo
2681 4892 2709 4930 a
2739 4885 2790 4930 te
2831 4877 3134 4947 baptizatus
3161 4886 3246 4932 cst
3287 4887 3434 4931 trans
3457 4877 3667 4933 Jorda-

2090 4982 2232 5031 nem,
2258 4968 2344 5019 cui
2364 4976 2420 5019 tu
2442 4968 2789 5020 testimonium
2812 4966 3134 5033 perhibuisti,
3167 4968 3393 5021 dicendo
3420 4985 3432 5020 :
3464 4987 3483 5018 ι
3519 4969 3669 5024 Ecce

2090 5071 2259 5125 agnus
2292 5056 2415 5119 Dei,
2449 5070 2574 5110 ecce
2618 5056 2709 5124 qui
2755 5054 2889 5108 tollit
2928 5065 3206 5124 peccatum
3240 5058 3421 5110 mundi
3460 5078 3509 5123 ι,
3539 5075 3671 5113 ecce

2084 5145 2168 5196 hic
2196 5143 2443 5212 baptizat,
2478 5160 2617 5197 nunc
2650 5144 2705 5196 in
2730 5142 2929 5197 Judaca
2956 5183 2971 5207 ,
3001 5145 3141 5212 quod
3179 5145 3333 5198 valde
3374 5146 3662 5208 miramur,

2084 5245 2131 5288 el
2159 5251 2332 5288 omnes
2359 5235 2565 5288 veniunt
2592 5235 2662 5286 ad
2696 5250 2833 5288 cum.
2859 5234 3117 5288 Volumus
3165 5237 3345 5304 itaque
3393 5246 3440 5288 lc
3482 5238 3662 5288 inter-

1684 5321 1937 5380 VARIAE
1978 5327 2374 5383 LECTIONES.

482 5386 497 5416 ⁸
531 5384 661 5439 Cod.
690 5402 813 5440 non.
888 5386 908 5417 ¹
946 5383 1077 5439 Cod.
1125 5401 1227 5437 non
1272 5386 1567 5442 contulisse.

1644 5389 1664 5419 ³
1692 5394 1820 5445 Cod.
1876 5396 2226 5461 baptismatis.

1904 5467 2153 5522 NOTAE.

481 5533 504 5561 α
539 5522 1008 5596 S.llieronymus:
1041 5522 1358 5588 Jerusalem,
1403 5515 1543 5581 .risio
1584 5530 1749 5597 pacis,
1782 5515 1978 5589 timebii

408 5611 646 5680 perfecit.
664 5615 932 5670 Derivatio
963 5614 1106 5669 verbi
1132 5599 1363 5676 ωνὸιιίην
1392 5618 1459 5670 ab
1484 5605 1791 5687 η-νειωιιιῦ,
1813 5623 1977 5691 idest,

2046 5515 2269 5593 fit-omns
2296 5538 2460 5604 pacis,
2490 5538 2835 5608 praeferenda
2883 5547 2965 5595 est
2996 5537 3148 5593 alteri
3188 5552 3217 5595 a
3248 5537 3376 5630 an;
3405 5543 3457 5589 Cl

2090 5642 2139 5693 id
2163 5653 2264 5700 ρει.
2295 5636 2545 5714 possessio
2583 5645 2744 5703 pacis.
