3952 6156
298 296 396 354 525

1372 246 1726 346 cunnum.
1764 288 1830 343 IN
1868 284 2110 342 ICVA‘NC.
2151 286 2276 341 sne
2313 282 2502 341 tom.

3418 281 3523 335 εἰη

300 428 507 479 "hac,
560 410 686 480 (ωτι)
737 410 804 465 ὼ,
858 411 958 463 h-c
1003 407 1446 478 prat‘sunlpiitme
1483 406 1575 460 tibi
1621 404 1853 458 videtur.
1884 402 1930 458 Λ
1963 398 2081 453 Non
2128 408 2289 469 potest
2320 400 2471 452 homo
2522 399 2754 467 accipere
2790 398 3087 467 quicquam,
3135 396 3233 450 nisi
3281 396 3433 466 fuerit
3479 415 3509 447 ρ

362 504 641 571 Respondit
667 501 901 556 Joannes
927 510 975 556 et
999 502 1133 555 dixit
1158 516 1178 554 :
1210 499 1329 554 Non
1354 508 1522 566 potest
1544 500 1695 552 [torno
1726 495 1860 548 acci-

302 613 411 666 pere
443 596 726 665 quicquam
751 596 794 654 ¹,
837 594 938 646 nisi
968 592 1126 661 fuerit
1172 594 1219 645 ei
1268 593 1455 644 datum
1502 589 1566 642 ,ιε
1601 588 1768 641 caelo.
1799 586 1858 641 In

301 685 404 751 qui!
427 682 616 735 Il\dllm
644 680 933 734 codicibus
952 678 1283 733 Graecorum
1313 678 1510 747 legitur
1535 693 1549 730 :
1572 677 1673 728 nisi
1701 675 1861 743 fuerit

300 774 555 825 sidatum
601 772 878 825 desursum
919 770 982 822 de
1031 769 1198 824 caelo.
1239 769 1528 822 Humiliter
1583 765 1861 835 respondit

300 880 486 919 servus
514 863 902 917 accusantibus
950 863 1234 914 Dominum
1283 875 1466 914 suum.
1509 856 1628 912 Non
1674 863 1862 921 pateat,

294 944 476 1013 inquit,
521 945 674 997 homo
702 944 932 1012 accipere
958 942 1254 1013 quicquam.
1288 941 1367 996 Ac
1397 942 1441 995 si
1471 942 1677 995 diceret
1702 956 1716 994 :
1753 940 1855 995 Pu-

294 1035 410 1088 tatis
439 1049 526 1088 me
555 1032 816 1101 majorem
851 1047 967 1087 esse
997 1032 1114 1102 ipso
1141 1072 1156 1097 ,
1183 1030 1335 1100 cujus
1363 1047 1552 1087 servus
1595 1043 1651 1086 et
1691 1046 1853 1101 prae-

294 1140 474 1180 cursor
501 1139 654 1189 sum;
686 1124 885 1178 erratis
911 1123 963 1176 in
991 1138 1117 1177 eum
1149 1139 1255 1177 non
1292 1124 1594 1189 credentes,
1622 1131 1680 1178 et
1705 1123 1857 1193 igno-

294 1225 485 1280 rantes,
510 1214 636 1284 quid
660 1215 728 1268 sit
744 1225 798 1268 et
820 1214 958 1269 unde
980 1214 1148 1277 venit,
1170 1224 1222 1269 et
1246 1228 1312 1281 pu
1323 1214 1445 1267 tatis
1468 1228 1553 1267 me
1574 1228 1692 1267 esse
1713 1213 1855 1282 quod

295 1323 391 1361 non
420 1322 560 1362 sum.
589 1306 659 1361 Ut
679 1313 858 1359 autem
888 1304 1098 1368 sciatis,
1123 1304 1249 1373 quid
1278 1303 1367 1358 ille
1395 1304 1486 1367 sit,
1517 1312 1572 1358 et
1599 1303 1727 1372 quid
1754 1318 1854 1373 ego

293 1413 424 1462 sum,
472 1397 653 1451 audite
694 1410 873 1449 meum
917 1409 1232 1465 responsum
1276 1411 1292 1450 :
1344 1393 1465 1448 Non
1512 1403 1675 1463 potest
1701 1394 1854 1447 homo

293 1490 514 1556 accipere
534 1488 829 1558 quicquam.
861 1486 1033 1540 Homo
1057 1502 1174 1541 sum
1205 1495 1259 1540 et
1288 1500 1392 1539 non
1424 1485 1586 1549 Deus,
1616 1482 1704 1537 ille
1727 1496 1855 1536 vero

294 1586 342 1629 et
368 1577 508 1631 Deus
536 1585 619 1631 est
651 1585 705 1630 et
730 1577 910 1631 homo.
954 1575 1200 1646 lpseest,
1235 1576 1301 1629 de
1343 1588 1450 1644 quo
1487 1572 1854 1628 testimonium

295 1666 530 1735 perbibat
576 1665 761 1719 dicens
790 1681 804 1717 :
836 1682 855 1715 ς
889 1665 963 1719 De
1004 1663 1339 1734 plenitudine
1378 1661 1494 1730 ejus
1531 1676 1629 1716 nos
1665 1673 1854 1715 omnes

294 1754 592 1824 accepimus
613 1773 660 1807 ο.
702 1752 875 1807 Homo
919 1753 1101 1822 itaque
1130 1768 1281 1817 sum;
1308 1767 1338 1805 a
1371 1766 1457 1806 me
1487 1750 1619 1805 nihil
1649 1749 1853 1817 accepi,

296 1845 378 1913 qui
429 1860 532 1897 non
585 1844 796 1906 habeo,
848 1843 990 1912 quod
1034 1858 1064 1897 a
1113 1857 1200 1897 me
1249 1842 1530 1913 accipiam.
1586 1838 1854 1908 Quicquid

296 1935 494 2004 accepi,
511 1934 580 1989 ab
607 1948 672 1989 eo
692 1934 902 2003 accepi.
924 1931 983 1987 Si
1004 1933 1234 2002 gratiam
1258 1932 1439 2003 accepi
1461 1930 1853 2002 praeeursoris,

297 2026 356 2081 ab
402 2039 467 2081 eo
505 2024 711 2094 accepi.
743 2023 1115 2088 Existimatis,
1146 2038 1230 2078 me
1272 2022 1412 2077 ultra
1458 2031 1706 2077 naturam
1735 2036 1859 2076 esse

296 2113 598 2168 humanam.
631 2111 768 2179 Quia
810 2111 1069 2176 audistis,
1099 2111 1242 2180 quod
1285 2126 1391 2167 non
1434 2112 1555 2166 sine
1598 2110 1857 2164 miraculo

297 2201 500 2255 divinae
527 2200 748 2255 virtutis
776 2211 937 2255 natus
983 2215 1141 2266 sum,
1190 2214 1257 2254 ex
1302 2200 1616 2271 parentibus
1659 2200 1858 2270 quippe

296 2302 572 2361 provectae
600 2292 816 2358 aetatis,
852 2307 918 2348 ac
948 2292 1112 2347 veluti
1148 2292 1289 2348 ultra
1335 2293 1601 2347 humanae
1632 2301 1858 2347 naturae

297 2385 735 2440 consuetudinem
770 2392 931 2439 natus
959 2399 1100 2449 sum,
1131 2392 1352 2455 propter
1382 2384 1489 2439 hoc
1516 2382 1739 2453 putatis,
1771 2396 1859 2437 me

296 2472 435 2528 ultra
456 2473 728 2529 hominem
747 2487 889 2528 esse.
914 2471 1027 2527 Non
1051 2473 1150 2538 ita,
1175 2473 1335 2528 homo
1356 2473 1691 2528 solummodo
1714 2487 1853 2527 sum.

296 2562 349 2617 Si
375 2562 764 2634 eognovissetis
783 2563 911 2632 quid
943 2577 1086 2629 sum,
1128 2579 1235 2619 non
1263 2563 1576 2618 exaltaretis
1601 2576 1688 2617 me
1717 2561 1858 2641 ultra

295 2655 346 2710 id
369 2655 515 2727 quod
538 2669 688 2718 sum;
716 2663 774 2711 et
821 2654 868 2708 si
897 2655 1296 2724 cognosceretis
1317 2655 1447 2725 quid
1470 2655 1557 2710 ille
1579 2662 1683 2719 est,
1710 2652 1858 2708 nullo

293 2748 451 2800 modo
474 2745 868 2815 eompararetis
913 2760 1000 2799 me
1044 2745 1140 2799 illi.
1178 2743 1351 2800 Homo
1392 2744 1541 2801 enim
1585 2758 1737 2808 sum,
1770 2742 1859 2797 ille

298 2834 463 2893 Deus;
487 2833 745 2902 quiequid
759 2832 961 2902 accepi,
988 2832 1057 2888 ab
1079 2831 1170 2887 illo
1191 2834 1393 2905 accepi.
1417 2834 1860 2903 Sapientissimns

294 2938 612 2991 praecursor
636 2921 839 2976 Christi
886 2932 1132 2991 segregat
1161 2923 1213 2976 in
1245 2937 1305 2978 se
1349 2926 1464 2995 ipso
1513 2933 1760 2978 naturam
1805 2931 1861 2978 et

296 3013 540 3079 gratiam,
568 3013 670 3066 sibi
704 3011 1027 3079 attribuens,
1058 3014 1200 3083 quod
1245 3014 1430 3077 homo,
1474 3019 1575 3069 hoc
1609 3024 1688 3069 est
1718 3016 1859 3085 quod

1956 488 2137 540 datum
2167 489 2228 539 de
2252 485 2416 550 caelo,
2450 488 2550 541 hoc
2573 495 2656 541 est
2681 487 2745 540 de
2768 485 2948 550 Patre,
2973 486 3064 556 qui
3091 485 3413 555 principium
3444 495 3524 539 est

1956 576 2195 630 omnium
2220 577 2513 636 honorum;
2546 591 2628 640 ac,
2654 576 2696 629 si
2720 576 2785 630 de
2816 574 2998 640 Patre,
3018 575 3201 644 utique
3230 574 3403 643 primo
3430 588 3532 642 per

1956 665 2173 729 Filium,
2199 665 2264 720 de
2293 665 2446 734 cujus
2493 664 2822 733 plenitudine
2857 680 2955 718 nos
2987 677 3179 719 omnes
3201 663 3526 731 accepimus.

2025 753 2136 824 Ipsi
2172 771 2257 827 vos
2305 753 2432 807 mihi
2484 755 2832 807 testimonium
2884 754 3178 823 perhibetis.
3236 752 3349 806 Hoc
3395 754 3532 808 mihi
3568 784 3587 815 ε

1955 846 2294 902 solummodo
2328 846 2380 900 in
2421 844 2615 900 vestris
2640 845 2818 899 verbis
2850 845 3114 915 congruit,
3159 845 3251 914 qui
3297 859 3402 898 non
3445 859 3534 897 so-

1954 933 2064 988 lum
2095 950 2200 989 non
2227 934 2446 990 creditis
2474 934 2530 988 iu
2580 948 2704 988 eum
2735 934 2825 1003 qui
2855 934 3002 989 misit
3024 949 3128 999 me,
3153 949 3337 989 verum
3367 935 3531 988 etiam

1955 1026 2217 1095 baptisma
2249 1026 2415 1094 ipsius
2454 1025 2664 1079 irritum
2694 1024 2913 1095 putatis,
2948 1025 3087 1092 quod
3124 1025 3253 1078 mihi
3291 1025 3533 1079 testimo«

1955 1117 2103 1170 nium
2173 1116 2462 1171 adhibetis.
2528 1114 2679 1181 Quod
2743 1114 2965 1168 dixerim
3020 1127 3038 1165 :

1953 1204 2213 1270 Christus,
2243 1207 2334 1260 sed
2362 1206 2486 1276 quia
2527 1206 2718 1259 missus
2759 1220 2875 1258 sum
2921 1214 3040 1258 ante
3083 1204 3251 1257 illum.
3294 1204 3534 1258 Audistis

1953 1309 2021 1348 ex
2073 1311 2159 1349 me
2206 1295 2339 1351 haec
2386 1297 2580 1360 verba,
2628 1294 2842 1365 quando
2873 1295 2940 1349 de
2985 1311 3049 1350 eo
3090 1295 3348 1365 loquebar
3389 1296 3532 1350 ultra

1952 1381 2272 1451 Jordanem;
2321 1385 2547 1439 audistis
2594 1385 2777 1453 utique
2803 1425 2820 1449 ,
2856 1385 3071 1454 quando
3115 1385 3290 1440 dicitis
3324 1402 3337 1438 :
3376 1404 3395 1436 ι
3431 1386 3536 1452 Qui

1952 1482 2073 1529 erat
2116 1483 2292 1530 tecum
2333 1484 2483 1529 trans
2522 1456 2836 1539 Jordanem,
2880 1475 2965 1528 cui
3010 1475 3369 1530 testimonium
3408 1491 3536 1545 pcr-

1953 1562 2172 1617 hibuisti
2216 1580 2277 1625 »ς
2319 1563 2436 1618 etsi
2468 1564 2710 1623 audistis,
2752 1578 2919 1631 quare
2962 1563 3146 1627 illum,
3179 1564 3246 1618 de
3287 1581 3393 1635 quo
3429 1565 3536 1619 tale

1954 1652 2320 1706 testimonium
2361 1652 2609 1721 perhibui
2637 1691 2651 1716 ,
2702 1651 2771 1705 ad
2822 1666 2907 1706 me
2951 1653 3236 1717 accusatis,
3281 1654 3435 1722 quasi
3481 1656 3535 1709 in

1890 1736 1932 1793 Β
1961 1743 2213 1813 injuriam
2245 1758 2418 1797 meam
2466 1742 2659 1797 multos
2700 1741 3019 1813 baptizarit?
3047 1743 3166 1797 Dixi
3193 1761 3207 1797 :
3239 1743 3356 1800 Non
3411 1762 3533 1801 sum

1954 1831 2238 1897 Christus,
2283 1832 2377 1886 sed
2413 1832 2640 1904 simpex
2691 1832 2880 1897 homo;
2933 1848 3038 1887 non
3084 1849 3203 1888 sum
3259 1844 3451 1890 unctus
3506 1854 3537 1891 a

1953 1924 2119 1981 Patre
2154 1924 2486 1995 plenitudine
2518 1923 2760 1992 spiritus,
2809 1923 2903 1979 ille
2922 1933 3107 1978 autem
3137 1934 3359 1993 unctus;
3386 1937 3443 1982 et
3471 1928 3539 1983 de

1955 2014 2285 2086 plenitudine
2326 2012 2442 2081 ejus
2486 2013 2688 2083 accepi.
2735 2013 2843 2068 Sed
2871 2014 2996 2083 quia
3034 2016 3229 2071 missus
3261 2033 3380 2071 sum
3412 2029 3540 2071 ante

1957 2106 2128 2171 illum,
2161 2106 2358 2161 missus
2382 2121 2502 2175 sum
2534 2106 2589 2159 in
2623 2106 2876 2159 mundum
2911 2106 3091 2176 prius,
3117 2109 3385 2163 nascendo
3411 2118 3540 2162 ante

1956 2197 2127 2252 illum.
2156 2196 2247 2252 Ille
2278 2205 2402 2251 ante
2432 2194 2615 2251 omnia
2643 2194 2820 2250 secula
2864 2195 3006 2249 Deus
3031 2211 3154 2250 cum
3188 2195 3299 2251 Deo
3340 2198 3536 2260 Patre,

1953 2305 2055 2362 ego
2084 2290 2243 2345 homo
2278 2290 2331 2344 in
2361 2289 2467 2343 fine
2495 2287 2661 2343 seculi
2702 2286 2898 2341 missus
2945 2287 3002 2340 in
3030 2301 3211 2350 carne,
3248 2296 3536 2358 antequam

3097 1114 3207 1183 Ego
3261 1131 3364 1168 non
3411 1131 3529 1168 sum

1959 2381 2048 2436 ille
2086 2389 2399 2435 nasceretur
2429 2378 2482 2432 in
2509 2392 2694 2433 carne.

2027 2471 2134 2536 Qui
2159 2470 2309 2523 habet
2333 2484 2599 2538 sponsam,
2628 2484 2846 2538 sponsus
2871 2478 2966 2523 est.
2997 2467 3197 2524 Videns
3218 2482 3539 2540 praecurso:

1954 2561 2315 2632 cogitationes
2333 2574 2556 2614 suorum
2581 2556 2987 2628 discipulorum,
3015 2558 3109 2628 qui
3140 2558 3265 2613 talia
3288 2558 3357 2612 de
3380 2557 3538 2613 Chri-

1956 2663 2043 2708 sto
2085 2651 2306 2721 ejusqne
2346 2651 2670 2720 baptismate
2721 2649 3109 2720 proferebant,
3155 2660 3211 2706 et
3247 2649 3541 2705 audiebant

1955 2746 2040 2800 sui
2073 2743 2313 2816 magistri
2355 2758 2674 2813 responsum
2702 2743 2768 2797 de
2803 2757 2861 2797 se
2903 2743 3018 2812 ipso
3055 2744 3201 2797 etde
3225 2758 3323 2798 suo
3362 2743 3541 2810 bapti-

1956 2848 2153 2897 su‘iate,
2200 2838 2429 2891 dicens:
2465 2856 2482 2887 π
2528 2836 2641 2890 Non
2671 2843 2845 2904 potest
2891 2836 3050 2889 homo
3094 2835 3337 2902 accipere
3385 2835 3541 2904 quic—

1957 2944 2119 2998 quam
2151 2948 2196 2992 i,
2221 2927 2509 2982 humilians
2529 2942 2590 2979 se
2631 2925 2827 2993 ipsum,
2857 2924 3226 2995 veraciter-que
3255 2924 3320 2976 de
3346 2937 3405 2976 se
3428 2924 3544 2991 ipso

1959 3020 2336 3089 pronuntians,
2379 3017 2522 3085 quod
2565 3024 2810 3068 terrenus
2860 3015 3021 3075 homo
3065 3014 3155 3077 sit,
3191 3022 3246 3067 et
3294 3013 3548 3068 volebaut

295 3106 565 3170 mortalis,
610 3105 754 3174 quod
800 3115 1079 3175 peccator,
1111 3106 1253 3174 quod
1306 3119 1372 3158 ex
1417 3105 1595 3174 primo
1643 3106 1859 3160 homine
1885 3091 1930 3151 Ο
1966 3111 2343 3178 interrogare:
2374 3105 2433 3159 Si
2472 3105 2632 3159 homo
2683 3119 2743 3158 es
2787 3102 3143 3166 solummodo,
3186 3111 3246 3157 et
3281 3104 3542 3173 majorem

297 3205 509 3252 terreno
543 3206 789 3252 terrenus
824 3196 999 3252 factus
1029 3196 1125 3261 sit,
1160 3204 1216 3251 et
1251 3205 1453 3257 cetera,
1488 3210 1625 3264 quae
1663 3196 1729 3250 de
1757 3195 1856 3248 hu-

294 3303 480 3342 manae
505 3297 735 3341 naturae
765 3287 1076 3341 infirmitate
1103 3295 1158 3341 et
1200 3295 1421 3356 peccato
1458 3294 1511 3340 et
1543 3300 1713 3354 poena
1738 3300 1862 3354 pec-

293 3378 393 3430 cati
426 3380 481 3432 in
522 3393 582 3432 se
612 3379 729 3448 ipso
770 3378 1073 3448 ceterisque
1114 3378 1424 3432 hominibus
1462 3377 1862 3442 considerabat,

292 3466 521 3534 gratiam
542 3481 785 3535 seorsum
810 3481 1100 3537 segregans
1115 3483 1143 3520 a
1160 3482 1238 3530 se,
1264 3482 1425 3536 quam
1453 3475 1732 3536 acceperat
1755 3483 1864 3522 non

293 3571 356 3609 ex
400 3556 637 3622 meritis,
678 3558 773 3612 sed
811 3574 878 3613 ex
925 3558 1247 3612 abundantia
1293 3559 1640 3629 plenitudinis
1674 3559 1862 3629 ipsius,

294 3647 441 3716 cujus
456 3664 781 3719 praecursor
797 3660 932 3704 erat.
959 3650 1072 3704 Duo
1095 3651 1503 3706 considerantur
1526 3651 1577 3704 in
1602 3651 1820 3705 homine
1848 3669 1861 3704 :

292 3738 477 3793 datum
504 3739 757 3794 videlicet
784 3750 837 3793 et
863 3739 1082 3794 donum.
1115 3740 1307 3795 Datum
1337 3742 1574 3795 refertur
1598 3741 1665 3795 ad
1711 3748 1867 3795 natu-

292 3843 424 3892 ram,
459 3831 664 3885 donum
692 3827 924 3884 refertur
945 3829 1010 3882 ad
1034 3830 1282 3899 gratiam.
1310 3829 1376 3884 Et
1394 3829 1639 3899 quamvis
1664 3831 1867 3885 nullum

290 3920 485 3976 borum
535 3922 608 3977 sit
645 3921 749 3976 nisi
791 3935 859 3976 ex
906 3921 1049 3986 Deo,
1100 3921 1240 3976 sicut
1285 3922 1361 3975 ait
1407 3921 1737 3991 Apostolus:
1777 3941 1795 3973 ς
1824 3920 1869 3977 Ο

291 4011 477 4077 homo,
508 4012 637 4082 quid
664 4012 832 4066 habes
862 4011 1005 4081 quod
1028 4026 1131 4065 non
1161 4011 1415 4080 accepisti
1440 4012 1502 4064 »Ἰ
1529 4012 1664 4066 solet
1689 4020 1870 4065 tamen

288 4100 578 4170 Scriptura
605 4101 792 4154 datum
842 4108 1066 4152 naturae
1092 4099 1246 4167 quasi
1277 4099 1376 4168 ipsi
1407 4097 1635 4162 homini,
1668 4098 1869 4151 donum

288 4206 419 4246 vero
463 4192 601 4246 nulli
647 4192 750 4245 nisi
784 4191 894 4245 Deo
925 4189 1260 4245 adscribere.
1290 4189 1370 4243 Ad
1399 4190 1501 4244 hoc
1536 4189 1681 4243 enim
1726 4189 1872 4242 dedit

288 4280 430 4335 Deus
457 4292 740 4345 naturam,
777 4290 834 4335 ut
867 4296 986 4334 eam
1028 4289 1247 4334 ornaret
1271 4295 1367 4348 per
1398 4280 1646 4348 gratiam.
1677 4279 1744 4333 Et
1771 4280 1873 4333 hoc

288 4379 373 4423 est
416 4372 570 4439 quod
596 4372 716 4424 ait:
753 4370 878 4425 Non
920 4378 1091 4439 potest
1133 4372 1317 4431 homo,
1366 4370 1466 4423 hoc
1510 4377 1594 4423 est
1634 4370 1868 4424 humana

290 4471 511 4522 natura,
556 4461 787 4528 accipere
811 4459 1087 4528 quicquam
1120 4459 1352 4530 gratiae,
1383 4459 1485 4511 nisi
1511 4458 1670 4527 fuerit
1699 4462 1747 4514 ei
1775 4462 1870 4514 da-

289 4562 398 4603 tum
422 4553 493 4605 de
516 4551 685 4605 caelo.
704 4551 898 4604 Datum
925 4551 977 4603 in
1002 4550 1101 4603 hoc
1132 4550 1248 4603 loco
1275 4566 1370 4620 pro
1413 4551 1610 4605 donum
1640 4550 1875 4607 Joannes

288 4641 512 4708 posuit,
546 4639 689 4708 quod
719 4628 1036 4707 saepissime
1082 4638 1352 4691 invenitur
1397 4639 1449 4692 in
1498 4640 1679 4693 divina
1731 4640 1877 4695 Scri—

290 4741 467 4799 ptura.
525 4734 723 4786 Datum
769 4732 911 4785 enim
950 4745 1047 4799 pro
1074 4731 1234 4791 dono,
1266 4741 1321 4785 et
1361 4732 1559 4785 donum
1608 4748 1706 4802 pro
1750 4734 1877 4788 dato

288 4834 468 4893 potest
495 4825 695 4893 accipi.
730 4824 803 4877 Ita
834 4822 975 4876 enim
1006 4820 1191 4888 juncta
1222 4830 1349 4876 data
1389 4833 1613 4877 naturae
1640 4833 1696 4877 et
1736 4825 1873 4878 dona

287 4915 525 4981 gratiae,
554 4923 617 4966 ut
640 4910 1016 4980 inseparabilia
1042 4910 1155 4965 fieri
1177 4912 1475 4965 videantur.
1505 4911 1657 4966 Nulla
1680 4913 1876 4982 quippe

285 5014 488 5057 natura
550 5012 637 5057 est
682 5001 976 5066 rationalis,
1027 5014 1165 5071 quae
1214 5003 1434 5055 omnino
1478 5003 1621 5058 dono
1666 5006 1874 5073 gratiae

284 5102 498 5148 careat.
538 5092 669 5146 Nisi
699 5092 854 5160 fuerit
890 5093 1066 5145 datum
1102 5092 1165 5145 de
1202 5092 1365 5146 caelo.
1413 5095 1485 5147 De
1527 5110 1635 5163 quo
1688 5097 1874 5150 caelo?

286 5183 361 5238 De
396 5183 578 5238 Patre
614 5181 880 5236 videlicet.
907 5181 1044 5237 Audi
1073 5181 1332 5237 Jacobum
1365 5187 1662 5254 apostolum
1696 5187 1877 5241 dicen-

288 5287 434 5328 tem:
473 5295 492 5324 ι
532 5272 714 5329 Omne
748 5271 929 5326 datum
966 5273 1226 5343 optimum
1257 5284 1313 5328 et
1339 5290 1498 5330 omne
1529 5277 1724 5330 donum
1754 5293 1879 5347 per-

286 5364 494 5419 fectum
525 5362 816 5416 desursum
837 5368 938 5421 est,
956 5362 1287 5417 descendens
1309 5380 1337 5418 a
1365 5363 1526 5419 Patre
1547 5365 1807 5423 lutninum
1833 5389 1876 5423 ι.

287 5454 502 5518 Quibus
531 5449 719 5503 verbis
745 5450 962 5503 omnino
989 5452 1267 5521 congruit,
1299 5455 1439 5521 quod
1484 5453 1717 5511 Joannes
1763 5461 1838 5513 ait
1863 5479 1875 5514 :

1902 4419 1951 4478 D

1967 3207 2288 3269 potestatem
2313 3205 2371 3252 et
2398 3197 2624 3266 gratiam
2661 3211 2694 3249 a
2725 3203 2776 3250 te
2808 3196 2922 3265 ipso
2965 3213 3069 3249 non
3117 3195 3302 3258 habes,
3328 3178 3548 3263 praeter

1965 3291 2109 3360 quod
2133 3289 2197 3343 al
2242 3305 2308 3345 eo
2347 3288 2623 3357 accepisti,
2671 3287 2761 3357 qui
2797 3303 2934 3341 nunc
2972 3288 3208 3357 haptizat
3239 3287 3291 3341 in
3322 3286 3546 3348 Judoea,

1966 3391 2023 3435 et
2054 3389 2107 3433 tu
2136 3380 2291 3441 diets,
2320 3378 2445 3445 quia
2488 3378 2681 3431 missus
2722 3386 2805 3429 est
2829 3387 2955 3429 ante
2987 3376 3155 3441 illum,
3184 3377 3289 3439 die,
3319 3390 3546 3444 quaesu-

1969 3482 2108 3532 mus,
2140 3467 2268 3536 quid
2295 3482 2354 3520 es
2396 3473 2614 3535 praeter
2656 3464 2948 3529 hominem,
2991 3475 3084 3518 aut
3133 3464 3442 3534 quantus',
3495 3475 3553 3517 et

1968 3557 2095 3628 quid
2124 3556 2330 3628 gratiae
2348 3553 2605 3625 accepisti
2630 3555 2694 3606 de
2722 3553 2901 3619 caelo;
2931 3554 3232 3623 respondit:
3260 3554 3368 3619 Qui
3393 3554 3548 3607 habet

1967 3665 2211 3719 sponsam
2236 3663 2456 3717 sponsus
2478 3655 2573 3701 est.
2606 3644 2709 3712 Qui
2741 3655 2959 3715 propter
2971 3644 3268 3700 Ecclesium
3297 3646 3462 3709 venit,
3491 3655 3553 3698 ut

1971 3740 2197 3795 haberet
2221 3754 2468 3808 sponsam
2490 3738 2657 3802 venit,
2680 3752 2841 3808 quam
2864 3753 3005 3792 nunc
3033 3737 3217 3807 incipit
3239 3752 3305 3791 ex
3325 3734 3549 3791 Judaico

1970 3831 2164 3902 populo
2202 3845 2424 3896 vocare,
2474 3830 2669 3885 multos
2709 3828 3037 3885 Iudaeorum
3083 3829 3381 3898 baptizans.
3436 3828 3553 3898 Ipse

1971 3939 2198 3993 sponsus
2224 3931 2325 3979 est.
2357 3922 2471 3994 Ego
2504 3931 2684 3977 autem
2704 3963 2719 3988 ,
2747 3930 2805 3976 ut
2827 3921 3172 3985 existimatis,
3196 3936 3368 3991 neque
3391 3936 3553 3990 spon-

1973 4028 2066 4067 sus
2110 4029 2249 4077 sum,
2300 4028 2474 4082 neque
2522 4027 2772 4082 sponsam
2830 4013 3038 4071 habeo,
3088 4013 3181 4066 sed
3224 4011 3278 4065 in
3326 4026 3552 4065 numero

1973 4120 2199 4172 sponsae
2231 4119 2316 4159 me
2343 4105 2516 4174 ipsum
2552 4112 2822 4172 computo.
2856 4103 2923 4159 Ut
2964 4104 3151 4157 sciatis
3192 4111 3391 4165 autem,
3418 4102 3551 4170 quid

1974 4209 2116 4255 sum,
2153 4203 2208 4248 et
2250 4193 2461 4263 qualem
2497 4193 2724 4263 gratiam
2755 4193 2926 4246 habeo
2955 4192 3023 4245 ab
3072 4190 3161 4245 illo
3207 4205 3421 4259 sponso,
3457 4192 3551 4259 qui

1974 4285 2139 4339 habet
2167 4298 2453 4354 sponsam,
2484 4284 2665 4336 audite
2699 4299 2710 4334 :
2754 4282 2966 4334 Amicus
2992 4290 3166 4334 autem
3195 4282 3391 4350 sponsi.
3434 4281 3551 4337 Non

1972 4389 2092 4429 sum
2143 4389 2388 4442 sponsus,
2433 4372 2526 4427 sed
2579 4387 2823 4441 magnam
2854 4373 3081 4438 gratiam
3122 4373 3303 4443 sponsi
3358 4373 3550 4435 habeo,

1981 4464 2187 4518 amicus
2211 4460 2323 4530 ejus
2346 4475 2484 4515 sum.
2520 4458 2622 4525 Qui
2646 4470 2748 4513 stat
2776 4469 2824 4514 ct
2853 4463 3002 4515 audit
3035 4478 3175 4528 eum,
3200 4462 3391 4533 gaudio
3418 4479 3553 4533 gau-

1980 4553 2084 4605 det.
2109 4551 2220 4621 Ego
2248 4549 2451 4604 amicus
2491 4550 2673 4620 sponsi
2703 4567 2842 4615 sum,
2877 4560 2933 4607 et
2958 4562 3039 4606 sto
3084 4552 3137 4606 in
3178 4552 3293 4619 ejus
3341 4554 3550 4622 gratia;

1982 4640 2034 4693 in
2058 4638 2172 4706 ejus
2198 4637 2434 4692 amicitia
2463 4654 2781 4708 permaneo;
2810 4657 2915 4696 non
2944 4643 3106 4703 cado;
3143 4642 3230 4696 ille
3254 4657 3340 4697 me
3370 4644 3554 4698 custo-

1981 4730 2160 4794 dit,ne
2181 4730 2397 4792 cadam;
2429 4728 2517 4784 ille
2538 4730 2666 4785 mihi
2691 4732 2874 4794 donat,
2899 4747 2966 4786 ne
2986 4733 3213 4802 gratiam
3232 4749 3383 4789 suam
3402 4735 3555 4789 dese-

1983 4834 2095 4871 ram
2116 4859 2130 4883 ,
2153 4819 2245 4873 sed
2261 4834 2473 4888 semper
2489 4828 2623 4874 stem
2639 4830 2693 4873 et
2708 4821 2921 4875 audiam
2943 4837 3086 4885 eum,
3119 4824 3330 4877 audiam
3355 4824 3554 4881 doctri-

1991 4902 2113 4967 ntﬁn
2142 4912 2275 4981 ejus,
2297 4929 2399 4969 non
2424 4914 2756 4969 extrinsecus
2776 4915 3108 4970 solummodo
3141 4932 3271 4971 aure
3291 4919 3553 4987 corporis.

1979 5018 2166 5059 verum
2191 5005 2352 5059 etiam
2370 5005 2693 5059 intrinsecus
2715 5022 2843 5061 aure
2871 5008 3076 5073 cordis,
3097 5019 3150 5065 et
3168 5009 3285 5078 plus
3306 5011 3554 5063 intrinse-

1984 5111 2079 5150 cns
2104 5111 2265 5164 quam
2311 5094 2662 5148 extrinsecus.
2701 5097 2811 5150 Vox
2858 5098 2975 5166 ejus
3017 5100 3378 5154 testimonium
3415 5098 3548 5163 ejus.

1985 5202 2092 5255 quo
2113 5184 2357 5254 perhibet
2380 5198 2437 5237 se
2463 5182 2655 5237 Filium
2682 5184 2774 5240 Dei
2801 5197 2854 5239 et
2882 5204 3134 5258 sponsum
3164 5189 3461 5250 Ecclesiae;
3502 5197 3556 5241 et

1986 5293 2113 5348 quta
2156 5275 2317 5329 audio
2368 5274 2589 5328 verbum
2659 5276 2816 5345 ejus,
2870 5281 3074 5347 gaudeo
3125 5287 3335 5346 propter
3378 5295 3553 5331 vocem

1986 5367 2177 5435 sponsi.
2208 5365 2281 5419 De
2302 5379 2360 5419 se
2388 5364 2502 5433 ipso
2546 5380 2675 5436 ergo
2717 5367 2920 5435 profert
2981 5367 3214 5421 Joannes
3260 5368 3403 5435 quod
3432 5367 3507 5420 ait
3537 5385 3551 5421 :

1987 5458 2200 5511 Amicus
2228 5468 2392 5509 autem
2423 5458 2617 5524 sponsi,
2649 5459 2736 5524 qui
2780 5469 2889 5511 stat
2912 5469 2955 5511 et
2986 5458 3131 5510 audit
3177 5473 3317 5523 cum,
3367 5455 3556 5526 gaudio

1591 5564 1842 5617 VAIlIAE
1882 5564 2274 5621 LELTIUNES.

344 5664 360 5692 ι
409 5659 553 5715 catt.
590 5654 867 5723 quicquam
891 5655 1139 5720 accipere.
1215 5655 1235 5685 '
1274 5653 1450 5711 Corn.
1483 5657 1597 5712 cod.
1630 5659 1888 5712 an::n.ies.
