3904 6148
384 298 487 342 ita?

386 298 487 360 3:37
1760 297 1938 357 Just".

2079 300 2269 355 ἕῖέῖἱῖῗί

3533 297 3627 356 3:28

386 416 577 483 gaudet
601 418 808 485 proliler
849 428 1020 467 rorem
1049 414 1221 482 spOnsi
1243 454 1256 473 ,
1289 422 1345 465 ut
1377 414 1619 481 discipuli
1650 418 1730 469 sui
1779 427 1962 485 aperte
1995 417 2035 472 Α
2066 429 2254 466 omnes
2284 413 2477 467 terreni
2508 422 2783 481 peccatum
2827 424 2878 467 ct
2906 426 3131 482 poenam
3162 414 3385 484 peccati,
3416 414 3519 470 hoc
3549 427 3647 473 est-

381 511 790 574 cognoscerent,
821 502 946 571 quid
978 502 1091 571 ipse
1132 511 1296 565 esset,
1333 510 1387 555 et
1431 503 1559 569 quid
1602 502 1866 569 Christus,
1901 506 1951 558 in

381 607 541 662 quem
590 591 765 646 adhuc
817 605 922 645 non
970 590 1348 653 crediderant,
1399 605 1571 659 neque
1629 593 1952 662 baptismum

380 682 498 752 ejus
526 690 861 752 acceperant.
914 679 1025 733 Hoc
1055 696 1175 750 ergo
1211 681 1463 750 gaudium
1492 698 1660 735 meum
1688 682 1952 752 impletum

369 785 471 829 est.
501 774 579 829 Ac
606 774 649 828 si
681 773 886 828 diceret
919 771 1007 826 :ln
1034 772 1135 825 hoc
1157 772 1411 840 gaudium
1439 788 1617 828 meum
1648 772 1949 843 impletum,

377 871 430 919 in
463 880 546 927 eo,
595 863 734 933 quod
787 861 960 916 factus
1005 876 1124 915 sum
1170 862 1378 915 amicus
1427 863 1632 930 sponsi,
1679 869 1734 916 et
1775 874 1859 918 sto
1894 862 1948 916 in

368 957 490 1027 ejus
515 955 707 1028 gratia,
746 963 800 1010 et
843 954 1003 1008 audio
1032 965 1218 1007 vocem
1264 953 1487 1022 sponsi,
1529 954 1771 1008 vocantis
1806 968 1951 1009 nunc

373 1059 625 1115 sponsam
654 1046 707 1099 in
731 1043 931 1099 Judaea
961 1058 1028 1111 es
1056 1041 1298 1105 Judaeis,
1331 1050 1384 1095 et
1413 1041 1714 1096 inchoantis
1758 1054 1855 1111 per
1891 1056 1950 1097 se

372 1139 545 1207 ipsum
595 1145 649 1192 et
688 1134 1004 1205 praedicare
1054 1140 1110 1185 et
1153 1130 1462 1201 baptizare;
1502 1133 1643 1200 quod
1681 1130 1796 1201 jam
1840 1146 1946 1185 non

370 1227 603 1287 sentitis,
654 1224 744 1294 qni
781 1224 833 1278 in
881 1237 1002 1277 eum
1038 1237 1141 1276 non
1172 1221 1414 1275 'CI‘Btlll'lS.
1466 1219 1531 1273 Et
1559 1236 1625 1275 ne
1653 1220 1946 1285 miremini,

370 1316 511 1385 quod
535 1314 621 1368 ille
647 1312 903 1382 baptizat,
930 1320 984 1363 et
1009 1325 1197 1364 omnes
1227 1311 1446 1364 veniunt
1470 1310 1535 1363 ad
1561 1324 1707 1369 etim,
1743 1319 1802 1363 nt
1830 1323 1948 1365 cre-

369 1408 497 1458 dant
519 1414 573 1459 et
596 1403 956 1472 haptizentur,
985 1408 1038 1453 et
1066 1399 1206 1470 quod
1239 1398 1418 1467 plures
1447 1397 1737 1469 discipulos
1763 1399 1945 1464 habet,

366 1511 526 1566 quam
565 1510 663 1566 ego
691 1510 704 1546 :

437 1587 598 1641 Illum
655 1593 851 1656 Oportet
920 1598 1146 1637 crescere
1182 1622 1197 1648 ,
1256 1597 1336 1634 me
1401 1590 1574 1633 autem
1632 1579 1819 1634 minui.
1873 1578 1946 1633 ll-

365 1681 474 1733 ium
524 1686 737 1748 oportet
784 1689 1035 1729 crescere
1092 1674 1144 1727 in
1188 1673 1459 1728 mentibus
1505 1674 1731 1735 vestris,
1782 1688 1942 1741 quem

368 1770 537 1824 adhuc
584 1766 920 1822 solummodo
976 1765 1248 1819 hominem
1301 1773 1358 1819 et
1407 1764 1604 1819 nullius
1658 1766 1940 1833 potestatis

367 1856 725 1921 existimatis;
784 1854 878 1909 sed
930 1853 1079 1908 illum
1129 1861 1343 1923 oportet
1400 1867 1686 1918 crescere,
1731 1863 1790 1907 ut
1832 1869 1939 1907 non

363 1949 534 2003 solum
564 1962 748 2002 verum
770 1945 1042 2000 hominem
1072 1944 1429 2014 cognoscatis,
1453 1944 1545 1998 sed
1569 1944 1729 1998 etiam
1751 1957 1938 1998 verum

364 2041 553 2102 Deum,
581 2046 636 2090 et
660 2051 758 2090 suo
785 2035 1065 2105 aequalem
1107 2033 1275 2087 Patri.
1326 2031 1552 2104 Oportet
1599 2033 1777 2103 itaque
1817 2048 1938 2087 eum

362 2142 610 2183 crescere
635 2127 690 2181 in
721 2124 1137 2194 cogitationibus
1174 2123 1370 2177 vestris
1388 2162 1404 2185 ,
1430 2137 1516 2176 me
1545 2130 1722 2175 autem
1750 2122 1936 2176 minui.

363 2219 568 2273 Putatis
595 2215 847 2285 majorem
878 2211 1012 2287 [me]
1042 2214 1057 2243 ¹
1083 2226 1232 2277 esse,
1275 2226 1436 2281 quam
1465 2226 1604 2274 sum,
1634 2209 1781 2264 illum
1809 2226 1939 2266 vero

362 2310 646 2372 minorem,
676 2321 836 2376 quam
866 2315 965 2360 est.
1013 2302 1207 2373 Opinio
1232 2309 1411 2357 vestra
1440 2302 1506 2356 de
1554 2317 1640 2386 me
1688 2301 1741 2354 in
1786 2300 1939 2357 vobis

361 2402 653 2463 minuetur,
700 2398 882 2468 opinio
922 2403 1100 2451 vestra
1132 2395 1198 2449 de
1237 2393 1327 2448 illo
1356 2393 1407 2447 in
1450 2393 1603 2447 vobis
1633 2392 1933 2462 augebitu‘r.

360 2492 510 2557 Quod
539 2490 582 2544 si
612 2486 1032 2559 cognosceretis,
1061 2501 1124 2540 ex
1156 2483 1459 2539 visibilibus
1487 2484 1654 2554 signis
1682 2499 1939 2554 augmen-

362 2582 463 2635 tari
508 2579 840 2649 potuissetis.
870 2578 981 2647 Ego
1019 2573 1367 2638 decollah’or,
1413 2574 1502 2628 ille
1529 2570 1854 2630 exaltabi‘tur
1884 2574 1935 2629 in

360 2682 543 2732 cruce,
593 2675 652 2720 nt
694 2681 792 2736 per
820 2665 924 2719 hoc
954 2663 1315 2734 cognoscatis,
1363 2662 1486 2732 quia
1537 2672 1749 2732 oportet
1788 2663 1933 2717 illum

359 2770 608 2811 crescere
637 2769 799 2823 super
831 2752 1009 2808 omnia
1057 2752 1111 2805 in
1142 2752 1413 2805 mentibus
1443 2750 1679 2820 perfecte
1716 2753 1937 2807 creden-

361 2848 493 2901 tium
545 2847 596 2900 in
639 2860 786 2907 eum,
839 2859 925 2898 me
966 2851 1144 2897 autem
1200 2841 1403 2906 minui,
1446 2850 1506 2896 ut
1544 2857 1707 2898 nemo
1742 2843 1806 2896 de
1850 2859 1937 2898 me

357 2936 648 2998 existimet,
696 2941 912 3003 praeter
954 2931 1095 3002 quod
1137 2947 1254 2986 sum
1300 2938 1352 2986 et
1396 2932 1464 2987 ab
1509 2946 1575 2986 eo
1618 2932 1821 3002 accepi.
1877 2930 1935 2988 ld

358 3027 532 3095 ipsum
559 3023 855 3094 significat,
886 3021 1026 3091 quod
1048 3021 1163 3090 ipse
1204 3020 1323 3075 luce
1367 3020 1655 3075 inchoante
1670 3034 1932 3086 crescere,

360 3114 598 3171 tenebris
629 3122 808 3168 autem
839 3115 1153 3168 decrescere
1189 3118 1349 3165 natus
1370 3111 1472 3174 sit;
1522 3125 1621 3181 ego
1660 3126 1789 3167 vero
1817 3102 1935 3167 luce

359 3208 648 3262 inchoante
680 3205 882 3268 minui,
915 3205 1154 3258 tenebris
1178 3212 1358 3258 autem
1399 3204 1773 3259 inchoantibus
1817 3219 1933 3260 cre-

359 3310 511 3349 scere
554 3303 713 3348 natus
747 3308 885 3347 sum.
910 3292 1093 3346 Potest
1131 3299 1185 3345 et
1212 3291 1367 3345 aliter
1406 3291 1647 3361 intelligi.
1698 3289 1936 3348 Joannes

362 3383 586 3452 figuram
617 3381 749 3450 legis
790 3387 984 3450 gestat,
1035 3379 1285 3433 Christus
1328 3393 1458 3434 vero
1503 3378 1728 3450 ﬁguram
1758 3395 1931 3445 suam,

362 3471 414 3524 id
451 3479 535 3524 est
557 3470 818 3524 veritatis.
849 3470 1156 3543 Apparente
1194 3468 1359 3537 igitur
1386 3469 1617 3524 veritate
1643 3470 1695 3523 in
1736 3471 1937 3525 mundo

359 3559 539 3628 coepit
582 3558 666 3611 lex
710 3557 878 3611 minui
906 3570 925 3623 ,'
952 3557 1055 3612 hoc
1093 3566 1177 3612 est
1228 3557 1461 3611 carnalia
1494 3572 1676 3627 opera.
1721 3558 1935 3630 Cogno-

361 3664 518 3704 scens
562 3649 697 3704 haec
747 3662 1073 3717 praecursor
1116 3655 1171 3702 et
1239 3648 1496 3717 propheta
1549 3656 1606 3703 et
1654 3647 1933 3719 plusquam

361 3742 643 3810 propheta,
692 3738 767 3792 ait
814 3736 1025 3792 :Illum
1072 3745 1269 3806 oportet
1321 3754 1584 3801 crescere,
1626 3753 1707 3793 me
1761 3736 1935 3793 autem

361 3830 545 3884 minui.
574 3828 688 3891 Ille,
720 3827 844 3898 quia
868 3828 1070 3882 veritas
1095 3835 1198 3891 est,
1243 3836 1447 3883 crescet
1478 3830 1530 3882 in
1576 3830 1805 3892 mundo,
1835 3830 1935 3884 hoc

364 3930 470 3984 est,
504 3920 803 3976 clarissime
844 3929 1198 3988 cognoscetnr
1235 3919 1302 3973 ab
1346 3910 1429 3973 his
1475 3919 1564 3988 qui
1612 3919 1840 3974 credunt
1884 3929 1939 3975 et

363 4011 622 4066 credituri
667 4018 792 4063 sunt
820 4009 871 4063 in
920 4023 1061 4062 eum.
1107 4008 1215 4061 Lex
1263 4016 1463 4072 autem,
1510 4006 1662 4077 cuius
1710 4008 1933 4078 ﬁguram

365 4118 513 4173 gero,
540 4101 830 4164 minuetur,
865 4100 1095 4154 veritate
1120 4106 1412 4153 crescente.

435 4198 536 4265 Qui
565 4199 835 4253 derursum
869 4198 1022 4256 venit,
1049 4213 1202 4266 super
1231 4212 1403 4251 omnes
1433 4204 1526 4250 est.
1572 4197 1767 4251 lterum
1798 4198 1935 4252 redit

364 4304 555 4344 servus
600 4289 665 4343 ad
709 4286 1162 4356 comparationem
1206 4286 1286 4338 sni
1337 4296 1391 4339 et
1438 4286 1647 4339 Domini
1680 4286 1781 4340 sui.
1833 4289 1937 4352 Qui

364 4380 639 4433 desursum
690 4379 862 4441 venit,
918 4378 1018 4431 hoc
1063 4384 1146 4431 est
1175 4416 1190 4440 ,
1238 4377 1325 4447 qui
1372 4392 1437 4431 ex
1482 4377 1641 4431 Patre
1689 4378 1833 4431 venit
1880 4378 1930 4430 in

365 4469 643 4530 mundum,
700 4476 756 4521 ut
805 4468 1037 4523 salvarct
1085 4468 1360 4532 mundum,
1414 4464 1785 4538 super'onmcs
1828 4479 1931 4533 est,

366 4574 470 4612 non
532 4557 702 4611 solum
756 4570 843 4610 me
907 4566 1125 4626 superat
1169 4572 1382 4611 servum
1427 4567 1481 4612 et
1522 4574 1931 4628 praecursorem

363 4661 541 4708 suum,
574 4660 760 4699 verum
791 4645 949 4700 etiam
995 4658 1183 4699 omnes
1232 4646 1495 4711 homines,
1543 4655 1597 4701 et
1627 4663 1730 4703 non
1760 4648 1929 4703 solum

365 4736 628 4798 homines,
660 4748 843 4789 verum
872 4735 1030 4789 etiam
1059 4750 1245 4790 omnes
1287 4737 1511 4792 virtutes
1557 4738 1833 4805 caelestes,
1880 4749 1933 4795 et

363 4825 561 4885 omnia,
604 4837 742 4893 quae
767 4831 914 4888 sunt,
949 4832 1167 4891 etquae
1194 4839 1297 4878 non
1330 4834 1472 4879 sunt.
1521 4826 1629 4880 Nec
1662 4824 1934 4896 hocjuxta

365 4914 725 4976 divinitatem,
771 4914 863 4967 sed
903 4910 1052 4982 juxta
1086 4915 1694 4980 humanitatem;homo
1740 4917 1937 4989 quippe

364 5015 450 5061 est
479 5013 535 5059 et
576 5004 856 5073 plusquam
886 5005 1064 5059 homo.
1094 5004 1351 5059 Divinitas
1392 5005 1505 5075 ejus
1536 4991 1665 5061 nihil
1696 5020 1937 5077 superat,

366 5096 492 5165 quia
538 5094 719 5150 omnia
768 5102 870 5148 est.
913 5093 1015 5159 Qui
1057 5104 1128 5146 est
1178 5093 1242 5147 de
1271 5104 1430 5159 terra,
1479 5106 1618 5148 terra
1662 5107 1757 5156 est,
1796 5107 1842 5149 et
1874 5099 1937 5151 de

367 5194 505 5239 terra
534 5183 782 5255 loquitur.
839 5185 910 5237 De
938 5199 995 5237 se
1042 5184 1160 5252 ipso
1202 5184 1301 5237 hoc
1347 5184 1457 5245 ait,
1496 5199 1557 5238 ac
1596 5185 1637 5236 si
1689 5186 1891 5239 diceret
1923 5202 1936 5239 :

371 5276 500 5345 Ego,
538 5275 630 5344 qui
659 5274 725 5328 de
751 5282 892 5329 terra
936 5288 1077 5337 sum,
1108 5274 1205 5327 hoc
1233 5284 1314 5326 est
1347 5275 1411 5327 de
1451 5276 1676 5327 terrenis
1703 5278 1937 5344 parenti-

368 5368 488 5427 bus,
518 5375 677 5419 natus
706 5378 771 5419 ex
805 5364 914 5428 illo,
942 5365 1026 5417 cui
1071 5364 1268 5419 dictum
1296 5372 1400 5427 est,
1428 5384 1445 5413 ι
1481 5363 1646 5417 Terra
1693 5380 1750 5419 es
1791 5375 1844 5419 et
1890 5368 1943 5419 in

371 5462 569 5507 terram
599 5454 698 5507 ibis
732 5473 777 5518 ι,
822 5454 922 5507 hoc
947 5462 1025 5507 est
1060 5453 1172 5519 ipso
1202 5461 1412 5506 terreno
1450 5451 1683 5516 homine,
1730 5471 1793 5508 ex
1838 5471 1943 5525 quo

2057 512 2307 565 mortem,
2336 510 2569 567 traxere,
2605 503 2727 557 inde
2758 518 2896 557 sum.
2926 502 2992 556 Et
3020 503 3140 557 ideo
3167 511 3306 558 terra
3335 503 3476 567 sum,
3505 507 3626 574 quia

2054 594 2120 646 de.
2163 603 2303 648 terra
2344 603 2501 649 natus
2543 610 2685 658 sum,
2734 610 2833 649 nec
2884 594 3026 648 aliud
3076 608 3162 648 me
3205 609 3325 649 esse
3370 595 3624 651 arbitror.

2053 683 2109 738 Si
2158 684 2282 753 quid
2337 698 2497 754 supra
2550 684 2683 738 haec
2724 683 2929 748 habeo,
2981 684 3046 738 de
3091 683 3421 752 plenitudine
3463 686 3629 755 ipsius

2051 775 2274 843 accipio,
2313 782 2435 827 ante
2460 788 2618 841 quem
2649 773 2847 826 missus
2876 787 3014 826 sum.
3048 771 3115 824 Et
3149 772 3213 824 de
3264 778 3406 826 terra
3450 768 3623 844 loqui-

2051 873 2155 927 tur,
2211 863 2311 918 hoc
2333 876 2435 926 est,
2489 864 2555 916 de
2614 861 2902 931 fragilitate
2946 875 3098 915 meae
3147 870 3372 915 naturae
3413 850 3627 932 loquor,

2049 966 2378 1023 coguoscens
2400 966 2516 1006 eam
2552 951 2623 1005 nil
2651 966 2791 1015 esse,
2818 950 2863 1004 si
2890 951 3172 1005 desursum
3200 967 3306 1005 non
3334 953 3623 1021 acciperet.

2049 1040 2115 1094 Et
2142 1056 2208 1095 ne
2233 1040 2447 1095 mireris
2466 1081 2479 1103 ,
2504 1038 2764 1093 Joannem
2791 1040 2856 1094 de
2882 1054 2940 1094 se
2964 1040 3077 1108 ipso
3108 1040 3271 1095 veluti
3300 1042 3366 1096 de
3393 1043 3626 1111 quadam

2050 1130 2207 1184 tertia
2259 1145 2493 1199 persona
2525 1129 2745 1189 dixisse,
2793 1143 2891 1182 nec
2932 1128 3047 1183 sine
3092 1128 3322 1194 ratione,
3368 1131 3623 1199 quoniam

2046 1237 2328 1291 personam
2354 1221 2528 1275 omnis
2560 1222 2756 1275 terreni
2786 1219 3019 1275 hominis
3062 1219 3116 1275 in
3147 1233 3206 1274 se
3233 1220 3492 1275 ostendit.
3521 1220 3622 1287 Qui

2045 1312 2110 1366 de
2136 1312 2283 1365 caelo
2304 1313 2461 1375 venit,
2502 1326 2658 1382 seper
2702 1326 2876 1383 omnes
2904 1320 2998 1364 est.
3038 1311 3233 1365 Eadem
3271 1311 3432 1365 verba
3476 1321 3623 1376 sunt,

2043 1409 2260 1472 praeter
2310 1404 2452 1472 quod
2509 1403 2660 1472 prius
2712 1402 2983 1456 desursum
3033 1403 3192 1466 venit,
3240 1417 3382 1457 nunc
3441 1411 3622 1457 autem

2044 1494 2109 1548 de
2146 1493 2290 1548 caelo
2328 1495 2482 1548 venit.
2521 1493 2588 1548 Et
2620 1504 2757 1562 quae
2804 1501 2887 1557 est
2934 1492 3035 1547 ista
3068 1493 3346 1564 repetitio,
3394 1502 3448 1548 et
3490 1495 3622 1564 quid

2042 1584 2195 1639 vult?
2232 1583 2313 1638 An
2343 1583 2483 1638 forte
2522 1582 2665 1636 aliud
2715 1590 2798 1637 est
2846 1600 2865 1633 ι
2899 1582 3178 1637 desursum
3215 1584 3363 1636 venit
3397 1601 3445 1647 ι,
3475 1574 3625 1638 aliud

2054 1691 2072 1723 ι
2109 1674 2175 1727 de
2204 1673 2353 1728 caelo
2378 1673 2526 1727 venit
2559 1691 2576 1722 ι
2599 1672 2624 1724 ?
2657 1670 2902 1726 Christus
2932 1671 3214 1734 desursum
3254 1672 3420 1736 venit,
3466 1671 3626 1728 Chri‘c

1972 1752 2014 1810 Β
2042 1774 2157 1821 stus
2183 1766 2249 1820 de
2280 1767 2431 1821 caelo
2477 1765 2644 1831 venit,
2699 1764 2923 1833 ideoque
2967 1777 3130 1832 super
3175 1779 3365 1820 omnes
3414 1775 3518 1829 est,
3566 1770 3626 1820 et

2040 1874 2203 1929 super
2257 1858 2459 1913 omnia.
2509 1856 2695 1912 Potest
2765 1855 2944 1923 itaque
3006 1855 3129 1909 talis
3178 1856 3432 1910 distantia
3479 1856 3624 1912 inter

2046 1967 2066 2002 ι
2102 1950 2385 2005 desursum
2416 1948 2559 2003 venit
2594 1966 2612 1999 ι
2667 1955 2721 2002 et
2771 1965 2789 1997 ι
2827 1946 2892 2001 de
2920 1945 3071 2001 caelo
3100 1945 3245 2000 venit
3286 1965 3305 1997 ι
3360 1945 3614 2016 intelligi,

2039 2048 2098 2093 ut
2130 2039 2181 2092 in
2211 2053 2276 2092 eo
2298 2079 2313 2103 ,
2361 2038 2502 2107 quod
2542 2036 2677 2091 dixit
2708 2054 2727 2087 ι
2766 2035 3049 2091 desursum
3081 2036 3228 2090 venit
3274 2054 3322 2101 ιθ
3358 2037 3620 2108 intelliga-

2040 2144 2162 2184 mus
2217 2126 2553 2182 altitudinem
2628 2127 2897 2188 humanae
2954 2134 3181 2181 naturae
3246 2136 3373 2180 ante
3456 2126 3621 2197 primi

2038 2226 2271 2285 hominis
2299 2225 2572 2288 delictum,
2618 2223 2686 2278 de
2731 2236 2834 2294 qua
2878 2221 3162 2277 altitudine
3202 2221 3473 2276 hominem
3522 2233 3619 2275 ve-

2038 2316 2183 2372 nisse
2224 2314 2497 2371 Christum
2529 2329 2633 2369 non
2673 2313 3001 2368 dubitamus.
3034 2310 3168 2366 Nam
3215 2312 3259 2366 si
3302 2312 3371 2367 de
3400 2311 3621 2367 homine

2036 2414 2157 2476 post
2182 2414 2459 2476 peccatum
2489 2403 2717 2468 veniret,
2748 2413 2975 2479 peccato
3013 2402 3192 2457 forsan
3223 2417 3329 2457 non
3369 2410 3617 2467 careret;

2036 2494 2288 2563 quoniam
2318 2507 2447 2547 vero
2473 2500 2693 2562 peccato
2717 2491 2910 2553 caruit,
2964 2499 3110 2545 recte
3149 2490 3447 2546 credendus
3479 2484 3503 2523 ⁸
3533 2500 3622 2545 est

2036 2576 2307 2658 hominem
2348 2592 2477 2635 ante
2527 2589 2807 2650 peccatum
2869 2580 3156 2650 accepisse.
3201 2578 3330 2633 Nam
3358 2579 3620 2634 Dominus

2035 2682 2219 2726 noster
2253 2669 2411 2727 Jcsus
2457 2669 2724 2733 Christus,
2775 2670 3044 2724 humanae
3089 2670 3340 2724 conditor
3386 2680 3618 2724 naturae

2035 2771 2195 2832 atque
2241 2760 2517 2826 salvator,
2563 2769 2617 2815 et
2657 2760 2723 2815 de
2766 2760 2940 2829 primo
2985 2759 3203 2813 homine
3242 2760 3449 2828 accepit
3489 2766 3619 2816 ante

2033 2861 2332 2922 peccatum,
2378 2860 2432 2907 et
2453 2850 2618 2905 veluti
2648 2850 2713 2906 de
2739 2849 2978 2904 secundo
3017 2849 3235 2904 homine
3275 2856 3394 2917 post
3422 2861 3618 2918 peccaa

2037 2952 2167 2996 tum.
2198 2941 2334 3009 Quid
2362 2941 2569 3011 accepit
2589 2942 2657 2995 ab
2685 2940 2902 2995 homine
2924 2947 3050 2994 ante
3072 2938 3389 3009 peccatum?
3414 2938 3617 2994 Carere

2034 3041 2277 3100 peccato,
2309 3030 2431 3099 quia
2461 3030 2695 3084 humana
2721 3039 2947 3093 natura,
2983 3028 3294 3097 priusquam
3341 3038 3612 3096 peccaret,

2036 3120 2257 3175 omnino
2303 3130 2525 3190 peccato
2573 3119 2814 3174 carebat.
2849 3116 2986 3185 Quid
3036 3118 3243 3187 accepit
3286 3116 3354 3170 ab
3394 3116 3616 3170 homine

2034 3216 2155 3279 post
2182 3208 2497 3278 peceatum?
2523 3206 2653 3262 Mori
2680 3222 2777 3276 pro
2807 3215 3051 3277 peccato,
3094 3205 3297 3277 absque
3323 3204 3431 3259 ullo
3458 3213 3615 3259 reatu

2033 3300 2257 3371 peccati.
2284 3300 2435 3367 Quod
2456 3314 2585 3367 ergo
2605 3299 2754 3367 prius
2779 3297 2855 3350 ait
2888 3316 2906 3347 ι
2948 3297 3039 3367 qui
3073 3296 3355 3350 desursum
3384 3294 3535 3349 venit
3562 3313 3612 3357 ι,

2035 3399 2180 3446 recte
2210 3390 2542 3460 intelligitur,
2586 3389 2675 3459 qui
2721 3373 2786 3442 de
2820 3387 3150 3442 sublimitate
3195 3385 3463 3439 humanae
3514 3400 3612 3437 na-

2037 3489 2205 3543 turae,
2238 3481 2304 3533 ad
2339 3479 2625 3549 imaginem
2666 3476 2758 3529 Dei
2796 3476 2985 3537 factae,
3020 3482 3308 3541 antequam
3340 3468 3611 3540 peccaret,

2036 3573 2202 3626 venit.
2232 3570 2419 3625 Nullus
2449 3570 2591 3625 enim
2634 3568 2755 3622 inde
2787 3567 2952 3631 venit,
2981 3566 3080 3619 nisi
3109 3566 3221 3633 ipse
3247 3563 3412 3619 solus.
3444 3561 3612 3630 Quot-

2034 3671 2166 3735 quot
2205 3662 2349 3717 enim
2386 3667 2647 3714 venerunt
2690 3658 2741 3711 in
2789 3655 3069 3719 mundum,
3107 3655 3176 3709 ab
3223 3654 3438 3707 homine
3484 3667 3613 3722 pec-

2035 3759 2194 3806 cante
2223 3757 2514 3812 venerunt;
2542 3746 2687 3801 solus
2714 3745 2800 3799 ille
2824 3745 3025 3813 absque
3051 3751 3272 3812 peccato
3297 3742 3365 3795 ab
3392 3741 3615 3796 homine

2035 3849 2159 3895 ante
2188 3848 2465 3911 peccatum
2490 3835 2771 3907 processit.
2799 3834 2952 3902 Quod
2973 3840 3150 3886 autem
3181 3832 3232 3885 in
3262 3831 3612 3901 sequentibus

2035 3928 2207 3993 dixit,
2247 3928 2336 3997 qui
2373 3926 2436 3979 de
2459 3924 2601 3979 caelo
2634 3924 2786 3989 venit,
2814 3938 2967 3991 super
2992 3938 3166 3975 omnes
3194 3930 3286 3984 est,
3314 3920 3383 3974 ibi
3408 3919 3611 3974 intelli-

2035 4019 2210 4087 gimus
2255 4016 2472 4071 Patrem
2521 4014 2656 4069 caeli
2720 4014 2936 4068 nomine
2984 4012 3341 4081 signiﬁcatum
3369 4049 3384 4075 ,
3429 4024 3460 4064 a
3502 4025 3613 4078 quo

2036 4108 2232 4164 missus
2283 4114 2367 4160 est
2413 4104 2660 4160 Christus
2707 4103 2760 4157 in
2811 4101 3102 4164 mundum,
3154 4101 3296 4153 sicut
3334 4100 3446 4168 ipse
3489 4098 3609 4151 ait:
3685 4120 3688 4124 λ

2041 4217 2060 4248 ι
2102 4197 2248 4252 Exivi
2294 4212 2322 4250 a
2367 4193 2562 4257 Patre,
2610 4202 2663 4247 et
2734 4192 2854 4246 veni
2903 4192 2956 4246 in
3010 4189 3322 4244 mundum».
3392 4187 3618 4241 Duobus

2036 4291 2216 4359 itaque
2270 4286 2442 4341 modis
2495 4284 2798 4355 unigenitus
2843 4282 3010 4336 Filius
3066 4282 3159 4335 Dei
3224 4295 3385 4350 super
3428 4277 3615 4333 omnia

2037 4393 2156 4433 esse
2186 4376 2484 4430 credendus
2526 4382 2607 4427 est
2635 4390 2649 4426 :
2686 4372 2880 4442 primo,
2911 4372 3035 4441 quia
3083 4385 3243 4440 super
3262 4383 3473 4424 omnem
3505 4367 3612 4422 hu-

2043 4468 2353 4523 manitatem
2384 4465 2671 4528 exaltatur,
2695 4463 2785 4532 qui
2815 4464 2880 4517 de
2921 4463 3057 4533 ipsa,
3078 4461 3388 4531 priusquam
3414 4473 3608 4529 pecca—

2039 4568 2123 4613 ret
2156 4558 2330 4620 venit;
2355 4551 2924 4623 secundo,quodjuxta
2941 4552 3270 4607 altitudinem
3292 4549 3617 4614 divinitatis,

2037 4649 2091 4702 in
2116 4663 2218 4717 qua
2255 4643 2395 4698 Patri
2420 4642 2656 4713 aequalis
2677 4651 2777 4707 est,
2803 4656 3015 4697 omnem
3048 4648 3263 4709 superat
3284 4650 3612 4695 creaturam.

2112 4735 2179 4790 Et
2201 4738 2344 4808 quod
2360 4734 2480 4788 vidit
2505 4744 2549 4788 et
2567 4732 2784 4797 audivit,
2800 4739 2896 4785 hoc
2917 4741 3155 4786 testatur.
3184 4731 3321 4798 Quid
3339 4738 3444 4794 est,
3468 4730 3615 4798 quod

2041 4826 2209 4880 Filius
2236 4824 2326 4879 Dei
2347 4823 2511 4879 vidit?
2540 4821 2653 4877 Non
2679 4821 2844 4888 aliud,
2872 4822 2969 4876 nisi
2987 4823 3325 4892 cognovit,se
3351 4821 3402 4875 in
3430 4821 3615 4885 Patre,-

2041 4922 2096 4966 et
2123 4911 2499 4980 aequalitatem
2529 4910 2695 4979 ipsius
2716 4924 2854 4964 esse.
2885 4909 2953 4962 Et
2987 4909 3203 4963 audivit.
3222 4908 3358 4977 Quid
3378 4909 3620 4965 audivit?

2042 5005 2257 5059 Audivit
2275 5020 2304 5057 a
2325 5004 2482 5058 Patre
2513 5021 2524 5056 :
2560 5023 2577 5054 I
2602 5002 2710 5075 Ego
2733 5003 2889 5057 hodie
2904 5003 3059 5074 genui
3087 5012 3137 5057 te
3160 5022 3202 5055 ι.
3222 5001 3540 5074 Υἰιίἰιίεὶιιιιε
3558 5019 3621 5060 se

2044 5096 2218 5167 ipsum
2239 5093 2527 5149 secundum
2550 5108 2700 5149 suam
2720 5093 3054 5148 divinitatem
3091 5093 3144 5147 in
3177 5107 3275 5147 suo
3320 5092 3508 5156 Patre,
3561 5102 3617 5149 et

2047 5186 2252 5240 audivit
2274 5201 2303 5240 a
2323 5201 2418 5240 suo
2439 5184 2621 5249 Patre,
2644 5183 2785 5253 quod
2804 5183 2915 5252 ipse
2934 5198 3055 5238 eum
3078 5185 3320 5255 genuerit
3343 5183 3623 5252 aequalem

2048 5275 2169 5329 sibi.
2214 5274 2325 5326 Hoc
2364 5280 2602 5327 testatur:
2650 5272 2786 5340 Quid
2833 5273 3093 5326 testatur?
3135 5272 3287 5339 Quod
3315 5271 3481 5328 Filius
3526 5274 3627 5328 Dei

2049 5369 2135 5421 sit.
2172 5366 2236 5419 Et
2263 5366 2349 5418 ubi
2382 5364 2640 5419 testatur?
2681 5362 2879 5433 Redige
2920 5364 2986 5416 ad
3030 5363 3331 5433 superiora,
3376 5363 3466 5416 ubi
3507 5362 3627 5431 ipse

2049 5459 2114 5509 de
2137 5472 2192 5510 se.
2217 5456 2329 5523 ipso
2358 5457 2432 5507 ait
2463 5473 2473 5507 :
2508 5474 2525 5503 ι
2561 5453 2673 5507 Non
2702 5454 2844 5508 enim
2890 5455 3034 5508 misit
3078 5453 3216 5508 Deus
3245 5450 3437 5507 Filium
3465 5466 3630 5507 suum

1669 5544 1922 5601 VMPAE
1964 5547 2355 5603 LECTiONI-IS.

448 5618 464 5645 ⁸
504 5633 583 5668 mc
618 5633 703 5669 0m
752 5618 892 5679 cm|.,
925 5635 950 5669 ιι
978 5617 1044 5669 ιιΙ.
1075 5632 1137 5667 ex
1167 5614 1304 5682 conj.

1382 5618 1401 5645 ²
1441 5616 1632 5679 Corn;
1668 5620 1785 5670 cod.
1821 5623 2154 5685 crcdcmlmn.
