3920 6154
288 279 377 338 399

1271 275 1620 332 conamur.
1659 277 1726 332 IN
1761 277 2013 334 EVANC.
2051 260 2418 334 smmis;

3395 275 3500 329 5Σο

289 396 333 448 iu
365 388 621 452 mundum,
672 396 731 442 ut
753 389 953 459 judicet
1004 391 1285 455 mundum,
1340 390 1435 446 sed
1487 400 1546 444 ut
1591 389 1829 446 salvetur
1857 405 1903 460 Α
1936 404 2025 447 tur
2053 400 2214 461 atque
2248 392 2387 447 idem
2419 390 2686 461 Spiritus,
2714 391 2957 446 dividens
3005 390 3224 462 singulis
3252 390 3497 460 propria,

286 481 486 538 mundus
511 495 603 552 per
634 481 832 551 ipsum.
863 480 963 549 Qui
995 482 1168 536 credit
1216 482 1269 536 in
1297 497 1419 537 cum
1442 522 1458 547 ,
1491 496 1595 536 non
1618 481 1828 552 judica-

285 583 374 627 tur.
401 571 493 639 Qui
521 578 696 625 autem
725 586 832 627 non
875 570 1069 636 credit,
1110 570 1223 640 jam
1263 571 1534 642 judicatus
1561 581 1666 636 est,
1702 572 1829 641 quia

282 678 371 718 non
386 660 546 721 credit
569 661 621 716 in
644 661 861 716 nomine
887 661 1147 731 unigeniti
1173 661 1295 716 Filii
1325 660 1418 716 Dei
1439 680 1482 714 ι.
1504 660 1617 717 Hoc
1644 661 1829 732 itaque

208 780 213 785 ο
279 764 365 819 est,
388 753 517 825 quod
541 752 679 808 vidit
702 752 876 808 Filius
910 753 1026 818 Dei.
1072 761 1131 808 et
1152 754 1219 808 de
1245 768 1306 808 se
1339 752 1455 823 ipso
1484 761 1731 810 testatur.
1759 751 1827 807 Et

280 840 597 901 testimonium
625 841 741 911 ejus
769 856 917 897 nemo
960 841 1172 910 accipit.
1219 838 1278 898 Si
1311 840 1681 896 testimonium
1713 838 1841 908 ejus

280 944 413 987 acino
438 928 653 997 accipit,
685 942 855 998 quare
887 928 1069 994 venit,
1110 936 1168 983 et
1200 928 1328 998 quid
1354 927 1601 983 utilitatis
1627 926 1828 982 mundo

279 1017 503 1075 contulit?
528 1016 767 1073 Joannes
815 1032 1138 1088 praecursor
1154 1056 1178 1084 ι
1200 1017 1392 1088 plenus
1417 1018 1591 1086 gratia
1614 1016 1831 1070 divinae

276 1108 576 1178 prophetiae,
624 1108 864 1179 providit
901 1122 1016 1174 eos,
1057 1109 1149 1177 qui
1182 1109 1237 1169 in
1265 1108 1542 1165 Christum
1570 1107 1841 1165 credituri

278 1208 403 1264 sunt,
421 1197 779 1253 testimonium
798 1198 943 1253 illius
963 1198 1312 1268 accipientes,
1332 1205 1391 1253 et
1408 1211 1521 1262 eos,
1535 1197 1626 1267 qui
1643 1197 1828 1251 incum

274 1301 362 1343 non
386 1293 503 1341 sunt
532 1285 820 1352 credituri,
877 1286 1237 1356 testimonium
1291 1286 1436 1340 illius
1495 1296 1826 1357 respueiims.

276 1375 340 1435 De
365 1375 462 1441 his,
489 1376 585 1445 qui
617 1390 723 1431 non
746 1377 973 1431 credunt
992 1392 1166 1447 neque
1198 1377 1452 1433 credituri
1479 1386 1605 1432 sunt
1628 1379 1667 1442 ι,
1698 1394 1727 1431 a
1772 1393 1831 1434 se

273 1464 502 1545 ipsisfad]
518 1465 800 1523 interitum
824 1468 1149 1536 praeparati,
1182 1482 1337 1521 nemo
1360 1467 1568 1536 accepit
1594 1468 1833 1522 testimo-

272 1561 398 1617 nium
420 1560 530 1617 Filii
559 1561 681 1617 Dei.
705 1562 880 1617 Dehis
893 1570 1091 1625 autem,
1118 1562 1208 1630 qui
1235 1561 1461 1616 credunt
1485 1573 1540 1615 et
1572 1560 1834 1617 credituti

268 1658 395 1715 sunt,
430 1666 601 1708 nemo
619 1662 728 1717 est,
768 1652 858 1721 qui
892 1653 1255 1709 testimonium
1281 1651 1398 1720 ejus
1433 1667 1539 1708 non
1571 1651 1826 1721 accipiat,

272 1752 325 1793 ac
339 1753 424 1809 per
442 1739 561 1805 hoc,
590 1740 685 1812 qui
729 1741 909 1797 salvus
952 1757 1058 1797 non
1099 1741 1192 1797 sit.
1236 1742 1463 1810 Ideoque
1488 1743 1732 1811 sequitur
1762 1757 1778 1796 :

328 1828 420 1894 Qui
441 1832 632 1899 accipit
677 1832 792 1902 ejus
828 1832 1202 1896 testimonium,
1247 1834 1469 1903 signavit
1505 1834 1628 1902 quia
1690 1833 1828 1890 Deus

268 1937 404 1976 veras
426 1932 517 1989 est,
548 1923 661 1979 hoc
696 1932 799 1989 est,
823 1924 879 1978 in
908 1925 1070 1979 corde
1095 1939 1194 1981 suo
1223 1924 1476 1988 lirmavit,
1501 1935 1557 1980 et
1582 1927 1733 1994 quasi
1757 1927 1830 1981 si-

268 2009 379 2080 gillo
410 2012 836 2077 incommutabili
883 2014 1152 2085 perfectae
1195 2015 1316 2070 lidci
1358 2015 1652 2081 conclusit,
1701 2017 1837 2088 quia.

269 2099 391 2158 Dens
416 2117 581 2161 verax
612 2115 716 2162 est.
742 2105 895 2173 Quod
925 2105 1134 2162 facilius
1160 2105 1496 2176 intelligitur,
1524 2107 1567 2162 si
1600 2123 1841 2178 graecus

266 2206 424 2249 senuo
449 2193 664 2266 legatur
688 2212 702 2250 ε
730 2194 867 2262 Quia
914 2195 1053 2250 Deus
1094 2212 1246 2251 verus
1276 2206 1383 2260 est,
1408 2206 1471 2252 ut
1492 2197 1559 2251 sit
1590 2213 1784 2254 sensus
1809 2216 1822 2252 :

266 2280 352 2346 Qui
386 2283 581 2353 accipit
630 2285 995 2340 testimonium
1025 2284 1146 2339 Filii
1182 2284 1275 2340 Dei
1298 2285 1364 2340 de
1402 2301 1462 2341 se
1502 2288 1636 2355 ipso,
1682 2289 1823 2358 quod

269 2369 415 2433 Filius
441 2374 535 2430 Dei
578 2373 675 2440 sit,
707 2383 761 2430 et
788 2374 931 2445 quod
960 2390 1057 2446 pro
1086 2375 1259 2431 salute
1296 2377 1483 2431 mundi
1508 2376 1670 2432 Pater
1696 2393 1826 2433 suus

263 2479 369 2519 eum
392 2467 621 2545 miserit,
653 2467 741 2523 ille
768 2467 997 2522 ﬁrmiter
1016 2469 1206 2533 credit,
1225 2469 1348 2537 quia
1376 2470 1515 2525 Deus
1539 2484 1699 2523 verus
1718 2479 1821 2535 est,

263 2559 341 2627 qui
364 2559 427 2615 de
450 2576 507 2617 se
529 2562 682 2632 ipso,
711 2561 855 2630 quod
887 2577 1051 2617 verus
1079 2562 1221 2617 Deus
1256 2562 1346 2627 sit,
1368 2563 1481 2616 veri
1510 2562 1601 2615 Dei
1633 2561 1819 2628 Filius,

262 2648 613 2705 testimonium
641 2650 934 2720 perhibuit.
1280 2644 1287 2652 ’

320 2734 473 2801 Quem
500 2738 648 2793 enim
675 2739 816 2794 misit
843 2738 985 2794 Deus
1001 2779 1016 2804 ,
1048 2738 1198 2793 verba
1220 2739 1316 2794 Dei
1343 2741 1590 2811 loquitur.
1617 2742 1730 2797 Hoc
1755 2742 1822 2797 de

257 2823 379 2881 Filio
411 2826 502 2882 Dei
531 2827 779 2898 loquitur
805 2827 1171 2894 solummodo,
1198 2830 1289 2899 qui
1308 2871 1322 2895 ,
1362 2831 1618 2899 quoniam
1655 2846 1685 2886 a
1707 2832 1821 2889 Deo

259 2911 400 2969 Patre
417 2916 623 2972 missus
640 2925 741 2983 est,
766 2919 927 2973 verba
954 2918 1042 2973 Dei
1066 2918 1321 2987 loquitur.
1353 2918 1542 2975 Nonne
1571 2928 1591 2959 '
1619 2929 1677 2975 et
1695 2935 1821 2991 pro-

254 3001 428 3072 phetae
471 3006 543 3063 ab
580 3020 651 3063 eo
684 3007 833 3063 missi
860 3009 1021 3062 sunt?
1042 3007 1229 3063 Nonne
1254 3008 1276 3042 ³
1314 3018 1371 3065 ει
1399 3010 1624 3080 apostoli
1655 3012 1725 3065 ab
1753 3026 1820 3067 eo

1928 491 2086 552 prout
2115 480 2227 535 vult
2253 501 2301 536 ι.
2328 480 2545 537 Christo
2569 489 2771 546 autem,
2798 482 2889 550 qui
2913 488 2995 536 est
3020 495 3098 547 ca;
3122 488 3182 536 ut
3206 478 3496 541 Ecclesiae.

1928 586 2036 626 non
2065 587 2097 626 e
2125 585 2378 627 mensura
2405 571 2498 626 dat
2525 572 2664 627 Deus
2690 572 2937 642 spiritum
2965 611 2981 636 ,
3014 570 3105 625 sed
3146 572 3287 624 sicut
3330 579 3499 624 totum

1927 675 1991 715 ex
2020 676 2079 717 se
2119 662 2235 731 ipso
2278 670 2392 717 toto
2432 662 2617 732 genuit
2646 662 2839 715 Filium
2883 676 3062 725 suum,
3106 660 3177 714 ita
3221 658 3500 715 incuruata

1927 752 2064 807 Filio
2111 767 2210 807 suo
2240 760 2411 809 totum
2449 751 2695 822 spiriqu
2728 766 2884 807 suum
2915 750 3093 815 dedit,
3128 764 3232 804 non
3273 749 3499 818 partici-

1926 843 2142 916 paliter,
2181 857 2286 896 non
2330 855 2431 912 per
2465 827 2861 897 subdivisiones
2885 880 2901 906 ,
2942 838 3035 896 sed
3082 838 3409 910 generaliter
3443 847 3502 894 ct

1926 929 2217 987 universali
2225 939 2326 984 ter.

1999 1017 2161 1078 Pater
2179 1017 2349 1088 diligit
2392 1016 2593 1072 Filium
2631 1027 2677 1072 et
2710 1019 2885 1072 omnia
2921 1017 3061 1071 dedit
3094 1018 3149 1071 in
3180 1034 3337 1072 manu
3362 1017 3495 1086 ejus.

1930 1105 2164 1161 Causam
2194 1106 2397 1171 reddit,
2427 1122 2527 1161 cur
2563 1107 2762 1163 ceteris
2800 1107 3107 1163 hominibus
3142 1122 3207 1163 ex
3248 1122 3498 1162 mensura

1928 1202 2020 1257 dat
2045 1200 2185 1256 Dens
2209 1201 2458 1272 spiritum
2477 1240 2493 1264 ,
2523 1200 2660 1255 Filio
2685 1210 2862 1256 autem
2890 1215 2989 1254 suo
3009 1214 3116 1254 non
3137 1214 3201 1254 ex
3224 1213 3498 1262 mensura,

1928 1289 2022 1345 sed
2053 1306 2118 1344 ex
2151 1299 2264 1345 toto
2294 1292 2384 1345 dat
2411 1291 2681 1360 spiritum.
2710 1289 2923 1357 Quare?
2944 1288 3057 1344 Non
3087 1290 3156 1345 ob
3182 1289 3324 1345 aliud
3350 1329 3365 1353 ,
3398 1291 3499 1346 nisi

1928 1381 2053 1450 quia
2085 1379 2247 1436 Pater
2288 1381 2459 1452 diligit
2483 1378 2684 1435 Filium
2704 1421 2718 1447 ,
2744 1381 2866 1436 ideo
2895 1380 3043 1436 dedit
3067 1381 3117 1436 ei
3149 1388 3316 1435 totum
3346 1396 3499 1435 suum

1928 1473 2200 1543 spiritum,
2226 1482 2282 1530 et
2304 1474 2484 1530 omnia
2510 1474 2657 1531 dedit
2679 1474 2733 1528 in
2760 1487 2921 1528 manu
2941 1470 3079 1540 ejus.
3107 1471 3255 1538 Quae
3286 1472 3502 1526 omnia?

1928 1568 2011 1619 An
2040 1563 2178 1620 forte
2198 1565 2400 1630 omnia,
2429 1579 2569 1636 quae
2594 1564 2647 1620 in
2672 1564 2788 1635 ipso
2812 1562 2953 1618 laeta
2984 1562 3141 1616 sunt?
3160 1561 3214 1617 ιη
3240 1562 3502 1632 principio

1930 1653 2073 1708 enim
2126 1653 2254 1709 fecit
2304 1655 2448 1710 Deus
2492 1653 2701 1710 caelum
2752 1661 2808 1709 et
2856 1660 3091 1717 terram;
3127 1661 3181 1706 et
3218 1652 3457 1723 psalmus
3485 1692 3499 1713 .
3538 1714 3549 1721 ,

1862 1742 1906 1802 Β
1940 1757 1959 1789 ι
1994 1738 2188 1797 Omnia
2234 1739 2287 1793 in
2336 1738 2598 1808 sapientia
2651 1737 2824 1793 fecisti
2863 1757 2908 1791 ι.
2939 1737 3031 1791 Illa
3064 1737 3243 1806 itaque
3285 1737 3527 1801 omnia,-

1932 1842 2069 1899 quae
2113 1828 2165 1882 iu
2212 1826 2349 1883 Filio
2383 1828 2522 1882 facta
2550 1834 2709 1892 sunt,
2732 1826 2878 1883 dedit
2906 1824 3069 1885 Pater
3090 1826 3144 1879 in
3172 1840 3335 1880 manu
3361 1824 3497 1894 ejus.

1926 1920 2102 1981 Altius
2145 1920 2321 1975 omnia
2358 1920 2500 1975 dedit
2530 1920 2583 1974 in
2623 1935 2783 1975 manu
2812 1919 2963 1989 ejus,
3017 1918 3118 1974 hoc
3161 1926 3278 1982 est,
3319 1919 3500 1975 omnia

1927 2026 2067 2081 quae
2113 2011 2542 2069 substantialiter
2581 2012 2746 2067 habet
2794 2010 2975 2076 Pater,
3019 2011 3169 2067 dedit
3211 2011 3374 2077 Filio,
3421 2011 3500 2082 gi.

1926 2102 2143 2174 gnendo
2174 2102 2347 2172 ipsum
2376 2100 2444 2157 de
2472 2116 2532 2157 se
2556 2100 2839 2172 aequalem
2864 2101 2967 2157 sibi
2996 2116 3096 2172 per
3118 2102 3317 2157 omnia.

1998 2190 2102 2257 Qui
2121 2192 2283 2248 credit
2303 2192 2359 2246 in
2380 2190 2600 2256 Filium,
2625 2190 2774 2247 habet
2804 2191 2961 2246 vitam
2986 2201 3274 2246 aeternam.
3290 2191 3502 2258 Quare?

1926 2280 2063 2348 Quia
2108 2282 2222 2350 ipse
2256 2280 2425 2337 Filius
2474 2280 2585 2337 vita
2635 2289 2853 2336 aeterna
2882 2288 2997 2346 est,
3036 2280 3176 2336 sicut
3217 2280 3333 2350 ipse
3382 2281 3495 2335 ait:

1931 2393 1952 2427 ι
1987 2376 2096 2445 Ego
2121 2390 2237 2430 sum
2263 2375 2464 2429 veritas
2497 2382 2553 2429 et
2578 2373 2689 2429 vita
2718 2391 2760 2427 ι.
2793 2372 2985 2429 Merito
3010 2387 3168 2443 ergo,
3209 2373 3300 2443 qui
3337 2375 3498 2427 credit

1925 2466 1978 2518 in
2004 2463 2221 2529 Filium,
2249 2463 2399 2519 habet
2445 2465 2605 2519 vitam
2629 2473 2911 2521 aeternam.
2935 2462 3014 2518 Ac
3034 2463 3079 2520 si
3109 2462 3370 2519 dixisset:
3397 2462 3498 2530 Qui

1925 2554 2098 2609 credit
2142 2554 2194 2608 in
2237 2554 2452 2616 Filium,
2485 2553 2846 2623 habet-ipsum
2876 2553 3095 2618 Filium,
3147 2570 3211 2609 ac
3263 2569 3360 2624 per
3396 2555 3499 2613 hoc

1924 2643 2087 2698 habet
2117 2643 2281 2699 vitam
2313 2652 2609 2707 aeternam,
2640 2642 2765 2713 quia
2800 2643 2916 2712 ipse
2944 2642 3115 2701 Filius
3144 2642 3252 2698 vita
3279 2652 3500 2699 aeterna

1921 2740 2027 2789 est.
2056 2732 2160 2798 Qui
2195 2742 2377 2795 autem,
2398 2750 2504 2788 non
2528 2733 2692 2787 credit
2714 2734 2769 2797 in
2802 2731 2969 2799 Filio,
3000 2749 3109 2793 non
3132 2733 3320 2787 videbit
3342 2733 3500 2791 vitam

1922 2834 2207 2879 aeternam.
2235 2823 2437 2883 Eodem
2465 2838 2664 2895 genere
2694 2824 2980 2880 locutionis
3017 2842 3031 2878 :
3061 2824 3155 2894 qui
3181 2832 3361 2880 autem
3392 2839 3498 2878 non

1921 2916 2094 2972 credit
2134 2915 2309 2983 Filio,
2332 2930 2437 2971 non
2484 2915 2685 2971 videbit
2710 2914 2927 2979 Filium,
2969 2914 3065 2986 qui
3110 2922 3196 2970 est
3232 2915 3359 2969 vita.
3391 2913 3499 2970 Sed

1921 3007 2005 3061 ira
2030 3005 2128 3060 Dei
2154 3014 2327 3061 manet
2370 3022 2525 3077 super
2558 3021 2696 3061 eum.
2731 3004 2847 3062 Non
2883 3005 3050 3061 dicit:
3074 3005 3154 3060 ira
3180 3005 3275 3060 Dei
3312 3005 3501 3061 veniet

257 3092 387 3149 missi
420 3104 564 3163 sunt,
594 3106 652 3152 et
684 3096 845 3153 verba
887 3097 983 3152 Dei
1028 3098 1192 3153 locuti
1235 3100 1399 3154 sunt?
1435 3100 1572 3167 Quid
1599 3117 1728 3173 ergo
1753 3102 1820 3157 de
1848 3107 1895 3168 ο
1923 3113 2086 3170 super
2112 3114 2256 3162 eum,
2285 3099 2379 3155 sed
2408 3099 2484 3154 ait
2518 3117 2533 3154 :
2565 3109 2736 3154 manet
2757 3115 2919 3170 super,
2940 3115 3078 3154 eum.
3108 3098 3258 3166 Quae
3285 3108 3371 3155 est
3401 3099 3493 3155 illa

252 3183 353 3238 solo
377 3185 599 3245 Christo
623 3188 829 3245 dictum
856 3197 940 3244 est
962 3207 975 3242 :
1006 3188 1175 3255 Quem
1200 3190 1339 3244 misit
1366 3189 1525 3255 Deus,
1547 3193 1701 3246 verba
1724 3191 1821 3247 Dei

254 3271 501 3344 loquitur?
528 3278 763 3335 Videtur
796 3281 939 3336 enim
981 3282 1221 3342 dixisse:
1248 3281 1420 3349 Quem
1471 3283 1619 3339 misit
1648 3285 1818 3350 Deus,

254 3365 381 3425 illius
399 3371 675 3428 mittentis
706 3387 768 3428 se
801 3373 896 3429 Dei
924 3376 1087 3430 verba
1118 3374 1386 3444 loquitur;
1416 3376 1556 3446 quod
1593 3377 1822 3448 prophe-

255 3464 333 3511 tae
354 3457 605 3516 fecerunt
626 3501 644 3529 ,
678 3461 932 3518 similiter
960 3464 1209 3533 apostoli.
1232 3463 1372 3531 Quid
1401 3481 1531 3534 ergo
1562 3482 1818 3538 magnum

253 3543 395 3603 datur
414 3547 660 3615 Christo,
677 3551 821 3621 quod
845 3551 968 3607 aliis
993 3567 1100 3607 non
1131 3553 1349 3615 datum?
1374 3552 1595 3609 intende
1618 3555 1670 3609 in
1698 3570 1821 3610 ver-

254 3632 345 3688 ba:
381 3635 550 3702 Quem
576 3639 722 3694 misit
746 3638 907 3704 Deus,
936 3640 1392 3704 Pater‘videlicet,
1419 3641 1573 3697 verba
1606 3642 1702 3697 Dei
1737 3643 1821 3697 lo-

252 3723 450 3791 quitur;
483 3728 750 3797 quoniam
777 3737 834 3785 et
863 3727 982 3794 ille,
1026 3729 1117 3801 qui
1161 3729 1360 3786 missus
1385 3739 1500 3796 est,
1530 3730 1670 3787 Deus
1705 3745 1817 3797 est,

252 3812 357 3866 ideo
380 3817 540 3871 verba
586 3816 684 3871 Dei
731 3816 986 3887 loquitur.
1020 3829 1078 3873 ut
1107 3820 1179 3875 sit
1205 3835 1397 3875 sensus
1425 3838 1438 3875 :
1468 3820 1636 3889 Quem
1676 3821 1822 3877 misit

254 3899 420 3971 Deus,
468 3906 725 3977 profecto
773 3907 915 3965 Deus
955 3918 1072 3975 est,
1116 3925 1181 3966 ac
1210 3926 1307 3981 per
1353 3911 1455 3967 hoc
1488 3912 1651 3966 verba
1680 3911 1822 3969 illius

250 3998 394 4053 verba
415 3999 511 4056 Dei
539 4010 695 4067 sunt;
732 4016 863 4074 ergo
881 4002 1045 4058 verba
1076 4003 1195 4059 Filii
1222 4004 1288 4085 de
1314 4019 1372 4058 se
1416 4004 1551 4074 ipso,
1578 4006 1822 4060 testimo-

250 4088 381 4144 nium
419 4095 763 4162 perhibentis
815 4096 959 4167 quod
989 4094 1131 4151 Deus
1196 4097 1301 4161 sit,
1349 4096 1511 4151 verba
1546 4095 1641 4151 Dei
1672 4106 1816 4152 sunt.

248 4174 411 4237 Verba
437 4184 838 4255 prophetarum
868 4193 923 4240 et
950 4186 1316 4256 apostolorum
1349 4187 1512 4241 verba
1540 4186 1634 4241 Dei
1668 4194 1817 4253 sunt,
1876 4239 1890 4249 ,

247 4269 365 4335 quia
408 4273 581 4328 verba
615 4272 713 4328 Dei
742 4274 903 4330 locuti
936 4284 1082 4331 sunt.
1129 4274 1359 4331 Sanctus
1400 4275 1543 4331 enim
1586 4274 1819 4346 Spiritus

247 4353 443 4415 locutus
468 4369 560 4417 est
585 4362 641 4416 in
664 4361 766 4427 eis,
789 4377 893 4419 nec
918 4372 1096 4420 tamen
1121 4364 1391 4420 illaverba
1418 4363 1723 4420 referuntur
1748 4365 1815 4419 ad

1921 3190 2004 3242 ira
2029 3187 2166 3243 Dei?
2193 3187 2338 3243 Nihil
2367 3188 2510 3243 aliud
2535 3228 2551 3254 ,
2582 3188 2687 3245 nisi
2718 3188 3024 3245 maledictio
3051 3189 3142 3245 illa
3160 3229 3181 3254 ,_
3221 3204 3325 3259 qua
3356 3191 3504 3249 Deus

1922 3280 2202 3336 maledixit
2226 3281 2385 3351 primi
2418 3282 2653 3339 hominis
2679 3290 2937 3354 peccato,
2985 3282 3299 3339 mandatum
3337 3298 3497 3338 suum

1894 3371 2405 3439 etransgredientis,
2431 3371 2616 3427 dicens
2643 3389 2658 3427 :
2695 3390 2715 3424 ι
2746 3371 3027 3429 Maledicta
3056 3380 3200 3428 terra
3227 3374 3283 3429 in
3312 3374 3495 3444 operi-

1922 3460 2024 3517 hus
2053 3463 2158 3517 tuis
2187 3483 2232 3517 ι.
2258 3463 2403 3519 Illius
2426 3464 2539 3520 irae
2561 3461 2785 3521 electus
2808 3473 2893 3523 est
2922 3480 3092 3532 mors,
3114 3475 3170 3523 et
3195 3468 3492 3537 mrruptio.

1920 3560 1978 3606 et
2005 3553 2229 3608 omnino
2248 3554 2494 3609 veritatis
2523 3554 2861 3627 ignorantia,
2889 3570 3029 3627 quae
3065 3558 3245 3613 omnia
3274 3567 3496 3614 manent

1922 3654 2085 3709 super
2110 3656 2254 3696 eum.
2285 3642 2361 3697 De
2389 3641 2477 3696 illa
2511 3643 2590 3698 ira
2620 3644 2698 3698 ait
2723 3644 3011 3713 Apostolus
3040 3662 3056 3700 :
3092 3665 3112 3699 ι
3145 3646 3348 3702 Fuistis
3385 3646 3490 3702 ali-

1920 3732 2136 3801 quando
2162 3726 2254 3786 lilii
2276 3734 2388 3788 irae
2411 3733 2546 3789 sicut
2569 3743 2626 3789 et
2660 3737 2824 3790 ceteri
2855 3754 2900 3789 ι.
2937 3736 3020 3791 Ira
3056 3736 3152 3792 Dei
3182 3744 3362 3807 potest
3385 3739 3495 3792 ori-

1920 3822 2098 3893 giuale
2146 3832 2425 3893 peccatum
2468 3824 2730 3896 intelligi,
2763 3825 3019 3895 quoniam
3062 3826 3192 3881 illud
3234 3825 3492 3896 originale

1919 3920 2201 3980 peccatum
2232 3914 2368 3969 iram
2394 3913 2488 3970 Dei
2529 3915 2914 3971 inhumanam
2948 3922 3197 3971 naturam
3235 3930 3493 3986 provoca-

1918 4002 2028 4069 vit;
2061 4003 2205 4071 quod
2229 4003 2493 4075 originale
2530 4013 2808 4075 peccatum
2836 4013 3018 4059 manet
3046 4005 3100 4059 in
3136 4004 3250 4070 his,
3280 4005 3370 4074 qui
3397 4019 3491 4063 no-

1918 4090 2036 4146 lunt
2072 4093 2292 4149 credere
2320 4095 2373 4149 in
2402 4108 2547 4159 eum,
2581 4094 2671 4163 qui
2695 4109 2793 4165 pro
2822 4092 2927 4149 illis
2948 4102 3191 4153 mortuus
3211 4101 3315 4147 est.

1990 4178 2058 4234 Ut
2091 4197 2213 4252 ergo
2246 4182 2483 4253 cognovit
2506 4180 2663 4237 Iesus
2680 4222 2694 4245 ,
2723 4181 2847 4253 quia
2876 4181 3151 4243 audierant
3180 4178 3458 4235 Pharisaei
3473 4219 3487 4241 ,

1916 4274 2041 4340 quia
2069 4271 2224 4327 Iesus
2255 4273 2431 4343 plures
2472 4270 2755 4341 discipulos
2785 4271 2932 4341 facit,
2970 4280 3018 4324 et
3056 4269 3303 4340 baptism,
3332 4284 3489 4339 quam

1916 4360 2169 4425 Joannes,
2206 4363 2304 4417 etsi
2337 4361 2493 4417 Iesus
2522 4363 2629 4432 ipse
2654 4378 2767 4417 non,
2791 4360 3090 4431 baptizavit,
3123 4360 3213 4414 sed
3246 4359 3489 4429 discipuli

248 4443 384 4511 illos,
429 4459 490 4503 ut
537 4450 755 4505 illorum
797 4454 959 4509 verba
1007 4453 1150 4518 sint,
1181 4454 1277 4509 sed
1312 4455 1426 4511 veri
1468 4453 1564 4508 Dei
1615 4454 1799 4509 verba.
1833 4449 1882 4510 D
1906 4451 2039 4521 ejus.
2067 4452 2367 4523 Baptizav'tt
2389 4450 2640 4511 Christus
2666 4461 2729 4515 et,
2755 4466 2861 4507 non
2898 4450 3211 4520 baptizavit.
3243 4449 3489 4521 Baptiza-

250 4531 406 4591 lierba
431 4537 643 4595 Christi
673 4540 742 4596 ad
768 4556 827 4596 se
855 4542 1028 4612 ipsum
1060 4541 1392 4610 referuntur,
1436 4552 1492 4599 et
1522 4544 1682 4599 verba
1715 4544 1809 4599 Dei

244 4625 484 4683 dicuntur
512 4631 736 4697 merito,
758 4631 885 4701 quia
914 4632 1236 4688 naturaliter
1263 4632 1405 4688 Deus
1428 4641 1513 4688 est
1530 4672 1545 4697 ,
1571 4642 1627 4687 et
1657 4640 1804 4688 totus

243 4710 393 4782 Beas,
419 4727 478 4773 et
508 4728 627 4776 tota
652 4722 916 4793 sapientia
936 4763 951 4788 ,
981 4714 1036 4777 et
1065 4723 1120 4778 in
1147 4736 1213 4778 eo
1237 4721 1511 4793 plenitudo
1539 4721 1805 4778 donorum

242 4800 348 4894 Dei.
378 4805 677 4878 Propterea
708 4812 988 4882 sequitur:
1024 4810 1149 4866 Non
1176 4813 1314 4894 enim
1343 4828 1408 4867 ea:
1439 4828 1683 4866 mensura
1723 4813 1816 4868 dat

239 4891 367 4953 Deus
389 4900 666 4969 spiritum.
694 4902 773 4958 Ac
798 4903 845 4958 si
873 4903 1135 4959 dixisset:
1167 4891 1247 4959 Ex
1272 4917 1524 4959 mensura
1549 4903 1644 4957 dat
1676 4903 1819 4960 Deus

234 4986 668 5051 stiritumsuum
699 4993 923 5063 singulis
950 4994 1288 5060 hominibus,
1310 4994 1446 5050 sicut
1475 4993 1550 5048 ait
1582 4993 1813 5064 Aposto-

233 5073 348 5132 lus:
380 5097 401 5131 ι
434 5080 544 5135 Alii
578 5082 736 5135 datur
760 5097 862 5153 per
890 5083 1151 5157 Spiritum
1184 5097 1362 5139 sermo
1385 5083 1697 5152 sapientiae,
1723 5085 1812 5142 alii

232 5177 405 5225 sermo
443 5173 713 5228 scientiae
747 5191 766 5223 ι
789 5213 804 5239 ,
839 5182 1127 5242 ceteraque
1155 5172 1513 5243 spiritualium
1548 5173 1810 5231 donorum

230 5253 431 5314 ditisio.
460 5261 676 5328 Quibus
705 5262 886 5319 verbis
930 5264 1252 5329 ostenditur,
1297 5278 1364 5319 ex
1407 5277 1659 5317 mensura
1694 5263 1809 5319 dari

229 5346 487 5413 Spiritum
516 5364 765 5408 sanetum
804 5355 1062 5410 membris
1088 5353 1385 5410 Ecclesiae.
1418 5352 1569 5420 Quod
1616 5367 1806 5408 conse-

228 5448 454 5504 qmnter
483 5442 568 5495 ait
594 5444 895 5512 Apostolus,
928 5445 1112 5501 dicens
1138 5464 1149 5498 :
1190 5464 1207 5495 ι
1247 5443 1395 5501 Unus
1421 5452 1597 5497 autem
1619 5458 1810 5513 opera-

1914 4543 2013 4608 vit,
2045 4543 2096 4597 id
2124 4551 2207 4599 est
2234 4544 2482 4614 purgavit
2506 4544 2559 4598 in
2582 4543 2795 4615 spiritu,
2824 4558 2962 4614 quos
2987 4558 3092 4599 non
3119 4544 3252 4619 ipse,
3284 4543 3377 4601 sed
3405 4545 3489 4601 sui

1911 4634 2161 4704 discipuli
2190 4649 2327 4705 aqua
2354 4634 2635 4706 tingebant
2662 4635 2715 4691 in
2751 4650 2998 4706 corpore.

1988 4722 2215 4794 Reliquit
2260 4724 2554 4791 Judaeum,
2593 4734 2640 4779 et
2683 4723 2812 4779 abiit
2849 4724 3039 4780 iterum
3080 4726 3138 4783 in
3175 4724 3483 4782 Galilaeam.

1917 4812 2208 4883 Postquam
2259 4815 2518 4870 Dominus
2566 4813 2838 4886 cognovit,
2876 4815 2963 4870 cui
3003 4817 3185 4872 omnia
3211 4817 3372 4873 corda
3397 4831 3489 4872 co-

1919 4906 2073 4976 gnita
2103 4914 2256 4971 sunt,
2277 4905 2420 4976 quod
2450 4905 2734 4960 audierant
2773 4889 3049 4963 Pharisaei
3092 4907 3272 4978 plures
3319 4908 3485 4964 disci-

1918 4993 2073 5062 pulos
2099 4993 2165 5046 ad
2193 5009 2314 5048 eum
2354 4993 2597 5058 venisse,
2628 5007 2789 5062 quam
2814 4994 2881 5048 ad
2910 4993 3168 5051 Joannem
3187 5036 3203 5059 ,
3227 5004 3282 5050 et
3309 4995 3487 5065 plures

1920 5082 2226 5155 haptizasse
2255 5098 2415 5152 quam
2447 5081 2715 5147 Joannes,
2748 5082 2964 5152 reliquit
2995 5082 3277 5139 Judaeam.
3305 5083 3490 5138 Phari-

1919 5174 2028 5229 saei
2081 5175 2315 5245 quippe,
2362 5173 2565 5233 invidia
2609 5174 2863 5230 commoti
2911 5174 3171 5230 adversus
3210 5171 3483 5227 Christum
3581 5229 3584 5232 ,

1918 5265 2137 5335 ejusque
2165 5265 2479 5335 discipulos,
2503 5265 2743 5321 videntes
2765 5266 3087 5336 baptismum
3114 5260 3337 5317 Joannis
3358 5275 3487 5331 pau-

1918 5353 2083 5407 lulum
2109 5353 2390 5420 vilescere,
2420 5355 2673 5424 quoniam
2699 5356 2932 5410 maxime
2970 5370 3038 5413 ex
3068 5350 3377 5407 Pharisaeis
3406 5350 3489 5406 di-

1917 5444 2111 5515 scipuli
2140 5443 2362 5501 Joannis
2391 5445 2632 5513 luerunt,
2664 5446 2800 5502 sicut
2834 5448 2995 5503 etiam
3024 5452 3149 5498 tunc
3174 5451 3227 5497 et
3250 5443 3449 5501 Christi
3468 5481 3485 5510 ,

1502 5534 1705 5588 VARIA
1720 5536 1756 5589 li
1799 5535 2195 5592 LECTIONES.

293 5599 308 5631 ¹
337 5600 533 5665 συντ..
568 5618 665 5672 pro
685 5616 802 5657 sunt
829 5607 947 5659 cod.
972 5606 1078 5659 sal.
1158 5608 1175 5637 ³
1208 5605 1336 5661 Cod.
1365 5604 1614 5677 nunquid.
1692 5606 1712 5635 ⁸
1739 5606 1867 5660 (ὶοιι.
1904 5607 2154 5676 nunquid.
