3904 6148
430 309 527 366 εει
1809 312 1972 370 JOAN

2126 315 2320 373 scort
2568 388 2583 395 ί
3566 321 3662 374 532

430 423 692 493 baptisma
721 436 846 477 vero
875 422 1073 479 Christi
1105 439 1349 480 crescere
1372 433 1426 480 et
1455 440 1738 480 numerum
1765 426 1997 495 discipu—
2025 434 2067 490 Α
2098 429 2244 491 siae,
2274 430 2556 498 oportebat
2597 445 2720 482 eum
2771 430 3002 483 transire
3045 444 3140 498 per
3190 438 3373 498 gentes
3416 430 3519 485 sub
3557 431 3669 501 lege

428 516 601 569 lorum
628 514 769 582 ejus,
798 517 1018 585 insuper
1043 517 1203 571 etiam
1240 526 1631 587 cognoscentes
1662 534 1755 587 per
1798 520 1989 571 (loctri‘
2096 530 2320 573 naturae
2356 523 2678 575 constitutas
2698 562 2711 583 ,
2747 530 2803 574 ut
2842 536 2906 574 ex
2938 521 3018 574 eis
3046 521 3297 578 similiter
3336 523 3389 574 in
3419 530 3661 575 structu-

430 619 553 657 nam
583 603 780 657 Christi
810 603 980 673 legem
1005 605 1279 669 evacuari,
1304 606 1625 675 Veterisque
1648 606 1982 661 Testamenti
2095 624 2231 669 ram,
2256 625 2418 677 quam
2443 620 2714 682 coeperat,
2745 611 2944 664 electos
2973 625 3070 679 per
3098 610 3255 664 ﬁdem
3285 611 3490 680 lapides
3511 627 3665 665 voea—

427 696 818 758 caerimonias,
862 695 1003 763 quod
1045 695 1099 749 in
1133 696 1381 751 doctrina
1418 695 1640 750 Joannis
1671 713 1775 751 non
1815 708 1995 764 potue-
2095 710 2195 753 ret.
2229 700 2476 754 Samaria
2510 703 2708 770 quippe
2741 704 2807 755 ab
2838 703 3184 772 alienigenis,
3219 703 3321 755 ltoc
3343 711 3425 755 est
3452 704 3526 757 ab
3551 703 3668 764 his,

428 794 554 839 runt
580 800 935 854 cognoscere,
968 787 1061 841 tali
1091 788 1273 856 itaque
1299 789 1414 843 zelo
1445 789 1641 843 turbati
1662 831 1677 853 ,
1720 790 1991 844 Christum
2094 790 2184 857 qui
2211 800 2265 843 et
2294 791 2445 859 legali
2481 792 2655 845 littera
2683 832 2699 854 ,
2733 808 2873 860 quae
2904 792 3001 846 soli
3047 793 3250 845 carnali
3294 792 3457 847 Israel
3503 795 3671 864 impo-

423 892 657 948 sitosque
704 879 997 947 discipulos
1041 895 1336 950 omnesque
1386 882 1671 935 credentes
1717 882 1770 934 in
1819 881 1991 950 ipsum
2093 882 2194 934 sita
2220 921 2237 945 ,
2278 890 2334 935 et
2379 882 2608 936 naturali
2639 882 2756 951 me
2788 883 2866 935 usi
2900 892 3025 937 sunt
3053 897 3145 936 seu
3187 882 3375 944 abusi,
3424 898 3671 951 possessa

421 969 729 1036 cogitabant
775 972 1044 1041 persequi.
1100 971 1211 1026 Hac
1257 973 1541 1028 occasione
1582 973 1795 1041 reliquit
1837 973 1994 1028 Jesus
2090 980 2196 1034 est,
2225 979 2283 1021 ut
2309 985 2430 1023 cum
2474 971 2763 1025 universali
2807 955 3084 1036 Ecclesia,
3116 984 3170 1026 et
3210 975 3277 1029 ab
3305 974 3525 1030 Judaeis
3548 985 3613 1031 et
3641 995 3669 1031 a

418 1057 711 1124 Iudaeam,
743 1059 794 1113 id
827 1069 911 1115 est
949 1061 1275 1117 Pbarisaeos
1308 1062 1648 1126 incredulos,
1696 1063 1994 1130 cogitantes
2091 1060 2338 1129 gentibus
2375 1060 2595 1114 collecta
2620 1069 2674 1115 et
2702 1063 3002 1125 aediﬁcata,
3032 1064 3147 1133 ipse
3174 1064 3464 1119 fabricator
3486 1068 3541 1119 in
3568 1066 3671 1121 Ga-

416 1165 539 1206 eum
585 1152 856 1221 persequi.
895 1151 1008 1207 lloc
1048 1161 1227 1207 autem
1259 1152 1405 1219 fecit,
1438 1171 1543 1208 non
1581 1155 1734 1223 quasi
1772 1155 1994 1209 timidus
2090 1150 2304 1204 lilaeam
2347 1161 2602 1205 aeternae
2635 1152 2987 1206 beatitudinis
3028 1154 3247 1208 rediret.
3294 1154 3445 1220 Quod
3488 1164 3673 1209 autem

417 1240 498 1295 vel
539 1241 837 1309 impotens;
874 1242 1046 1310 potuit
1089 1243 1233 1297 enim
1271 1258 1589 1313 permanere
1625 1244 1677 1297 in
1717 1243 1919 1298 Judaca
1960 1259 1988 1296 a
2089 1238 2323 1293 Galilaea
2351 1251 2626 1294 aeternam
2646 1242 2814 1295 vitam
2838 1243 3125 1311 signiﬁcet,
3157 1260 3262 1298 non
3290 1246 3463 1298 solum
3484 1262 3557 1299 ex
3592 1248 3669 1300 in-

418 1331 795 1398 persecutione
823 1333 1116 1385 carnalium
1159 1334 1553 1402 impiorumque
1574 1333 1990 1387 Pharisaeorum
2092 1330 2475 1398 terpretatione
2504 1340 2679 1398 potest
2706 1331 2896 1399 conjici
2918 1372 2932 1395 ,
2962 1348 3150 1386 verum
3179 1335 3340 1386 etiam
3368 1350 3433 1388 ex
3470 1335 3673 1389 divinis

416 1423 664 1487 illaesus;
698 1424 789 1477 sed
820 1432 876 1477 ut
906 1429 1208 1495 exemplum
1253 1427 1539 1482 credituris
1577 1427 1628 1481 in
1662 1442 1786 1480 eum
1831 1426 1991 1480 relin-
2088 1419 2288 1488 δεθεῖεν
2337 1434 2478 1488 quae
2529 1421 2582 1473 ill
2622 1436 2686 1474 ea
2734 1432 2952 1491 Peneia
3001 1432 3144 1476 St'IIl-
3189 1422 3426 1478 Galilaea
3471 1426 3674 1494 quippe

415 1523 639 1582 queret,
670 1515 804 1569 dans
830 1515 911 1569 eis
943 1530 1042 1569 suo
1068 1514 1312 1585 exemplo
1339 1525 1659 1585 potestatem
1688 1514 1922 1586 fugiendi

2131 1509 2480 1577 'anemr'gratio
2535 1509 2679 1579 facta
2731 1508 2815 1563 vel
2872 1510 3121 1565 revelatio
3179 1511 3573 1581 interpretatur
3613 1526 3673 1578 I;

418 1605 558 1659 facie
589 1606 1025 1674 persequentium
1056 1620 1132 1669 se,
1163 1622 1363 1679 eosque
1385 1610 1452 1663 ad
1478 1619 1689 1679 tempus
1712 1607 1988 1673 deserere,
2092 1599 2492 1669 transmigratio
2534 1609 2716 1654 autem
2751 1599 2894 1657 faeta
2932 1611 3013 1656 est
3045 1603 3311 1657 humanae
3349 1611 3583 1658 naturae
3621 1604 3674 1658 in

421 1711 489 1749 ne
521 1706 648 1751 ante
672 1706 882 1767 tempus
910 1698 1021 1752 Deo
1052 1699 1304 1768 placitum
1335 1710 1389 1755 et
1427 1700 1776 1769 praeﬁnitum
1811 1701 1879 1754 ab
1909 1701 1961 1754 ei

2132 1689 2371 1746 alvatere
2395 1705 2494 1745 suo
2518 1691 2584 1745 de
2619 1691 2736 1761 lege
2763 1693 2995 1762 primum
3024 1693 3227 1747 carnali
3261 1694 3316 1749 in
3343 1693 3486 1763 leges
3507 1704 3674 1747 natu-

420 1789 1038 1858 t'omprchemleremur;
1084 1807 1149 1845 ac
1194 1805 1290 1860 per
1333 1790 1435 1845 ιιυο
1459 1792 1512 1845 in
1550 1789 1755 1845 Judaea
1788 1791 1989 1845 diutius
2015 1776 2062 1834 B
2090 1780 2252 1844 rales,
2284 1781 2352 1835 ab
2379 1780 2511 1850 ipsis
2544 1782 2737 1836 iterum
2770 1782 2910 1835 ultra
2935 1791 3182 1837 naturam
3227 1784 3281 1837 in
3312 1783 3458 1854 leges
3489 1795 3676 1839 aeter-

416 1886 679 1944 maneret,
706 1880 771 1943 si,
807 1896 943 1949 quos
970 1881 1225 1951 reliquit,
1267 1883 1571 1937 credituros
1613 1889 1958 1952 cognosceret

2129 1886 2209 1925 as.
2238 1871 2295 1925 ln
2330 1870 2566 1927 Galilaea
2588 1888 2801 1942 quoque
2819 1872 2974 1942 juxta
3003 1875 3161 1929 tidem
3189 1890 3367 1929 rerum
3388 1884 3671 1944 gestarum

413 1964 576 2021 Juxta
604 1982 735 2022 vero
771 1969 918 2038 leges
957 1971 1199 2024 theoriae
1242 1970 1460 2040 reliquit
1503 1970 1660 2026 Jesus
1692 1970 1948 2026 Judaeum
1969 2011 1984 2035 ,
2088 1961 2490 2017 transforntatio
2509 1963 2707 2019 Christi
2732 1966 2872 2019 facta
2895 1974 2997 2028 est,
3023 1981 3121 2035 per
3144 1982 3307 2034 quam
3329 1966 3676 2035 signiﬁcatur

417 2066 704 2127 postquam
744 2075 807 2115 ex
839 2058 1063 2113 Iudaico
1098 2060 1298 2129 populo
1335 2060 1689 2130 primordium
1714 2060 1989 2116 Ecclesiae
2088 2053 2354 2108 humanae
2378 2063 2604 2109 naturae
2628 2056 3011 2110 transmutatio
3033 2057 3084 2109 in
3113 2057 3393 2125 pristinam
3415 2056 3671 2126 gloriam,

395 2151 469 2225 ‘in
521 2151 641 2215 his,
687 2148 779 2219 qui
817 2150 870 2204 in
914 2165 1035 2204 eum
1068 2151 1443 2213 crediderunt,
1472 2152 1736 2222 suscepit;
1769 2152 1989 2220 reliquit
2088 2160 2250 2213 quam
2297 2146 2573 2214 peccando
2623 2146 2886 2201 deseruit.
2931 2146 2985 2200 ln
3041 2146 3278 2201 Galilaea
3323 2147 3573 2200 ascendit
3618 2147 3672 2200 in

413 2241 656 2295 carnales
686 2240 1023 2309 perﬁdosque
1051 2238 1301 2319 Iudaeos.
1329 2241 1462 2310 legis
1488 2240 1724 2294 litteram
1749 2255 1985 2310 sequen-
2087 2247 2349 2301 montem,
2372 2236 2424 2290 in
2447 2251 2554 2306 quo
2579 2238 2912 2292 octonariam
2938 2237 3236 2291 doctrinam
3258 2236 3541 2305 discipulis
3559 2236 3676 2291 suis

414 2345 511 2393 les,
549 2344 603 2386 et
633 2333 697 2385 ad
727 2332 974 2401 spiritum
1015 2332 1183 2401 ipsius
1212 2331 1453 2396 litterae,
1481 2331 1573 2400 qui
1597 2340 1680 2385 est
1704 2330 1984 2396 Christus,
2087 2327 2344 2392 tradidit,
2374 2342 2472 2396 per
2500 2343 2663 2396 quam
2710 2328 2776 2382 ad
2808 2328 3192 2382 beatitudinem
3236 2326 3449 2381 futurae
3475 2367 3505 2391 ,,
3527 2341 3676 2395 quae

412 2423 669 2478 accedere
693 2423 955 2478 nolentes.
986 2423 1293 2477 Morabatnr
1325 2424 1503 2491 itaque
1528 2422 1788 2476 Dominus
1810 2424 1864 2476 in
1889 2421 1985 2476 Ju-
2086 2417 2369 2473 octonario
2409 2433 2633 2473 numero
2683 2417 2947 2483 innuitur,
2975 2418 3255 2472 credentes
3297 2417 3349 2470 in
3384 2415 3671 2471 Christum

411 2520 580 2579 natea,
626 2523 685 2568 nt
729 2514 961 2569 salvaret
1001 2529 1138 2584 quos
1188 2514 1385 2577 voluit;
1433 2514 1651 2583 reliquit
1692 2512 1984 2577 Iudaeam,
2091 2509 2368 2565 transituri
2398 2518 2543 2563 sunt.

413 2609 671 2661 ofesereus
731 2622 865 2675 quos
928 2606 1119 2660 merito
1162 2621 1292 2661 suae
1320 2606 1603 2676 superbiae
1640 2606 1851 2661 salvare
1887 2620 1985 2661 ne-
2167 2601 2314 2656 Venit
2337 2611 2512 2656 autem
2542 2601 2698 2656 Iesus
2728 2604 2783 2657 in
2811 2605 3065 2657 civitatem
3093 2600 3383 2665 Samariae,
3408 2617 3550 2672 quae
3577 2601 3667 2654 di-

409 2694 596 2762 glexit.
650 2695 896 2749 Deseruit
952 2695 1187 2749 litteram
1229 2695 1393 2764 legis,
1431 2710 1572 2765 quae
1609 2696 1878 2749 neminem
1917 2695 1986 2750 ad
2085 2691 2221 2743 citur
2238 2688 2614 2759 Sichar,ju:cta
2639 2691 3090 2761 praedium,quod
3115 2691 3254 2744 dedit
3274 2688 3440 2743 Iacob
3464 2688 3672 2758 Ioseph

411 2782 707 2851 perfectum
747 2784 923 2848 ducit;
966 2783 1053 2837 lex
1092 2784 1236 2839 enim
1276 2783 1547 2838 neminem
1588 2783 1663 2857 ad
1684 2782 1984 2853 perfectum
2085 2779 2196 2848 filio
2240 2795 2356 2834 suo.
2407 2780 2676 2845 Samaria,
2710 2789 2766 2834 ut
2793 2782 3160 2851 praediximus
3186 2821 3202 2845 ,
3235 2780 3449 2851 gentilis
3475 2781 3672 2850 populi

409 2875 594 2935 duxit;
630 2887 683 2928 ct
711 2876 778 2929 ab
802 2876 865 2930 iis
889 2875 1082 2929 iterum
1103 2874 1279 2947 [abiit]
1298 2876 1315 2906 ¹
1337 2875 1390 2928 in
1412 2874 1727 2939 Galilaeam,
1755 2875 1859 2929 hoc
1879 2883 1981 2937 est,
2086 2871 2185 2926 sub
2210 2871 2438 2925 naturali
2468 2872 2584 2942 lege
2611 2873 2884 2927 constituti
2916 2882 3071 2943 typus
3106 2883 3223 2938 est;
3255 2873 3444 2927 civitas
3471 2871 3677 2927 Sama-

408 2963 462 3016 in
506 2964 844 3031 spiritualcm
888 2964 1057 3034 ipsius
1103 2965 1319 3018 litterae
1359 2963 1711 3030 intellectum,
1760 2965 1849 3033 qui
1889 2979 1988 3034 per
2086 2962 2236 3025 riae,
2272 2977 2411 3031 quae
2435 2963 2575 3016 dicta
2606 2973 2691 3018 est
2721 2962 2931 3027 Sichar,
2961 2963 3293 3020 collectionis
3327 2963 3570 3018 ﬁdelium
3611 2964 3677 3018 il-

405 3052 698 3107 Calilaeam
731 3052 1024 3123 symbolice
1053 3052 1329 3123 ﬁguratur.
1353 3050 1464 3106 Nec
1500 3060 1656 3107 vacat
1694 3052 1837 3121 quod
1865 3052 1980 3106 ait:
2021 3117 2054 3125 _
2087 3050 2191 3105 lius
2217 3051 2396 3121 populi
2442 3051 2599 3106 ﬁdem
2633 3052 2830 3108 Christi
2875 3055 3205 3124 accipientis.
3244 3055 3438 3109 Sicltar
3466 3054 3680 3125 quippe

406 3144 544 3196 Abiit
572 3117 835 3197 iterumvin
856 3117 1167 3196 Gali/aeaut.
1194 3142 1269 3196 De
1288 3140 1525 3196 Galilaea
1569 3117 1729 3196 enim.
1752 3142 1900 3197 venit
1928 3141 1981 3194 in
2011 3117 2055 3178 (ἶ
2087 3117 2473 3212 interpretatur
2498 3141 2763 3197 conclusio
2790 3158 2882 3198 seu
2915 3117 3090 3199 rarum
3106 3146 3154 3198 ιν.
3172 3143 3464 3200 Gentilium

403 3231 684 3296 Iudaeam,
710 3232 848 3286 sicut
877 3232 930 3285 in
963 3222 1331 3300 superioribus
1352 3231 1611 3298 scriptum
1641 3237 1756 3283 est:
1786 3248 1802 3279 ι
1834 3229 1983 3284 Post-
2086 3231 2170 3286 lus
2194 3232 2481 3286 conclusus
2525 3241 2664 3286 erat.
2709 3232 2989 3288 Conclusit
3017 3233 3295 3303 Scriptura
3328 3235 3512 3288 omnia
3566 3235 3678 3289 sub

410 3324 507 3375 l'ar.‘
536 3321 681 3375 venit
699 3319 855 3374 lesus
873 3330 928 3373 et
949 3319 1195 3389 discipuli
1215 3317 1333 3387 ejus
1347 3318 1398 3372 in
1413 3316 1670 3371 Judaeam
1694 3327 1894 3372 terram
1929 3337 1977 3371 ι.
2083 3333 2327 3391 peccato.
2357 3323 2474 3393 Ipse
2495 3333 2579 3378 est
2601 3340 2785 3379 ramus
2807 3326 2874 3381 de
2896 3317 3366 3380 oleastro‘excisus
3385 3335 3440 3381 et
3464 3324 3676 3390 olivae,

406 3409 645 3462 Calilaca
672 3407 920 3462 caelestis
945 3408 1086 3462 vitae
1111 3423 1173 3461 ac
1203 3406 1418 3461 divinae
1455 3406 1711 3481 bonitatis
1753 3407 1980 3476 ﬁguram
2083 3413 2238 3484 cujus
2265 3415 2396 3468 rami
2444 3414 2602 3469 fracti
2629 3425 2780 3481 sunt,
2811 3414 3065 3471 insertus.
3111 3415 3434 3482 Notandum,
3469 3415 3681 3471 Sichar

405 3498 578 3567 gerit,
605 3498 672 3552 de
712 3513 818 3566 qua
860 3496 1122 3552 Dominus
1160 3511 1393 3552 nascens
1437 3497 1490 3550 in
1537 3511 1702 3551 carne
1739 3496 1887 3550 venit
1925 3496 1982 3549 in
2083 3519 2183 3575 pro
2221 3505 2451 3575 Sychem
2495 3514 2748 3575 corrupte
2793 3506 2940 3574 poni.
2998 3505 3228 3576 Sychem
3278 3506 3680 3573 interpretatur

406 3590 459 3641 in
481 3587 761 3652 ledaeam,
778 3588 880 3642 hoc
902 3596 1006 3653 est,
1029 3590 1084 3642 in
1110 3595 1450 3655 sacramenta
1478 3587 1646 3656 ipsius
1668 3586 1820 3657 legis,
1841 3602 1948 3656 qua

2136 3598 2328 3651 ιηιενὶε
2363 3615 2377 3650 :
2406 3597 2608 3652 electos
2636 3613 2702 3651 ex
2748 3598 2999 3667 gentibus
3029 3605 3337 3650 numeratos
3366 3595 3678 3666 investiga-

406 3677 582 3744 ννὶιιιο
607 3675 826 3732 aulaeis
853 3677 976 3731 (iam
1010 3678 1281 3743 εεινείουι
1319 3677 1396 3731 ait
1433 3676 1760 3747 Αβοείοίυεε
1792 3696 1809 3727 ⁶
1842 3676 1979 3730 Dum
2082 3689 2159 3744 tio
2202 3696 2401 3742 manet.
2467 3687 2529 3742 Et
2594 3689 2849 3756 quoniam
2903 3689 3017 3757 ipsa
3065 3686 3325 3740 naturalis
3372 3685 3513 3739 ratio
3561 3700 3679 3739 non

407 3777 587 3823 autem
613 3768 760 3823 venit
782 3768 1057 3837 plenitudo
1089 3780 1386 3837 temporum
1405 3806 1422 3833 ,
1445 3767 1591 3822 misit
1619 3767 1764 3822 Deus
1784 3766 1979 3820 Filium
2081 3778 2295 3832 aliunde
2323 3778 2512 3848 surgit,
2542 3778 2642 3832 nisi
2671 3794 2700 3831 a
2728 3792 2892 3832 causa
2919 3779 3159 3833 omnium
3183 3779 3467 3841 bonorum,
3496 3790 3530 3828 a
3559 3775 3686 3829 Deo

403 3875 560 3913 suum
591 3858 789 3914 factum
804 3874 868 3914 ex
895 3859 1137 3921 muliere.
1168 3859 1364 3914 factum
1391 3859 1490 3915 sub
1510 3857 1625 3929 lese
1646 3878 1690 3912 »ο
1713 3858 1979 3925 Quoniam
2082 3867 2356 3930 videlicet,
2385 3868 2611 3938 pulchre
2637 3868 2835 3923 dicitur
2863 3868 2979 3934 fons
3002 3867 3191 3930 Iacob,
3224 3868 3276 3921 id
3305 3875 3391 3921 est
3417 3866 3564 3920 ratio
3590 3866 3685 3919 in-

402 3966 534 4005 vero
557 3951 730 4007 noluit
759 3965 978 4005 manere
999 3951 1098 4005 sub
1124 3950 1271 4020 lege,
1299 3964 1476 4020 neque
1493 3964 1621 4013 eos,
1650 3948 1742 4018 qui
1770 3948 1825 4001 in
1851 3961 1979 4002 eum
2080 3957 2232 4013 ﬁnita
2261 4000 2277 4025 ,
2322 3958 2500 4015 Patris
2548 3960 2856 4014 altitudine
2885 3960 3199 4030 procedens.
3254 3959 3397 4014 Fons
3446 3973 3685 4029 quoque

402 4043 661 4099 credituri
685 4053 900 4109 essent,
924 4044 1144 4114 reliquit
1170 4044 1371 4115 legem,
1402 4058 1471 4098 ne
1490 4043 1591 4098 sub
1618 4041 1736 4111 lege
1759 4050 1943 4097 essent

2140 4052 2250 4107 ,cob
2297 4053 2439 4108 hanc
2485 4053 2855 4108 universitatis
2885 4052 3122 4107 inﬁmam
3151 4059 3359 4122 partem
3385 4090 3402 4115 ,
3442 4050 3549 4104 hoc
3585 4059 3682 4104 est

401 4135 499 4189 sed
523 4136 625 4190 sub
647 4135 863 4206 spiritu.
890 4134 957 4189 Et
978 4135 1081 4190 hoc
1104 4142 1220 4201 est,
1248 4134 1392 4204 quod
1412 4132 1703 4204 Apostolus
1732 4133 1840 4196 ait,
1870 4152 1889 4185 ι
1920 4149 1943 4186 ι]

2141 4145 2261 4198 nnia
2288 4144 2519 4199 visibilia
2570 4146 2710 4200 intra
2756 4144 2914 4213 hujus
2944 4144 3126 4198 mundi
3178 4140 3450 4197 sensibilis
3477 4141 3683 4195 termi—

330 4212 333 4225 Ι
401 4239 519 4290 «³0³,
539 4224 631 4295 τιυὶ
662 4225 764 4280 sub
790 4224 908 4296 1888
933 4234 1111 4291 erant,
1133 4224 1424 4279 redimeret
1450 4242 1495 4288 ³»
1522 4224 1624 4278 hoc
1641 4230 1748 4288 εει,
1772 4222 1841 4278 de
1865 4238 1977 4278 δυτ-
2080 4250 2179 4289 nos
2221 4244 2461 4289 coartata
2489 4279 2504 4302 ,
2560 4250 2667 4289 non
2715 4212 3008 4306 incongrue
3064 4234 3351 4304 signiﬁcat.
3417 4231 3687 4287 Breviter
3723 4290 3741 4302 ,

402 4321 572 4374 vitute
594 4320 829 4374 carnalis
857 4318 991 4389 legis
1015 4318 1069 4372 in
1102 4317 1408 4373 libertatem
1432 4315 1653 4385 spiritus
1676 4324 1977 4370 revocaret.
2080 4337 2210 4392 ergo
2239 4323 2593 4391 colligendum
2624 4341 2637 4376 :
2668 4322 2789 4377 fons
2813 4321 2979 4378 Jacob
3010 4331 3104 4376 aut
3131 4322 3402 4376 sensibilis
3435 4330 3685 4376 naturae

400 4412 467 4465 Et
489 4410 591 4465 hoc
615 4420 733 4465 est:
757 4412 882 4465 abiit
903 4412 960 4465 in
980 4410 1293 4466 Galilaeam.
1796 4408 1805 4413 ’
2008 4455 2056 4514 D
2081 4420 2173 4466 aut
2204 4410 2552 4479 intelligihilis
2584 4411 2809 4465 rationis
2840 4410 3139 4483 symbolum
3166 4418 3267 4464 est.

474 4500 755 4570 Oportebat
781 4510 953 4554 autem
984 4501 1209 4554 transire
1228 4517 1320 4569 per
1354 4499 1675 4555 Samariam.
1709 4498 1854 4553 Inter
1879 4496 1976 4552 1η·-
2008 4496 2055 4514 ¹¹
2150 4499 2307 4554 Iesus
2332 4517 2453 4570 ergo
2487 4500 2738 4570 fatigatus
2778 4517 2842 4554 ea:
2872 4501 3056 4554 itinere
3093 4500 3222 4554 sedit
3258 4500 3333 4552 sic
3359 4514 3518 4568 super
3542 4499 3679 4568 fou-

401 4592 594 4644 daeam
617 4598 674 4644 et
696 4588 990 4645 Galilaeam
1020 4588 1265 4644 Samaria
1289 4591 1578 4646 constituta
1605 4596 1719 4654 est,
1750 4589 1974 4653 ltocest,
2080 4600 2200 4643 tem.
2248 4589 2516 4659 Fatigatio
2571 4588 2699 4645 Jesu
2745 4590 3045 4646 incarnatio
3090 4590 3208 4659 ejus
3255 4599 3356 4644 est.
3408 4588 3682 4643 Nostram

401 4681 543 4733 inter
563 4678 734 4749 legem
763 4679 1005 4743 litterae,
1036 4694 1173 4748 quae
1201 4680 1535 4749 signiﬁcatur
1564 4694 1661 4749 per
1684 4679 1976 4745 Judaeum,
2079 4683 2273 4753 quippe
2299 4691 2547 4737 naturam
2578 4684 2772 4738 merito
2804 4683 3081 4754 originalis
3124 4684 3351 4751 peccati,
3382 4680 3680 4736 laboribus

402 4776 457 4822 et
482 4777 732 4823 aeternas
754 4769 965 4823 divinas
983 4767 1128 4835 leges
1156 4768 1299 4822 circa
1329 4768 1493 4823 Deum
1524 4768 1823 4833 revolutas,
1845 4784 1978 4837 qua-
2078 4772 2236 4842 hujus
2263 4774 2448 4827 mundi
2477 4783 2638 4843 atque
2667 4773 2939 4828 aerumnis
2971 4771 3269 4840 fatigatam,
3297 4770 3529 4839 accepit.
3559 4769 3686 4824 lter

403 4875 523 4911 rum
558 4858 781 4928 ﬁguram
812 4858 949 4929 gerit
973 4857 1234 4921 Galilaea,
1269 4857 1355 4910 lex
1397 4856 1659 4910 naturalis
1702 4857 1755 4911 in
1801 4856 1979 4910 medio
2078 4860 2195 4929 ejus
2244 4863 2538 4918 descensus
2588 4863 2882 4917 divinitatis
2931 4874 3070 4916 suae
3097 4900 3111 4923 ,
3149 4860 3214 4912 ad
3264 4857 3684 4927 suscipiendam

403 4950 695 5005 εοηεῑῖῑιηα
724 4958 824 5004 εει·
854 4946 1118 5013 Quoniam
1168 4948 1330 5016 igilm‘
1370 4946 1618 5001 Christus
1654 4947 1827 5016 primo
1860 4948 1980 5015 qui-
2080 4961 2297 5009 nostrae
2327 4964 2558 5009 naturae
2590 4954 3015 5007 similitudinem.
3052 4951 3268 5021 Absque
3296 4951 3480 5005 labore
3511 4965 3690 5005 crea—

402 5041 526 5094 dem
550 5054 617 5094 ex
642 5039 755 5108 lege
780 5039 989 5092 litterae
1019 5038 1365 5091 fututamenta
1392 5050 1521 5090 suae
1541 5037 1769 5106 sumpsit
1792 5036 1976 5091 Eccle-
2080 5041 2158 5094 vit
2184 5058 2282 5097 nos
2319 5059 2416 5113 per
2452 5043 2813 5108 divinitatem,
2850 5057 2970 5096 cum
3001 5040 3182 5095 labore
3210 5039 3415 5094 creavit
3442 5054 3545 5094 nos
3568 5054 3688 5109 per

1682 5127 1936 5182 νΑιιιΑΕ
1971 5128 2371 5190 LECTIONES.

474 5267 2180 5412 llS.llieronymus:Galilaea,volutabilis,auttraruuigfr‘uj-c
2333 5337 2690 5412 Hieronymus
2740 5353 2752 5387 :
2805 5334 3189 5412 Corruptepro
3241 5328 3483 5393 Sicltem,
3528 5347 3674 5412 ςᾳσς

402 5412 570 5477 gratio
592 5403 884 5481 perpetrota
907 5411 990 5465 vel
1012 5419 1144 5464 rota.
1167 5409 1217 5473 J.
1243 5407 1436 5463 Scotus
1458 5416 1605 5461 recte
1630 5422 1818 5460 vocem
1841 5407 1977 5461 deri-
2085 5409 2404 5481 transfertur
2426 5409 2477 5459 iu
2505 5403 2843 5481 It'ttnteros,_u_t
2868 5405 3057 5462 Siclmr
3077 5406 3346 5481 legeretur,
3380 5416 3507 5481 usus
3539 5403 3666 5454 obti

404 5471 497 5553 vat
536 5516 565 5553 a
753 5501 983 5565 volvere;
1021 5498 1341 5570 interpretio
1378 5496 1767 5564 transmigratio
1807 5496 1981 5564 respi-
2086 5479 2216 5570 ἶυίίί·
2241 5475 2288 5530 ³-
2314 5476 2717 5570 ἓοξξιυειρεῖεεβ
2746 5471 3694 5570 Viduli!“"f’lli’rilﬁo‘hf‘mﬁf

642 5539 1339 5616 έτίξίνωωξ”’“’ῗξ”ξ’”
1378 5539 1763 5564 ”””“””³””’”
1808 5539 1945 5564 ’”’⁷⁸”
2087 5548 2459 5616 interpretatio
2491 5539 2691 5599 numeri
2710 5561 2812 5599 non
2847 5547 2977 5600 satis
3007 5553 3255 5599 accurata
3278 5555 3393 5608 est;
3432 5558 3557 5595 nam
3581 5539 3698 5594 Si-

409 5604 485 5655 c"
661 5646 675 5667 ν
727 5608 949 5668 Cum“
978 5606 1137 5660 1‘5"“
1172 5605 1232 5666 vv
1261 5605 1313 5658 9-
2086 5586 2243 5672 Sinni
2273 5616 2542 5671 derivatur
2568 5632 2595 5668 a
2623 5618 2770 5673 ειεεὴ

496 5708 520 5742 δ’
560 5710 647 5762 Sic
682 5708 735 5762 .5.
768 5712 1115 5769 liicmnvntus
1145 5729 1153 5761 :
1185 5705 1646 5761 .‘iir/wrt‘onclualo
1664 5708 1978 5762 alterumue.
2671 5684 2686 5706 I
2712 5694 2724 5705 ’

477 5203 490 5231 ¹
521 5200 661 5254 Abiit
682 5217 786 5255 om.
810 5202 951 5265 cod.,
984 5201 1104 5254 ald.
1148 5216 1213 5253 ex
1238 5199 1383 5254 coni.
