3834 6152
217 283 311 336 533
1197 278 1545 333 (ΣΟΜΜΕΝΤ.
1586 280 1654 334 IN
1693 280 1755 334 E‘

1862 279 1942 334 EC.
1987 279 2130 334 δερ.
2173 279 2360 335 JOAN.
3330 283 3433 337 53$

217 395 608 450 immunitatem.
637 392 992 446 Aeternaliter
1021 393 1070 444 iu
1097 407 1153 445 se
1183 393 1294 459 ipso
1319 403 1370 447 et
1399 394 1449 446 in
1481 392 1641 448 Patre
1667 409 1765 448 suo
1792 407 1840 461 Α
1871 402 1988 446 rent
2033 392 2338 462 spirituales
2379 407 2559 453 escas,
2612 391 2712 446 hoc
2751 401 2834 445 est
2869 390 3025 444 ﬁdem
3075 398 3128 444 et
3167 391 3433 446 actionem

216 499 422 538 manens
445 493 498 536 et
528 483 945 543 immutabiliter,
974 483 1138 535 movit
1164 497 1219 535 se.
1245 484 1414 551 ipsum
1443 484 1602 537 veluti
1633 499 1766 552 quo-

215 578 324 625 «tam
355 572 545 625 itinere
590 571 897 640 temporalis
944 572 1354 640 dispensationis
1388 589 1485 642 per
1523 590 1763 628 carnem.

215 662 344 714 Sedit
384 676 540 728 super
581 661 792 728 fontem.
844 660 1026 714 Sessio
1073 661 1270 716 Christi
1316 664 1768 720 incommutabilis

213 752 490 805 divinitatis
518 766 649 804 suae
695 752 746 804 in
777 760 956 806 nostra
1001 766 1191 806 natura
1230 755 1518 822 possessio.
1569 755 1764 810 Nostra

214 851 374 895 autem
401 852 590 896 natura
623 843 816 911 duplex
845 854 929 896 est
963 862 975 896 :
1009 855 1221 898 constat
1249 848 1444 916 quippe
1474 863 1539 901 ex
1567 849 1762 904 visibili

211 947 420 1002 corpore
456 942 510 986 et
547 934 797 987 invisibili
833 933 1030 988 anima.
1065 935 1214 1000 Quae
1242 937 1346 990 duo
1374 938 1564 1007 duplex
1599 940 1764 1008 ipsius

213 1020 357 1074 fontis
385 1021 757 1089 interpretatio
771 1023 1002 1084 indicat.
1035 1022 1372 1079 Praedictum
1401 1042 1632 1098 namque
1657 1037 1762 1092 est,

211 1118 258 1163 et
279 1111 640 1165 rationabilem
670 1113 902 1165 animam
933 1123 987 1166 et
1017 1113 1274 1168 visibilem
1312 1127 1614 1172 creaturam
1649 1118 1763 1174 fon-

213 1211 304 1253 tem
333 1200 604 1268 ﬁgurasse.
648 1202 909 1268 Quoniam
947 1218 1074 1258 vero
1101 1205 1405 1261 humanitas
1431 1208 1626 1262 Christi
1656 1227 1760 1266 non

209 1293 362 1345 solum
385 1308 596 1346 onmem
631 1293 921 1359 visibilem,
950 1311 1137 1349 verum
1165 1298 1330 1351 etiam
1365 1314 1575 1353 onmem
1608 1301 1764 1356 intel-

209 1381 464 1436 lectualem
507 1393 812 1437 creaturam
843 1395 1095 1454 superat,
1130 1386 1289 1440 homo
1314 1389 1456 1441 enim
1487 1390 1682 1444 dicitur
1708 1399 1762 1444 et

208 1471 311 1541 plus
332 1487 484 1541 quam
515 1473 682 1527 homo
703 1514 718 1537 ,
763 1483 887 1543 apte
929 1490 1090 1544 super
1119 1476 1318 1531 fontem
1345 1479 1546 1532 sedisse
1577 1496 1761 1534 narra-

208 1572 298 1624 tur,
341 1565 588 1631 quamvis
633 1579 700 1618 ex
751 1565 943 1620 itinere
977 1567 1246 1637 fatigatus.
1295 1569 1580 1626 lnﬁrniitas
1617 1573 1758 1628 enim

208 1652 535 1706 humanitatis
569 1653 737 1722 ipsius
765 1655 910 1708 omni
941 1665 1186 1710 creatura
1217 1657 1408 1713 fortior
1433 1670 1517 1715 est
1543 1664 1757 1729 merito,

1866 491 1921 536 et
1949 483 2330 551 cognitionem,
2358 483 2552 551 quibus
2579 480 2882 550 spirituales
2912 481 3152 550 magistri
3167 479 3436 536 Ecclesiae

1867 574 2152 626 satiantur.
2197 572 2376 626 Primo
2411 572 2674 641 siquidem
2719 573 2785 625 ab
2835 572 2940 635 his,
2987 572 3184 640 quibus
3230 575 3430 641 praedi-

1866 674 2030 726 cant,
2075 663 2232 718 ﬁdem
2280 663 2586 732 postulant,
2641 663 2833 716 deinde
2884 678 3153 733 congruas
3183 664 3281 733 ipsi
3311 664 3431 718 ﬁdei
3501 733 3506 736 _

1865 754 2136 819 actiones,
2168 763 2439 822 postremo
2483 753 2839 822 cognitionem
2889 753 3167 818 veritatis,
3216 762 3435 822 propter

1863 858 2023 912 quam
2051 853 2105 897 et
2136 843 2266 898 ﬁdes
2295 843 2638 912 praedicatur
2660 851 2714 897 et
2741 843 2881 897 actio
2909 843 3244 914 scientiaque
3271 843 3433 913 perﬁ-

1863 933 2025 988 citnr.

1933 1025 2071 1078 Dicit
2119 1043 2239 1096 ergo
2291 1027 2338 1079 ei
2389 1026 2576 1079 mulier
2616 1023 2954 1080 Samaritana
2989 1042 3008 1080 :
3044 1025 3314 1090 Quomodo
3355 1035 3432 1089 tu,

1861 1113 2099 1168 Iudaeus
2139 1131 2254 1168 cum
2289 1116 2380 1179 sis,
2419 1133 2450 1168 a
2487 1131 2567 1168 me
2595 1115 2764 1168 bibere
2790 1117 2940 1185 petis,
2975 1117 3102 1169 dum
3126 1118 3222 1170 tim
3251 1118 3438 1170 mulier

1863 1203 2247 1258 Samaritana?
2267 1203 2392 1258 Non
2412 1205 2548 1258 enim
2569 1213 2849 1257 coutuntur
2860 1204 3052 1258 Judaei
3066 1203 3432 1260 Samaritanir.

1862 1293 2052 1348 Mulier
2097 1294 2184 1348 illa
2233 1295 2569 1349 Samaritana
2597 1336 2612 1361 ,
2657 1310 2795 1364 quae
2824 1306 3001 1367 typum
3030 1296 3304 1351 Ecclesiae
3342 1312 3436 1351 seu

1862 1391 2086 1438 naturae
2130 1386 2416 1454 gestabat,
2469 1386 2696 1439 miratur
2724 1385 3042 1452 Dominum,
3072 1383 3232 1457 quem
3264 1387 3438 1442 adhuc

1861 1471 2173 1541 ignorabat,
2207 1473 2302 1527 sed
2352 1483 2557 1528 tantum
2592 1473 2850 1530 Judaeum
2896 1475 3060 1530 fuisse
3093 1487 3436 1546 cognoverat,

1861 1577 1959 1615 cur
1988 1563 2204 1632 petierit
2233 1563 2301 1616 ab
2332 1578 2393 1618 ea
2422 1564 2626 1627 bibere,
2657 1579 2778 1618 cum
2805 1574 2950 1620 esset
2977 1564 3169 1619 mulier
3198 1563 3438 1619 Samari-

1861 1661 2003 1706 tana.
2054 1652 2170 1707 Non
2207 1655 2379 1716 enim,
2422 1663 2480 1708 ut
2513 1655 2619 1718 ait,
2650 1662 2940 1709 coutuntur
2975 1653 3162 1708 Judaei
3197 1653 3440 1708 Samari-

205 1746 314 1812 quia
336 1747 385 1798 in
411 1747 582 1800 Deum
606 1757 901 1818 assumpta.
930 1749 1074 1803 Ilora
1100 1762 1209 1804 erat
1233 1754 1381 1822 quasi
1401 1765 1568 1808 sexta.
1595 1754 1755 1811 Sexta

1867 1743 2025 1797 tanis.
2070 1742 2169 1797 Ubi
2217 1745 2508 1799 secundum
2556 1743 2790 1799 litteram
2833 1745 3138 1813 quaeritur,
3178 1744 3307 1813 quid
3335 1753 3438 1807 est,

207 1834 318 1887 hora
337 1845 548 1890 sextam
578 1837 761 1892 mundi
790 1847 1021 1895 aetatem
1035 1840 1380 1911 praeﬁgurat.
1406 1842 1567 1911 Cujus
1592 1845 1762 1914 prima

207 1935 338 1979 aetas
375 1927 440 1980 ab
474 1927 798 1996 expulsione
825 1929 983 1998 primi
1023 1931 1257 1987 hominis
1292 1932 1358 1986 de
1393 1934 1644 2001 paradiso
1673 1952 1762 1990 us-

207 2028 298 2081 que
327 2017 388 2068 ad
421 2016 618 2082 altare,
647 2021 789 2088 quod
831 2017 942 2074 Noe
987 2021 1174 2076 exiens
1221 2021 1289 2076 de
1332 2037 1456 2078 arca
1489 2034 1605 2092 post
1629 2026 1764 2081 dilu-

210 2105 332 2158 vium
361 2093 780 2173 construxerat;
816 2119 1176 2178 computatur.
1220 2112 1485 2178 Secunda,
1525 2115 1644 2170 inde
1671 2132 1762 2170 us-

207 2210 296 2263 que
319 2196 380 2249 ad
406 2198 610 2264 altare,
643 2200 696 2253 in
735 2215 842 2270 quo
870 2202 1142 2257 Abraham
1164 2203 1349 2272 jussus
1375 2222 1403 2259 a
1433 2207 1543 2261 Deo
1573 2208 1763 2264 immo-

205 2285 302 2340 lare
335 2286 495 2343 Isaac.
555 2288 738 2344 Tertia
765 2331 782 2356 ,
825 2292 1017 2348 dehinc
1047 2296 1113 2349 ad
1139 2295 1308 2351 altare
1341 2299 1482 2369 regis
1511 2300 1676 2355 David
1709 2303 1760 2356 in

207 2389 312 2428 area
340 2376 522 2432 Ornan
553 2378 798 2436 Jebusei.
833 2382 1033 2440 Deinde
1057 2398 1268 2455 quarta,
1296 2406 1468 2460 usque
1497 2393 1562 2446 ad
1592 2392 1761 2450 altare

203 2463 469 2523 lorobabel
495 2472 556 2524 in
585 2473 786 2542 templo
814 2476 1168 2532 reaediﬁcato.
1202 2479 1327 2534 lude
1351 2485 1563 2552 quinta,
1591 2501 1760 2555 usque

202 2559 256 2608 ad
281 2558 598 2628 baptismum
624 2563 865 2632 Joannis,
899 2583 1016 2633 seu,
1050 2579 1106 2623 ut
1138 2571 1316 2626 multis
1343 2589 1446 2628 non
1477 2575 1760 2633 irrationa-

198 2645 356 2702 lziliter
383 2651 623 2713 videtur.
665 2669 834 2723 usque
880 2657 945 2710 ad
983 2673 1170 2712 verum
1204 2661 1395 2727 altare,
1425 2664 1527 2719 hoc
1552 2675 1636 2720 est
1666 2683 1757 2723 us-

197 2752 287 2805 que
311 2741 371 2794 ad
397 2741 604 2797 Christi
643 2759 889 2810 crucem,
928 2763 1090 2817 quam
1123 2761 1312 2804 cuncta
1347 2753 1586 2822 praefata
1619 2759 1756 2827 typi-

199 2829 370 2883 cal'ant
398 2831 616 2887 altaria.
667 2833 1012 2890 Protenditur
1057 2839 1182 2893 hinc
1219 2851 1369 2894 sexta
1406 2852 1556 2899 aetas
1587 2861 1757 2916 usque

201 2918 256 2970 ad
279 2919 426 2976 ﬁnem
447 2925 672 2986 mundi;
703 2942 846 2981 nunc
864 2928 1060 2995 agitur.
1094 2928 1332 2998 Septima
1355 2948 1584 3002 namque
1608 2946 1756 2992 aetas

203 3009 246 3060 in
270 3010 364 3063 alia
407 3014 519 3066 vita
547 3015 827 3084 perﬁcitur
873 3017 930 3070 in
957 3015 1240 3075 animabus
1270 3037 1494 3093 corpore
1523 3026 1711 3082 solutis
1736 3045 1750 3094 ;

1864 1837 2005 1904 quod
2032 1835 2106 1889 ait
2133 1835 2348 1900 femina,
2377 1852 2478 1889 non
2513 1837 2648 1889 enim
2679 1845 2960 1889 coutuntur
2980 1835 3174 1888 Judaei
3198 1833 3436 1888 Samari-

1864 1927 2001 1980 tanis
2025 1967 2039 1990 ,
2081 1927 2204 1980 dum
2245 1926 2572 1982 Samaritani
2610 1935 2664 1982 et
2702 1925 2801 1980 sub
2830 1925 2945 1996 lege
2971 1925 3138 1996 Moysi
3166 1925 3439 1980 omnibus-

1862 2028 1967 2082 que
1995 2014 2111 2082 ejus
2143 2017 2445 2086 praeceptis
2482 2026 2534 2071 et
2575 2016 2830 2087 symbolis
2869 2015 3135 2080 vixerint,
3173 2015 3440 2085 simulque

1863 2105 2243 2172 cohabitarint,
2277 2123 2339 2162 ac
2369 2124 2465 2178 per
2505 2109 2637 2175 hoc,
2671 2110 2714 2164 si
2745 2110 2844 2164 sub
2873 2125 2978 2163 una
3011 2109 3126 2180 lege
3163 2109 3436 2169 vivebant,

1863 2196 1916 2250 in
1945 2197 2079 2252 cibis
2109 2199 2272 2253 etiam
2302 2201 2730 2255 communicasse
2770 2201 3205 2255 existimandum.
3251 2201 3306 2253 In
3333 2215 3439 2269 quo

1859 2299 1989 2356 ergo
2020 2303 2123 2342 non
2151 2290 2551 2344 coutebantur?
2582 2291 2660 2344 Ad
2691 2291 2790 2345 hoc
2817 2291 3100 2345 dicendum
3136 2309 3148 2343 :
3175 2287 3360 2345 Judaei
3385 2301 3440 2344 et

1861 2377 2219 2443 Samaritani,
2255 2381 2356 2435 sub
2401 2396 2506 2434 una
2551 2380 2666 2449 lege
2713 2381 2996 2450 degentes,
3037 2395 3198 2432 unum
3249 2379 3432 2438 Deum,

1860 2465 2072 2521 Patrem
2109 2468 2360 2523 videlicet
2406 2469 2742 2534 adorabunt,
2793 2470 2885 2524 sed
2929 2469 2993 2523 de
3035 2468 3151 2522 leco
3179 2469 3438 2524 orationis

1859 2559 2266 2614 contendebant.
2309 2560 2494 2615 Judaei
2526 2561 2721 2630 quippe
2758 2560 2811 2614 in
2845 2560 2990 2615 nullo
3041 2560 3145 2614 alio
3193 2560 3309 2615 loco
3340 2561 3436 2615 ad-

1858 2655 2002 2707 orari
2048 2655 2333 2724 putabant,
2371 2655 2470 2708 nisi
2517 2654 2580 2707 in.
2613 2653 2838 2723 templo,
2863 2655 3004 2721 quod
3047 2661 3163 2708 erat
3189 2652 3437 2708 llieroso-

1860 2741 2021 2797 limis.
2075 2742 2399 2797 Samaritani
2429 2759 2556 2798 vero
2590 2744 2643 2798 in
2676 2752 2856 2798 monte
2897 2741 3208 2806 Samariae,
3251 2743 3301 2795 in
3329 2757 3436 2812 quo

1859 2831 2120 2885 habitavit
2156 2831 2320 2886 Jacob
2347 2873 2362 2898 ,
2410 2833 2574 2886 Deum
2608 2832 2890 2887 colendum
2934 2832 3335 2886 existimabant.
3377 2832 3436 2886 in

1863 2921 1964 2976 hoc
1995 2936 2124 2992 ergo
2164 2938 2267 2976 non
2299 2923 2770 2996 coutebantur,_de
2800 2921 2915 2975 loco
2946 2921 3206 2975 orationis
3233 2921 3435 2975 discre-

1859 3021 2066 3082 pantes.
2119 3013 2174 3068 Si
2222 3013 2364 3066 enim
2415 3013 2496 3066 lex
2539 3010 2759 3067 Judaica
2804 3011 3034 3066 Judaeos
3080 3011 3433 3066 Samaritania

200 3115 322 3165 quae
349 3112 494 3158 aetas
531 3103 719 3173 incipit
749 3107 1004 3178 martyrio
1033 3108 1166 3163 Abel
1192 3151 1206 3175 ,
1255 3121 1308 3165 et
1345 3114 1397 3168 in
1435 3115 1540 3170 ﬁne
1572 3101 1760 3173 mund;
1785 3115 1828 3174 ί]
1861 3107 2000 3188 conti
2026 3107 2352 3176 prohiberet,
2386 3105 2628 3160 fortassis
2654 3105 2901 3159 Christus
2934 3104 3217 3174 ﬁguratum
3247 3113 3431 3174 potum

203 3193 577 3248 resurrectione
651 3196 887 3248 omnium
961 3198 1356 3255 terminabitur.
1418 3203 1547 3258 Post
1594 3223 1753 3276 quam

199 3292 362 3336 ottava
410 3287 634 3354 incipiet
684 3302 964 3356 apparere,
1005 3306 1144 3360 quae
1191 3292 1336 3348 nullo
1378 3293 1483 3350 ﬁne
1518 3297 1753 3353 circum-

200 3373 455 3428 scribetur.
491 3375 681 3430 Potest
710 3378 870 3432 etiam
909 3377 962 3432 in
1001 3391 1153 3434 sexta
1195 3382 1325 3436 hora
1363 3384 1600 3452 perlecta
1632 3403 1757 3442 cae—

201 3463 328 3518 lc3tis
351 3469 560 3536 gratiae
587 3469 830 3536 claritas,
863 3485 1000 3540 quae
1025 3472 1241 3528 Christo
1269 3475 1618 3533 inlmmanato
1646 3481 1757 3549 ple-

202 3553 395 3610 nissime
421 3559 600 3612 illuxit
641 3560 872 3624 mundo,
909 3562 1084 3632 typice
1115 3564 1338 3634 ﬁgurata
1373 3566 1614 3636 intelligi.
1659 3568 1754 3624 Se~

201 3647 362 3700 uarius
389 3649 656 3718 siquidem
686 3666 941 3707 numerus
964 3653 1234 3722 perfectus
1263 3665 1362 3712 est.

268 3737 400 3793 Venit
427 3743 620 3796 mulier
644 3761 708 3797 ea:
735 3742 980 3799 Samaria
1002 3748 1214 3802 haurire
1241 3767 1452 3819 aquam.
1485 3751 1752 3816 Samaria,

199 3836 249 3879 at
272 3832 655 3896 praediximus,
701 3836 925 3904 ﬁguram
975 3838 1211 3908 gentium
1259 3842 1516 3910 suggerit.
1569 3841 1756 3898 Mulier

200 3930 390 3984 egressa
417 3923 486 3976 de
519 3921 763 3976 Samaria
791 3924 1030 3980 Ecclesia
1078 3936 1198 3991 est,
1245 3944 1312 3982 ex
1352 3930 1482 3997 ipsis
1509 3931 1754 4000 gentibus

201 4007 416 4074 collecta,
445 4028 606 4080 quae,
635 4025 882 4083 suscepta
913 4015 1016 4070 ﬁde
1041 4018 1304 4084 veritatis,
1328 4018 1529 4074 fontem
1564 4022 1750 4090 ipsius,

201 4098 342 4154 idest
367 4103 663 4167 Christum,
706 4107 922 4161 haurire
968 4109 1253 4164 desiderat.
1307 4111 1437 4166 item
1471 4115 1662 4168 mulier
1689 4117 1754 4170 de

201 4187 393 4245 civitate
437 4209 657 4264 egressa
707 4206 955 4250 naturam
1009 4199 1209 4256 indicat
1255 4203 1571 4267 humanam,
1615 4222 1752 4274 quae

203 4281 495 4337 naturaliter
531 4286 756 4340 rationis
793 4286 996 4342 fontem
1038 4293 1267 4360 appetit,
1297 4294 1436 4346 unde
1475 4294 1561 4346 siti
1603 4311 1747 4358 suae,

202 4365 288 4421 hoc
313 4380 408 4436 est,
441 4374 613 4428 indito
648 4376 749 4430 sibi
777 4393 935 4434 verae
963 4382 1281 4450 cognitionis
1309 4384 1564 4452 appetitui
1593 4388 1751 4440 satis-

1859 3215 1888 3253 a
1920 3200 2143 3254 muliere
2173 3215 2276 3252 non
2316 3207 2542 3268 peteret,
2577 3213 2674 3251 nec
2704 3211 2829 3251 suos
2865 3195 3158 3265 discipulos
3190 3195 3339 3250 cibos
3365 3196 3432 3249 ab

1857 3291 1935 3345 eis
1978 3305 2158 3345 emere
2204 3290 2446 3353 sineret,
2494 3303 2614 3342 cum
2666 3287 3033 3341 indubitanter
3090 3300 3195 3339 non
3243 3293 3430 3356 polum

1857 3395 2027 3451 aquae
2054 3380 2366 3450 corporalis,
2400 3379 2492 3435 sed
2522 3387 2707 3450 potum
2735 3377 2855 3432 ﬁdei
2893 3376 3186 3446 spiritualis
3214 3376 3433 3446 petiisse

1857 3471 2182 3526 credendum
2209 3471 2299 3526 sit.

1928 3561 2210 3631 Respondit
2230 3559 2388 3613 Jesus
2408 3569 2454 3612 et
2482 3559 2612 3613 dixit
2642 3558 2688 3612 ei
2715 3575 2731 3611 :
2761 3555 2815 3612 Si
2839 3557 2995 3610 scires
3019 3556 3212 3609 donum
3240 3553 3351 3615 Dei,
3385 3563 3432 3605 et

1856 3650 1970 3720 quis
2012 3659 2119 3716 est,
2153 3650 2242 3718 qui
2283 3648 2407 3700 dicit
2446 3647 2537 3700 tibi
2567 3663 2585 3700 :
2623 3646 2707 3700 Da
2744 3645 2870 3698 mihi
2899 3645 3097 3706 bibere,
3134 3651 3189 3694 tu
3220 3641 3432 3709 petisses

1855 3757 1994 3804 eum,
2035 3750 2081 3794 et
2123 3739 2346 3792 dedisset
2380 3737 2470 3791 tibi
2507 3752 2717 3807 aquam.
2763 3733 2840 3788 Ac
2879 3733 2923 3788 si
2964 3732 3182 3787 dixisset
3214 3747 3227 3782 :
3261 3727 3320 3782 Si
3348 3739 3429 3789 tu,

1857 3830 2068 3894 mulier,
2100 3843 2286 3883 nosses
2314 3842 2420 3892 me,
2448 3837 2501 3881 et
2533 3827 2586 3879 in
2629 3839 2713 3878 me
2743 3821 2980 3893 perfecte
3003 3823 3274 3881 crederes,
3302 3824 3357 3870 et
3383 3817 3429 3870 si

1855 3921 2024 3976 scires
2063 3920 2260 3973 donum
2309 3917 2434 3982 Dei,
2481 3918 2582 3970 hoc
2628 3925 2711 3968 est
2764 3912 3020 3981 Spiritum
3067 3917 3334 3969 sanctum,
3373 3915 3429 3958 tu

1855 4015 2081 4086 petisses
2111 4027 2140 4065 a
2175 4025 2258 4064 me
2285 4010 2487 4073 bibere,
2517 4008 2573 4061 et
2594 4007 2777 4060 darem
2805 4004 2899 4058 tibi
2930 4002 3119 4056 merito
3153 4008 3275 4053 tuae
3306 3996 3429 4052 ﬁdei

1857 4119 2054 4172 aquam
2086 4101 2283 4160 vivam,
2315 4099 2572 4167 Spiritum
2607 4094 2848 4147 videlicet
2875 4101 3137 4145 sanctum.

1925 4193 2063 4245 Dicit
2091 4191 2138 4243 ei
2160 4189 2349 4242 mulier
2372 4202 2389 4238 :
2417 4185 2658 4248 Domine,
2682 4199 2842 4254 neque
2870 4180 3212 4234 ltaurilorium
3246 4175 3423 4240 habet,

1853 4291 1899 4334 et
1940 4289 2120 4349 puteus
2154 4278 2295 4331 altus
2328 4285 2421 4330 est.
2471 4273 2743 4339 Quomodo
2784 4287 2904 4340 ergo
2941 4270 3096 4326 habet
3136 4281 3326 4336 aquam
3355 4266 3428 4318 vi-

1852 4373 2008 4426 vam?
2054 4370 2262 4432 Mulier,
2310 4368 2484 4421 adhuc
2526 4363 2756 4418 carnalis
2803 4371 2858 4415 et
2903 4357 3137 4413 nondum
3175 4357 3422 4420 credens,

202 4455 356 4514 facere
389 4464 599 4530 valeat;
649 4468 790 4535 Quod
829 4479 953 4523 ante
981 4447 1403 4528 incarnationem
1433 4477 1747 4544 conditoris,
1780 4457 1828 4516 Ῐ)
1855 4460 2133 4530 ίΒηοτθδίιι
2181 4459 2343 4511 Verba
2382 4452 2652 4524 Ῑοφιθυίῖῧ
2677 4467 2795 4505 cum
2825 4465 2920 4544 ea}
2954 4454 3252 4544 Pulm'cri“
3281 4447 3424 4544 clm“

203 4547 277 4613 qui
299 4561 373 4604 est
400 4553 517 4608 l'ons
543 4556 710 4621 vitae,
737 4558 1029 4628 adimplere
1058 4564 1386 4632 nequiverat.
1411 4565 1633 4622 Bibebat
1667 4578 1746 4623 ta-

203 4651 308 4691 men
333 4641 593 4700 laboriose
620 4663 684 4700 ex
717 4650 946 4703 naturali
977 4650 1123 4705 l'oute
1152 4655 1378 4709 rationis
1407 4657 1507 4711 sibi
1538 4659 1744 4722 insitae,

203 4736 422 4784 naturam
472 4749 655 4788 rerum
707 4737 926 4808 physico
973 4751 1120 4794 motu
1152 4745 1438 4814 vestigans,
1475 4747 1750 4816 ipsiusque

200 4828 402 4873 naturae
445 4835 745 4881 creatorem
784 4838 838 4883 et
877 4845 1115 4889 causam.
1165 4833 1299 4887 Dicit
1343 4837 1389 4889 ei
1433 4838 1586 4890 Jesus
1617 4852 1635 4889 :
1666 4839 1747 4892 Du

201 4908 310 4960 inihi
334 4911 514 4967 bibere.
549 4916 802 4985 Discipuli
825 4920 959 4972 enim
983 4922 1098 4989 ejus
1126 4922 1358 4977 abierant
1385 4925 1437 4978 in
1468 4927 1744 4990 civitatem,

199 5001 246 5088 iit
268 4997 399 5088 cibos
420 5012 665 5056 emerent.
704 5004 862 5060 Jesus
885 5023 1046 5078 super
1070 5008 1268 5064 l'oatem
1299 5015 1492 5067 sedens
1518 5016 1650 5082 petit
1679 5015 1747 5069 ab

199 5078 419 5140 Ecclesia
443 5092 733 5158 primitiva,
773 5110 934 5163 quam
974 5113 1038 5151 ex
1071 5100 1318 5167 gentibus
1356 5078 1612 5172 elegerat,
1649 5120 1746 5174 po-

199 5179 296 5227 tum
327 5178 478 5243 lidei,
516 5197 623 5251 qua
667 5183 720 5236 in
748 5199 870 5238 eum
899 5187 1157 5242 creditur.
1202 5189 1342 5244 Petit
1370 5207 1400 5245 a
1431 5205 1618 5246 natura
1655 5209 1748 5263 po-

199 5273 295 5318 lum
337 5273 556 5328 rationis
583 5315 598 5340 ,
646 5291 749 5344 qua
799 5278 1043 5333 conditor
1088 5289 1245 5350 atque
1277 5284 1579 5354 redemptor
1619 5300 1747 5340 suus

197 5354 546 5429 investigatur.
625 5365 881 5435 Discipuli
940 5369 992 5423 in
1043 5371 1310 5426 civitatem
1362 5389 1543 5428 emere
1597 5376 1746 5431 cibos

197 5445 457 5516 abeuntes,
495 5456 722 5524 apostoli
752 5468 877 5510 sunt
916 5459 966 5513 in
1009 5461 1263 5516 mundum
1303 5464 1474 5529 missi,
1504 5473 1562 5519 ut
1601 5480 1743 5518 eme-

1855 4552 1944 4605 illa
1975 4552 2038 4604 de
2067 4547 2304 4604 sensibili
2341 4561 2478 4614 aqua
2529 4542 2808 4596 Dominum
2859 4538 3055 4592 dixisse
3082 4578 3095 4601 ,
3149 4552 3268 4590 cum
3312 4535 3425 4604 ipse

1854 4645 1921 4699 de
1953 4641 2268 4712 intelligibili
2303 4645 2576 4692 tractaret.
2615 4634 2813 4688 Puteus
2858 4629 3016 4692 altus,
3056 4636 3114 4681 ut
3151 4627 3421 4694 praedixi-

1855 4753 1994 4801 mus,
2031 4745 2120 4790 aut
2147 4733 2558 4804 profunditatem
2593 4727 2856 4781 humanae
2885 4731 3111 4775 naturae
3136 4720 3425 4789 signiﬁcat,

1853 4838 1948 4882 aut
1984 4826 2334 4882 humilitatem
2376 4818 2645 4877 sensibilis
2681 4825 2841 4884 atque
2885 4811 3178 4881 corporalis
3215 4818 3428 4864 creatu—

1855 4933 1963 4980 rae,
1993 4933 2130 4986 quae
2173 4925 2453 4986 propterea
2503 4908 2763 4980 profunda
2799 4906 3013 4964 dicitur,
3043 4903 3167 4972 quia
3215 4901 3345 4955 nihil
3375 4903 3424 4953 in

1854 5008 2204 5062 universitate
2235 5022 2410 5060 rerum
2450 5011 2752 5057 creatarum
2793 4997 3016 5052 inferius
3051 5005 3133 5050 est
3161 4991 3423 5062 corporali

1854 5107 2068 5151 natura.
2119 5094 2480 5149 llaurilorium
2530 5106 2658 5144 vero
2693 5089 2926 5142 studium
2974 5085 3284 5154 sapientiae,
3317 5097 3424 5147 quo

1852 5187 2054 5242 intimis
2084 5195 2305 5239 naturae
2336 5184 2540 5238 sinibus
2581 5181 2804 5236 rationis
2848 5179 2988 5233 unda
3037 5172 3422 5246 promulgatur,

1853 5281 1977 5333 dum
2030 5281 2094 5332 de
2157 5279 2387 5332 humana
2450 5276 2750 5330 substantia
2807 5272 3112 5326 scnsihilive
3172 5276 3424 5321 creatura

1851 5373 2071 5442 physica
2127 5379 2322 5425 tractat
2381 5370 2742 5438 investigatio.
2811 5366 3040 5419 Sanctus
3092 5363 3417 5424 Augustinus

1850 5473 2068 5534 puteum
2135 5462 2452 5534 profundum
2517 5460 2920 5516 delectationem
2972 5454 2990 5486 ¹
3063 5459 3419 5521 corporalium

1433 5576 1689 5633 \TA-lilAE
1726 5577 2122 5634 LECTlONES.

259 5657 272 5685 '
313 5661 439 5715 Cod.
462 5666 816 5718 deiectionem.
837 5693 842 5696 -
