3904 6148
413 275 514 292 --υ

411 293 517 330 ϋῡο

1791 265 2072 323 JOANNIS
2115 266 2314 324 SCO'H

3569 261 3661 317 336

417 403 618 452 rerum,
649 401 715 442 ex
744 383 942 456 quibus
966 393 1020 441 et
1057 385 1110 439 in
1141 381 1334 454 quibus
1359 382 1532 438 instar
1560 395 1732 454 aquae
1766 396 1989 437 manan—
2019 383 2067 440 A
2094 377 2668 444 humananutaturam
2697 373 3068 447 pa-rticipantis
3104 373 3326 444 figuram
3355 375 3662 442 praett‘ndit.

415 483 484 534 tis
511 481 621 551 ipsa
646 477 933 533 delectatio
960 477 1148 546 surgit,
1173 475 1477 545 signiﬁcare
1503 474 1727 538 astruit;
1750 473 1996 527 haurite-

419 572 556 625 rium
587 584 717 624 vero
747 568 1097 637 cupiditatem
1126 566 1365 622 carnalis.
1404 566 1644 631 animae,
1685 579 1824 634 quae
1853 579 1994 618 sem-

418 675 514 728 per
541 660 744 729 appetit
774 657 1133 714 delectatione
1171 658 1189 691 ¹
1231 656 1604 726 temporalium
1642 665 1698 714 et
1745 670 1999 725 corpora-

417 749 547 804 lium
577 763 756 804 rerum
787 749 990 803 satiari.
1025 747 1282 818 Sequitur
1309 765 1322 801 :

491 839 762 910 Numquid
794 849 851 892 tu
874 839 1047 909 major
1081 856 1134 893 es
1159 849 1503 909 patre-nostro
1536 836 1719 898 Jacob,
1745 837 1834 907 qui
1859 836 1998 889 dedit

415 933 566 990 nobis
595 943 842 1003 puteum,
882 941 928 987 et
973 933 1082 1000 ipse
1127 947 1191 986 ea:
1227 949 1286 985 eo
1324 932 1556 994 bibebat,
1597 942 1645 984 et
1672 930 1770 1000 ﬁlii
1807 930 1911 993 sui,
1952 939 2000 983 et

416 1040 602 1094 pecora
632 1023 770 1077 sua?
805 1023 996 1077 Mulier
1029 1023 1370 1077 Samaritana
1400 1023 1694 1092 alienigena
1729 1033 1876 1087 erat;
1911 1039 2001 1093 pa-

420 1125 558 1171 trem
599 1124 780 1171 autem
824 1131 980 1170 suum
1020 1114 1386 1170 vocathcob.
1423 1115 1529 1170 Nec
1560 1117 1850 1180 immerito,
1876 1116 1999 1185 quia

420 1207 522 1262 sub
537 1206 668 1278 ‘lege
699 1207 864 1277 Moysi
916 1207 1127 1260 vixerat
1150 1247 1165 1271 ,
1210 1214 1264 1261 et
1302 1207 1622 1276 praedium,
1664 1206 1802 1275 quod
1837 1205 2003 1261 Jacob

419 1289 658 1354 ﬁlio‘suo
687 1297 885 1367 Joseph
915 1297 1158 1362 dederat,
1187 1297 1516 1367 possidebat.
1545 1297 1696 1365 Quod
1727 1314 1856 1369 ergo
1886 1299 1957 1352 ait
1986 1316 1998 1352 :

423 1387 695 1458 Numquid
725 1396 780 1441 tu
808 1387 980 1456 major
1000 1403 1053 1441 es
1078 1397 1222 1454 patre
1243 1397 1418 1441 nostra
1438 1388 1646 1441 Jacob?
1673 1377 1881 1443 {'idctur
1901 1390 2005 1443 hoc

421 1477 576 1542 velle,
609 1491 673 1532 ac
707 1476 752 1533 si
783 1477 988 1533 diceret
1016 1496 1028 1530 :
1059 1475 1328 1545 Numquid
1368 1476 1586 1544 majoris
1619 1480 1903 1547 potestatis
1946 1494 2005 1533 es

423 1577 578 1638 patre
625 1577 809 1622 nostro
855 1564 1023 1622 Jacob
1049 1606 1064 1630 ,
1110 1565 1198 1636 qni
1233 1567 1375 1621 hunc
1416 1576 1633 1636 puteum
1667 1566 1910 1631 foderat,
1952 1577 2006 1622 et

424 1658 780 1714 hauritorium
823 1658 1086 1724 habebat,
1123 1673 1230 1727 quo
1259 1673 1452 1727 aquam
1493 1667 1548 1712 et
1583 1658 1682 1713 sibi
1711 1668 1764 1711 et
1803 1658 1924 1713 ﬁliis
1953 1667 2006 1713 et

2096 467 2288 523 Mulier
2315 469 2494 538 itaque
2523 476 2606 523 est
2637 467 2814 520 anima
2857 464 3158 528 rationalis,
3189 461 3341 532 cujus
3367 461 3449 515 vir
3477 462 3667 516 intelli-

2095 561 2240 630 gitur
2293 559 2544 623 animus,
2607 558 2698 628 qui
2747 555 3116 626 multipliciter
3161 552 3507 617 nominatur;
3571 552 3668 605 ali-

2097 653 2312 723 quando
2367 653 2514 707 enim
2564 651 2905 715 intellectus,
2975 648 3264 716 aliquando
3329 661 3514 708 mens,
3577 645 3670 698 ali-

2098 743 2316 811 quando
2385 742 2630 804 animus,
2700 754 2862 810 saepe
2923 737 3085 792 etiam
3119 737 3394 806 .spiritns.
3446 734 3519 788 De
3572 736 3670 788 hoc

2098 835 2215 888 viro
2264 834 2338 887 ait
2385 833 2678 903 Apostolus
2723 849 2736 884 :
2797 849 2816 880 σ
2862 829 3036 899 Caput
3083 827 3324 882 mulieris
3359 827 3463 890 vir,
3518 838 3675 894 caput

2099 927 2198 980 viri
2230 926 2512 988 Christus,
2564 932 2724 992 caput
2771 921 2972 976 Christi
3021 921 3161 974 Dens
3195 936 3257 983 ›;
3313 934 3376 973 ac
3413 919 3457 970 si
3499 927 3682 985 aperte

2101 1015 2304 1070 diceret
2329 1033 2342 1067 :
2369 1013 2596 1067 Animae
2637 1010 2915 1065 rationalis
2939 1017 3101 1078 caput
3133 1018 3217 1062 est
3245 1009 3327 1060 vir
3355 1006 3488 1074 ejus,
3528 1005 3680 1060 intel-

2101 1104 2271 1159 lectus
2309 1103 2459 1171 ejus;
2500 1103 2670 1172 ipsius
2701 1116 2830 1154 vero
2865 1100 3166 1154 intellectus
3207 1109 3368 1167 caput
3409 1108 3490 1152 est
3527 1098 3678 1153 Chri-

2102 1205 2237 1248 stus.
2284 1193 2384 1248 Hic
2424 1199 2507 1247 est
2557 1191 2698 1246 enim
2743 1189 3003 1245 naturalis
3046 1189 3179 1242 ordo
3229 1189 3495 1242 humanae
3535 1200 3679 1239 crea-

2102 1293 2275 1346 turae,
2305 1291 2362 1335 ut
2387 1281 2486 1335 sub
2514 1279 2778 1350 regimine
2800 1279 2997 1333 utentis
3022 1279 3284 1333 subdatur
3307 1277 3506 1336 anima,
3536 1291 3683 1328 mens

2104 1382 2283 1426 autem
2317 1372 2416 1426 sub
2441 1370 2694 1432 Christo;
2733 1385 2795 1424 ac
2826 1369 2904 1422 sic
2933 1377 3078 1422 totus
3107 1372 3267 1422 homo
3296 1381 3388 1436 per
3415 1365 3682 1420 Christum

2098 1462 2339 1532 jungitur
2369 1462 2476 1516 Deo
2510 1468 2562 1514 et
2590 1460 2759 1514 Patri.
2811 1457 2943 1511 Nam
2975 1465 3026 1511 et
3057 1472 3220 1512 sexus
3263 1455 3450 1524 duplex
3472 1495 3486 1518 ,
3519 1454 3691 1506 virilis.

2104 1567 2234 1610 sane
2280 1563 2441 1622 atque
2483 1551 2778 1614 femineus,
2831 1548 2922 1618 qui
2971 1549 3024 1601 in
3056 1547 3170 1601 solo
3197 1560 3424 1615 corpore
3450 1543 3687 1598 exterius

2107 1645 2408 1715 inspicitur,
2465 1643 2750 1697 interiores
2794 1641 2959 1695 animi
3007 1651 3060 1695 et
3098 1639 3311 1692 animae
3351 1635 3693 1692 habitudines

423 1747 708 1819 pecoribus
737 1749 850 1802 suis
880 1748 1256 1802 ministrabat?
1299 1748 1376 1801 Tu
1406 1757 1581 1803 autem
1614 1763 1786 1817 neque
1817 1749 2003 1803 hauri-

2123 1731 2412 1787 )raele-ndit
2437 1731 2478 1782 ’-.
2514 1728 2772 1783 Tcrnaria
2800 1727 2998 1796 quippe
3019 1724 3352 1778 rationabilis
3371 1717 3585 1776 animae
3616 1721 3688 1774 di-

427 1840 624 1896 torium
671 1839 837 1895 habes
864 1853 900 1904 ,ῥ’
929 1855 1102 1909 neque
1149 1839 1313 1894 ullum
1362 1840 1778 1894 instrumentum
1835 1855 2006 1910 aquae

427 1933 750 1996 trahendae,
780 1942 834 1987 et
863 1933 991 1988 mihi
1023 1931 1290 2001 promittis
1317 1932 1444 1985 dare
1472 1932 1690 1998 bibere;
1734 1931 1895 1987 verba
1926 1933 2006 1986 lo-

427 2022 646 2093 quentis
678 2036 861 2076 secum
893 2021 1067 2075 adhuc
1098 2036 1205 2075 non
1236 2019 1556 2090 intelligens.
1603 2095 1607 2102 '

500 2131 785 2202 Respondit
808 2130 961 2186 Iesus
982 2146 1038 2195 et
1055 2133 1186 2185 dixit
1208 2132 1255 2185 ei
1277 2144 1296 2182 :
1328 2129 1509 2186 Omnis
1529 2133 1618 2202 qui
1640 2131 1762 2185 bibit
1788 2148 1852 2186 ex
1875 2148 2011 2203 aqua

431 2219 554 2287 Lac,
583 2236 744 2291 quam
775 2222 992 2278 haurire
1021 2222 1121 2287 vis,
1151 2221 1373 2287 femina,
1404 2223 1758 2278 et’exislimas
1785 2239 1869 2275 me
1898 2237 1928 2274 a
1963 2231 2013 2274 te

432 2326 636 2387 petere,
659 2316 796 2371 sitiet
825 2318 1033 2380 iterum,
1059 2316 1406 2386 temporalem
1434 2315 1685 2370 videlicet
1707 2316 1852 2369 sitim
1882 2324 2014 2368 tem-

435 2405 695 2477 poraliter
751 2407 1062 2476 exstinguit.
1120 2392 1445 2476 Quicumque
1496 2416 1669 2459 autem
1719 2407 1900 2459 biberit
1951 2421 2016 2458 ea:

435 2512 596 2565 aqua,
622 2513 779 2558 quam
808 2513 900 2566 ego
925 2496 1059 2549 dabo
1083 2497 1150 2561 ei,
1170 2513 1270 2550 non
1301 2497 1435 2550 sitiet
1467 2497 1517 2550 iu
1542 2506 1828 2549 aeternum.
1862 2495 1941 2548 Ac
1969 2494 2013 2550 si

434 2587 678 2642 diceret:
711 2585 1043 2657 Cuicumque
1082 2587 1321 2643 credenti
1367 2587 1418 2641 in
1470 2603 1554 2640 me
1597 2587 1794 2640 donum
1845 2585 2016 2640 sancti

440 2677 676 2748 Spiritus
722 2693 752 2732 a
800 2677 960 2732 Patre
1007 2692 1104 2747 per
1147 2691 1233 2731 me
1265 2676 1606 2746 procedentis
1649 2677 1870 2739 dedero,
1911 2691 2015 2729 non

437 2769 586 2824 sitiet
605 2769 658 2822 in
683 2778 980 2825 aeternum.
1009 2768 1260 2822 Dicturus
1281 2769 1424 2822 enim
1449 2775 1532 2822 est
1553 2783 1672 2822 cum
1693 2766 1974 2821 Psahnisla
2002 2785 2016 2820 ί

445 2878 464 2912 ι
505 2859 776 2924 Satiabor,
805 2874 927 2914 cum
955 2858 1264 2930 apparuerit
1288 2857 1453 2929 gloria
1482 2866 1570 2911 tua
1604 2878 1648 2911 ι.

514 2969 620 3028 Sed
647 2987 808 3042 aqua,
838 2987 995 3042 quam
1024 2970 1160 3024 dabo
1192 2972 1258 3035 ei,
1295 2970 1381 3038 ﬁet
1414 2971 1465 3023 in
1500 2987 1558 3025 eo
1599 2971 1714 3040 fons
1741 2987 1908 3041 aquae
1936 2986 2022 3024 sa-

2112 1824 2245 1879 visio
2279 1831 2362 1877 est
2389 1840 2401 1877 :
2430 1822 2482 1875 in
2515 1821 2774 1882 aninnnn,
2808 1829 2882 1873 et‘
2903 1818 3191 1880 rationem,
3220 1825 3274 1870 et
3302 1830 3520 1869 sensum
3561 1813 3696 1867 inte«

2111 1917 2330 1970 riorem.
2365 1912 2591 1968 Animus
2625 1925 2838 1978 semper
2883 1909 3026 1964 circa
3060 1909 3226 1962 Deum
3261 1905 3510 1968 volvitur,
3546 1904 3689 1958 ideo-

2114 2021 2215 2075 que
2260 2006 2345 2059 vir
2396 2012 2557 2071 atque
2605 2011 2784 2054 rector
2844 2007 3149 2054 ceterarum
3196 1997 3410 2050 animae
3462 1994 3692 2062 partium

2112 2097 2304 2152 merito
2334 2094 2553 2156 dicitur,
2583 2104 2834 2159 quoniam
2888 2089 3030 2141 inter
3077 2087 3250 2156 ipsum
3290 2094 3342 2139 et
3388 2084 3695 2158 Creatorem

2115 2203 2268 2242 suum
2300 2185 2444 2240 nulla
2479 2183 2581 2238 alia
2617 2179 2933 2250 interposita
2963 2185 3045 2230 est
3079 2185 3348 2231 creatura.
3385 2173 3543 2227 [latio
3573 2186 3702 2225 vero

2114 2283 2259 2336 circa
2291 2293 2467 2332 rerum
2499 2283 2804 2330 creatarnm
2849 2283 3042 2325 causas
3071 2277 3124 2322 et
3155 2265 3490 2336 cognitiones
3516 2279 3697 2317 versa-

2115 2382 2242 2435 tur,
2285 2379 2340 2422 et
2377 2363 2628 2438 quicquid
2667 2364 2878 2416 animus
2916 2376 2945 2412 a
2978 2373 3210 2428 superna
3245 2353 3696 2423 contemplatione

2117 2460 2364 2532 percipit,
2407 2455 2598 2512 rationi
2647 2454 2831 2516 tradit,
2889 2453 3025 2505 ratio
3067 2464 3194 2503 vero
3236 2445 3700 2501 commendatme—

2118 2551 2340 2607 moriae.
2372 2548 2554 2603 Tertia
2599 2559 2726 2615 pars
2759 2544 2970 2598 animae
2995 2551 3079 2596 est
3109 2555 3300 2595 sensus
3338 2537 3582 2599 interior,
3615 2537 3703 2605 qui

2122 2640 2316 2696 rationi
2348 2633 3058 2703 subditur,quasisnperiori
3075 2633 3235 2702 parti.
3263 2647 3326 2686 ae
3351 2645 3447 2700 per
3483 2628 3587 2682 hoc
3613 2642 3704 2696 per

2121 2733 2385 2790 rationem
2437 2727 2686 2783 subditur
2732 2726 2920 2780 menti.
2982 2723 3096 2778 Sub
3141 2723 3233 2778 illo
3281 2737 3411 2776 vero
3458 2718 3702 2774 interiori

2121 2837 2282 2877 sensu
2327 2819 2554 2874 naturali
2602 2817 2790 2872 ordine
2841 2830 3036 2870 sensus
3086 2814 3324 2868 exterior
3360 2811 3568 2881 positus
3600 2818 3707 2872 est,

2120 2927 2218 2982 per
2245 2925 2404 2979 quem
2440 2917 2546 2964 tota
2575 2908 2756 2961 anima
2786 2905 3281 2976 quinqnepartitum
3311 2901 3553 2970 corporis
3586 2914 3706 2953 sen-

2123 3017 2240 3055 sum
2269 3007 2511 3071 vegetat,
2543 2999 2709 3070 regit,
2737 3009 3015 3065 totumque
3045 3011 3240 3065 corpus
3274 2993 3527 3049 viviﬁcat.
3558 2993 3705 3057 Quo-

441 3061 612 3162 lientis
641 3078 703 3122 in
736 3061 899 3162 vita":
924 3060 1743 3162 aet-emam:Aqua-spiritualis,
1783 3063 2018 3162 hoc‘est,
2049 3083 2092 3143 ρ
2126 3095 2268 3149 "iam
2301 3060 2506 3162 ilgque'
2530 3060 2709 3144 animi
2739 3060 3022 3143 rationélis
3058 3060 3226 3140 nil'de
3266 3083 3514 3154 supernis
3553 3081 3710 3136 donis

443 3152 640 3206 donum
667 3151 840 3207 sancti
868 3150 1103 3220 Spiritus
1130 3151 1253 3205 salit
1284 3152 1334 3205 in
1363 3151 1525 3204 vitam
1550 3161 1842 3205 aeternam.
1869 3151 2022 3220 Aqua

443 3240 742 3310 corporalis
764 3241 1014 3318 deorsum
1041 3239 1176 3304 ﬂuit,
1203 3255 1340 3310 aqua
1368 3239 1663 3309 spiritualis
1691 3255 1903 3293 sursum
1932 3255 2022 3292 sa-

445 3331 529 3395 lit,
559 3347 623 3386 ac
661 3345 842 3388 secum
873 3345 997 3393 eos,
1032 3330 1124 3398 qui
1168 3344 1286 3384 cam
1340 3328 1623 3395 imbibnnt,
1658 3329 1710 3382 in
1751 3337 2023 3384 aeternam

447 3419 669 3490 gloriam
695 3429 752 3477 et
777 3420 1164 3474 beatitudinem
1190 3419 1460 3473 subvehit.

520 3531 660 3587 Dicit
681 3531 750 3588 ad
775 3548 894 3587 eum
920 3532 1144 3588 mulier:
1172 3531 1411 3596 Domine,
1433 3531 1502 3585 da
1525 3532 1650 3585 mihi
1673 3532 1806 3584 hanc
1835 3547 2025 3601 aquam

449 3631 506 3676 ut
531 3639 632 3677 non
658 3625 856 3688 sitiant,
887 3641 1045 3694 neque
1072 3624 1272 3678 reniam
1299 3625 1400 3676 huc
1437 3623 1668 3676 haurire.
1711 3622 1901 3692 Incipit
1929 3638 2022 3674 na-

455 3730 571 3768 tura
608 3730 934 3782 cognoscere
965 3714 1295 3770 conditorem
1339 3729 1532 3778 suum;
1576 3713 1714 3767 inest
1751 3714 1892 3766 enim
1939 3729 2026 3766 ra-

453 3804 692 3860 tionabili
731 3813 1012 3863 creaturae
1061 3805 1333 3874 appetitus
1384 3803 1732 3860 beatitudinis
1777 3812 1830 3856 et
1872 3817 2032 3856 verae

451 3898 798 3966 cognitionis,
825 3897 966 3966 quod
997 3911 1094 3964 per
1122 3897 1518 3956 Samaritanant
1548 3894 1825 3949 mulierem
1870 3909 2031 3964 prae-

456 3989 808 4059 ﬁgurabatur.
835 3988 1026 4058 Incipit
1061 3987 1296 4042 Ecclesia
1328 3987 1510 4058 ﬁdem,
1538 4001 1699 4056 quam
1727 3986 1877 4055 prius
1905 3984 2033 4038 sim-

454 4083 666 4152 pliciter
705 4083 882 4152 coepit
928 4082 1146 4136 haurire
1173 4122 1187 4146 ,
1237 4081 1399 4134 altius
1444 4095 1789 4151 cognOSCcre,
1820 4079 1944 4134 dum
1980 4079 2035 4141 in

459 4174 788 4245 theologieas
817 4174 1053 4227 rationes
1082 4173 1302 4229 inchoat
1327 4173 1549 4226 intrare.

527 4283 664 4338 Dicit
691 4285 736 4339 ei
757 4284 911 4339 Jesus
936 4301 954 4338 :
991 4282 1150 4349 Vade,
1181 4283 1484 4338 vocari—rum
1515 4293 1680 4345 tuum,
1705 4291 1754 4335 et
1774 4282 1888 4335 veni
1914 4281 2032 4332 huc.

2123 3184 2400 3255 percipere
2438 3182 2597 3240 valet.
2645 3180 2746 3234 nisi
2785 3194 2880 3248 per
2922 3178 3093 3231 virum
3143 3192 3323 3239 suum,
3355 3175 3458 3228 hoc
3495 3182 3582 3226 est
3616 3186 3708 3240 per

2125 3274 2384 3336 animum,
2416 3270 2505 3340 qui
2538 3269 2896 3338 principatum
2935 3267 3096 3321 totius
3127 3273 3350 3319 naturae
3383 3271 3553 3323 tenet,
3594 3275 3705 3313 tne-

2127 3364 2474 3433 t‘itojubetur
2520 3362 2539 3391 ³
2591 3360 2802 3422 mulier,
2847 3359 3027 3412 anima
3077 3356 3358 3419 videlicet,
3404 3367 3603 3407 vocare
3633 3353 3709 3403 vi-

2129 3471 2246 3510 rum
2274 3469 2450 3518 suum,
2484 3451 2812 3506 intellectum
2843 3464 3019 3511 suum,
3052 3463 3174 3502 cum
3208 3462 3314 3514 quo
3341 3453 3395 3498 et
3424 3459 3522 3512 per
3548 3456 3713 3511 quem

2129 3547 2266 3600 dona
2317 3543 2614 3615 spiritualia
2666 3551 2844 3611 potest
2897 3539 3103 3597 bibere.
3157 3539 3518 3614 absqneoqno
3568 3532 3713 3586 nullo

2130 3637 2286 3691 modo
2335 3647 2600 3704 supernae
2646 3632 2856 3703 gratiae
2903 3629 3124 3702 [potest]
3167 3628 3189 3658 δ
3231 3642 3349 3682 esse
3417 3625 3710 3695 particeps.

2131 3730 2251 3784 Ideo
2279 3729 2374 3792 ait,
2403 3744 2529 3780 voca
2570 3726 2736 3780 virum
2781 3733 2927 3778 tuum
2970 3733 3017 3776 et
3051 3723 3164 3775 veni
3187 3721 3323 3783 huc;
3364 3720 3569 3786 absque
3597 3716 3716 3767 viro

2132 3829 2223 3879 tuo
2259 3818 2480 3872 minime
2506 3828 2823 3885 praesumas
2851 3812 2917 3866 ad
2949 3826 3036 3867 me
3066 3812 3268 3865 venire.
3309 3807 3545 3863 Absente
3577 3819 3714 3874 quo—-

2135 3924 2240 3978 que
2287 3906 2581 3970 intellectu,
2629 3919 2789 3960 nemo
2835 3901 2984 3957 novit
3019 3900 3356 3956 altitudinem
3413 3896 3716 3966 theologiae

2135 3998 2446 4059 ascendere,
2477 4011 2577 4050 nec
2605 3996 2743 4049 dona
2772 3991 3072 4063 spiritualia
3104 3989 3442 4058 participare.

2205 4085 2492 4156 Respondit
2524 4083 2712 4136 mulier
2740 4093 2787 4134 et
2812 4082 2945 4134 dixit
2968 4082 3052 4133 ei:
3085 4077 3200 4133 Non
3222 4078 3384 4132 habeo
3402 4076 3594 4156 uirum.
3625 4073 3717 4127 Di-

2137 4179 2204 4232 cit
2225 4178 2272 4230 ei
2294 4175 2452 4230 Jesus
2475 4189 2492 4226 :
2515 4173 2654 4227 Bene
2675 4173 2872 4236 dixisti,
2899 4173 3020 4241 quia
3039 4171 3202 4224 virum
3233 4184 3333 4222 non
3363 4155 3539 4220 habes.
3579 4166 3724 4218 Bene

2137 4267 2349 4332 dixisti,
2370 4266 2480 4331 ait;
2517 4264 2695 4327 laudo,
2722 4262 2863 4332 quod
2901 4261 3100 4321 dixisti,
3128 4273 3268 4328 quae
3297 4258 3318 4288 ⁸
3347 4272 3472 4312 vere
3512 4255 3719 4310 dixisti.

456 4376 533 4430 Ac
565 4375 608 4430 si
639 4375 876 4430 diceret:
903 4375 1051 4432 Petis
1081 4391 1108 4428 a
1136 4389 1222 4430 me
1250 4389 1444 4444 aquam
1481 4373 1759 4428 salientem
1789 4371 1840 4424 in
1871 4370 2034 4423 vitam
2071 4437 2104 4444 Β
2140 4359 2273 4414 Νονί
2302 4358 2444 4411 enim
2485 4365 2537 4409 ιθ
2568 4371 2672 4408 ιιοη
2711 4354 2910 4408 habere
2954 4352 3152 4415 Virum.
3198 4363 3372 4418 neque
3421 4347 3540 4400 ideo
3574 4344 3720 4407 ιιθνίν

457 4477 748 4528 aeternam,
792 4467 1050 4538 Spiritmn
1097 4465 1347 4522 videlicet
1391 4473 1656 4526 sanctum,
1703 4460 1857 4530 cujus
1899 4462 2037 4512 dono
2071 4437 2113 4492 υ
2141 4449 2265 4517 quia
2313 4457 2364 4500 lu
2403 4445 2612 4510 ἀῖκίδιίι
2644 4453 2693 4496 ιε
2733 4457 2838 4496 ιὶοιι
2880 4441 3102 4504 habere,
3141 4439 3235 4494 8εά
3265 4453 3361 4508 Per
3393 4451 3478 4491 me
3520 4436 3722 4508 ipsum.

458 4557 620 4610 vitam
661 4566 932 4614 aeternam
966 4557 1052 4611 do.
1075 4556 1190 4610 Non
1218 4563 1370 4624 potes
1401 4555 1561 4609 talem
1591 4567 1783 4622 aquam
1831 4549 2040 4612 bibere,

459 4645 559 4700 nisi
590 4645 764 4698 virum
797 4653 943 4701 tuum
973 4645 1267 4699 vocaveris.
1286 4644 1434 4698 Vade
1457 4659 1602 4713 ergo,
1634 4643 1679 4695 si
1711 4640 1794 4695 vis
1820 4638 2004 4694 bibere
2020 4676 2040 4702 ,

461 4750 591 4789 voca
635 4735 810 4790 virum
851 4743 1024 4798 tuum,
1066 4745 1120 4789 ct
1158 4750 1278 4789 cum
1330 4735 1420 4788 illo
1464 4734 1582 4787 veni
1613 4733 1754 4797 huc;
1794 4732 1894 4786 hoc
1923 4739 2034 4784 est:

460 4827 619 4881 crede
659 4827 711 4880 in
742 4843 846 4891 me,
880 4819 1019 4880 utet
1049 4835 1197 4889 tu,et
1228 4825 1466 4888 tuusvir,
1497 4823 1754 4892 Spiritum
1793 4830 2037 4878 sanetum

461 4915 711 4970 imbibas.
743 4914 800 4970 lu
831 4916 931 4970 hoc
962 4917 1079 4970 loco
1104 4915 1170 4969 de
1200 4927 1397 4984 genere
1428 4913 1480 4966 in
1510 4911 1744 4981 speciem
1783 4913 2040 4965 transitus

466 5005 778 5074 intelligitur
825 5007 1080 5062 theoriae.
1133 5004 1474 5064 Praedictum
1504 5011 1588 5057 est
1618 5016 1866 5071 namque,
1897 5002 2038 5071 quod

461 5098 800 5153 Samaritana
829 5096 1021 5152 mulier
1044 5104 1097 5150 et
1127 5094 1390 5167 generalis
1403 5093 1674 5152 Ecclesiae
1701 5093 1768 5148 de
1793 5092 2041 5164 gentibus

463 5189 740 5251 collecme,
772 5195 825 5241 et
856 5186 1122 5258 generalis
1168 5186 1434 5239 humanae
1488 5193 1711 5238 naturae
1739 5169 2040 5252 symboium

459 5288 548 5330 sit.
581 5279 733 5334 Nunc
775 5292 904 5331 vero
943 5275 1130 5330 eadem
1171 5275 1386 5337 mulier,
1425 5283 1480 5328 et
1526 5271 1939 5342 uniuscujusque
1989 5272 2042 5328 iu

462 5371 664 5426 unitate
698 5369 966 5429 Ecclesiae
992 5366 1292 5432 constituti,
1311 5375 1364 5421 et
1392 5364 1806 5435 uniuscujusque
1833 5363 2044 5416 animae

2140 4541 2226 4598 cui
2256 4547 2413 4593 vacat
2442 4537 2620 4592 omnia
2655 4549 2833 4589 nosse.

2210 4631 2449 4704 Quinque
2475 4628 2613 4680 enim
2649 4627 2784 4680 uiros
2818 4623 3066 4686 habuisti,
3099 4631 3146 4677 et
3178 4637 3316 4676 nunc
3353 4635 3504 4689 quem
3535 4618 3724 4680 habes,

2143 4741 2246 4779 non
2274 4731 2349 4777 est
2379 4734 2500 4774 tuus
2526 4719 2638 4784 vir;
2666 4717 2762 4770 hoc
2800 4733 2915 4769 rere
2946 4715 3148 4773 dixisti.
3177 4714 3250 4766 De
3299 4713 3539 4781 quinque
3591 4709 3726 4761 viris

2143 4816 2400 4887 mysticae
2427 4809 2685 4870 mulieris,
2717 4809 2766 4862 id
2790 4816 2870 4861 est
2901 4805 3175 4860 rationalis
3201 4804 3414 4858 animae
3437 4803 3729 4857 carnaliter

2144 4903 2418 4963 viventis,
2463 4914 2655 4953 sensus
2708 4907 2988 4950 auctorum
3037 4894 3334 4948 variantur.
3385 4891 3620 4958 Quidam
3663 4890 3731 4944 de

2147 4992 2384 5062 quinque
2431 4989 2582 5042 libris
2626 4986 2891 5041 Mosaicae
2947 4984 3078 5054 legis
3129 4982 3430 5053 accipiunt;
3489 4995 3728 5048 quorum

2148 5097 2337 5137 sensus
2385 5087 2666 5149 propterea
2718 5092 2822 5132 non
2879 5075 3159 5143 probatur,
3209 5072 3460 5141 quoniam
3505 5067 3732 5124 Judaeis

2145 5171 2480 5232 solummodo
2506 5171 2631 5223 data
2661 5175 2743 5221 est
2770 5167 2854 5221 lex
2883 5165 3136 5228 Mosaica,
3166 5165 3301 5217 haec
3326 5170 3504 5214 autem
3533 5160 3736 5214 mulier
3789 5145 3795 5150 ’

2146 5264 2467 5340 generaliter
2524 5275 2740 5315 omnem
2796 5259 3087 5312 humanam
3148 5255 3380 5308 animam
3433 5250 3731 5318 significat.

2146 5355 2478 5426 Augustinus
2518 5351 2754 5421 quinque
2798 5362 2987 5403 sensus
3035 5343 3275 5415 corporis
3312 5341 3552 5412 quinque
3583 5340 3738 5393 viros

1785 5493 2030 5546 \‘MllAF
2071 5484 2469 5545 LECTIONES.

537 5595 550 5624 ‘
589 5596 716 5647 (Ind.
749 5595 1154 5650 deleclatieumr.
1236 5596 1252 5623 ’
1283 5592 1412 5645 (2nd.
1447 5600 1804 5658 prm'tcumwt.

466 5667 598 5722 forte
625 5668 744 5736 quin
765 5669 789 5717 2'

1887 5588 1905 5616 ³
1928 5586 2056 5641 Cod.
2090 5586 2309 5637 iurelur.

2388 5580 2407 5607 ⁸
2438 5587 2598 5646 potest
2630 5593 2734 5631 exn.
2765 5575 2907 5641 roth,
2953 5573 3072 5624 add.
3099 5588 3160 5624 ογ
3189 5571 3328 5638 conj.
3409 5569 3425 5592 "
3459 5567 3548 5616 Sic
3582 5567 3733 5624 ωτι,
