3904 6148
245 265 328 323 13⁷
1210 262 1563 321 COMMENT.
1604 259 1670 315 1N
1707 257 1959 315 EVANG.
2001 258 2147 315 SEC.
2183 258 2375 317 JOAN.

3354 255 3457 311 338

242 372 493 442 intelligit,
546 371 645 428 sub
699 374 897 441 quibus
951 389 1385 445 unamquamque
1441 374 1678 429 animant
1720 372 1736 403 ⁸
1768 412 1785 437 ,
1814 377 1858 434 Α
1889 374 2165 442 preposuit
2190 374 2579 442 quaestionem,
2611 386 2674 427 ac
2695 371 2741 426 si
2763 369 3282 437 dieerct:Quoniam
3308 369 3459 424 \Ideo

239 464 520 539 priusquam
549 460 617 515 ad
651 461 946 530 perfectam
991 472 1221 518 aetatem
1265 464 1509 527 venerit,
1551 479 1653 533 qua
1695 477 1785 516 ra-

242 554 367 609 tione
390 550 467 606 uti
491 551 681 619 possit,
708 567 814 606 non
845 554 1061 608 dubium
1095 562 1181 610 est
1207 549 1409 611 vivere.
1451 555 1616 610 Visus
1639 554 1783 608 enim

239 643 284 696 in
318 639 602 696 infantibus
638 641 811 711 viget,
855 643 1104 698 similiter
1140 644 1376 708 auditus,
1410 643 1656 701 olfactus.
1690 659 1786 712 gu-

238 743 356 795 stus,
383 739 575 785 tactus.
623 730 774 789 Ultra
802 732 902 787 hos
931 733 1164 790 carnalis
1202 735 1376 790 adhuc
1415 735 1592 788 anima
1623 743 1787 803 atque

242 821 470 876 infantilis
495 820 627 875 nihil
660 831 836 892 potest
866 824 1207 893 participare.
1241 825 1376 878 Dum
1408 833 1587 878 autem
1615 838 1783 877 vene-

240 911 302 971 rit
321 911 382 965 ad
406 918 635 964 aetatem
666 911 926 977 adultam,
955 914 1111 982 quasi
1139 914 1349 968 cuidam
1379 923 1531 968 sexto
1557 914 1673 968 viro
1697 926 1789 968 co-

238 999 447 1069 pulatur,
476 999 529 1053 id
560 1008 640 1053 est
669 1001 885 1056 rationi.
919 1002 1090 1073 Saepe
1122 1014 1298 1057 tamen
1344 1004 1579 1058 carnalis
1607 1004 1786 1058 anima

241 1100 382 1157 atque
429 1088 708 1157 insipiens,
755 1091 999 1161 neglecto
1044 1092 1351 1146 rationabili
1406 1102 1571 1156 motu,
1621 1094 1788 1147 veluti

240 1179 443 1235 naturali
473 1180 588 1233 viro
614 1180 785 1235 errori
814 1180 1080 1246 subditur,
1109 1197 1140 1237 a
1171 1197 1279 1251 quo
1304 1192 1356 1237 et
1384 1197 1479 1252 per
1504 1198 1662 1250 quem
1691 1182 1790 1235 fal—

240 1269 365 1332 litur,
391 1277 445 1322 et
471 1283 559 1331 ea,
585 1283 724 1341 quae
748 1280 936 1326 contra
964 1280 1210 1327 naturam
1240 1273 1321 1326 sui
1352 1282 1500 1337 sunt,
1529 1273 1788 1327 derelicto

241 1358 442 1413 naturali
489 1360 683 1414 ordine
727 1363 951 1433 appetit.
1007 1363 1238 1432 Ideoque
1282 1364 1348 1418 de
1397 1380 1464 1419 eo
1494 1364 1713 1427 dicitur,
1739 1372 1787 1416 et

239 1467 355 1505 nnc
382 1468 531 1521 quem
568 1451 727 1505 [tabes
760 1469 860 1508 non
889 1464 964 1506 est
995 1464 1116 1508 tuus
1144 1456 1260 1519 vir;
1299 1466 1447 1509 tuum
1478 1456 1653 1509 virum
1695 1455 1788 1510 de-

238 1542 425 1596 seruisti
452 1551 509 1597 et
531 1542 755 1598 obedire
782 1544 830 1598 ei
871 1545 1112 1609 noluisti,
1157 1548 1462 1603 adulterum
1490 1557 1673 1602 secuta
1704 1562 1781 1611 es,

236 1647 289 1686 ac
311 1647 400 1703 per
419 1633 520 1688 hoc
549 1631 984 1688 adultera'facta.
1014 1635 1120 1690 Sed
1147 1637 1191 1689 si
1218 1636 1299 1691 vis
1324 1637 1509 1692 bibere
1535 1638 1600 1692 de
1627 1652 1782 1706 aqua,

1889 475 1941 519 te
1969 474 2024 518 et
2053 464 2418 518 indubitanter
2466 479 2730 534 cognosco
2777 465 3096 533 prophetam
3139 476 3282 524 esse,
3312 466 3461 515 solve

1888 555 2018 608 mihi
2072 555 2477 624 quaestionem,
2523 554 2591 608 de
2638 569 2742 622 qua
2785 550 2974 606 Judaei
3025 560 3080 605 et
3134 548 3460 604 Samaritani

1885 646 2249 709 contendunt,
2292 645 2357 699 de
2400 644 2520 699 loco
2555 643 2806 697 videlicet
2845 640 3104 695 adorandi
3136 640 3323 703 Deum,
3361 653 3461 707 pro

1887 748 1991 803 qua
2032 732 2131 801 ipsi
2159 732 2349 788 Judaei
2379 731 2535 787 nobis
2566 747 2674 786 non
2705 737 3020 794 eoutuntur,
3047 728 3149 783 hoc
3179 735 3285 792 est,
3305 741 3343 804 ta
3372 742 3461 779 no-

1886 822 1969 876 bis
1997 820 2348 876 dissentiunt.

1960 909 2147 965 Patres
2177 912 2340 964 nostri
2381 910 2437 963 in
2464 918 2636 962 monte
2672 910 2766 961 hoc
2796 908 3109 961 adorabunt.
3161 906 3215 959 Id
3241 914 3345 968 est,
3370 903 3461 959 Ja-

1886 1003 2007 1066 cob,
2037 1010 2094 1056 et
2121 1002 2214 1056 lilii
2241 1000 2381 1069 ejus,
2419 1008 2474 1055 et
2503 1014 2691 1054 omnes
2720 998 3067 1059 Samaritani,
3099 986 3187 1065 qui
3218 997 3317 1050 sub
3343 995 3462 1066 lege

1889 1091 2120 1146 Mosaica
2166 1091 2453 1161 degebant,
2479 1097 2534 1142 et
2580 1102 2694 1151 vos,
2723 1085 2930 1146 Judaei,
2976 1086 3176 1149 dicitis,
3224 1084 3350 1155 quia
3404 1084 3458 1137 in

1889 1179 2273 1249 Hierosolymis
2312 1187 2396 1233 est
2421 1178 2590 1240 locus,
2620 1177 2709 1231 ubi
2738 1184 2952 1245 oportet
2978 1176 3223 1229 adorare.
3277 1175 3461 1228 ln.hoe

1888 1272 2069 1339 itaque
2090 1269 2453 1332 dissentimus,
2480 1267 2534 1321 in
2560 1268 2662 1321 hoc
2688 1265 3015 1320 unanimiter
3037 1280 3140 1317 non
3168 1264 3458 1318 coutimur.

1887 1365 1943 1419 In
1975 1373 2158 1419 monte
2184 1364 2285 1417 hoc
2313 1362 2592 1417 Samariae
2619 1361 2908 1413 adoramus
2938 1358 3125 1420 Deum,
3154 1358 3243 1411 ubi
3271 1355 3458 1418 Jacob,

1886 1472 1983 1510 vos
2014 1456 2065 1509 in
2102 1453 2298 1523 templo
2334 1450 2823 1506 Hierosolimitano.
2877 1447 3142 1514 Quoniam
3174 1446 3357 1514 itaque
3385 1446 3464 1499 vi-

1889 1548 1990 1604 deo
2020 1557 2073 1601 te
2101 1547 2438 1615 prophetam,
2475 1558 2634 1597 nosse
2682 1541 2862 1594 omnia
2898 1548 2949 1593 te
2996 1555 3100 1593 non
3134 1538 3348 1601 dubito;
3400 1553 3464 1591 ac

1888 1655 1985 1708 per
2012 1640 2114 1693 hoc
2159 1636 2242 1691 fac
2278 1652 2364 1691 me
2401 1644 2605 1690 certam
2646 1634 2711 1687 de
2745 1632 2846 1686 hac
2888 1631 3265 1692 contentione,
3305 1629 3464 1682 idest

236 1735 374 1788 ⁸11³³⁵11
399 1721 542 1776 dabo
579 1723 698 1788 tibi.
735 1725 892 1788 vade,
920 1740 1050 1780 voca
1084 1728 1463 1792 virum‘tuum,
1493 1730 1579 1784 cui
1611 1729 1784 1798 subje-
1819 1711 1858 1768 Β
1888 1741 2065 1786 vestra
2095 1740 2151 1783 et
2172 1738 2376 1792 nostra,
2409 1727 2496 1780 ubi
2528 1726 2755 1779 adorare
2779 1723 2941 1775 Deum
2968 1722 3241 1783 debemus,
3281 1719 3333 1772 in
3363 1718 3464 1772 hoc

235 1822 304 1868 rta
332 1815 489 1873 debes
518 1816 637 1873 fieri
664 1826 721 1873 et
747 1821 1012 1888 spirituali
1040 1819 1293 1891 coniugio
1322 1821 1560 1892 adjungi.
1593 1824 1791 1877 Desere

237 1904 536 1973 adulterum,
581 1924 651 1963 ne
679 1910 756 1966 sis
800 1912 1077 1978 adultera;
1127 1913 1318 1968 desere
1366 1928 1627 1975 errorem,
1681 1928 1791 1982 quo

234 1995 427 2049 seducta
457 2011 550 2063 es;
601 1999 777 2054 virum
829 2010 980 2055 tuum
1029 2000 1330 2070 reliquisti,
1388 2011 1444 2056 et
1490 2002 1787 2056 naturalem

234 2084 469 2140 vastitatis
497 2095 627 2141 tuae
648 2088 1102 2157 pulchritudinem
1126 2090 1357 2145 violasti.
1381 2090 1654 2146 Hactenus
1677 2092 1787 2144 Au-

234 2175 475 2242 gustinus.
507 2176 779 2233 Maximus
807 2180 1046 2249 quinque
1075 2181 1221 2236 viros
1248 2182 1485 2251 quinque
1517 2182 1663 2253 leges
1693 2182 1790 2235 hu-

234 2280 401 2321 manae
446 2268 667 2323 animae
721 2270 876 2325 datas
922 2270 1491 2341 signiﬁcare’asserit.
1548 2272 1786 2338 Quarum

233 2355 382 2423 prima
420 2356 472 2411 in
504 2358 765 2427 paradiso
808 2368 935 2414 ante
965 2369 1244 2430 peccatum
1282 2358 1405 2416 data
1450 2372 1531 2417 est
1561 2363 1784 2427 homini,

233 2443 287 2497 tle
310 2444 483 2501 illicito
519 2458 577 2501 et
608 2449 886 2517 prohibito
915 2449 1076 2521 ligno.
1105 2449 1350 2506 Secunda
1376 2460 1492 2520 post
1516 2453 1789 2522 praevari-

232 2532 472 2590 rationem
504 2544 562 2591 et
593 2538 967 2608 expulsionem
1006 2538 1123 2608 ejus
1161 2541 1228 2595 de
1251 2543 1519 2611 paradiso,
1558 2543 1624 2597 de
1653 2542 1787 2595 mul-

232 2620 541 2689 tiplicatione
585 2626 859 2682 humanae
907 2630 1239 2699 propaginis.
1290 2631 1473 2686 Tertia
1509 2631 1621 2686 Noe
1658 2641 1785 2686 ante

231 2708 483 2778 diluvium,
508 2715 580 2769 de
601 2730 729 2771 area
756 2716 1092 2773 fabricanda.
1123 2719 1325 2788 Quarta
1354 2731 1475 2791 post
1502 2722 1782 2783 diluvium,

231 2800 288 2856 de
307 2802 658 2863 divisionibus
705 2809 967 2879 gentium.
1013 2810 1211 2877 Quinta
1240 2812 1536 2876 Abraham,
1575 2815 1639 2868 de
1681 2815 1789 2868 cir-

231 2893 538 2951 eumcisione
566 2906 623 2952 et
654 2898 1023 2956 immolatione
1051 2900 1144 2956 lilii
1182 2903 1285 2957 sui.
1323 2902 1683 2974 Hisquinque
1711 2904 1789 2957 le-

229 2982 395 3053 gibus,
442 2987 601 3056 quasi
660 2987 981 3057 quibusdam
1032 2991 1271 3061 quinque
1322 2972 1493 3059 viris,
1548 2972 1781 3047 humana

1888 1822 2024 1881 loco,
2057 1836 2122 1873 an
2151 1816 2542 1872 llierosolimis.

1957 1911 2094 1964 Dicit
2121 1910 2167 1962 ei
2207 1907 2364 1961 Jesus
2390 1924 2407 1959 :
2435 1904 2649 1968 Mulier,
2672 1901 2821 1956 crede
2849 1900 2997 1964 mihi,
3026 1898 3147 1969 quia
3178 1897 3308 1951 venit
3334 1896 3465 1949 hora

1886 2001 2094 2071 quando
2118 2015 2277 2068 neque
2300 1998 2352 2050 in
2376 2006 2548 2049 monte
2567 1996 2680 2053 hoc,
2705 2008 2864 2063 neque
2884 1992 2936 2045 in
2975 1988 3336 2043 Ilierosolimis
3364 1986 3459 2041 ad-

1887 2091 2098 2146 orabitis
2124 2087 2356 2142 Patrem.
2399 2083 2502 2140 Vos
2535 2085 2790 2146 adoratis,
2819 2081 2955 2153 quod
2980 2080 3211 2141 nescitis,
3250 2094 3341 2132 nos
3362 2076 3464 2131 ad-

1888 2197 2121 2243 oramus,
2144 2180 2281 2249 quod
2303 2178 2516 2232 scimus.
2546 2175 2640 2230 His
2660 2174 2841 2229 verbis
2889 2171 3128 2226 "mlieris
3146 2168 3463 2239 jactantiam

1888 2271 2257 2326 Samaritanae
2305 2268 2654 2335 omniumque
2681 2264 3149 2320 Samaritanorum
3174 2260 3457 2332 opprimit.

1888 2355 2209 2416 Samariiani
2236 2360 2432 2427 quippe
2457 2359 2735 2426 putabant,
2768 2370 2827 2411 se
2856 2372 2960 2409 non
2995 2356 3218 2409 minoris
3251 2354 3466 2423 religio-

1887 2456 1972 2510 nis
2022 2453 2205 2515 l‘uisse,
2235 2467 2395 2519 quam
2423 2450 2633 2506 Judaei.
2665 2451 2740 2504 Ex
2769 2465 2997 2519 persona
3049 2448 3213 2518 igitur
3235 2445 3465 2503 Judaeo-

1888 2560 2005 2598 rum
2051 2543 2308 2613 loquitur,
2355 2556 2462 2594 non
2501 2541 2786 2611 impiorum
2819 2555 2879 2593 se
2929 2554 3034 2593 non
3064 2537 3461 2607 recipientium,

1888 2636 1979 2690 sed
2035 2632 2471 2703 patriarcharum
2518 2638 2573 2685 et
2603 2631 3007 2699 prophetarum,
3046 2636 3337 2691 eteorum,
3371 2628 3462 2697 qui

1889 2727 1940 2779 in
1965 2739 2023 2779 se
2052 2722 2400 2778 crediderunt
2451 2720 2607 2790 paulo
2652 2730 2777 2773 ante
2832 2720 2884 2774 in
2912 2717 3132 2773 Judaca.
3172 2717 3462 2787 Propterea

1887 2818 1998 2872 ait:
2028 2817 2135 2871 Vos
2161 2814 2399 2869 adoratis
2428 2812 2641 2865 Patrem
2684 2827 2841 2880 quem
2875 2810 3115 2873 nescitis,
3161 2824 3260 2863 nos
3284 2816 3463 2861 autem

1886 2910 2174 2963 adoramus
2222 2905 2455 2959 eundem
2504 2904 2722 2956 Patrem
2773 2917 2935 2971 quem
2992 2901 3220 2955 scimus.
3293 2898 3465 2952 Nemo

1888 2999 2031 3052 enim
2077 3003 2252 3067 potest
2297 2994 2522 3048 adorare
2551 2993 2786 3055 Patrem,
2834 2991 2935 3044 nisi
2967 2991 3117 3060 prius
3163 2989 3467 3043 adoraverit

232 3075 389 3129 anima
407 3054 474 3132 ab
506 3054 1146 3152 initio—mundiusquead
1167 3054 1337 3153 legem
1359 3054 1523 3156 Moysi
1547 3083 1785 3152 subjecta
1819 3054 1858 3111 δ
1893 3054 2105 3145 Filium.
2152 3087 2253 3155 Qui
2290 3086 2461 3141 credit
2503 3084 2556 3138 in
2583 3082 2799 3146 Filium,
2833 3082 2945 3151 ipse
2967 3054 3122 3135 novit
3154 3079 3368 3143 Filium,
3399 3094 3464 3134 ac

230 3175 351 3219 erat.
377 3165 483 3223 Lex
515 3178 700 3226 autem
729 3171 959 3236 litterae,
993 3189 1131 3243 quae
1155 3175 1278 3229 data
1311 3185 1394 3232 est
1419 3191 1514 3245 per
1545 3175 1785 3246 Moysen,

231 3266 322 3309 Ion
345 3256 410 3310 ad
446 3257 783 3314 liberandam
823 3262 1058 3317 animam
1095 3264 1179 3318 vel
1217 3263 1620 3332 justilicandam
1658 3266 1784 3319 data

229 3354 318 3412 οει,
341 3348 431 3403 sed
453 3348 523 3403 ad
559 3351 1011 3420 redarguendam,
1048 3363 1102 3409 et
1128 3356 1446 3426 gravitatem
1475 3372 1783 3410 sacramen-

232 3442 388 3489 torum
435 3439 873 3509 opprimendam,
908 3457 1046 3512 quae
1076 3444 1124 3499 ei
1156 3444 1355 3498 nullam
1404 3445 1630 3500 salutem
1661 3461 1787 3500 con-

232 3525 468 3597 tulerant,
500 3531 611 3586 nisi
639 3532 705 3586 ad
735 3534 965 3602 gratiam
995 3533 1126 3589 Novi
1159 3535 1486 3590 Testamenti
1534 3535 1786 3605 confuge-

233 3629 318 3674 ret.
342 3620 451 3685 Lex
473 3624 625 3687 enim
653 3624 778 3681 data
807 3634 911 3690 est,
939 3636 995 3681 ut
1020 3627 1191 3696 gratia
1220 3636 1587 3696 quaereretur,
1616 3628 1784 3697 gratia

230 3717 388 3766 autem
409 3713 563 3778 data,
595 3723 656 3773 ut
700 3714 783 3775 lex
816 3716 1149 3786 impleretur.
1182 3716 1445 3783 Quoniam
1497 3717 1658 3786 igitur
1700 3716 1783 3772 lex

231 3795 419 3856 litterae
443 3803 517 3858 nil
548 3804 823 3860 humanae
852 3815 1081 3861 naturae
1119 3806 1410 3869 contulerit
1442 3808 1509 3863 ad
1535 3807 1785 3873 salutem,

230 3889 476 3946 neminem
521 3893 673 3947 enim
721 3893 803 3948 lex
839 3895 904 3948 ad
935 3896 1229 3965 perfecmm
1260 3897 1431 3961 duxit,
1463 3898 1555 3953 sed
1590 3898 1658 3952 ad
1699 3914 1787 3953 cu-

230 3979 409 4036 mulum
436 3984 762 4039 delictorum
794 3986 978 4051 valuit,
1006 3988 1146 4043 sicut
1176 3989 1253 4043 ait
1277 3989 1603 4059 Apostolus:
1637 3990 1786 4045 «Vir-

229 4075 302 4122 tus
321 4073 521 4139 peccati
544 4073 632 4129 lex
669 4095 713 4139 ι,
744 4075 883 4129 idem
913 4096 925 4130 :
960 4095 980 4129 ι
1016 4077 1126 4133 Lex
1151 4091 1327 4133 autem
1356 4079 1699 4145 subinlravit,
1730 4090 1788 4133 ιιι

227 4158 500 4219 abundaret
525 4174 812 4234 peccatum
850 4187 894 4233 ι,
945 4168 1168 4237 pulchre
1214 4169 1294 4223 ait
1322 4169 1578 4223 Dominus
1606 4168 1789 4224 Sama-

228 4248 441 4310 ritanae:
470 4253 539 4311 Et
568 4272 710 4313 nunc
731 4274 882 4327 quem
903 4259 1060 4312 habes
1086 4275 1189 4313 non
1214 4269 1286 4313 est
1313 4270 1433 4313 tuus
1457 4260 1555 4324 vir;
1580 4260 1788 4315 dimitte

225 4338 457 4408 litteram,
490 4360 602 4400 non
636 4355 718 4401 est
754 4355 878 4405 tuus
901 4349 1007 4413 vir;
1048 4350 1181 4403 vade
1210 4349 1276 4402 ad
1310 4349 1481 4404 virum
1513 4358 1680 4412 tuum,
1714 4350 1779 4403 ad

223 4426 451 4494 spiritum
479 4432 734 4500 litterae;
764 4451 897 4491 voca
933 4436 1101 4506 legem
1131 4438 1355 4507 gratiae,
1386 4452 1523 4507 quae
1547 4447 1631 4493 est
1658 4446 1778 4492 tuus
1811 4422 1855 4479 ί)

221 4517 372 4581 vir,-a
395 4535 507 4590 quo
556 4523 893 4593 spiritualem
925 4525 1183 4583 virtutum
1230 4526 1434 4595 prolem
1482 4527 1774 4597 concipies,

222 4618 329 4660 cum
352 4623 460 4677 quo
488 4611 631 4666 dona
672 4613 848 4667 sancti
881 4614 1113 4684 Spiritus
1156 4616 1249 4671 tibi
1302 4617 1459 4681 dabo,
1489 4618 1686 4688 quibus
1724 4634 1777 4673 ιη

219 4707 297 4748 me
326 4699 549 4754 credere
596 4701 826 4757 valebis.
878 4703 1182 4773 Repudiata
1228 4706 1393 4775 igitur
1434 4716 1589 4762 sexto
1636 4707 1776 4773 viro,

221 4788 404 4841 carnali
430 4788 683 4844 videlicet
711 4790 848 4861 lege,
873 4792 1096 4861 jubetur
1120 4794 1458 4853 rationabilis
1478 4797 1658 4850 anima
1686 4812 1780 4851 vo-

217 4888 329 4927 care
350 4875 527 4931 virum
553 4893 736 4946 suum,
766 4880 871 4935 hoc
895 4889 979 4935 est
1008 4880 1214 4937 Novum
1247 4883 1673 4951 Testamentum,
1704 4885 1777 4943 le-

216 4977 321 5032 uem
348 4966 583 5037 gratiae,
611 4971 715 5025 sub
736 4986 841 5041 qua
882 4973 994 5027 sola
1032 4974 1230 5029 salvari
1262 4986 1493 5045 poterat.

275 5053 411 5111 Dicit
429 5060 481 5113 ei
504 5059 696 5116 mulier
714 5081 732 5118 :
755 5061 995 5128 Domine,
1023 5066 1190 5131 video,
1211 5068 1334 5137 quia
1356 5069 1603 5137 propheta
1625 5085 1679 5123 es
1697 5080 1772 5123 tu.

212 5139 279 5201 Ut
299 5149 551 5218 cognovit
577 5150 773 5205 mulier
804 5168 870 5206 ex
913 5153 1019 5219 his,
1049 5170 1189 5224 quae
1214 5156 1262 5210 ei
1297 5157 1551 5213 Dominus
1578 5159 1645 5213 de
1674 5177 1776 5213 nu-

213 5247 352 5291 mero
398 5238 644 5293 virorum
696 5254 939 5307 suorum,
988 5244 1160 5314 deque
1206 5260 1303 5300 suo
1346 5245 1614 5302 adulterio
1653 5264 1776 5302 cum

215 5324 323 5381 viro
363 5327 568 5392 alieno,
617 5333 759 5399 quod
817 5334 930 5404 ipse
977 5336 1236 5405 prOphcta
1281 5336 1475 5411 fuerit,
1524 5341 1778 5395 continuo

1891 3197 1986 3251 per
2014 3181 2115 3232 hoc
2147 3176 2296 3230 novit
2321 3183 2373 3228 et
2400 3174 2634 3227 Patrem.
2665 3171 2753 3225 Ait
2782 3170 2925 3226 enim
2954 3187 2967 3223 :
3021 3168 3337 3237 «.Philippe,
3369 3168 3462 3237 qui

1888 3286 1976 3325 me
2005 3270 2171 3333 videt,
2191 3276 2241 3322 et
2272 3266 2489 3320 Patrem
2521 3277 2700 3317 meum
2734 3260 2878 3315 videt
2913 3278 2957 3311 ι.
2995 3258 3074 3312 Tu
3113 3258 3294 3327 igitur,
3349 3273 3464 3309 mu-

1890 3361 2007 3424 lier,
2038 3372 2159 3412 cum
2194 3365 2281 3410 tua
2315 3364 2423 3408 tota
2455 3350 2661 3424 [gente]
2697 3348 2873 3404 nescis
2903 3347 3118 3400 Patrem
3160 3360 3315 3413 quem
3371 3345 3465 3397 ad-

1887 3464 2033 3512 oras,
2080 3447 2203 3517 quia
2235 3446 2406 3499 adhuc
2437 3459 2540 3496 non
2577 3436 2851 3496 credidisti
2879 3438 2930 3491 in
2962 3436 3154 3490 Filium
3202 3436 3338 3505 ejus,
3369 3448 3466 3504 per

1888 3553 2047 3607 quem
2098 3536 2163 3589 ad
2210 3534 2388 3588 Patris
2438 3532 2685 3586 notitiam
2732 3527 3064 3600 pervenitur.
3113 3526 3182 3581 Et
3230 3527 3330 3579 hoc
3382 3533 3466 3579 est

1888 3626 2028 3696 quod
2059 3624 2342 3693 sequitur:
2372 3622 2510 3687 Quia
2552 3620 2694 3674 salus
2729 3635 2793 3673 ea:
2813 3617 3056 3673 Judaeis.
3092 3615 3171 3669 Ae
3206 3614 3250 3669 si
3280 3621 3468 3683 aperte

1889 3720 2095 3773 diceret
2122 3734 2135 3770 :
2161 3715 2283 3770 ideo
2312 3715 2514 3769 scimus
2547 3715 2689 3783 quod
2719 3712 3033 3774 adoramus,
3070 3706 3367 3777 adjungens
3408 3720 3467 3759 se

1888 3808 2232 3863 credentibus
2272 3804 2532 3870 Judaeis,
2578 3792 2702 3874 quia
2751 3801 2897 3858 salus
2940 3817 3005 3855 ea:
3048 3799 3290 3862 Iudaeis,
3339 3796 3465 3866 quia

1887 3899 2155 3958 Christus,
2188 3896 2279 3966 qui
2308 3904 2391 3951 est
2418 3895 2583 3950 totius
2606 3893 2793 3948 mundi
2822 3892 2987 3954 salus,
3022 3906 3088 3944 ex
3116 3888 3336 3944 Judacis
3358 3896 3463 3952 est,

1889 4008 1995 4046 non
2043 3990 2215 4045 solum
2266 3987 2475 4057 origine
2511 3986 2709 4047 carnis,
2742 3999 2927 4038 verum
2972 3981 3134 4035 etiam
3171 3979 3466 4048 propagine

1889 4080 2047 4145 tidei;
2084 4094 2150 4134 ex
2183 4078 2264 4133 eis
2308 4078 2453 4132 enim
2499 4084 2617 4131 orta
2645 4083 2729 4131 est
2777 4073 2911 4129 ﬁdes
2954 4080 3008 4126 et
3055 4070 3327 4140 primitiva
3354 4069 3465 4123 Ec-.

1888 4170 2071 4225 clesia.

1960 4262 2066 4318 Sed
2090 4262 2221 4315 venit
2247 4261 2376 4314 liora
2413 4269 2460 4314 et
2492 4274 2628 4312 nunc
2668 4266 2763 4310 est.
2796 4255 2995 4310 Horam
3037 4252 3164 4307 dicit
3200 4265 3465 4320 praesenq

1890 4352 2017 4406 tiam
2046 4367 2197 4405 suam
2245 4348 2298 4403 in
2340 4362 2524 4404 carne.
2573 4346 2675 4409 Tu,
2723 4345 2915 4414 inquit,
2969 4341 3178 4402 mulier,
3230 4341 3295 4393 de
3339 4339 3467 4394 loco

1881 4440 2140 4495 adorandi
2197 4455 2282 4494 tne
2318 4437 2586 4502 consulis;
2637 4437 2753 4489 ideo
2787 4436 2882 4489 tibi
2926 4436 3079 4498 dico,
3127 4433 3272 4488 venit
3300 4434 3457 4497 hora,

1881 4546 2140 4602 praesens
2172 4546 2312 4596 sum,
2340 4537 2394 4584 et
2438 4544 2579 4583 nunc
2624 4542 2742 4580 sum
2789 4528 2841 4580 in
2887 4541 3070 4580 carne.
3102 4525 3326 4592 Quando
3354 4525 3460 4578 veri

1881 4623 2186 4675 adoratores
2215 4620 2505 4673 adorabunt
2538 4617 2751 4671 Patrem
2797 4618 2849 4671 in
2898 4618 3086 4687 spiritu
3128 4628 3174 4671 et
3223 4616 3457 4670 veritate.

1882 4712 2202 4781 Priusquam
2240 4711 2504 4775 venirem,
2554 4725 2713 4764 nemo
2759 4709 2932 4777 potuit
2975 4709 3203 4763 adorare
3238 4706 3457 4760 Patren

1882 4801 1934 4854 iu
1963 4799 2151 4869 spiritu
2179 4808 2234 4853 et
2268 4799 2520 4862 veritate,
2543 4806 2759 4867 praeter
2788 4798 3121 4867 patriarchas
3144 4805 3199 4849 et
3224 4794 3458 4864 prophe-

1883 4901 1985 4955 tas,
2018 4889 2215 4960 quibus
2240 4888 2541 4958 praesentia
2574 4902 2689 4941 mea
2718 4888 2768 4941 in
2799 4903 2964 4942 carne
2993 4886 3224 4941 revelata
3252 4894 3335 4939 est
3361 4900 3461 4953 per

1883 4982 2164 5053 Spiritum,
2197 4989 2482 5051 antequam
2505 4980 2740 5035 venirem
2773 4981 2824 5033 in
2868 4981 3144 5034 mundum.
3170 4978 3285 5033 Non
3306 4994 3452 5047 ergo.

1883 5089 1916 5131 0
1954 5073 2165 5136 mulier,
2194 5072 2246 5126 in
2282 5079 2463 5126 monte
2493 5071 2613 5134 hoc,
2654 5085 2826 5138 neque
2854 5070 2907 5123 in
2948 5070 3315 5123 llierosolimis
3343 5084 3457 5121 Vct‘t

1884 5163 2198 5217 adoratores
2226 5161 2526 5216 adorabunt
2558 5175 2641 5213 me
2661 5169 2714 5215 et
2735 5160 2949 5216 Patrem
2978 5175 3175 5220 meum,
3204 5162 3294 5212 sed
3313 5161 3453 5210 intc~

1887 5256 1998 5310 rius
2026 5254 2078 5308 in
2122 5254 2311 5309 intimo
2353 5254 2555 5322 templo
2609 5254 2790 5309 cordis
2833 5254 2914 5308 sui
2965 5250 3457 5318 intelligentiaequa

1888 5357 2034 5397 suae.
2058 5342 2380 5414 Purgabitur
2406 5342 2556 5414 prius
2598 5358 2692 5411 per
2736 5344 2916 5407 tidem,
2952 5339 3337 5396 illutmnabttur
3360 5352 3456 5406 per

1476 5464 1733 5547 ’νλιυλυς
1771 5493 2148 5555 Lacrimas

281 5596 295 5623 ⁸
328 5596 459 5647 llud.
482 5613 817 5673 antiquarqu
843 5609 1038 5661 anima.
