3904 6148
431 267 537 320 3:72)

1798 263 2080 321 JOANN!S
2117 263 2308 319 SCO'l'l

3554 267 3630 319 Ml
3637 273 3650 314 l

429 380 732 440 scientiam,
771 378 1075 447 perﬁcietur
1120 392 1213 445 per
1256 375 1669 429 tleilicationetu.
1707 374 1762 428 in
1812 386 1996 429 monte
2025 381 2073 437 Α
2099 374 2313 430 divinae
2334 378 2664 431 substantiae
2690 378 2740 431 in
2764 393 2944 439 carne,
2980 378 3192 449 reliquit
3213 378 3461 449 hydriatn
3487 396 3652 445 suam,

437 466 736 538 theologiae
776 469 826 521 in
872 468 1060 535 spiritu
1106 467 1425 529 adorabunt,
1456 466 1546 533 qui
1584 465 1783 533 Spiritu
1811 478 1999 521 sancto

2097 466 2315 534 reliquit
2364 480 2517 519 usum
2564 484 2718 520 suum
2770 469 3066 534 carnalem,
3118 470 3335 541 reliquit
3381 487 3572 542 aquam
3602 483 3656 528 et

431 559 716 612 illuminati
739 566 917 611 erunt.
946 555 1153 608 Etenim
1187 553 1349 609 Pater
1377 556 1507 608 tales
1531 555 1732 625 quaerit
1770 556 2004 609 adoran-
2100 554 2330 611 studium
2357 555 2589 609 carnalis
2614 556 2893 612 scientiae.
2938 595 2951 610 .
2993 597 3008 611 .
3052 598 3066 611 .
3109 594 3126 612 .
3171 596 3186 612 .
3229 597 3246 612 .
3288 598 3302 613 .
3348 597 3365 613 .
3408 597 3425 613 .
3467 597 3485 613 .
3524 598 3540 614 .
3578 598 3595 613 .
3637 601 3650 613 .

429 658 505 702 tes
528 665 602 713 se,
630 649 719 718 qui
751 663 875 701 eum
919 648 969 700 in
1002 647 1189 715 spiritu
1222 661 1321 699 suo
1365 655 1420 700 et
1465 647 1516 699 in
1548 646 1777 699 veritate
1809 647 1992 715 cogni-

431 740 589 794 tionis
614 754 742 793 suae
765 738 1011 791 adorant.
1039 738 1191 804 Quod
1222 738 1489 807 praedixit
1547 737 1756 790 ratione
1781 736 1996 791 conclu-

433 829 528 890 sit,
551 828 735 881 dicens
760 845 774 879 :

496 916 725 981 Spiritus
752 916 909 981 Deus,
937 924 984 970 et
1023 925 1303 969 adorantes
1324 932 1379 970 se
1418 934 1471 969 tn
1497 924 1682 987 spiritu
1710 925 1757 970 et
1785 915 1994 970 veritate

422 1013 622 1073 oportet
670 1005 913 1058 adorare.
954 1004 1032 1059 Ac
1077 1005 1123 1059 si
1166 1006 1367 1059 diceret
1399 1022 1413 1059 :
1444 1006 1498 1060 Si
1526 1008 1666 1061 Deus
1704 1021 1993 1077 corporeus

423 1105 516 1147 aut
544 1110 741 1165 corpus
765 1105 927 1161 esset,
958 1096 1205 1151 fortassis
1230 1107 1515 1166 quaereret
1545 1098 1658 1152 loca
1692 1098 1991 1167 corporalia

420 1186 486 1238 ε]
539 1200 597 1238 se
646 1185 1000 1240 adorandum.
1070 1186 1187 1242 Jam
1243 1188 1365 1256 quia
1418 1188 1638 1257 spiritus
1685 1187 1703 1219 ⁸
1747 1196 1860 1253 est,
1896 1201 1991 1242 eos

419 1276 650 1344 quaerit,
679 1276 770 1344 qui
803 1276 855 1329 in
884 1276 1074 1344 spiritu
1100 1293 1197 1331 suo
1218 1287 1272 1332 et
1295 1278 1346 1330 iu
1379 1277 1649 1331 intellectu
1680 1291 1779 1346 per
1808 1269 1991 1332 νει-31η

417 1366 777 1433 cognitionem
803 1381 861 1419 se
883 1368 1127 1420 adorent.

490 1453 627 1507 Dicit
648 1455 695 1507 ei
715 1456 904 1507 mulier
926 1473 944 1508 :
976 1456 1120 1519 Scio,
1145 1457 1272 1524 quin
1306 1455 1527 1510 Messias
1551 1458 1704 1521 renit,
1738 1460 1828 1528 qui
1859 1459 1991 1513 dici-

417 1554 504 1595 tur
523 1541 781 1597 Christus.
830 1544 1091 1609 Quoniam
1133 1547 1402 1615 praedixit
1443 1547 1701 1603 Dominus
1734 1566 1747 1602 :
1786 1568 1805 1600 ι
1844 1552 1993 1605 venit

418 1634 547 1685 hora
582 1641 635 1686 et
658 1648 800 1687 nunc
821 1643 905 1687 est
941 1655 959 1685 ι
989 1674 1003 1697 ,
1046 1636 1267 1703 putabat
1298 1636 1490 1689 mulier
1532 1636 1601 1691 de
1638 1636 1854 1703 Messia,
1888 1638 1991 1692 hoc

2097 678 3651 705 ...o‘uooocssCocco-ooooooOOoos

2466 802 3096 865 FBAGMENI‘UM
3156 803 3286 867 Ill.

2654 943 2781 1000 CAP.
2813 942 2902 1011 Vl,
2931 944 3084 999 5-14.

2094 1129 3652 1157 eoo-00000consono-0000000000

2094 1185 2303 1239 turbam
2334 1188 2399 1241 ad
2426 1202 2484 1242 se
2510 1188 2812 1243 venientem
2838 1189 3022 1244 videre
3050 1205 3156 1244 non
3177 1199 3376 1259 posset,
3405 1190 3449 1246 si
3473 1190 3656 1248 oculos

2091 1293 2219 1332 suos
2251 1292 2353 1332 non
2401 1279 2624 1345 levaret,
2675 1281 2765 1349 qui
2792 1320 2806 1344 ,
2854 1282 3164 1353 priusquam
3208 1282 3360 1336 lieret
3405 1284 3656 1347 mundus,

2090 1367 2270 1420 omnia
2293 1367 2534 1431 viderat,
2586 1383 2761 1437 neque
2802 1384 3039 1438 unquam
3070 1370 3425 1438 corporalium
3471 1370 3655 1424 oculo-

2091 1469 2209 1507 rum
2265 1453 2635 1511 instrumentis
2686 1457 2753 1511 ad
2804 1456 3089 1511 videndum
3136 1459 3426 1528 indigebat.
3472 1459 3661 1513 Elevat

2091 1555 2220 1617 ergo
2246 1542 2433 1597 oculos
2460 1559 2604 1607 suos,
2632 1546 2862 1599 edocens
2906 1546 3085 1599 cordis
3128 1547 3295 1601 nostri
3339 1545 3520 1601 oculos
3549 1546 3659 1601 ele-

2091 1645 2240 1694 vare,
2288 1638 2567 1701 totumque
2596 1634 2850 1687 mundum
2893 1634 3127 1702 undique
3156 1636 3224 1688 ad
3272 1635 3427 1688 tidem
3456 1634 3657 1690 Christi

416 1732 501 1776 est
552 1725 618 1779 de
667 1734 898 1781 venturo
947 1726 1185 1790 Clu-isto,
1214 1740 1373 1794 quem
1430 1727 1607 1781 adhuc
1646 1738 1988 1796 praesentem
2023 1720 2067 1777 Β
2093 1735 2435 1776 concurrere.
2467 1721 2670 1778 Levare
2693 1727 2854 1778 etiam
2875 1725 3062 1780 oculos
3083 1727 3252 1780 nostri
3277 1727 3457 1781 cordis
3480 1741 3662 1781 exem-

415 1827 522 1866 non
547 1823 892 1882 cognoverat,
922 1816 1072 1884 quasi
1093 1815 1158 1869 de
1184 1815 1288 1870 alio
1315 1814 1536 1870 dixisse.
1563 1816 1820 1870 Audierat
1842 1817 1991 1871 enim

412 1916 478 1954 ex
506 1904 781 1972 prophetis
805 1904 1077 1960 Christum
1100 1915 1405 1961 venturum.
1434 1906 1556 1960 ldeo
1576 1907 1652 1961 ait
1676 1926 1688 1960 :
1716 1906 1838 1962 Scio
1862 1910 1986 1979 quia

413 1990 634 2047 Messias
684 1996 837 2048 venit.
896 1993 1048 2050 Venit
1090 1997 1243 2060 dixit,
1287 2011 1393 2050 non
1429 2015 1447 2047 ι
1482 1998 1661 2051 veniet
1696 2018 1743 2063 ι,
1778 2007 1839 2052 ιιι
1888 2014 1985 2053 sua

412 2084 579 2138 verba
613 2086 792 2140 verbis
821 2088 1119 2156 prophetae
1136 2096 1489 2159 compararet,
1521 2105 1641 2143 cum
1668 2105 1774 2158 quo
1806 2089 1988 2159 loque-

411 2175 600 2240 batur;
630 2186 722 2230 aut
742 2178 1138 2246 quodammodo
1163 2178 1460 2232 illuminata
1485 2193 1514 2232 a
1549 2179 1739 2247 spiritu
1763 2180 1983 2233 venien-

409 2273 518 2316 tem
566 2264 840 2320 Christum
885 2267 1319 2337 praesentialiter
1379 2267 1671 2331 intellexit,
1717 2276 1809 2320 aut
1857 2268 1983 2336 quia

409 2368 538 2408 usus
569 2353 816 2423 loquendi
843 2366 945 2420 est,
979 2366 1036 2410 ut
1060 2357 1125 2410 de
1150 2372 1235 2420 eo,
1263 2358 1353 2426 qui
1380 2367 1463 2411 est
1499 2359 1550 2412 in
1582 2358 1796 2422 itinere,
1831 2360 1980 2421 venit,

408 2459 531 2498 cum
559 2445 734 2499 adhuc
764 2460 866 2500 non
898 2447 1126 2509 venerit,
1158 2447 1388 2500 dicatur.
1422 2446 1644 2502 Messias
1670 2447 1982 2502 hebraicum

406 2549 601 2589 nomen
628 2545 733 2601 est,
764 2536 905 2604 quod
934 2552 1128 2606 graece
1169 2537 1557 2605 interpretatur
1584 2536 1852 2602 Christus,
1880 2538 1981 2593 hoc

405 2634 491 2680 est
512 2637 726 2680 unctus.
751 2626 882 2680 Cum
909 2629 1097 2680 venerit
1124 2626 1230 2689 ille,
1258 2626 1585 2680 adnuntiabit
1609 2628 1755 2681 nobis
1780 2630 1979 2683 omnia.

406 2718 599 2771 Adhuc
621 2733 725 2772 non
758 2717 1022 2771 intellexit
1051 2717 1289 2787 perfecte
1318 2725 1655 2785 praesentem
1681 2716 1974 2780 Christum,

403 2807 633 2861 credidit
659 2816 862 2873 tamen,
892 2823 920 2861 a
946 2807 1221 2878 prophetis
1248 2807 1479 2870 erudita,
1504 2808 1790 2861 adventum
1817 2806 1977 2862 Chri—

403 2897 471 2950 sti
519 2905 575 2950 et
614 2896 914 2951 doctrinam
957 2898 1074 2967 ejus
1127 2897 1382 2950 futuram.
1436 2897 1776 2950 Adnuntiabit
1831 2899 1977 2952 nobis

403 2988 599 3053 omnia,
632 2997 824 3043 cuncta
864 2988 1135 3053 videlicet,
1186 3002 1327 3057 quae
1358 2989 1423 3041 ad
1473 2987 1673 3043 cultum
1723 3004 1876 3043 suum
1922 2997 1978 3043 et

400 3074 579 3131 Patris
609 3077 690 3132 sui
721 3079 1013 3147 pertinent.

469 3167 608 3221 Dicit
648 3169 696 3221 ei
736 3167 892 3222 Iesus
924 3185 942 3222 :
974 3168 1086 3238 Ego
1114 3186 1251 3234 sum,
1290 3169 1379 3239 qui
1424 3167 1609 3237 loquor
1636 3167 1745 3219 tibi.
1793 3166 1975 3220 Primo

399 3258 660 3313 Dominus
695 3259 1023 3313 intellectum
1065 3248 1306 3313 mulieris
1353 3258 1583 3327 aperuit,
1618 3268 1676 3310 ut
1708 3258 1972 3320 crederet,

400 3348 599 3402 deinde
623 3363 682 3401 se
714 3348 886 3415 ipsum
928 3348 977 3402 ei
1017 3349 1399 3403 manil‘estavit.
1446 3347 1535 3401 llla
1562 3347 1826 3415 siquidem
1857 3362 1974 3401 cre-

396 3436 535 3489 didit
565 3437 875 3504 prophetas,
911 3437 1000 3505 qui
1046 3437 1113 3490 de
1147 3438 1381 3489 adventu
1428 3435 1630 3490 Christi
1686 3437 1973 3506 praedixe-

398 3533 556 3587 runt;
588 3526 814 3594 ideoque
845 3527 1038 3595 meruit
1064 3526 1207 3595 loqui
1228 3541 1349 3580 cmn
1379 3528 1512 3595 ipso,
1538 3542 1697 3595 quem
1729 3526 1968 3581 futurum

395 3613 721 3677 crediderat,
753 3615 1000 3682 quamvis
1026 3614 1201 3667 adhuc
1230 3624 1570 3683 praesentem
1614 3630 1720 3668 non
1771 3630 1963 3685 cogno-

393 3713 566 3759 verat.
617 3705 781 3775 Cujus
825 3706 947 3760 ﬁdei
987 3707 1183 3760 merito
1216 3708 1363 3761 venit
1397 3706 1464 3760 ad
1493 3707 1850 3776 cognitionem
1886 3708 1966 3762 lo-

393 3796 612 3861 quentis
635 3795 700 3850 de
729 3810 787 3848 se
816 3796 933 3865 ipso
962 3795 1162 3850 Christi
1191 3804 1247 3849 ct
1267 3795 1496 3850 dicentis
1524 3814 1538 3849 :
1568 3795 1678 3865 Ego
1706 3813 1821 3850 sum
1854 3798 1968 3867 ipse

392 3884 676 3951 Christus;
710 3901 869 3955 quem
915 3888 1198 3957 cognoscis
1246 3886 1509 3954 futurum,
1546 3888 1658 3959 jam
1703 3904 1967 3960 cognosce

391 3989 760 4047 praesentem.

461 4068 527 4123 Et
553 4073 801 4125 continuo
831 4084 1068 4126 venerunt
1091 4072 1335 4143 discipuli
1361 4074 1495 4143 ejus,
1526 4084 1573 4127 et
1613 4076 1961 4143 mirabantur,

388 4164 509 4231 quia
556 4181 673 4217 cum
730 4165 945 4218 muliere
999 4165 1325 4234 loquebatur.
1374 4166 1555 4233 Quare
1602 4168 1960 4235 mirabantur,

386 4271 508 4306 cum
538 4256 856 4325 Saepissime
885 4256 1135 4311 Christus
1180 4256 1392 4311 locutus
1433 4266 1515 4312 est
1556 4274 1679 4314 cum
1726 4260 1964 4315 mulieri-

388 4346 520 4400 lms?
568 4346 683 4401 Non
715 4364 843 4418 ergo
899 4350 1233 4403 mirabantur
1281 4350 1564 4404 Dominum
1606 4367 1761 4406 suum
1812 4352 1960 4423 loqui

384 4452 505 4489 cum
536 4438 784 4503 muliere,
808 4439 902 4493 sed
932 4441 1034 4495 hoc
1058 4440 1229 4494 solum
1272 4442 1631 4508 mirabantur,
1677 4444 1805 4513 quia
1836 4459 1959 4499 cum

386 4525 745 4593 Samaritana,
774 4530 825 4582 id
865 4538 949 4583 est
1000 4531 1298 4601 alienigena
1348 4533 1605 4599 muliere,
1649 4535 1965 4604 ignorantes

384 4616 697 4684 mysterium
755 4618 1029 4674 Ecclesiae
1085 4622 1151 4675 de
1201 4622 1452 4690 gentibus
1506 4624 1736 4678 futurae.
1790 4623 1960 4678 Nemo

382 4716 555 4757 tamen
583 4705 785 4759 dicebat
810 4721 829 4757 .'
861 4705 1002 4771 Quid
1038 4711 1247 4778 quaeris
1282 4719 1373 4762 aut
1415 4712 1541 4781 quid
1581 4711 1806 4782 loqueris
1840 4730 1959 4767 cum

381 4796 483 4847 ea?
508 4794 622 4848 Non
658 4798 800 4850 enim
826 4799 943 4852 ausi
970 4809 1096 4854 sunt
1126 4800 1371 4871 discipuli
1408 4802 1744 4873 interrogare
1775 4804 1955 4859 Domi—

382 4900 509 4937 nam
537 4900 713 4951 suum,
756 4888 1025 4950 timentes,
1077 4904 1142 4943 ne
1184 4890 1252 4943 ab
1302 4905 1367 4943 eo
1412 4891 1952 4959 reprehenderentur,

382 4985 427 5029 Si
481 4982 698 5030 incaute
748 4994 870 5032 eum
938 4980 1368 5050 interrogarent,
1423 4983 1658 5037 nomlum
1714 4984 1954 5040 valentes

380 5066 594 5120 futurae
619 5068 888 5143 Ecclesiae
911 5070 1224 5139 mysterium
1247 5085 1590 5139 cognoscere.

452 5158 678 5215 ttetiquit
730 5174 853 5228 ergo
908 5159 1148 5227 hydriam
1212 5176 1364 5214 suam
1414 5162 1621 5215 mulier.
1665 5161 1953 5232 Postquam

374 5249 617 5305 Ecclesia
645 5264 744 5307 set
786 5251 1020 5306 humana
1069 5262 1263 5305 natura
1304 5253 1553 5324 cognovit
1592 5257 1952 5324 praesentiam

2088 1809 2176 1878 plo
2201 1810 2399 1865 Christi
2430 1812 2806 1880 admonemur,
2837 1824 2916 1880 ut,
2950 1817 2994 1869 si
3026 1815 3183 1880 forte,
3220 1832 3286 1872 eo
3310 1832 3409 1871 nos
3434 1820 3661 1874 docente

2086 1910 2142 1955 et
2186 1901 2410 1956 interius
2474 1903 2841 1969 illuminante,
2908 1905 3246 1961 altitudinem
3315 1906 3544 1962 actionis
3605 1915 3660 1963 et

2086 1993 2365 2058 scientiae,
2394 2008 2602 2050 necnon
2630 2006 2685 2051 et
2723 1997 3021 2066 theologiae
3052 1998 3344 2053 ascendere
3376 1998 3660 2066 permitta-

2089 2094 2228 2146 mur,
2256 2081 2415 2137 turba
2452 2086 2792 2153 sequentium
2822 2086 3119 2143 carnalium
3148 2088 3530 2156 cogitationum
3558 2101 3660 2142 nos

2087 2188 2191 2227 non
2234 2174 2533 2243 perturbet,
2557 2184 2613 2228 et
2640 2190 2668 2228 a
2700 2176 3172 2246 contemplationis
3214 2176 3496 2231 altitudine
3516 2174 3657 2246 deji-

2085 2262 2212 2328 ciat,
2250 2264 2344 2318 sed
2389 2279 2483 2318 eas
2531 2266 2899 2335 spiritualibus
2938 2268 3096 2330 escis,
3132 2276 3390 2337 quantum
3431 2275 3658 2337 possunt

2085 2367 2303 2421 capere,
2335 2353 2716 2410 satisfaciendo
2744 2372 2969 2427 pascere
3012 2373 3383 2427 procuremus.
3416 2357 3558 2412 Dicit
3589 2358 3657 2412 ad

2086 2440 2406 2512 Philippum.
2430 2444 2729 2516 Philippus,
2743 2449 2835 2516 qui
2853 2448 3241 2517 interpretatur
3258 2465 3313 2502 os
3327 2447 3588 2516 lampadis
3604 2460 3655 2514 ι,

2086 2532 2307 2603 figuram
2339 2534 2480 2605 gerit
2504 2536 2929 2605 praedicantium
2958 2537 3142 2602 fidem,
3165 2536 3358 2608 quibus
3384 2538 3438 2591 in
3470 2536 3658 2592 altitu—

2083 2622 2208 2677 dine
2255 2625 2726 2694 contemplationis
2772 2643 2896 2682 cum
2943 2627 3158 2682 Christo
3204 2626 3545 2692 constitutis,
3590 2626 3659 2682 de

2082 2713 2381 2766 carnalium
2428 2716 2816 2784 cogitationum
2866 2718 3021 2771 turba
3078 2717 3347 2786 pascenda
3394 2715 3660 2771 Dominus

2081 2802 2321 2870 quotidie
2346 2802 2585 2873 loquitur
2610 2823 2621 2857 :
2653 2802 2804 2859 Unde
2825 2821 3050 2859 ementus
3074 2822 3235 2875 panes
3259 2814 3313 2858 ut
3340 2805 3656 2858 manducent

2081 2890 2173 2943 hi?
2216 2889 2330 2945 Hoc
2372 2904 2546 2946 autem
2575 2894 2776 2948 dicebat
2809 2904 3012 2948 lentam
3056 2911 3192 2958 eum,
3219 2894 3320 2948 hoc
3357 2904 3442 2948 est
3491 2893 3659 2948 ﬁdem

2081 2979 2250 3048 ipsius
2278 2983 2343 3035 de
2384 2983 2565 3036 futuro
2605 2984 2867 3039 miraculo
2904 2984 3207 3039 consulens.
3234 2983 3375 3039 Deus
3417 2991 3659 3039 tentatur

2005 3066 2049 3126 C
2083 3069 2344 3125 malorum
2376 3082 2476 3126 est.
2498 3073 2695 3128 Tentat
2723 3084 2903 3129 autem
2934 3074 3139 3129 electos
3167 3074 3422 3143 probandi
3453 3073 3657 3143 gratia,

2078 3175 2184 3213 non
2210 3162 2611 3231 supplantandi.
2631 3164 2970 3219 Tentationis
2992 3163 3256 3233 siquidem
3284 3165 3419 3218 duae
3441 3163 3663 3233 species

2076 3260 2222 3315 sunt,
2271 3268 2501 3321 quarum
2554 3270 2659 3309 una
2700 3253 2970 3322 iustorum
3016 3255 3210 3324 prohat
3248 3254 3442 3321 (idem,
3480 3253 3661 3317 altera

2075 3346 2363 3416 impiorum
2395 3350 2648 3418 reprobat
2679 3350 2986 3419 perfidiam.

2145 3434 2267 3505 Ipse
2295 3438 2430 3490 enim
2462 3438 2677 3502 sciebat,
2708 3439 2837 3508 quid
2879 3438 3116 3507 futurum
3143 3449 3253 3492 erat
3288 3438 3481 3507 facere.
3511 3436 3655 3493 Pro-

2071 3525 2254 3590 bandi,
2283 3526 2475 3595 inquit,
2500 3528 2671 3595 gratia
2699 3536 2870 3581 tentat
2893 3528 3151 3582 Dominus
3180 3527 3509 3597 Philippum,
3538 3542 3658 3583 non

2070 3619 2335 3683 discendi,
2384 3619 2511 3687 quid
2559 3616 2866 3673 faciendum
2910 3618 3069 3673 foret.
3118 3618 3235 3687 Ipse
3271 3618 3412 3671 enim
3469 3620 3655 3682 novit,

2068 3711 2383 3779 priusquam
2427 3712 2582 3765 ﬁeret
2629 3712 2882 3775 mundus,
2929 3711 3109 3765 omnia
3161 3709 3457 3775 miracula,
3505 3726 3655 3780 quae

2069 3801 2311 3856 facturus
2335 3811 2479 3855 esset
2511 3803 2564 3855 in
2599 3803 2823 3856 nmndo.
2854 3802 3005 3869 Quod
3036 3802 3181 3856 enim
3211 3801 3319 3866 ait,
3351 3802 3461 3871 ipse
3505 3803 3655 3856 enim

2044 3872 2279 3954 “sciebat,
2303 3908 2408 3947 non
2452 3900 2577 3947 ante
2625 3892 2845 3963 aliquod
2897 3902 3129 3962 tempus,
3177 3891 3270 3947 sed
3307 3901 3435 3946 ante
3461 3892 3653 3945 omnia

2067 3989 2309 4051 tempora
2370 3994 2729 4052 cognoverat,
2788 3982 2916 4052 quid
2969 3981 3209 4036 futurum
3270 3981 3319 4035 ei
3384 3988 3504 4035 erat
3564 3980 3653 4033 fa-

2064 4092 2209 4131 cere.

2137 4164 2437 4237 Respondit.
2467 4168 2515 4221 ei
2567 4164 2839 4235 Philippus
2873 4178 2890 4215 :
2924 4163 3281 4218 Ducentorum
3300 4162 3657 4216 denariorum.

2063 4273 2220 4327 panes
2253 4272 2356 4308 non
2400 4256 2659 4327 sufﬁciunt
2711 4254 2814 4317 his,
2874 4263 2929 4308 ut
2980 4253 3330 4322 unusquisque
3376 4250 3657 4303 modicum

2065 4348 2191 4417 quid
2217 4348 2464 4414 accipiat.
2495 4346 2686 4399 Adhuc
2719 4344 3001 4413 Philippus
3046 4344 3186 4397 lacte
3213 4342 3494 4396 doctrinae
3539 4356 3657 4395 nu-

2068 4438 2246 4500 tritus,
2276 4436 2504 4490 solidum
2546 4450 2708 4490 verae
2738 4435 2859 4489 ﬁdei
2902 4442 3065 4503 atque
3091 4432 3413 4503 cognitionis
3457 4430 3657 4484 cibum

2065 4541 2257 4596 capere
2284 4543 2386 4580 non
2418 4525 2625 4590 valens,
2660 4525 2814 4594 juxta
2847 4539 2976 4579 suae
3008 4524 3127 4592 jam
3154 4523 3372 4577 virtutis
3415 4520 3655 4575 faculta-

2064 4625 2171 4671 tem
2220 4615 2517 4683 respondit,
2545 4614 2879 4684 impossibile
2905 4614 3242 4676 existitnans,
3276 4619 3478 4664 tantam
3503 4608 3650 4662 mul-

2061 4706 2338 4759 titudinem
2395 4705 2583 4774 paucis
2630 4704 2857 4774 panibus
2905 4703 3053 4757 relici
3103 4715 3278 4772 posse.
3342 4699 3651 4754 Erudiendi

2060 4794 2242 4863 itaque
2266 4794 2438 4863 gratia
2469 4792 2604 4847 ludit
2646 4792 2904 4846 Dominus
2941 4805 3062 4845 cum
3111 4789 3375 4857 Philippo,
3425 4795 3651 4843 tentans

2061 4887 2177 4957 ejus
2204 4886 2325 4939 lidei
2375 4883 2809 4953 simplicitatem,
2845 4892 2904 4936 ut
2930 4898 3027 4951 per
3053 4882 3153 4936 hoc
3198 4880 3430 4935 disceret
3475 4876 3650 4933 altius

2061 4979 2393 5040 ascendere,
2452 4977 2758 5044 nullamque
2810 4973 3175 5029 dililcultatem
3226 4973 3337 5026 Deo
3386 4969 3651 5024 crederet

2064 5069 2261 5123 inesse.
2289 5067 2435 5124 Ordo
2477 5068 2660 5136 itaque
2707 5066 3206 5135 evangelisautium,
3245 5062 3358 5132 qui,
3399 5070 3457 5114 ut
3502 5061 3651 5116 dixi-

2059 5177 2198 5222 mus,
2237 5176 2336 5230 per
2376 5160 2678 5230 Philippum
2738 5160 2913 5230 typice
2957 5160 3284 5223 insinuatur,
3318 5155 3553 5210 tentanti
3586 5170 3667 5210 se-

2064 5252 2315 5316 Domino,
2339 5252 2439 5308 hoc
2465 5260 2570 5319 est,
2597 5251 2756 5306 ﬁdem
2788 5251 2999 5319 illorum
3022 5249 3293 5322 probanti,
3315 5263 3382 5305 ac
3407 5263 3509 5320 per
3534 5249 3653 5306 hoc

1666 5371 1922 5430 VAlllAE
1961 5371 2359 5429 LECTlONES.

1894 5513 2144 5568 NOTAE.

448 5610 473 5638 ι
517 5600 646 5657 Mira
672 5620 801 5658 sane
826 5603 1231 5674 interpretatio;
1268 5602 1512 5657 derivare
1548 5604 1690 5658 enim
1720 5604 1933 5658 videtur
1954 5620 2136 5657 vocem
2172 5602 2442 5671 Philippus
2468 5620 2493 5657 a
2523 5612 2602 5669 νε,
2639 5619 2715 5668 os,
2745 5610 2796 5657 et
2822 5605 3045 5674 λαμπάς.

452 5441 468 5470 ¹
499 5439 679 5508 Corn,
706 5441 826 5498 cod.
852 5442 942 5511 qui
966 5460 997 5496 a
1024 5441 1231 5512 spiritu.
