3904 6148
260 268 350 324 ξω
1312 274 1658 335 COMMENT.
1699 281 1764 334 rs
1799 282 2048 340 nunc.
2080 269 2234 342 Sec.
2273 288 2460 345 JOAN.

1172 351 1235 369 ρ

3374 289 3479 345 ευ

258 389 409 441 etiam
439 386 697 451 laudanti,
727 389 1002 459 respondit
1032 410 1044 444 :
1074 387 1437 465 Ducentorum
1468 395 1810 449 denariorum
1840 402 1886 457 Α
1917 399 2150 453 sibilium
2177 417 2355 455 rerum
2386 403 2868 472 signiﬁcationibus
2922 402 3208 467 nutriatur,
3257 402 3479 470 pulchre

254 491 414 543 panes
441 491 540 529 non
570 476 858 532 sufﬁciunt.
884 479 1237 535 Centenarius
1258 496 1515 537 numerus
1540 484 1813 552 perfectus

254 575 361 631 est;
404 568 579 623 decies
599 570 745 623 enim
777 570 963 625 decem
996 586 1119 625 cum
1151 572 1475 639 conﬁciunt;
1509 574 1599 642 qui
1624 589 1811 628 nume-

254 673 339 711 rus
361 659 407 711 si
449 657 609 712 fuerit
640 659 968 729 duplicatus,
1007 660 1212 716 faciunt
1257 662 1553 728 ducentos;
1584 664 1812 733 pulchre

253 750 621 821 perfectionem
665 752 842 807 bonae
867 753 1095 808 actionis
1117 762 1173 807 et
1195 753 1532 809 rationabilis
1552 755 1834 811 scicntiae-
1857 778 1870 791 ·

254 847 422 909 typum
448 855 665 909 gerens,
697 856 836 911 quae
864 842 1173 910 pascendis,
1210 844 1311 898 hoc
1339 853 1422 898 est
1449 845 1728 900 audiendis
1754 846 1808 901 in

252 928 347 983 ﬁde
372 946 474 983 non
502 929 797 997 sufﬁciunt,
826 932 930 986 nisi
956 933 1036 988 eis
1063 932 1294 988 altitudo
1319 934 1616 1005 theologiae
1643 936 1809 989 adda-

250 1026 347 1072 tur.
373 1019 528 1074 Actio
569 1021 768 1091 quippe
795 1022 1052 1075 virtutum
1082 1022 1319 1076 ﬁdelium
1351 1023 1560 1077 animas
1607 1024 1806 1078 solum-

250 1110 394 1164 modo
424 1119 643 1181 purgat,
671 1112 897 1168 scientia
927 1127 1054 1167 vero
1100 1123 1634 1169 rerum.creatarum
1682 1115 1806 1169 illu-

247 1202 432 1262 minat;
465 1205 560 1257 sed
592 1204 681 1258 illa
710 1207 960 1275 purgatio
1001 1215 1163 1275 atque
1209 1207 1530 1263 illuminatio
1575 1209 1657 1263 eis
1699 1225 1804 1263 non

244 1293 437 1355 sufﬁcit,
463 1296 566 1350 nisi
599 1297 816 1353 habitus
838 1299 1113 1369 perfectae
1138 1300 1611 1370 contemplationis
1634 1302 1802 1355 adda-

244 1394 340 1449 tur,
362 1388 449 1454 qui
478 1387 629 1442 solus
650 1390 863 1444 animas
890 1390 957 1444 ad
978 1400 1410 1446 consummatam
1438 1391 1801 1459 spiritualium

243 1472 580 1528 refectionum
611 1476 1001 1546 plenitudinem
1030 1481 1293 1550 perducit.

299 1563 432 1617 Dicit
467 1567 518 1619 ei
568 1583 706 1621 unus
755 1568 1130 1638 discipulorum
1172 1587 1286 1639 ejus
1330 1569 1589 1634 Andreas,
1636 1571 1806 1640 frater

240 1650 448 1708 Simonis
471 1654 656 1710 Petri:
679 1658 771 1712 Est
796 1659 1047 1727 puerulus
1075 1677 1211 1714 unus
1232 1661 1336 1725 hic,
1353 1661 1442 1730 qui
1469 1662 1619 1715 habet
1647 1663 1798 1732 quin-

1913 491 2171 547 Dominus
2200 495 2445 562 sequenti
2479 510 2537 549 se
2567 494 2755 549 turbae
2792 495 3025 549 ﬁdelium
3074 508 3242 563 panes
3288 492 3477 546 distri-

1909 583 2027 636 buit
2055 583 2371 649 bordaceos,
2397 594 2452 639 ut
2504 586 2654 654 prius
2702 586 2824 640 inde
2876 586 3100 639 satiatos
3124 585 3140 615 ⁸
3162 624 3178 650 ,
3202 584 3247 638 si
3294 583 3477 643 ﬁdem,

1910 687 2074 741 quam
2103 683 2447 742 acceperant,
2481 678 2834 740 servaverint,
2858 677 2923 730 ad
2952 675 3252 744 spiritualia
3300 684 3354 728 et
3401 675 3480 728 al-

1912 763 2048 816 tiora
2075 764 2415 819 rationabilis
2435 776 2719 820 creaturae
2750 767 3004 821 alimenta
3042 766 3318 836 perducat,
3351 767 3475 836 qui-

1908 853 2024 916 bus,
2041 855 2653 931 priusquam‘corporeos
2671 870 2877 918 sensus,
2897 856 3205 923 omniaque,
3223 870 3362 924 quae
3382 872 3478 914 per

1906 957 2001 997 eos
2028 945 2324 1014 accipiunt,
2380 946 2785 1008 transcendant,
2829 945 3019 998 nutriri
3075 960 3180 998 non
3229 952 3473 1014 possunt.

1906 1032 2060 1097 Quod
2105 1048 2233 1104 ergo
2261 1035 2361 1098 ait,
2381 1035 2472 1088 sed
2494 1036 2592 1088 hoc
2623 1036 2748 1105 quid
2767 1046 2838 1088 est
2870 1036 2925 1088 in
2947 1035 3159 1088 tantos!
3217 1035 3322 1087 tale
3369 1042 3475 1099 est,

1907 1139 1971 1178 ac
1998 1125 2042 1179 si
2082 1125 2283 1181 diceret
2316 1144 2329 1179 :
2363 1126 2521 1197 Legis
2548 1126 2723 1180 littera
2749 1142 2845 1181 seu
2891 1126 3134 1194 corporei
3185 1141 3375 1180 sensus
3420 1136 3477 1178 et

1905 1217 2227 1284 cosporalia,
2254 1217 2381 1285 quid
2410 1219 2569 1272 sunt?
2609 1218 2736 1286 quid
2761 1227 2985 1286 prosunt
3008 1219 3072 1272 ad
3099 1228 3300 1272 tantam
3340 1216 3475 1269 mul—

1907 1304 2187 1358 titudinem
2237 1305 2493 1371 ﬁdelium,
2526 1306 2617 1376 qui
2647 1307 2697 1360 in
2733 1315 2783 1360 te
2811 1306 3065 1359 credituri
3101 1315 3242 1365 sunt,
3276 1315 3326 1358 et
3362 1305 3475 1372 spis

1904 1394 2117 1447 ritualia
2168 1394 2423 1449 alimenta
2475 1396 2734 1465 petituri,
2779 1410 2918 1464 quae
2972 1409 3184 1448 omnem
3235 1394 3469 1446 litteram

1901 1500 2222 1553 omnemque
2244 1500 2560 1554 corporeum
2586 1501 2801 1540 sensum
2836 1484 3123 1553 superant?
3147 1502 3164 1533 ι
3194 1480 3301 1535 Nec
3325 1482 3467 1534 enim

1901 1575 2088 1630 oculus
2112 1577 2265 1641 vidit,
2290 1591 2391 1631 nec
2421 1576 2569 1631 auris
2605 1576 2827 1639 audivit,
2866 1589 2964 1629 nec
3006 1575 3058 1628 in
3104 1590 3199 1628 cor
3242 1573 3473 1626 hominis

1901 1666 2165 1731 ascendit,
2194 1682 2332 1735 quae
2360 1667 2702 1736 praeparavit
2731 1666 2875 1719 Deus
2901 1665 3243 1734 diligentibus
3283 1679 3341 1717 se
3386 1684 3430 1715 ι.

238 1761 323 1814 que
339 1762 492 1813 panes
519 1748 861 1814 hordeaceus,
898 1760 945 1803 et
992 1751 1125 1805 duos
1176 1752 1476 1819 pisciculos,
1525 1753 1616 1807 sed
1668 1754 1794 1806 haec
1828 1748 1869 1806 Β
1967 1754 2104 1808 Dicit
2130 1765 2299 1809 autem
2324 1746 2480 1810 Iesus
2503 1773 2522 1809 .'
2547 1754 2728 1809 Facite
2749 1756 2981 1808 homines
3005 1754 3316 1806 recumbere.
3342 1752 3469 1804 Erat

236 1834 346 1902 quid
371 1846 490 1889 sunt
510 1838 569 1890 in
589 1840 806 1892 tantos?
839 1840 1039 1894 Eadem
1069 1841 1440 1912 simplicitate,
1462 1859 1566 1913 qua
1598 1852 1652 1897 et
1674 1842 1797 1897 Phi-

235 1921 417 1991 lippus,
445 1927 726 1994 respondit
753 1928 1001 1984 Andreas
1030 1929 1199 1985 frater
1246 1930 1483 1986 Simonis
1530 1932 1693 1985 Petri‘.
1736 1932 1794 1986 ln

233 2025 290 2063 ea
319 2020 491 2068 tamen
533 2013 888 2095 simplicitate
920 2017 1198 2088 multiplex
1230 2020 1539 2075 continetur
1564 2021 1793 2075 tbeoria.

233 2099 476 2159 Puerulus
508 2106 639 2172 iste,
670 2108 759 2176 qui
802 2105 957 2175 juxta
991 2108 1153 2169 ﬁdem
1187 2125 1366 2164 rerum
1396 2119 1671 2182 gestarum
1703 2119 1794 2166 aut

235 2209 354 2248 unus
378 2208 445 2248 ex
473 2194 764 2266 discipulis
788 2197 1131 2269 intelligitur,
1156 2211 1247 2253 aut
1275 2200 1533 2268 puerulus
1574 2200 1793 2270 quidam

231 2296 290 2335 ex
317 2285 485 2350 turba,
508 2301 651 2355 quae
682 2301 779 2342 eos
800 2290 1150 2359 sequebatur,
1175 2291 1403 2359 mystice
1426 2291 1790 2362 legislaturem

231 2373 497 2443 signiﬁcat,
528 2376 717 2431 Mosen
759 2379 1138 2448 videlicet,qui
1160 2379 1321 2434 veluti
1344 2380 1562 2449 quidam
1588 2396 1788 2451 pueru-

230 2460 304 2515 lus
324 2477 425 2516 non
447 2464 749 2535 incongrue
776 2467 996 2532 dicitur,
1026 2470 1154 2540 quia
1194 2470 1308 2537 ipsa
1359 2468 1475 2534 lex,
1508 2485 1646 2538 quae
1694 2485 1791 2540 per

227 2564 335 2603 eum
359 2551 478 2606 data
506 2563 617 2619 est,
652 2557 923 2611 neminem
946 2558 1014 2612 ad
1038 2558 1329 2629 perfectam
1361 2558 1607 2626 iustitiae
1637 2569 1789 2615 aeta-

228 2649 321 2694 tem
345 2644 614 2711 perduxit.
647 2645 800 2702 Unus
827 2649 1085 2718 puerulus
1114 2651 1313 2705 dicitur
1341 2650 1635 2720 legislator,
1660 2651 1785 2721 quia

226 2732 466 2788 unitatem
514 2734 801 2791 Ecclesiae
853 2737 1094 2793 futuram
1151 2738 1550 2813 praeﬁgurabat
1607 2738 1785 2805 factis,

225 2820 469 2892 dictisque
488 2826 875 2895 prophetabat.
909 2827 1012 2882 Hic
1039 2830 1197 2894 dixit,
1226 2830 1329 2885 hoc
1370 2841 1452 2886 est
1501 2831 1553 2885 in
1604 2829 1785 2885 Veteri

224 2908 582 2978 Testamento,
614 2916 760 2983 quod
807 2916 918 2986 jam
964 2915 1113 2973 Novo
1157 2919 1492 2974 clarescente
1530 2920 1787 2977 vilescere

223 3005 401 3071 coepit,
428 3005 610 3060 adhuc
635 3016 816 3061 tamen
843 3008 1066 3064 omnino
1092 3025 1199 3064 non
1236 3011 1479 3066 recessit.
1508 3010 1612 3077 Qui
1633 3012 1786 3066 habet

1900 1854 2072 1898 autem
2100 1845 2308 1912 foenum
2337 1845 2557 1898 multum
2586 1846 2641 1897 in
2670 1844 2802 1897 loco.
2824 1843 3065 1896 Foenum
3092 1841 3313 1895 multum
3340 1841 3473 1910 legis

1898 1935 2134 1990 litteram
2161 1934 2604 2006 signiﬁcat,quae
2632 1933 2907 2000 multiplex
2939 1939 3060 1985 erat
3090 1933 3141 1984 in
3176 1931 3432 2000 symbolis
3452 1969 3470 1994 ,

1898 2024 2114 2080 foenum
2165 2040 2381 2096 quoque
2423 2024 2651 2078 multum
2707 2021 3001 2076 carnalium
3055 2020 3467 2089 cogitationum,

1898 2131 2036 2186 quae
2063 2131 2161 2185 per
2201 2128 2491 2184 corporeos
2532 2127 2724 2167 sensus
2772 2110 2986 2164 animae
3032 2108 3368 2178 ingeruntur,
3401 2107 3471 2160 ab

1898 2222 2068 2276 eaque
2117 2207 2312 2260 iterum
2362 2205 2622 2261 citissime
2679 2203 2966 2265 labuntur,
3015 2215 3120 2254 non
3176 2199 3472 2267 incongrue

1897 2297 2185 2369 signiﬁcat.
2216 2296 2449 2351 Pulchre
2468 2309 2682 2364 quoque
2712 2293 2955 2362 discipuli
2982 2291 3239 2361 iubentur
3291 2288 3472 2343 facere

1896 2389 2141 2443 homines
2178 2386 2508 2448 recumbere,
2534 2385 2785 2454 quoniam
2813 2383 3054 2453 magistri
3081 2380 3342 2441 veritatis,
3364 2377 3466 2431 nisi

1894 2482 2046 2551 prius
2069 2481 2230 2534 veluti
2255 2480 2306 2533 in
2332 2478 2531 2532 inﬁmis
2557 2477 2708 2540 locis,
2733 2476 2785 2528 in
2808 2472 3149 2541 simplicitate
3178 2470 3387 2525 litterae
3415 2476 3469 2522 et

1892 2572 2119 2628 visibilis
2149 2578 2430 2625 creaturae
2475 2584 2602 2631 eos,
2654 2582 2792 2636 quos
2839 2564 3199 2625 nutriveram,
3250 2560 3470 2615 erudire

1894 2660 2175 2728 incipiant,
2205 2658 2256 2711 in
2284 2655 2617 2710 altitudinem
2643 2648 3110 2720 contemplationis
3132 2647 3340 2715 erigere
3360 2660 3467 2700 non
3500 2707 3503 2711 _

1896 2749 2093 2803 Valent.
2126 2747 2339 2801 Primus
2374 2747 2568 2815 quippe
2593 2743 2793 2814 gradus
2815 2750 2929 2804 est,
2959 2741 3025 2794 ad
3071 2737 3464 2794 ascendendam

1893 2840 2226 2895 altitudinem
2253 2840 2532 2902 virtutum,
2560 2844 2782 2890 sanctae
2817 2833 3128 2901 Scripturae
3150 2830 3349 2894 littera,
3375 2841 3468 2883 re-

1895 2944 2122 2999 rumque
2149 2928 2435 2982 visibilium
2465 2926 2695 2994 species,
2716 2933 2775 2977 ut
2793 2923 2947 2991 prius
2978 2922 3110 2975 hacta
3144 2921 3346 2983 littera,
3368 2931 3464 2972 seu

1892 3031 2138 3078 creatura
2168 3020 2425 3088 inSpccta,
2451 3017 2502 3070 in
2524 3014 2768 3085 spiritum
2792 3012 3022 3076 litterae,
3045 3019 3100 3064 et
3123 3011 3175 3064 in
3197 3010 3464 3063 rationem

222 3092 429 3163 quinque
451 3112 620 3164 panes
653 3097 1009 3163 hordeaceos;
1054 3099 1295 3169 quinque
1338 3115 1505 3168 panes
1533 3101 1783 3156 hordeaci

1889 3119 2195 3172 creaturae,
2226 3116 2404 3161 rectae
2434 3105 2662 3159 rationis
2693 3102 2968 3174 gressibus
2999 3100 3313 3154 ascendant.
3353 3094 3461 3150 Κε-

221 3190 332 3234 sunt
356 3184 597 3253 quinque
624 3184 893 3243 Mosaicae
920 3187 1056 3258 legis
1085 3188 1230 3253 libri,
1251 3189 1343 3258 qui
1368 3188 1653 3243 hordeacei
1676 3202 1783 3243 non

221 3271 471 3331 immerito
501 3278 784 3344 dicuntur,
814 3281 941 3349 quia
970 3281 1219 3337 carnales
1254 3282 1502 3336 homines
1542 3281 1650 3336 illis
1687 3297 1787 3352 pa-

219 3366 507 3423 scebantur.
538 3368 818 3424 Hordeum
849 3372 1048 3442 quippe
1064 3372 1435 3449 jumen‘torum
1458 3381 1543 3428 est
1565 3373 1785 3443 proprie

219 3450 531 3523 alimentum,
569 3476 677 3513 non
714 3461 1014 3516 hominum.
1045 3462 1294 3519 Camalis
1332 3464 1564 3533 populus
1606 3465 1783 3521 adhuc

220 3544 307 3597 sub
338 3544 516 3601 littera
550 3549 777 3620 degens,
809 3558 865 3605 et
888 3560 1211 3607 vetustatem
1238 3552 1400 3622 primi
1434 3554 1690 3620 hominis,
1716 3554 1783 3610 de

217 3646 311 3700 quo
341 3636 604 3706 scriptum
622 3646 738 3693 est:
776 3658 797 3690 s
815 3639 1008 3700 Homo.
1025 3657 1147 3696 cum
1174 3642 1225 3696 in
1253 3642 1459 3697 honore
1485 3652 1649 3710 esset,
1672 3659 1779 3698 non

218 3726 475 3795 intellexit,
500 3740 853 3800 comparatus
884 3742 966 3788 est
989 3731 1251 3801 iumentis
1294 3734 1691 3804 insipientibus,
1725 3745 1782 3791 et

217 3817 385 3875 similis
410 3821 597 3878 factus
635 3832 721 3878 est
763 3823 869 3879 illis
902 3845 951 3891 ι,
985 3840 1090 3879 non
1136 3824 1419 3891 deserens,
1450 3827 1505 3881 in
1551 3842 1779 3883 numero

211 3906 557 3976 iumentorum
607 3914 895 3969 hrutorum
941 3916 1380 3985 computabatur,
1428 3931 1496 3970 ac
1542 3931 1642 3986 per
1674 3917 1779 3971 hoc

214 3998 309 4052 sola
332 3999 533 4067 littera,
549 4003 710 4073 quasi
732 4005 963 4072 quodam
988 4004 1288 4059 hordeaceo
1307 4020 1445 4074 pane
1465 4004 1634 4059 mixto
1653 4019 1774 4058 cum
1809 4068 1824 4084 ⁸

213 4088 370 4156 palea,
397 4109 504 4147 non
534 4102 722 4148 autem
762 4095 1031 4165 spirituali
1071 4096 1304 4150 medulla
1350 4097 1520 4165 ipsius
1564 4096 1777 4152 litterae

212 4185 529 4240 vescebatur.
560 4185 764 4240 Grauis
795 4186 1063 4256 siquidem
1104 4186 1421 4241 bordeaceis
1449 4187 1522 4240 ita
1550 4196 1772 4240 natura-

211 4269 318 4326 liter
339 4275 511 4330 intimi
545 4277 827 4346 palearum
856 4275 1080 4330 folliculi
1125 4277 1443 4341 adhaerent,
1477 4288 1534 4331 nt
1580 4279 1669 4331 vix
1694 4278 1774 4333 'ah

210 4375 375 4416 eorum
403 4366 645 4419 medulla
690 4364 963 4435 segregari
1017 4375 1239 4433 queant,
1289 4366 1539 4436 legalium
1589 4382 1772 4422 sacra-

1886 3200 2174 3256 cubuerunt
2221 3211 2342 3265 ergo
2385 3195 2481 3249 viri
2528 3208 2744 3247 numero
2788 3190 2939 3261 quasi
2987 3189 3216 3260 quinque
3269 3185 3460 3240 millia.

1884 3290 2087 3345 Eadem
2138 3288 2350 3341 ratione
2398 3284 2659 3347 theoriae,
2714 3282 2850 3336 sicut
2892 3294 2989 3350 per
3025 3279 3262 3347 quinque
3291 3290 3461 3344 panes

1884 3379 2123 3449 quinque
2148 3376 2271 3430 libri
2313 3374 2787 3442 Mosis,quantum
2833 3369 2902 3424 ad
2952 3368 3190 3423 litteram
3238 3366 3459 3428 attinet,

1884 3484 1979 3524 seu
2018 3467 2255 3536 quinque
2283 3463 2525 3533 corporis
2567 3478 2755 3517 sensus
2802 3459 3191 3531 signiﬁcantur,
3239 3457 3311 3510 ita
3360 3470 3462 3525 per

1882 3559 2122 3628 quinque
2147 3555 2315 3610 millia
2336 3554 2622 3607 multitudo
2641 3567 2845 3613 eorum,
2863 3553 2953 3620 qui
2980 3551 3085 3605 sub
3109 3550 3222 3621 lege
3245 3549 3459 3602 litterae

1881 3650 2151 3711 vixerunt,
2177 3661 2271 3701 seu
2300 3660 2508 3708 eorum,
2536 3644 2626 3713 qui
2656 3642 2963 3697 carnalibus
2988 3641 3238 3694 sensibus
3267 3640 3447 3694 adhuc

1880 3739 2281 3809 subjiciuntur,
2341 3743 2492 3791 recta
2555 3734 2765 3789 ratione
2817 3726 3076 3787 innuitur.
3126 3730 3458 3787 Millenarius

1880 3831 2078 3899 quippe
2128 3841 2383 3881 numerus
2432 3824 2702 3895 perfectus
2753 3839 2818 3887 ac
2870 3823 3091 3877 cubicus
3127 3831 3231 3876 est.
3264 3821 3456 3877 Decies

1878 3921 2079 3991 quippe
2125 3920 2311 3973 decem
2356 3918 2542 3971 decies
2579 3914 2865 3970 millcnarii
2924 3913 3131 3968 numeri
3185 3927 3451 3967 summam

1877 4008 2189 4065 conﬁciunt.
2244 4006 2394 4073 Qui,
2452 4007 2579 4059 dum
2645 4020 2743 4073 per
2800 4003 3106 4071 quinarium
3162 4014 3449 4054 numerum

1878 4099 2283 4168 multiplicatur,
2308 4096 2600 4152 carnaliter
2623 4094 2919 4148 viventium
2944 4091 3331 4161 plenitudinem
3360 4089 3450 4143 in-

1876 4194 2077 4246 sinuat.
2103 4190 2202 4256 Qui
2236 4205 2385 4251 mox,
2417 4196 2473 4240 ut
2503 4194 2688 4240 sancta
2714 4185 2938 4240 historia
2965 4191 3018 4236 et
3044 4180 3236 4233 visibili
3267 4192 3448 4234 rerum

1874 4281 2161 4352 superﬁcie
2183 4279 2378 4333 eruditi
2414 4277 2648 4338 fuerant,
2700 4274 2767 4328 ad
2811 4271 3151 4326 altitudinem
3187 4269 3447 4339 spiritua-

1875 4376 2004 4428 lium
2038 4388 2217 4428 rerum
2251 4370 2529 4424 transituri
2566 4375 2709 4421 sunt.

209 4462 494 4509 mentorum
525 4471 741 4510 necnon
772 4465 827 4510 et
849 4465 1264 4526 praeceptorum
1286 4457 1655 4513 dilﬁcultatem
1679 4460 1765 4513 in-
1796 4450 1843 4508 Ι)
1938 4464 2142 4525 Accepit
2172 4470 2342 4514 autem
2356 4475 2515 4529 panes
2534 4456 2710 4520 Jesus,
2737 4464 2786 4509 et
2827 4454 3023 4525 gratias
3052 4471 3230 4523 agens,
3262 4453 3447 4508 distri-

209 4542 515 4613 telligcntiae
561 4547 952 4618 signiﬁcantes.
996 4549 1288 4615 Quinarius
1331 4566 1541 4620 quoque
1576 4566 1766 4605 nume—

211 4648 292 4688 rus
315 4636 745 4694 hordeaceorum
778 4656 978 4711 panum
1002 4643 1239 4710 quinque
1267 4657 1554 4710 corporeus
1578 4657 1770 4696 sensus

206 4724 463 4783 insinuare
489 4747 599 4785 non
630 4732 926 4802 incongrue
967 4733 1302 4801 intelligitur.
1344 4736 1557 4800 Quanto
1602 4733 1769 4801 siqui—

204 4814 310 4870 dem
336 4819 454 4885 quis
479 4819 718 4874 lidelium
749 4821 801 4873 in
834 4821 941 4883 his,
972 4837 1111 4890 quae
1140 4837 1235 4891 per
1263 4822 1764 4891 quinquepertitum

204 4907 426 4972 corporis
454 4923 678 4962 sensum
708 4909 1070 4979 accipiuntur,
1091 4910 1411 4974 delectatur,
1441 4918 1591 4965 tanto
1625 4911 1764 4964 inter

201 4993 342 5051 bruta
412 5001 676 5055 animalia
736 5002 943 5058 bondeo
1004 5003 1278 5057 vescentia
1341 5002 1759 5072 computabitur.

201 5082 322 5139 ltum
351 5102 482 5143 vero
510 5104 627 5154 eos,
662 5105 854 5145 sensus
877 5091 1021 5156 dico,
1050 5091 1278 5147 actionis
1301 5101 1355 5147 et
1383 5092 1642 5146 scientiae
1678 5093 1761 5146 in-

201 5186 462 5233 cremento
488 5180 748 5234 deserens
786 5181 1050 5251 spirituali
1078 5198 1199 5237 esca
1233 5183 1487 5247 vescitur,
1517 5198 1623 5236 non
1647 5183 1760 5252 jam

199 5260 328 5316 inter
353 5266 539 5331 bruta,
565 5268 659 5323 sed
698 5269 841 5325 inter
865 5270 1150 5326 rationalia
1178 5271 1431 5325 animalia
1458 5281 1759 5340 reputatur.

200 5356 445 5420 Quoniam
482 5362 667 5431 itaque
705 5379 864 5418 nemo
902 5365 970 5418 ad
1013 5364 1352 5420 altitudinem
1396 5365 1655 5419 virtutum
1704 5372 1759 5417 et

200 5451 701 5520 contemplationum
732 5455 929 5511 sinitur
953 5456 1265 5523 ascendere,
1296 5457 1398 5511 nisi
1444 5455 1595 5526 prius
1636 5470 1761 5509 sen-

1870 4555 1979 4607 buit
2007 4548 2415 4605 recumbentibus
2433 4588 2446 4611 ,
2473 4546 2712 4600 similiter
2738 4554 2784 4599 et
2809 4560 2874 4598 ex
2915 4545 3141 4614 piscibus
3188 4552 3442 4612 quantum

1867 4644 2121 4697 uolebant.
2148 4640 2368 4708 Accepit
2392 4639 2647 4691 Dominus
2672 4637 2997 4707 panes,qnia
3022 4637 3134 4705 ipse
3153 4637 3322 4707 legem
3346 4650 3440 4704 per

1868 4735 2053 4788 Mosen
2083 4733 2260 4792 dedit,
2288 4733 2359 4784 ita
2394 4739 2451 4783 ut
2489 4730 2570 4783 lex
2623 4730 2766 4782 illius
2813 4729 3030 4798 proprie
3075 4729 3303 4791 dicatur,
3346 4727 3441 4795 qui

1868 4824 2035 4886 dedit,
2069 4838 2175 4876 non
2210 4821 2380 4883 illius,
2410 4836 2506 4889 per
2535 4835 2692 4887 quem
2738 4820 2900 4873 veluti
2959 4815 3440 4872 ministrum'data

1866 4925 1969 4971 est.
2002 4914 2069 4968 Et
2103 4916 2302 4984 gratias
2341 4928 2517 4982 agens,
2558 4910 2818 4964 distribuit
2862 4908 3308 4973 reEumbeutibus,‘
3351 4909 3439 4963 cui

1864 5005 2086 5076 gratias,
2110 5004 2210 5058 nisi
2240 5002 2513 5071 Patri,qui
2543 5000 2621 5055 sic
2649 4999 2837 5054 dilexit
2864 5001 3139 5061 mundum,
3157 5006 3215 5051 ut
3243 4997 3437 5051 Filium

1867 5112 2022 5151 suum
2048 5097 2224 5159 daret,
2253 5110 2349 5164 per
2369 5108 2529 5163 quem
2560 5098 2805 5160 pasceret
2837 5091 3094 5144 mundum
3138 5087 3440 5141 visibilibus

1865 5184 2221 5240 sacramentis
2249 5192 2304 5238 et
2329 5162 2671 5237 sensibilibus
2702 5179 2988 5243 creaturis,
3019 5186 3076 5230 ut
3097 5192 3194 5246 per
3216 5177 3347 5230 haec
3368 5175 3437 5228 ad
3503 5162 3515 5177 ’

1868 5291 1927 5332 se
1962 5274 2392 5345 cognoscendum
2428 5272 2748 5342 perduceret
2800 5276 2960 5338 atque
3004 5264 3274 5321 nutriret?
3319 5263 3438 5317 Duo

1865 5358 2047 5435 pisces
2066 5364 2171 5419 dno
2202 5371 2547 5426 testamenta,
2574 5367 2834 5430 quantum
2865 5357 2931 5410 ad
2968 5353 3240 5410 seusibilia
3281 5366 3434 5424 sym-

1867 5454 1986 5508 bola
2039 5455 2328 5523 pertinent,
2367 5451 2663 5508 insinuant.
2710 5448 2892 5504 Pisces
2934 5443 3132 5513 quippe
3177 5442 3232 5497 in
3291 5457 3431 5514 aqua

1459 5571 1540 5626 VA
1550 5569 1710 5625 ΜΔΕ
1746 5567 2147 5625 ιΕετίοΝεδ.

265 5636 280 5662 ³
307 5632 439 5689 Cod.
471 5637 673 5692 satiati.
