3904 6148
420 280 526 335 533

1801 282 2085 339 JOANMS
2126 281 2318 338 SCOTi

3552 292 3659 353 6M

421 398 549 444 sunt
572 391 840 446 sensibilia
869 393 1131 464 symbola,
1149 394 1200 447 in
1219 394 1419 448 carnali
1445 394 1619 449 adhuc
1643 396 1857 464 populo,
1876 410 1993 466 per-
2024 397 2069 456 Α
2100 394 2198 448 bus
2224 394 2518 461 spiritualia
2547 393 2846 466 fragmenta
2881 396 3181 452 divinorum
3210 397 3568 454 intellectuum
3601 410 3655 454 et

422 479 567 533 fecte
599 488 777 535 tamen
821 482 1003 537 vivere
1053 483 1345 537 inchoanti.
1394 483 1543 550 Quae
1568 486 1832 556 symbola,
1864 487 1991 539 dum

422 568 583 623 altius
607 572 1002 639 quodammodo
1029 572 1255 644 intelligi
1289 574 1639 645 incipiuntur,
1674 584 1819 630 recte
1854 576 1997 630 desi-

423 656 753 720 derantibus,
792 668 1052 726 quantum
1090 660 1295 726 volunt,
1336 662 1752 721 distribuuntur.
1801 663 1994 717 Distri-

422 747 587 801 buere
617 748 812 817 quippe
837 757 941 813 est,
971 751 1199 805 visibilia
1233 751 1471 822 symbola
1521 753 1590 807 ab
1633 753 1993 808 invisibilibus

423 851 609 891 eorum
638 840 998 895 intellectibus
1031 842 1357 907 discernere,
1389 852 1443 900 et
1471 843 1626 911 juxta
1656 844 1995 912 uninscnjus-
2032 880 2051 897 .

426 942 527 998 que
545 928 899 996 capacitatem
927 930 1220 1001 dispertiri.
1251 932 1479 999 Quidam
1498 934 1716 1005 yolunt,
1742 950 1837 1003 per
1857 936 1993 990 duos

420 1018 597 1087 pisces
622 1018 755 1072 duas
779 1034 1039 1088 personas
1076 1021 1127 1074 in
1159 1022 1294 1092 lege,
1323 1024 1465 1094 regis
1512 1024 1763 1078 videlicet
1810 1034 1863 1079 et
1907 1042 1991 1079 sa-

351 1124 360 1139 ε
419 1109 685 1167 cerdotis.
715 1110 954 1179 quidam,
988 1113 1275 1182 prophetas
1310 1123 1365 1169 et
1398 1115 1633 1183 psalmos
1674 1117 1989 1186 signiﬁcari.

491 1196 555 1251 Ul
584 1210 756 1252 autem
785 1204 1009 1255 solurati
1035 1214 1175 1269 sunt,
1200 1206 1324 1258 dicit
1354 1206 1623 1276 discipulis
1647 1209 1755 1261 suis
1784 1224 1802 1262 :
1832 1206 1994 1262 Collis

416 1288 541 1353 gite,
563 1304 696 1356 quae
738 1302 1129 1359 superaverunt,
1163 1294 1476 1362 fragmenta,
1518 1312 1579 1349 ne
1623 1296 1748 1359 quid
1792 1308 1987 1367 pereat.

419 1376 658 1447 Simplex
686 1378 923 1434 ﬁdelium
950 1383 1101 1436 turba
1128 1383 1240 1437 sola
1265 1384 1467 1451 littera,
1489 1388 1684 1442 visibili
1718 1398 1988 1453 creatura,

348 1472 359 1512 ι
420 1482 626 1521 necnon
654 1478 709 1522 et
734 1470 1035 1526 visibilibus
1084 1474 1338 1544 symbolis
1380 1485 1618 1530 saturata
1661 1487 1823 1547 atque
1858 1494 1990 1532 con-

430 1564 606 1619 tenta;
647 1557 861 1615 litterae
881 1569 937 1614 et
956 1572 1240 1618 creaturae
1269 1577 1323 1619 et
1348 1565 1710 1635 symbolarum
1741 1568 1992 1636 spiritua-

417 1646 493 1701 les
546 1647 846 1705 intellectus
900 1653 1062 1707 veluti
1114 1656 1324 1710 residua
1372 1660 1636 1727 quaedam
1666 1658 1983 1731 fragmenta,

2100 482 2425 553 colliguntur
2450 490 2504 538 et
2533 483 2828 549 salvantur,
2844 500 2910 541 ne
2933 486 3061 555 quid
3085 502 3269 542 eorum
3292 497 3497 557 pereat.
3518 488 3656 543 hiem

2096 587 2354 627 uulnerus
2382 572 2636 627 dividitur
2665 574 2718 627 in
2747 584 2951 644 septem
2980 582 3033 628 et
3062 575 3320 645 quinque,
3336 577 3426 644 qui
3457 577 3656 631 numeri

2096 663 2337 716 musicae
2363 662 2631 717 humanae
2658 663 2805 718 vocis
2839 664 3227 730 attribuuntur,
3258 665 3554 719 mirabilem
3570 680 3661 733 {ue

2095 752 2439 807 concordiam
2470 753 2709 806 omnium
2740 768 2920 806 rerum
2951 755 3017 807 ad
3057 768 3220 807 unum
3257 752 3415 807 ﬁnem
3445 754 3663 808 redemi.

2098 843 2228 897 tium
2260 844 2477 899 indicat.
2503 842 2794 911 Quinarius
2825 844 3088 913 siquidem
3117 844 3170 897 in
3211 858 3272 898 se
3317 843 3433 912 ipso
3477 842 3661 897 multi-

2094 935 2322 1004 plicatus
2352 936 2540 1000 viginti
2572 935 2811 1005 quinque
2850 950 3134 989 numerum
3175 934 3429 1004 complet.
3477 932 3661 1003 Septe—

2094 1027 2281 1085 uarius
2304 1042 2431 1082 vero
2465 1026 2518 1080 in
2549 1026 2653 1080 duo
2681 1024 2920 1083 membra
2952 1025 3227 1087 dividitur,
3240 1039 3468 1093 quorum
3493 1021 3662 1088 majus

2093 1117 2475 1186 quaternarius
2509 1124 2612 1182 est,
2643 1116 2821 1170 minus
2857 1115 3144 1170 ternarias.
3179 1112 3236 1167 Si
3273 1114 3450 1182 itaque
3489 1120 3663 1180 septe-

2096 1206 2305 1259 narium
2336 1221 2617 1261 numerum
2647 1220 2744 1276 per
2773 1204 2999 1263 inferius
3028 1202 3326 1258 membrum
3366 1202 3446 1257 sui
3485 1201 3663 1255 multi-

2060 1296 2397 1365 'plicaveris,
2451 1297 2641 1367 viginti
2691 1312 2855 1350 unum
2910 1294 3127 1353 eliicics.
3186 1294 3282 1349 Cui
3340 1309 3566 1348 numero
3618 1294 3664 1347 si

2095 1384 2269 1453 majus
2324 1384 2626 1438 membrum
2673 1384 2981 1445 addideris,
3025 1382 3127 1436 erit
3176 1381 3425 1436 similiter
3478 1381 3662 1451 viginti

2090 1474 2359 1542 ’quinque;
2417 1489 2479 1527 ac
2530 1489 2625 1543 per
2666 1474 2768 1530 hoc
2812 1473 2877 1526 ad
2918 1489 3080 1531 unum
3120 1472 3584 1540 ﬁnemquinarius
3612 1482 3666 1523 et

2092 1562 2430 1631 septenarius
2459 1562 2793 1632 multiplicati
2826 1563 3093 1618 dicuntur.
3129 1560 3452 1631 Spirituales
3500 1560 3665 1630 igitur

2093 1654 2309 1723 cophini
2344 1662 2492 1719 sunt,
2524 1654 2615 1722 qui
2675 1655 2873 1708 virtute
2916 1655 3145 1709 actionis
3191 1664 3248 1709 et
3294 1654 3555 1709 scientiae
3598 1654 3663 1707 ad

414 1753 554 1804 quae
580 1740 755 1796 adlme
778 1744 1022 1800 carnales
1056 1761 1161 1801 non
1190 1759 1411 1817 possunt
1439 1766 1712 1806 assumere
1745 1754 1984 1823 magistri

2093 1759 2256 1797 unum
2290 1744 2448 1799 ﬁnem
2484 1754 2736 1800 aeternae
2756 1745 3223 1814 contemplationis
3250 1745 3591 1815 perveniunt.

416 1825 686 1883 Ecclesiae
716 1831 965 1904 colligere
982 1835 1260 1905 jubentur,
1291 1852 1358 1897 ne
1379 1840 1505 1910 quid
1533 1858 1596 1896 ex
1623 1842 1751 1911 ipsis
1781 1844 1987 1899 intelle-

413 1918 588 1975 ctibus
616 1936 721 1976 non
748 1924 1069 1983 intellectum
1094 1941 1294 1999 pereat,
1315 1936 1405 1989 sed
1439 1950 1501 1989 ex
1525 1938 1605 1990 eis
1627 1939 1984 2005 spiritualium

413 2008 715 2067 animarum
746 2016 1068 2074 rationabile
1097 2021 1419 2078 desiderium
1454 2026 1506 2079 in
1530 2027 1725 2082 divinis
1747 2041 1987 2085 contem-

417 2096 741 2166 plationibus
765 2106 1009 2161 satietur.
1044 2110 1365 2181 Fragmenta
1402 2115 1582 2185 itaque
1604 2128 1730 2172 sunt
1759 2119 1986 2175 hordea-

412 2202 630 2244 ceorum
660 2207 879 2260 panum,
907 2198 1131 2255 subtiles
1168 2217 1232 2256 ac
1262 2203 1503 2287 diﬁiciles
1534 2206 1835 2263 intellectus
1858 2224 1984 2264 san-

413 2288 533 2370 etae
567 2281 879 2352 Scripturae
907 2297 960 2342 et
990 2292 1324 2348 sensibilium
1353 2281 1985 2370 sacramentorum,qnas

415 2369 665 2425 doctores
691 2371 964 2431 Ecclesiae
994 2379 1043 2433 in
1067 2396 1231 2435 unum
1263 2383 1622 2455 colligunt,ne
1647 2389 1775 2457 quid
1808 2369 1879 2445 ex,
1905 2392 1985 2445 eis

411 2464 749 2527 pereat,.hoc
773 2475 874 2530 est,
904 2484 971 2523 ne
1006 2471 1208 2542 aliquid
1260 2491 1324 2529 ex
1379 2477 1458 2531 eis
1500 2489 1795 2544 remaneat,
1841 2482 1985 2550 quod

411 2552 702 2619 capacibus
729 2556 1137 2629 intelligibilium
1161 2579 1415 2619 sensuum
1449 2583 1555 2623 non
1605 2570 1980 2624 distribuatur.

484 2639 803 2712 Colligebant
830 2665 969 2717 ergo,
1000 2662 1048 2704 et
1076 2652 1412 2722 impleverunt
1441 2658 1711 2712 duodecim
1739 2662 1983 2729 cophinos

411 2727 819 2798 fragntenlorum
841 2753 905 2790 ea:
930 2740 1155 2811 quinque
1174 2744 1394 2811 panibus
1425 2746 1748 2813 hordeaceis,
1772 2727 1862 2818 qui
1898 2767 1984 2803 su-

413 2830 714 2885 peraverant
735 2824 1188 2884 manducantibus.
1220 2830 1590 2889 Duodenarius
1627 2837 1981 2906 cophinormn

414 2918 671 2993 numerus
701 2914 1054 2980 capacitatem
1086 2919 1389 2989 sapientum
1432 2924 1847 2993 spiritualesque
1896 2925 1980 2979 in-

414 2992 657 3083 tellectus
704 3001 1064 3073 colligentinm
1125 3010 1298 3080 typice
1345 2992 1556 3083 ﬁgurat.
1613 2992 1981 3071 Duodenarius

411 3082 608 3174 quippe
631 3102 886 3143 numerus
912 3076 1340 3161 perfectissimus
1366 3076 1466 3167 est,
1495 3103 1784 3174 multisque
1810 3106 1981 3160 modis
2008 3076 2051 3135 Ο

413 3173 804 3241 consideratus,
852 3178 904 3233 ia
958 3186 1171 3240 actione
1215 3189 1492 3254 virtutum,
1546 3201 1600 3248 et
1653 3173 1707 3247 in
1757 3191 2003 3250 scientia

416 3278 617 3328 rerum,
646 3276 697 3319 et
722 3268 774 3321 in
804 3271 1094 3343 theologia,
1112 3292 1251 3345 quae
1273 3281 1415 3334 circa
1442 3283 1619 3336 divina
1647 3285 1983 3344 solummodo

413 3365 685 3422 versatur,
714 3363 984 3428 praeditos
1012 3368 1314 3424 divinorum
1360 3372 1634 3428 hominum
1681 3377 1983 3434 intellectus

416 3445 701 3515 signiﬁcat.
725 3449 966 3507 Primum
988 3458 1204 3525 quidem
1232 3462 1543 3519 duodenm-ii
1570 3466 1826 3535 perfectio
1854 3485 1983 3525 con-

415 3536 686 3593 sideratur
709 3554 794 3606 eo,
821 3545 962 3612 quod
992 3549 1189 3603 senarii
1216 3554 1423 3608 numeri
1460 3555 1651 3623 duplus
1676 3566 1776 3612 est.
1808 3558 1981 3615 Sena-

415 3626 528 3680 rius
556 3637 733 3684 autem
769 3648 1024 3692 numerus
1045 3638 1428 3708 perfectionem
1459 3644 1722 3701 bonorum
1758 3663 1981 3717 operum

415 3717 467 3771 in
496 3717 597 3774 hac
633 3721 741 3775 vita
774 3724 1042 3793 insinuat;
1101 3746 1239 3798 quae
1289 3734 1334 3788 si
1379 3735 1648 3804 duplicata
1691 3737 1878 3807 fuerit,
1925 3742 1981 3798 in

414 3821 687 3869 aeternam
717 3823 1245 3893 contemplationem,
1273 3843 1411 3898 quae
1453 3832 1617 3886 totius
1654 3832 1827 3891 bonae
1855 3851 1984 3906 Ope-

415 3907 640 3964 rationis
668 3909 875 3967 fructus
924 3925 1038 3980 est,
1089 3919 1254 3974 veluti
1303 3920 1355 3975 in
1406 3922 1720 3981 duodenarii
1772 3929 1981 3984 numeri

411 4000 768 4067 quantitatem
798 4009 1118 4063 concrescit.
1147 4008 1278 4064 Item
1330 4012 1693 4071 duodeuarius
1737 4016 1878 4073 intra
1923 4034 1981 4075 se

415 4088 578 4145 totius
604 4094 840 4152 musicae
860 4097 1168 4155 harmonias
1196 4102 1457 4157 continet.
1490 4103 1663 4160 Habet
1686 4108 1830 4162 enim
1861 4109 1980 4164 dia-

412 4187 655 4238 tessaron
707 4199 734 4227 ι
793 4188 845 4243 in
895 4194 1244 4261 quaternario
1293 4210 1415 4250 cum
1466 4199 1702 4253 ternario
1750 4200 1977 4267 collato;

413 4271 576 4329 habet
597 4276 847 4346 diapente
875 4281 928 4335 in
958 4285 1191 4339 ternario
1224 4294 1280 4341 et
1305 4285 1551 4352 binario;
1604 4289 1768 4345 habet
1798 4292 1981 4362 diapa-

2159 1833 2407 1889 Homines
2443 1851 2560 1905 ergo
2616 1835 2857 1903 videntes,
2895 1838 3033 1906 quod
3083 1837 3200 1906 [ait
3239 1839 3443 1907 signum
3471 1836 3658 1897 Iesus,

2085 1924 2321 1978 dicebant
2359 1924 2539 1990 :Quia
2570 1926 2675 1995 ipse
2729 1935 2804 1979 est
2844 1943 2957 1981 vere
3002 1928 3268 1997 propheta,
3300 1928 3388 1998 qui
3432 1928 3565 1982 venit
3604 1930 3659 1982 in

2083 2015 2357 2068 mundum.
2388 2014 2585 2070 lterum
2619 2016 2933 2086 imperfecta
2958 2019 3110 2073 turba
3138 2019 3480 2090 redarguitur
3502 2020 3557 2073 in
3575 2034 3664 2082 eo,

2083 2104 2224 2173 quod
2254 2114 2471 2173 propter
2505 2105 2715 2176 signum
2743 2106 2972 2172 visibile,
3006 2122 3110 2162 non
3159 2117 3377 2177 propter
3405 2108 3667 2163 virtutem

2085 2194 2469 2266 iutelligibilem
2495 2197 2635 2267 signi
2660 2198 2912 2252 dicebant
2939 2218 2952 2251 :
2990 2200 3112 2270 quia
3152 2202 3260 2267 ipse
3309 2210 3382 2253 est
3408 2216 3524 2253 rere
3544 2216 3667 2268 pro-

2081 2285 2256 2354 pheta,
2281 2286 2370 2355 qui
2402 2287 2538 2340 venit
2575 2286 2627 2340 in
2650 2287 2922 2341 mundum.
2951 2287 3009 2342 In
3037 2288 3144 2343 hoc
3170 2286 3429 2343 miraculo
3472 2288 3666 2356 quina—

2082 2378 2197 2432 riae
2224 2378 2545 2447 quantitatis
2562 2378 2983 2434 hordeaceorum
3014 2395 3211 2449 panum
3242 2395 3346 2434 non
3368 2380 3484 2433 sine
3500 2393 3666 2433 causa

2082 2469 2382 2538 quaeritur,
2412 2470 2537 2537 quid
2561 2469 2693 2534 vult,
2720 2470 2861 2541 quod
2888 2470 3183 2542 fragmenta
3204 2472 3441 2541 quinque
3456 2486 3665 2539 panum

2083 2561 2434 2622 solummodo.
2458 2576 2562 2614 non
2592 2570 2769 2615 autem
2794 2561 3021 2616 duorum
3053 2562 3284 2632 piscium
3314 2561 3669 2629 colligantur,

2081 2666 2147 2705 ex
2179 2651 2373 2720 quibus
2402 2652 2683 2706 duodecim
2719 2652 2931 2722 e0pbini
2950 2645 3257 2722 implentur,
3280 2669 3401 2708 eum
3420 2668 3484 2706 ex
3504 2654 3669 2720 quin-

2082 2755 2187 2812 que
2216 2740 2443 2809 panibus
2470 2750 2525 2797 et
2550 2742 2758 2798 duobus
2782 2744 3020 2813 piscibus
3048 2746 3284 2814 quinque
3304 2743 3469 2797 millia
3491 2744 3671 2797 homi-

2082 2848 2207 2887 num
2233 2842 2474 2888 saturata
2515 2833 2679 2891 fuisse
2718 2834 3066 2905 Evangelium
3094 2844 3297 2890 narret.
3340 2834 3505 2904 Cujus
3550 2848 3673 2904 my-

2080 2925 2484 2981 steriiobscura
2517 2927 2646 2981 mihi
2671 2927 2886 2981 videtur
2910 2925 3271 2997 profunditas,
3297 2935 3357 2981 ut
3394 2928 3482 2997 vix
3517 2926 3672 2981 inve-

2082 3017 2267 3088 stigari
2293 3009 2473 3086 queat.
2501 3017 2830 3089 Augustinus
2862 2996 3057 3087 quippe
3096 3019 3148 3072 in
3190 2996 3527 3086 expositione
3566 3030 3673 3075 sua

2083 3107 2138 3160 in
2181 3106 2442 3162 Joannem
2474 3106 2549 3161 nil
2599 3107 2720 3162 inde
2763 3115 2977 3172 tractat,
3022 3107 3117 3162 sed
3166 3107 3384 3160 omnino
3423 3112 3672 3175 practer-

2086 3196 2248 3249 misit.
2288 3195 2623 3265 Quamquam
2655 3195 2837 3250 multis
2865 3194 3108 3250 suﬁicere
3135 3195 3393 3254 videatur,
3427 3194 3571 3264 quod
3612 3193 3667 3248 in

2085 3285 2267 3341 Marco
2291 3288 2487 3355 legitur
2516 3305 2530 3341 :
2563 3307 2579 3338 ι
2639 3287 2875 3341 tulerunt
2925 3288 3344 3357 fragmentorum
3376 3284 3665 3339 duodecim

2083 3376 2339 3444 capliinos
2361 3376 2564 3445 plenos,
2588 3385 2641 3430 et
2666 3391 2695 3430 a
2742 3377 2977 3444 piscibus
3012 3396 3058 3438 ι,
3091 3383 3150 3430 ut
3177 3374 3608 3443 subintelligatur
3649 3389 3667 3428 :

2083 3473 2138 3521 et
2165 3481 2195 3519 a
2215 3458 2449 3535 piscibus
2472 3453 2706 3521 tulefunt
2738 3466 3167 3536 fragmenta,aut
3188 3464 3311 3529 alia,
3328 3472 3421 3518 aut
3444 3464 3665 3518 eadem.

2083 3556 2190 3612 Sed
2222 3557 2266 3612 si
2294 3557 2418 3623 alia,
2476 3573 2581 3612 non
2619 3574 2717 3623 xu,
2747 3558 2841 3612 sed
2894 3573 3049 3613 mm
3076 3557 3291 3627 cophini
3342 3555 3584 3619 fuerunt,
3611 3558 3664 3611 si

2081 3649 2290 3711 eadem,
2323 3646 2608 3703 sull‘ecerat
2681 3649 2861 3704 dicere
2892 3664 2906 3701 :
2937 3648 3172 3704 tulerunt
3227 3646 3664 3716 fragmentorum

2081 3742 2361 3797 duodecim
2422 3741 2700 3812 cophinos.
2740 3743 2961 3797 Videtur
2995 3757 3101 3796 non
3137 3755 3331 3794 vacare
3360 3739 3651 3808 mysterio,

2079 3833 2221 3903 quod
2251 3832 2415 3887 veluti
2442 3840 2564 3902 post
2594 3832 2890 3901 fragmenta
2921 3831 3073 3902 panis
3095 3830 3321 3886 collecta
3345 3829 3420 3883 ait
3450 3847 3463 3882 :
3494 3848 3512 3879 ι
3543 3838 3601 3883 et
3631 3845 3665 3883 a

2079 3925 2313 3996 piscibus
2344 3943 2392 3989 ι,
2421 3924 2683 3989 absolute,
2711 3924 2783 3977 nil
2814 3924 3035 3978 addens.
3062 3922 3361 3979 Matthaeus
3386 3920 3664 3990 siquidem

2078 4024 2135 4071 et
2156 4016 2331 4072 Lucas
2361 4016 2655 4071 indiscrete
2677 4013 2976 4085 fragmenta
2989 4022 3436 4077 commemorant,
3461 4011 3514 4064 in
3541 4026 3667 4064 am-

2080 4105 2243 4175 biguo
2266 4104 2584 4174 linquentes,
2614 4112 2795 4159 utrum
2818 4103 3155 4159 solummodo
3168 4117 3388 4172 panum,
3414 4109 3470 4154 ut
3496 4097 3671 4155 Joan-

2079 4209 2195 4257 nes,
2240 4208 2308 4248 an
2355 4209 2552 4263 panum
2585 4192 2747 4248 simul
2788 4201 2843 4247 et
2874 4192 3120 4263 piscium.
3161 4190 3663 4258 Conemuritaque,

2078 4292 2337 4353 quantum
2366 4284 2457 4338 lux
2484 4284 2741 4339 mentium
2770 4283 2998 4348 dederit,
3033 4283 3325 4352 inquirere,
3366 4292 3470 4336 nun
3529 4281 3663 4335 alio.

412 4374 509 4415 son
540 4363 679 4419 inter
724 4369 957 4439 seipsum
1004 4380 1059 4426 et
1103 4375 1399 4432 senarium,
1449 4377 1592 4433 Intra
1640 4382 1977 4436 octonarium
2011 4390 2202 4475 Drum
2274 4391 2467 4431 sensus
2537 4365 2978 4445 pracjudicando.
3028 4373 3398 4429 Praediximus
3440 4371 3671 4441 quippe,

409 4470 625 4526 quoque
655 4474 937 4516 numerum
970 4464 1173 4536 integra
1195 4469 1451 4538 diapason
1474 4480 1577 4525 est.
1601 4470 1772 4527 Habet
1794 4482 1975 4528 tonum

412 4545 554 4600 inter
582 4552 931 4605 novenarinm
957 4563 1011 4607 et
1031 4560 1393 4613 octonarium.
1421 4560 1522 4628 Qui
1557 4576 1749 4617 omnes
1770 4562 1979 4619 numeri

414 4633 553 4688 intra
587 4638 847 4693 terminos
874 4638 1186 4698 duodenarii
1218 4647 1581 4703 continentur.
1623 4649 1701 4704 Ac
1742 4666 1838 4719 per
1879 4650 1980 4705 hoc

409 4725 652 4779 omnium
675 4743 854 4783 rerum
875 4730 1164 4787 visibilium
1205 4744 1262 4790 et
1306 4737 1649 4791 invisibilium
1697 4740 1980 4794 harmonia

411 4832 657 4873 connexa
690 4821 778 4875 tali
811 4838 1034 4878 numero
1063 4823 1344 4896 ﬁguratur.
1367 4825 1516 4893 Quae
1546 4826 1822 4882 harmonia
1853 4829 1983 4884 solis

412 4904 625 4961 divinas
649 4922 739 4963 res
786 4910 1218 4981 intefligentibus,
1252 4922 1508 4983 quantum
1549 4915 1708 4969 datur
1748 4917 1979 4971 homini-

413 4995 534 5058 lms,
560 5006 683 5050 nota
710 5009 764 5051 et
788 5002 1289 5069 comprehensibilis
1310 5012 1409 5059 est.
1452 5005 1821 5059 Duodenarius
1845 5022 1979 5075 quo-

411 5098 517 5151 que
546 5100 801 5141 numerus
825 5089 876 5141 in
904 5090 1087 5144 decem
1119 5092 1375 5146 dividitur
1394 5103 1449 5147 et
1469 5092 1594 5146 duo.
1623 5093 1909 5163 Propterea
1927 5106 1981 5151 et

397 5175 582 5244 legem
606 5175 872 5246 signiﬁcat
896 5175 1128 5242 litterae,
1163 5195 1303 5248 quae
1346 5181 1563 5235 denaria
1600 5192 1707 5255 est,
1732 5193 1784 5236 ct
1834 5186 1977 5238 cari-
2008 5168 2013 5173 ’

412 5265 540 5319 tatis
563 5280 930 5338 praeceptum,
960 5272 1102 5339 quod
1131 5271 1182 5325 in
1230 5285 1290 5324 se
1333 5272 1655 5342 geminatur,
1684 5282 1738 5328 et
1790 5274 1840 5327 in
1874 5290 1979 5343 quo

416 5353 499 5407 lex
528 5357 766 5425 pendunt
795 5368 849 5412 et
880 5360 1188 5428 prophetae.
1223 5360 1452 5429 Ideoque
1497 5362 1586 5430 qui
1617 5362 1785 5430 legem
1818 5380 1972 5431 prac-

416 5456 572 5516 cepto
596 5450 841 5505 caritatis
887 5452 1214 5522 adimplcnt,
1243 5453 1340 5522 ipsi
1369 5461 1493 5507 sunt
1517 5455 1754 5522 cupitini.
1790 5455 1837 5506 in
1868 5456 1981 5524 qui-

2081 4466 2317 4535 quinque
2345 4480 2536 4520 sensus
2563 4465 2803 4534 corporis
2830 4478 2923 4518 seu
2940 4463 3177 4533 quinque
3198 4461 3368 4515 libros
3392 4459 3669 4519 Mosaicos

2082 4557 2333 4626 quinario
2363 4571 2560 4625 panum
2591 4570 2818 4611 numero
2840 4555 3126 4619 insinuari,
3153 4552 3362 4607 duobus
3390 4565 3518 4604 veto
3546 4549 3663 4618 pis-

2082 4648 2236 4702 cibus
2290 4646 2571 4715 utriusque
2630 4645 2957 4701 Testamenti
3014 4642 3273 4715 symbols.
3328 4641 3428 4696 Ubi
3482 4639 3665 4709 primo

2080 4736 2465 4809 quaerendum,
2507 4736 2635 4805 quid
2685 4736 2824 4789 inter
2875 4734 3127 4806 mysteria
3159 4733 3323 4787 distat
3378 4728 3664 4797 utriusque

2082 4827 2236 4898 legis,
2260 4826 2471 4881 litterae
2497 4824 2744 4880 videlicet
2772 4833 2826 4879 et
2843 4824 3071 4896 gratiae,
3094 4833 3147 4877 et
3174 4820 3435 4893 symbola.
3461 4818 3664 4888 Myste-

2084 4917 2162 4971 ria
2203 4916 2387 4985 itaque
2430 4913 2643 4985 proprie
2692 4922 2836 4977 sunt,
2886 4926 3026 4982 quae
3067 4911 3222 4981 juxta
3250 4908 3561 4979 allegoriam
3607 4916 3664 4960 et

2083 5006 2208 5061 facti
2238 5013 2293 5060 et
2316 5004 2442 5059 dicti
2472 5004 2775 5065 traduntur,
2805 5002 2910 5055 hoc
2952 5007 3057 5064 est,
3105 5010 3158 5051 et
3196 4988 3512 5052 secundum
3570 5008 3664 5047 res

2082 5102 2261 5164 gestas
2284 5092 2427 5146 facta
2449 5099 2573 5145 sunt
2599 5100 2652 5144 et
2674 5091 2838 5153 dicta,
2867 5090 2991 5158 quia
3024 5096 3331 5141 narrantur.
3358 5083 3662 5152 \‘erbigra-

2087 5186 2156 5239 tia
2191 5183 2483 5238 Mosaicum
2520 5180 2925 5235 tabernaculum
2983 5187 3039 5232 et
3076 5179 3369 5233 secundum
3419 5188 3536 5227 rem
3573 5187 3667 5245 ge-

2084 5283 2221 5330 stam
2262 5283 2380 5330 erat
2409 5280 2798 5334 constructum,
2827 5280 2881 5325 et
2924 5279 3070 5325 textu
3101 5276 3319 5324 sanctae
3344 5264 3667 5333 Seripturae

2084 5365 2284 5419 dictum
2304 5373 2474 5433 atque
2514 5371 2811 5415 narratum.
2849 5360 3105 5415 Similiter
3137 5364 3472 5412 sacramenta
3512 5353 3664 5423 lega-

2087 5455 2214 5509 lium
2238 5455 2535 5510 hostiarum
2568 5460 2621 5505 ct
2650 5453 2941 5507 secundum
2973 5450 3256 5506 historiam
3313 5444 3453 5499 facta
3513 5453 3663 5508 sunt,

1936 5567 2111 5622 ΝΟΤΛ
2125 5568 2180 5620 li.

492 5645 513 5669 ι·
558 5629 790 5693 Respicit
818 5635 1146 5689 Graecorum
1178 5637 1504 5689 harmonias.
