3904 6148
212 357 292 411 τις
1214 342 1567 407 ‘iIOMMENT.
1609 338 1674 405 is
1718 353 1724 404 ι

1828 351 1966 403 lNG.
2010 348 2154 403 SEC.
2194 347 2380 403 JOAN.
2426 386 2443 401 κ

3304 340 3408 401 Sili

213 482 253 523 et
272 470 389 522 dicta
420 475 539 519 sunt
590 442 899 518 secundum
942 463 1325 516 narrationem.
1376 461 1728 515 Cit'CttlttCisio
1758 470 1800 525 Α
1834 460 2055 512 multum
2086 458 2280 520 fuerat,
2315 456 2594 510 Dominum
2629 455 2839 508 turbam
2869 454 3099 524 pavisse.
3155 450 3256 511 Ubi
3300 457 3406 520 uit,

213 557 415 613 similiter
436 567 487 610 et
515 554 653 608 facta
680 565 764 608 est
803 555 854 608 iu
885 568 1070 618 carne,
1101 562 1157 605 et
1194 546 1410 605 narrata
1449 560 1533 604 est
1560 553 1611 604 in
1643 551 1728 603 lit-

211 660 317 703 tera.
342 647 390 700 In
415 644 558 699 Novo
588 659 802 714 quoque
828 642 1174 697 Testamento
1225 642 1479 714 mysteria
1529 641 1730 710 baptis-

213 737 356 802 matis,
382 735 640 790 Dominici
664 749 879 803 quoque
907 733 1151 803 corporis
1172 748 1237 786 ac
1261 732 1557 801 sanguinis,
1605 745 1730 785 uec-

209 842 292 883 non
313 835 359 883 et
384 826 549 880 sancti
581 824 895 879 chrismatis
916 822 1070 892 juxta
1106 838 1192 877 res
1233 830 1413 891 gestas
1437 819 1732 876 conficiun-

210 930 293 981 tur,
319 927 363 973 et
381 916 571 970 litteris
598 915 886 969 traduntur
913 922 970 968 et
1003 914 1274 968 dicuntur.
1301 912 1367 966 Et
1396 912 1530 965 haec
1557 911 1727 964 forma

209 1014 619 1064 sacramentorum
647 1004 898 1075 allegoria
926 1001 1052 1057 facti
1087 1011 1140 1057 et
1170 1003 1295 1057 dicti
1324 1016 1355 1055 a
1385 1001 1588 1056 sanctis
1621 1000 1727 1054 Pa-

211 1096 345 1151 tribus
382 1083 767 1148 rationabiliter
817 1093 1099 1147 vocitatur.
1152 1090 1332 1145 Altera
1388 1089 1561 1146 forma
1621 1099 1726 1155 est,

206 1203 314 1257 quae
348 1188 552 1257 proprie
590 1183 814 1254 symboli
863 1197 1058 1237 nomen
1105 1182 1331 1252 accepit,
1386 1191 1444 1235 et
1470 1180 1723 1249 allegoria

205 1275 322 1339 dicti,
350 1289 443 1328 non
471 1282 650 1327 autem
675 1271 802 1326 facti
837 1271 1152 1341 appellatur,
1202 1271 1457 1339 quoniam
1486 1272 1538 1324 in
1569 1270 1727 1325 dictis

204 1363 490 1417 solummodo
516 1361 814 1431 spiritualis
843 1361 1139 1423 doctrinae,
1170 1375 1277 1415 non
1331 1369 1510 1415 autem
1541 1360 1598 1414 in
1644 1359 1727 1414 fa-

203 1452 281 1506 ctis
302 1450 630 1505 sensibilihus
650 1450 1016 1505 constituitur.
1050 1449 1306 1520 Mysteria
1344 1449 1524 1520 itaque
1574 1460 1722 1514 sunt,

203 1555 310 1607 quae
337 1540 383 1593 in
407 1547 637 1608 utroque
666 1537 1011 1593 Testamento
1037 1545 1091 1591 et
1114 1539 1408 1592 secundum
1442 1537 1722 1591 historiam

200 1629 312 1683 facta
333 1636 466 1694 sunt,
492 1637 550 1682 et
572 1629 865 1682 secundum
897 1628 1130 1682 litteram
1172 1637 1390 1682 narrata
1416 1644 1430 1693 ;
1480 1628 1723 1699 symbola

202 1731 319 1782 vero,
352 1730 481 1786 quae
533 1716 869 1771 solummodo
916 1732 1023 1770 non
1078 1715 1238 1782 facta,
1266 1717 1358 1771 sed
1395 1718 1549 1786 quasi
1578 1716 1719 1770 facta

1836 569 1852 599 ι
1886 562 2130 602 reversus
2160 547 2212 599 iu
2243 545 2478 598 montem
2508 546 2620 612 ipse
2645 542 2788 597 solus
2814 560 2873 606 ις
2910 552 2965 595 ut
2989 543 3285 599 secundum
3323 559 3410 599 res

1828 645 2008 705 gestas
2036 635 2393 705 accipiamus,
2446 633 2615 687 solum
2648 633 2928 685 Dominum
2978 647 3099 685 cum
3131 632 3411 702 discipulis

1828 729 1940 781 suis
1974 726 2124 796 prius
2151 723 2460 779 ascendisse
2492 725 2545 776 in
2581 732 2839 787 montem,
2877 737 2941 776 ac
2986 723 3187 799 deinde,
3208 722 3406 776 iterum

1827 815 1895 868 ad
1942 814 2196 868 inferiora
2243 814 2600 877 descendisse,
2643 812 3011 881 miraculoque
3056 822 3280 881 peracto
3319 826 3411 868 so-

1828 908 1937 961 lum
1986 909 2181 963 iterum
2228 908 2281 962 in
2323 916 2560 961 montem
2609 907 2850 961 rediisse.
2899 906 3035 961 Huic
3078 906 3407 962 multitudini

1829 995 1988 1051 (idem
2033 995 2235 1050 Christi
2263 995 2521 1051 esurienti
2567 1005 2909 1064 apponuntur
2957 994 3196 1064 quinque
3238 1010 3403 1063 panes

1825 1095 1879 1138 et
1908 1086 2013 1139 duo
2039 1086 2232 1155 pisces,
2266 1086 2368 1139 hoc
2394 1096 2477 1138 est
2504 1094 2861 1148 sacramenta,
2902 1098 3039 1151 quae
3083 1094 3137 1139 et
3173 1083 3318 1139 facta
3347 1097 3405 1141 ct

1826 1174 2026 1242 scripta
2053 1183 2197 1237 sunt,
2223 1184 2277 1228 et
2324 1173 2605 1244 symbola,
2655 1188 2794 1241 quae
2838 1173 3177 1227 solummodo
3224 1173 3396 1239 dicta,

1826 1268 1931 1316 non
1958 1272 2134 1316 autem
2169 1262 2331 1315 facta.
2358 1261 2639 1328 Accipiens
2673 1260 2917 1313 Christus
2962 1274 3126 1329 panes
3168 1260 3398 1329 quinque

1823 1358 1878 1404 et
1903 1351 2037 1405 duos
2074 1351 2270 1420 pisces,
2301 1356 2354 1403 et
2375 1350 2577 1417 gratias
2607 1363 2791 1417 agens,
2821 1348 2969 1402 Patri
2999 1347 3282 1414 videlicet,
3311 1349 3401 1418 qui

1827 1439 1993 1493 voluit
2022 1438 2205 1493 ﬁdeles
2234 1453 2359 1494 suos
2386 1436 2642 1507 symbolis
2667 1452 2731 1492 ac
2758 1437 3111 1492 sacramentis
3140 1452 3363 1506 pascere
3384 1477 3402 1503 ,

1827 1529 1990 1583 tradit
2017 1527 2294 1598 discipulis
2327 1528 2459 1592 suis,
2489 1526 2762 1596 magistris
2778 1527 2924 1590 suis,
2970 1526 3233 1580 ministris
3250 1527 3399 1592 suis;

1824 1618 1926 1687 ipsi
1952 1632 2082 1672 vero
2116 1619 2302 1672 turbae
2350 1615 2615 1670 dividunt.
2650 1614 2825 1669 Panes
2860 1616 3145 1670 hordeacei
3177 1631 3207 1668 a
3234 1615 3398 1672 disci-

1826 1706 1965 1775 pulis
1993 1705 2338 1776 franguntur,
2367 1707 2494 1760 dum
2518 1707 2585 1760 ab
2612 1707 2691 1761 eis
2719 1707 2997 1775 utriusque
3036 1707 3172 1776 legis
3201 1716 3399 1776 myste.

199 1808 286 1860 sola
306 1806 535 1862 doctrina
563 1807 835 1860 dicuntur.
874 1804 1033 1861 Verbi
1058 1806 1254 1874 gratia,
1300 1806 1352 1859 in
1390 1806 1559 1879 veteri
1608 1806 1723 1876 lege
1758 1806 1799 1865 Β
1830 1798 1907 1851 ria
1946 1797 1998 1850 in
2030 1813 2117 1853 res
2142 1806 2321 1868 gestas
2363 1806 2418 1850 et
2447 1797 2500 1850 in
2530 1810 2713 1849 earum
2743 1798 3053 1866 spirituales
3099 1796 3404 1851 intellectus

198 1896 411 1963 scriptum
436 1902 523 1949 cst
549 1908 565 1947 :
598 1911 617 1943 ε
654 1893 771 1949 Non
801 1908 1000 1964 coques
1019 1893 1247 1948 haedum
1277 1894 1332 1949 in
1371 1894 1512 1950 lacte
1539 1897 1727 1950 matris

197 1998 300 2036 suae
317 2003 357 2036 ι.
384 1982 513 2037 Illud
540 1982 804 2052 siquidem
829 1998 1101 2053 nunquam
1124 1984 1417 2038 secundum
1444 1984 1726 2043 historiam

197 2073 351 2141 legitur
372 2072 557 2138 fuisse,
583 2081 722 2127 teste
738 2073 1035 2143 Augustino
1061 2090 1076 2139 ;
1102 2076 1303 2129 dictum
1337 2083 1422 2129 est
1466 2084 1644 2130 tamen
1671 2084 1726 2131 et

197 2164 433 2232 scriptum,
461 2179 528 2218 ac
555 2163 721 2217 veluti
749 2162 949 2218 factum
988 2165 1238 2230 traditur,
1265 2180 1389 2219 cum
1419 2166 1622 2221 veritas
1641 2165 1723 2220 di-

197 2256 319 2307 vinae
343 2255 594 2310 historiae
618 2254 820 2309 factum
846 2254 1012 2310 fuisse
1042 2269 1146 2309 nun
1179 2256 1449 2310 invenitur
1473 2272 1718 2311 narrare.

193 2344 295 2399 Item
318 2347 364 2399 in
386 2346 613 2401 Psalmis
644 2362 658 2398 :
706 2364 725 2395 ε
765 2344 973 2400 Montes
1002 2346 1379 2401 exultaverunt
1415 2357 1475 2400 ut
1504 2348 1721 2412 arietes,

193 2445 234 2487 et
266 2435 407 2490 colles
455 2437 598 2490 sicut
655 2436 779 2504 agni
816 2436 997 2489 ovium
1030 2454 1075 2489 ι.
1108 2436 1163 2490 In
1196 2438 1278 2491 his
1326 2438 1471 2491 enim
1499 2440 1711 2493 divinae

194 2528 464 2597 Scripturae
491 2527 630 2583 locis
654 2536 708 2581 et
736 2527 791 2581 in
821 2528 1003 2581 multis
1030 2528 1293 2583 similibus
1322 2529 1572 2599 allegoria
1609 2532 1721 2585 sola

191 2621 312 2684 dicti,
337 2636 432 2674 non
460 2629 645 2673 autem
680 2618 808 2672 facti
838 2626 894 2672 et
922 2618 1071 2684 dicti,
1103 2619 1437 2689 intelligitur.
1467 2619 1525 2675 In
1572 2619 1722 2676 Novo

192 2707 491 2765 Testamento
517 2709 688 2763 multa
718 2717 1027 2773 narrantur,
1055 2725 1193 2779 quae
1218 2712 1513 2766 secundum
1558 2711 1719 2765 ﬁdem

189 2800 406 2855 historiae
456 2816 565 2855 non
623 2790 749 2854 sunt
775 2800 938 2864 facta,
989 2801 1083 2854 sed
1120 2800 1456 2856 solummodo
1481 2802 1620 2856 dicta
1658 2817 1722 2856 ac

190 2887 320 2941 veluti
344 2887 477 2942 facta
503 2904 518 2953 ;
552 2902 691 2956 quae
721 2886 964 2956 exempla
997 2889 1231 2943 maxime
1256 2888 1310 2941 in
1340 2888 1592 2961 allegoria
1624 2906 1722 2965 pa-

188 2977 452 3032 rabolarum
479 2977 884 3033 Dominicaruni
931 2979 1295 3047 reperiuntur,
1337 2981 1483 3034 verbi
1521 2982 1718 3050 gratia,

187 3067 402 3131 parabola
427 3069 494 3124 de
520 3068 690 3122 divite
716 3077 770 3122 et
806 3068 1009 3123 Lazaro
1037 3084 1272 3139 paupere
1298 3070 1350 3123 in
1381 3070 1501 3124 sinu
1550 3073 1720 3124 Abra-

1830 1885 2160 1940 dividuntur.
2218 1885 2460 1954 Simplici
2505 1885 2727 1939 historia
2782 1894 3074 1954 pascuntur
3118 1887 3402 1955 carnales;

1827 1975 2038 2030 divinos
2082 1975 2251 2045 ipsius
2281 1974 2537 2028 historiae
2584 1966 2886 2029 intellectus
2933 1977 3090 2043 quasi
3137 1978 3401 2044 quaedam

1825 2062 2122 2133 fragmenta
2173 2065 2432 2135 colligunt
2479 2065 2809 2132 spirituales.
2858 2065 3220 2135 Fragmenta,
3261 2083 3399 2136 quae

1825 2156 2112 2210 comedunt
2149 2155 2396 2209 carnales
2437 2165 2491 2209 et
2527 2164 2842 2209 saturantur
2870 2196 2884 2222 ,
2920 2173 3006 2211 res
3045 2167 3265 2226 gestae;
3295 2157 3405 2212 ira-

1823 2260 2040 2317 gmenta
2066 2286 2082 2311 ,
2135 2262 2274 2315 quae
2315 2247 2603 2301 comedunt
2647 2248 2991 2316 spirituales,
3031 2251 3195 2304 divini
3248 2250 3404 2306 intel-

1823 2342 1993 2395 lectus
2024 2355 2203 2394 rerum
2252 2350 2524 2409 gestarant
2560 2348 2702 2393 sunt.
2748 2339 2907 2394 Verbi
2939 2343 3110 2410 gratia
3134 2381 3148 2405 ,
3196 2341 3402 2407 legatur

1822 2430 1956 2484 liber
1982 2428 2273 2493 Geueseos,
2304 2443 2368 2481 eo
2393 2428 2520 2493 loci,
2560 2428 2649 2481 ubi
2685 2430 2940 2482 transitus
2967 2448 3135 2505 parua
3180 2448 3207 2483 s
3260 2436 3400 2493 sracl

1820 2537 1917 2591 per
1967 2534 2118 2573 mare
2167 2519 2389 2573 rubrum
2450 2529 2722 2572 narratur.
2779 2518 3016 2587 Simplex
3062 2519 3399 2574 Christianus

1820 2615 2035 2677 adhuc,
2073 2612 2236 2666 veluti
2279 2613 2332 2666 in
2382 2613 2536 2667 foeno
2583 2626 2761 2665 rerum
2812 2613 3186 2682 temporalium
3240 2625 3403 2685 atque

1820 2705 2114 2760 carnalium
2133 2705 2470 2767 recumbens,
2487 2704 2597 2758 sola
2618 2705 2852 2773 pascitur
2872 2706 3117 2760 historia.
3130 2706 3401 2777 Quidquid

1822 2797 1967 2850 enim
2007 2797 2079 2849 ibi
2146 2797 2346 2850 factum
2374 2805 2491 2857 est,
2538 2796 2775 2864 quinque
2823 2797 3070 2851 sensibus
3127 2800 3403 2868 corporeis

1820 2893 2003 2937 notum
2034 2884 2153 2937 fuit.
2178 2882 2312 2937 Nam
2341 2892 2395 2937 et
2422 2884 2520 2938 visi
2542 2892 2671 2939 sunt
2697 2883 2965 2937 lsraclitae
2995 2886 3155 2943 siccis
3175 2888 3401 2955 pedibus

1820 2989 1967 3029 mare
1997 2976 2273 3038 transisse,
2323 2973 2638 3044 Aegyptiaci
2674 2990 2800 3028 vero
2839 2977 3016 3029 necati
3068 2976 3253 3032 fuisse.
3289 2980 3401 3034 lloc

1820 3080 2033 3134 quoque
2060 3081 2089 3117 a
2132 3064 2373 3117 linitimis
2401 3065 2648 3133 gentibus
2673 3065 2912 3116 auditum
2939 3074 3039 3128 est,
3070 3069 3211 3120 unda
3240 3072 3403 3121 mari-

186 3161 479 3232 ham,deque
494 3160 1142 3230 interpositochasmate,
1184 3161 1249 3214 de
1274 3158 1510 3224 ﬂamma,
1536 3160 1600 3214 de
1626 3160 1724 3214 lin.
1748 3143 1791 3203 C
1825 3172 1895 3208 na
1918 3163 2128 3224 gustata
2159 3164 2241 3208 est
2266 3193 2281 3219 ,
2313 3154 2508 3207 olfactu
2538 3163 2591 3207 et
2643 3162 2803 3207 tacta.
2857 3152 3006 3219 Quae
3053 3164 3245 3210 cuncta
3277 3156 3404 3211 Sint-

187 3267 285 3319 gua,
324 3254 384 3309 de
406 3255 593 3326 digito,
620 3268 760 3323 quae
789 3253 969 3307 omnia
1022 3251 1167 3306 nulla
1202 3251 1493 3306 auctoritas
1530 3267 1722 3306 secun-

184 3344 285 3397 dum
330 3360 412 3399 res
453 3354 642 3416 gestas
684 3344 850 3398 fuisse
905 3344 1087 3408 tradit,
1116 3343 1210 3398 sed
1245 3343 1471 3415 ﬁgurate
1501 3345 1719 3400 omnino

184 3432 296 3486 dicta
319 3443 453 3488 sunt.
506 3434 662 3500 Quae
714 3433 885 3488 forma
938 3433 990 3488 in
1031 3435 1284 3489 omnibus
1313 3434 1426 3489 fere
1452 3436 1723 3504 parabolis

181 3525 515 3591 cognoscitur,
590 3524 910 3593 proprieque
995 3524 1289 3595 symbolica
1371 3526 1717 3590 nominatur;

184 3613 391 3677 quamvis
414 3629 544 3668 usus
573 3614 790 3668 divinae
829 3611 1140 3681 Scripturae
1182 3597 1276 3679 sit,
1336 3616 1579 3685 symbola
1628 3631 1725 3684 pro

185 3704 438 3772 mysteriis,
465 3717 521 3760 et
545 3705 806 3775 mysteria
835 3718 932 3773 pro
962 3704 1221 3775 symbolis
1268 3705 1547 3759 vicinitate
1594 3721 1725 3772 qua-

185 3792 283 3845 dam
307 3804 458 3865 atque
483 3794 838 3851 similitudine
853 3809 1069 3864 ponere.
1100 3794 1371 3850 Ponamus
1397 3811 1524 3866 ergo
1557 3812 1728 3865 quan-

185 3883 281 3938 dam
304 3886 728 3952 similitudinem,
761 3902 864 3956 qua
891 3890 1159 3956 possimus
1186 3888 1432 3954 suadere,
1465 3889 1604 3958 quod
1631 3905 1727 3943 vo-

183 3971 329 4030 lumus
375 3993 644 4034 asserere.
689 3972 995 4032 Carnallum
1028 3978 1262 4032 lidelium
1314 3979 1540 4048 populus
1572 3990 1626 4034 et
1672 3980 1726 4033 in

185 4067 320 4119 veteri
348 4066 456 4139 lege
485 4068 785 4139 praecessit
813 4076 865 4123 et
896 4069 947 4121 in
985 4060 1139 4122 nova.
1168 4069 1286 4123 Jam
1314 4078 1412 4133 est,
1445 4070 1537 4140 qui
1595 4070 1729 4123 nihil

181 4168 306 4210 extra
330 4159 566 4215 litteram
604 4176 903 4230 sensusque
944 4176 1233 4231 corporeus
1284 4163 1558 4217 existimat
1588 4180 1726 4230 esse,

182 4248 398 4314 quoniam
427 4251 591 4306 altius
618 4251 757 4304 ultra
788 4251 1020 4305 litteram
1046 4252 1377 4321 Scripturae,
1402 4263 1458 4308 et
1484 4270 1566 4320 ea,
1594 4271 1730 4323 quae

178 4350 257 4400 per
281 4352 460 4393 sensus
508 4340 871 4409 accipiuntur,
922 4338 1073 4412 [noxi]
1126 4343 1139 4373 ¹
1187 4351 1365 4412 potest
1417 4346 1726 4399 ascendere.

180 4421 408 4482 Similiter
428 4430 480 4483 in
511 4431 684 4484 veteri
718 4431 834 4501 lege
860 4431 1084 4501 perfecti
1106 4441 1160 4486 et
1182 4434 1456 4503 sapientes
1480 4437 1533 4488 in
1563 4437 1730 4491 actio-

178 4528 231 4565 ne
250 4524 295 4568 et
319 4520 541 4573 scicntia
572 4520 930 4588 spiritualium
975 4521 1364 4588 intellectuuin,
1397 4541 1461 4580 ac
1488 4525 1541 4580 in
1580 4526 1728 4582 Novo

179 4600 491 4664 Testamento
522 4610 690 4665 fuisse
719 4619 1030 4678 narrantur,
1077 4614 1192 4682 qui,
1239 4615 1403 4670 veluti
1459 4617 1725 4687 discipuli,

175 4710 276 4749 cum
294 4698 505 4758 Christo
520 4702 576 4755 in
594 4701 929 4757 altitudinem
960 4705 1448 4774 contemplationis,
1474 4717 1725 4778 tanquam

177 4783 219 4837 in
237 4793 487 4855 quendam
518 4786 758 4849 montem
803 4797 1121 4861 ascendunt,
1155 4797 1358 4853 relictis
1397 4801 1725 4869 carnalibus,

173 4877 255 4930 sub
277 4879 444 4936 littera
470 4895 530 4938 et
555 4896 715 4938 sensu
741 4884 793 4937 in
826 4883 985 4939 foeno
1016 4900 1196 4940 rerum
1234 4887 1609 4955 temporalium
1642 4905 1727 4945 re-

173 4971 541 5029 cumbentibus.
573 4994 591 5025 ι
620 4973 809 5029 Omnis
836 4976 1033 5046 quippe
1057 4990 1186 5033 caro
1213 4976 1448 5042 foenum,
1469 4986 1525 5034 et
1553 4981 1728 5035 omnis

168 5058 315 5127 gloria
345 5065 463 5134 ejus
493 5064 595 5119 llus
624 5064 769 5121 foeni
796 5085 839 5118 ι.
872 5066 1056 5136 Itaque
1108 5067 1406 5138 cogitemus
1454 5069 1508 5123 in
1547 5070 1729 5125 animo

170 5153 312 5209 veluti
360 5158 760 5213 multitudinem
804 5161 1068 5227 quandam
1113 5159 1439 5229 simplicium
1471 5162 1729 5226 ﬁdelium,

169 5238 213 5294 iu
255 5243 510 5303 lateribus
562 5249 780 5312 montis,
811 5265 904 5303 seu
934 5250 986 5303 in
1017 5250 1259 5318 planitie,
1293 5253 1393 5306 hoc
1443 5263 1547 5317 est,
1592 5251 1730 5305 infra

169 5333 484 5393 altitudinem
564 5340 866 5395 divinorum
949 5342 1314 5396 intellectuum
1380 5344 1727 5399 residentem.

168 5419 281 5477 Nam
310 5444 370 5482 ex
401 5438 559 5483 tcxtu
591 5430 857 5500 Evangelii
887 5432 1043 5486 datur
1077 5432 1323 5501 intelligi,
1350 5448 1456 5488 non
1503 5434 1554 5486 in
1585 5447 1730 5487 smn-

171 5528 334 5571 uutate
363 5530 592 5583 montis,
624 5524 717 5576 sed
746 5520 796 5574 in
834 5523 1063 5590 quadam
1095 5522 1345 5590 planitie,
1392 5522 1481 5575 ubi
1510 5523 1727 5577 foenum

1822 3245 1943 3315 plex
1973 3244 2149 3297 adhuc
2192 3243 2365 3297 lidelis
2394 3243 2606 3296 animus
2649 3258 2829 3297 secum
2859 3252 3054 3298 tractat
3096 3254 3152 3298 et
3179 3247 3401 3316 cogitat,

1824 3336 2085 3404 indeque,
2122 3334 2286 3389 veluti
2334 3333 2653 3402 quibusdam
2704 3333 3018 3402 fragmentis
3052 3335 3264 3392 divinae
3287 3336 3405 3391 his-

1825 3427 2016 3489 toriae,
2049 3426 2297 3479 satiatur.
2331 3424 2661 3478 intellectum
2692 3440 2819 3479 vero
2853 3426 3018 3494 ipsius
3045 3426 3258 3481 litterae
3296 3442 3401 3482 non

1822 3527 2000 3585 potest
2036 3530 2249 3585 capere,
2284 3515 2509 3583 ideoque.
2557 3514 2738 3567 abhis
2763 3554 2777 3578 ,
2828 3516 2919 3585 qui
2970 3514 3271 3584 spiritualia
3320 3532 3405 3571 su-

1825 3607 1997 3677 pinat,
2024 3602 2315 3676 oildgitu‘r,
2354 3619 2420 3657 ne
2456 3615 2685 3673 pereat,
2739 3604 2832 3657 sed
2880 3603 3180 3659 valentibus
3211 3604 3406 3659 intelli-

1825 3713 1951 3768 gere
2004 3698 2271 3766 proticiat.
2328 3695 2468 3750 Ecce
2522 3694 2761 3763 quinque
2812 3708 2978 3763 panes
3030 3695 3402 3750 hordeaceus:

1826 3786 2079 3856 mysteria
2109 3783 2354 3838 videlicet
2394 3798 2577 3837 rerum
2623 3793 2935 3853 gestarum,
2991 3784 3044 3838 in
3078 3784 3308 3838 litteram
3351 3795 3406 3839 et

1827 3877 2066 3944 spiritum
2123 3873 2328 3938 divisa,
2370 3884 2445 3937 et,
2478 3882 2736 3941 quantum
2782 3874 2959 3927 littera
3004 3885 3105 3940 est,
3156 3874 3399 3928 sensibus

1827 3965 2100 4033 corporeis
2126 3964 2387 4032 quinariis
2416 3964 2791 4018 conveniunt”
2829 4003 2841 4015 .
2922 4002 2936 4015 .
3017 4002 3043 4025 .,
3109 4002 3122 4015 .
3200 4003 3213 4016 .
3292 4001 3306 4016 .
3383 3999 3403 4018 .

1905 4165 1923 4196 ι
1944 4144 2215 4198 Abraham
2236 4144 2487 4213 “inquit,
2516 4162 2534 4194 ι
2561 4143 2694 4197 duos
2712 4144 2847 4199 illius
2876 4144 3082 4207 habuit,
3102 4160 3265 4198 unum
3294 4147 3407 4215 qui-

1830 4239 1948 4294 dem
1985 4239 2051 4292 de
2085 4226 2303 4302 ancilla,
2339 4239 2566 4291 alterum
2596 4239 2660 4291 de
2690 4237 2857 4291 libera
2892 4256 2937 4289 ι.
2960 4280 2961 4283 η
2982 4237 3126 4291 Ecce
3152 4237 3406 4292 historiae

1829 4330 2003 4399 prima
2050 4327 2351 4395 fragmenta
2416 4326 2748 4396 simplicibus
2802 4324 3137 4381 sullicientia.
3205 4325 3409 4382 Conse-

1830 4426 2060 4488 quentcr
2115 4415 2387 4485 subjungit
2429 4413 2730 4484 fragmenta
2785 4415 3126 4484 spiritualia,
3180 4416 3406 4472 dicens:

1841 4526 1860 4559 ι
1908 4506 2050 4562 Haec
2078 4514 2257 4560 autem
2302 4513 2428 4560 sunt
2454 4504 2560 4559 duo
2588 4504 2930 4559 Testamenta
2972 4524 3017 4558 ι.
3057 4505 3411 4575 Appouautur

1832 4599 2011 4669 pisces
2040 4598 2145 4652 duo
2165 4595 2342 4651 eidem
2373 4594 2720 4660 multitudini,
2764 4597 2867 4650 hoc
2899 4606 2981 4650 est
3005 4599 3119 4650 sola
3159 4599 3414 4666 spiritua—

1834 4689 1900 4743 lis
1928 4688 2167 4743 doctrina
2216 4686 2500 4756 allegorice
2529 4685 2697 4751 dicti,
2750 4702 2854 4741 non
2905 4698 3081 4743 autem
3112 4691 3410 4747 secundum

1835 4777 2112 4832 historiam
2139 4773 2287 4829 facti.
2318 4777 2466 4840 Quae
2497 4773 2659 4828 veluti
2708 4775 2917 4830 hin-irin
2972 4793 3197 4834 numero
3234 4782 3411 4835 conti-

1835 4874 2013 4929 netur,
2037 4864 2289 4933 quoniam
2314 4864 2521 4918 duobus
2546 4863 2881 4920 solummodo
2902 4868 3150 4921 sensibus
3183 4871 3411 4940 percipi-

1837 4967 1943 5024 tur,
1982 4958 2099 5011 visu
2143 4956 2387 5011 videlicet
2423 4964 2480 5010 ct
2535 4956 2757 5016 auditu.
2815 4960 3008 5013 ceteris
3051 4971 3229 5014 autem
3289 4978 3410 5017 seno

1823 5050 1984 5114 ,sibus
2014 5047 2215 5118 percipi
2247 5062 2353 5101 non
2384 5056 2578 5116 potest.
2629 5046 2848 5117 Legitur
2886 5049 3028 5103 enim
3077 5051 3247 5106 oculis
3270 5092 3284 5116 ,
3317 5069 3410 5105 au-

1842 5144 1989 5196 ribus
2034 5141 2285 5204 auditur,
2335 5138 2547 5194 olfactu
2587 5154 2719 5194 vero
2764 5155 2856 5194 seu
2913 5151 3070 5196 qustu
3120 5158 3212 5196 seu
3267 5152 3410 5196 tactu

1836 5242 2038 5286 remota
2055 5241 2156 5285 est.
2189 5230 2345 5284 Verbi
2371 5230 2564 5299 gratia,
2589 5232 2860 5286 utcisdem
2886 5242 3101 5286 utamur
3128 5236 3403 5300 exemptis.

1834 5320 2207 5391 legatuuquod
2237 5321 2497 5389 scriptum
2534 5323 2694 5385 estin
2730 5322 2914 5376 lsxudo
2943 5340 2955 5375 :
2996 5341 3012 5372 ‹
3067 5322 3183 5376 bon
3212 5339 3410 5393 coquus

1838 5414 2067 5467 haedum
2097 5396 2149 5465 in
2203 5412 2342 5467 lacte
2376 5414 2565 5467 matris
2600 5430 2730 5468 suae
2769 5436 2811 5465 ι.
2848 5413 2959 5468 lluc
3007 5414 3308 5478 symbolum
3360 5432 3416 5469 et

1770 5514 1786 5538 ²
1836 5526 1931 5579 pcr
1960 5510 2141 5563 oculus
2167 5510 2378 5579 legitur,
2406 5521 2451 5563 ct
2487 5527 2581 5579 per
2619 5526 2775 5563 aures
2806 5510 3053 5573 auditur;
3081 5505 3255 5581 frangi
3285 5529 3417 5567 rem

1426 5620 1677 5674 VAIUAE
1719 5618 2119 5675 LEU'l'IONES.

229 5708 361 5757 “non
384 5722 497 5758 um.
526 5708 645 5759 cod.
723 5712 740 5739 '
778 5707 888 5762 Una
915 5709 1048 5762 linea
1084 5710 1249 5761 rlecst.
