3904 6148
417 335 445 384 ῖι
463 334 517 385 i7
1819 322 2100 379 JOANNIS
2139 319 2331 375 SCOTI

3536 274 3657 373 ists

418 463 523 499 non
556 453 766 514 potest,
821 443 942 512 quia
967 441 1120 510 juxta
1170 456 1347 494 rerum
1393 447 1662 510 gestarum
1697 439 1853 493 [idem
1884 454 1988 493 non
2020 442 2064 499 Λ
2095 436 2474 506 Fragmentum
2502 432 2777 503 spirituale
2814 439 2894 485 est
2923 431 3007 486 bis
3029 472 3043 496 ,
3080 430 3171 500 qui
3218 427 3550 484 altitudinem
3589 432 3671 487 di-

417 537 680 604 accipitur
707 575 723 596 ,
769 533 862 587 sed
914 530 1247 586 solummodo
1293 528 1575 600 allegorice
1639 530 1839 583 dictum
1884 539 1985 592 est.

416 625 481 679 Et
507 624 758 694 quoniam
801 637 905 675 non
936 620 1194 674 dividitur
1217 659 1230 681 ,
1272 626 1444 673 totum
1476 618 1768 672 memoriae
1794 633 1989 673 carna-

418 718 549 769 lium
610 714 842 768 ﬁdeiium
898 712 1330 775 commendatur,
1390 718 1451 764 ut
1498 710 1728 765 credant
1772 726 1988 765 sensum

417 804 747 876 spiritualem
785 802 869 856 his
896 801 1077 856 verbis
1124 801 1321 864 inesse,
1370 801 1614 869 quamvis
1662 817 1767 855 non
1799 800 1993 854 intelli-

416 905 562 967 gant.
616 894 810 947 Totum
864 896 932 945 ab
985 892 1090 955 his,
1138 891 1230 961 qui
1291 889 1641 958 spirituaiiter
1693 890 1990 959 spiritualia

415 994 763 1056 cognoscunt,
797 982 1085 1053 colligitur.
1123 980 1181 1035 ln
1210 980 1469 1052 symbolis
1513 982 1695 1051 itaque
1719 1022 1734 1046 ,
1781 981 1883 1035 hoc
1910 988 1996 1035 est

418 1080 470 1132 in
503 1076 825 1131 dictionibus
849 1074 1143 1143 spiritualis
1177 1074 1453 1128 doctrinae
1480 1114 1494 1135 ,
1525 1087 1660 1143 quas
1708 1072 1820 1127 sola
1856 1073 1993 1139 alle-

417 1170 565 1238 goria
597 1167 746 1232 faeti,
777 1181 882 1219 non
910 1174 1085 1219 autem
1114 1164 1265 1227 dicti,
1295 1164 1478 1227 tradit,
1519 1163 1663 1217 nulla
1694 1162 1991 1232 fragmenta

416 1257 773 1326 colliguntur,
832 1253 1082 1321 quoniam
1131 1251 1183 1304 in
1234 1251 1514 1305 historiam
1562 1260 1617 1305 et
1663 1251 1992 1305 intellectum

420 1364 524 1400 non
552 1344 825 1398 dividitur.
857 1342 1015 1396 Solus
1044 1342 1186 1395 enim
1219 1340 1518 1395 intellectus
1541 1341 1594 1393 in
1614 1354 1679 1392 eo
1704 1335 1991 1405 cogitatur,

419 1435 623 1489 nullum
657 1442 835 1486 autem
871 1431 1091 1486 factum.
1120 1432 1247 1483 Item
1280 1418 1511 1483 in‘Nnvo
1541 1430 1906 1493 Testamento,
1936 1437 1996 1482 ut

418 1533 474 1579 et
524 1524 648 1577 inde
688 1521 993 1591 exemplum
1050 1521 1398 1588 accipiamus,
1446 1534 1643 1588 corpus
1676 1525 1731 1573 et
1779 1518 1996 1589 sanguis

419 1613 632 1668 Domini
689 1612 858 1667 nostri
917 1621 972 1666 et
1024 1610 1351 1664 sensibiliter
1375 1614 1667 1664 secundum
1698 1624 1785 1663 res
1815 1616 1997 1679 gestas

420 1702 702 1758 coniicitur
747 1702 1083 1773 mysterium,
1138 1710 1192 1753 et
1238 1701 1530 1753 secundum
1576 1699 1869 1770 Spiritualis
1913 1699 1994 1752 in-

2095 528 2341 582 vinorum
2413 525 2580 594 ipsius
2639 522 2878 593 mysterii
2929 520 3296 576 intcllectuum
3343 519 3525 574 valent
3583 538 3672 574 co-

2093 607 2391 687 gtioscere,
2453 616 2680 684 ideoque
2738 612 2807 666 ab
2855 612 2935 666 eis
2985 610 3294 680 colligitur,
3351 625 3420 665 ne
3465 619 3669 681 pereat.

2094 709 2227 764 Nam
2253 707 2570 779 mysterium
2602 721 2665 760 ex
2702 705 2882 760 littera
2909 712 2965 757 et
2987 703 3177 773 spiritu
3210 700 3517 757 confectum
3546 718 3671 772 par-

2094 804 2189 857 tim
2230 801 2390 871 perit,
2441 799 2637 869 partim
2666 796 3014 852 aeternaliter
3062 804 3265 850 manet.
3332 794 3478 849 Perit
3529 795 3673 863 quod

2093 894 2344 957 videtur,
2403 889 2528 959 quia
2575 886 2829 944 sensibile
2873 895 2959 941 est
3007 895 3063 940 et
3112 883 3443 954 temporale;
3491 893 3677 938 manet

2094 983 2236 1052 quod
2267 997 2369 1035 non
2416 980 2631 1034 videtur
2657 1018 2672 1041 ,
2716 977 2843 1046 quia
2873 975 3151 1046 spirituale
3184 983 3268 1030 est
3298 982 3351 1030 et
3378 973 3672 1028 aeternale.

2096 1073 2334 1145 Symboli
2357 1071 2660 1140 exemplum
2689 1069 2817 1123 ﬁat:
2849 1088 2867 1120 ι
2904 1068 2963 1122 In
2988 1066 3254 1136 principio
3275 1075 3391 1121 erat
3412 1066 3674 1127 Verbum,

2095 1173 2151 1217 et
2180 1155 2415 1216 verbum
2441 1169 2559 1215 erat
2583 1159 2724 1229 apud
2750 1157 2917 1212 Deum
2947 1167 3003 1211 et
3035 1157 3180 1211 Deus
3203 1165 3320 1211 erat
3355 1157 3589 1211 Verbum
3629 1174 3673 1208 ι.

2097 1255 2211 1309 Hoc
2239 1254 2575 1309 solummodo
2614 1251 2838 1315 dictum,
2869 1249 2922 1304 in
2954 1248 3057 1304 hoc
3104 1247 3249 1313 nulla
3284 1262 3372 1302 res
3401 1257 3551 1316 gesta
3581 1260 3675 1299 co—

2097 1346 2405 1417 gnoscitur,
2443 1344 2670 1412 ideoque
2716 1351 2771 1397 et
2808 1350 2977 1397 totum
3016 1340 3333 1409 simpliciter
3374 1355 3405 1392 a
3444 1338 3679 1393 carnali-

2097 1436 2198 1488 bus
2223 1434 2540 1503 accipiatur,
2576 1440 2632 1488 et
2663 1441 2832 1487 totum
2859 1430 3205 1486 uniformiter
3226 1446 3255 1484 a
3282 1427 3676 1500 spiritualibus.

2098 1525 2209 1579 Nec
2245 1526 2317 1579 ibi
2350 1524 2455 1579 ulla
2495 1522 2797 1595 fragmenta
2843 1530 3071 1595 possunt
3119 1522 3257 1586 ﬁeri,
3312 1522 3567 1589 quoniam
3603 1520 3679 1573 nil

2100 1616 2171 1670 ibi
2203 1624 2321 1678 est,
2351 1615 2493 1684 quod
2542 1614 2838 1669 secundum
2876 1612 3158 1668 historiam
3194 1610 3549 1681 intelligatur,
3583 1609 3679 1665 sed

2101 1715 2271 1761 totum
2298 1705 2367 1759 ad
2397 1705 2719 1775 theologiam
2742 1744 2758 1768 ,
2813 1718 2953 1772 quae
3003 1715 3218 1756 omnem
3252 1714 3469 1755 sensum
3498 1707 3553 1753 et
3594 1698 3679 1751 in-

421 1792 668 1846 tellectus
694 1790 1049 1861 investigatur
1096 1791 1376 1845 cerebrum
1429 1790 1513 1860 (‘1).
1568 1790 1719 1856 Quod
1790 1789 1993 1843 exlrin-
2030 1784 2070 1841 Β
2101 1794 2368 1849 tellectum
2418 1802 2678 1863 superat,
2712 1790 2967 1847 refertur.
3021 1789 3205 1845 Oculis
3245 1788 3442 1858 legitur
3491 1786 3677 1855 legen-

419 1897 578 1937 secus
602 1880 832 1935 sentitur
859 1889 915 1933 et
962 1880 1254 1950 percipitur
1300 1879 1606 1934 carnalibus
1645 1877 1952 1933 hominibus
1978 1918 1993 1941 ,

420 1971 864 2041 quinquepertilo
890 1985 1149 2038 corporeo
1178 1970 1358 2023 sensui
1386 1968 1634 2034 subditis,
1666 1968 1997 2022 hordeaceus

420 2065 578 2135 panis
606 2072 709 2127 est,
740 2064 865 2132 quia
912 2063 1247 2117 altitudinem
1278 2062 1574 2132 spiritualis
1614 2061 1999 2129 intelligentiae

421 2172 526 2213 non
560 2155 739 2210 valent
772 2155 1099 2219 ascendere;
1129 2169 1194 2208 ac
1236 2154 1402 2208 veluti
1433 2152 1700 2222 quoddam
1732 2151 2000 2221 fragmen-

416 2257 532 2304 tum
557 2255 663 2312 est,
707 2245 907 2315 quibus
950 2244 1181 2300 carnalis
1207 2245 1418 2299 illorum
1446 2244 1701 2314 cogitatio
1748 2243 1996 2297 satiatur.

2099 1885 2255 1949 tium,
2284 1884 2506 1938 auribus
2529 1883 2761 1938 sentitur
2786 1882 3118 1937 audientium
3144 1921 3159 1944 ,
3191 1896 3255 1935 ac
3278 1895 3375 1948 per
3407 1878 3511 1933 hoc
3536 1918 3551 1941 .
3588 1893 3679 1931 re-

2100 1974 2194 2028 ιιιιὶ
2218 1974 2434 2044 quidam
2477 1972 2585 2026 duo
2610 1972 2806 2041 pisces,
2834 1986 2952 2026 .una
2978 1966 3275 2039 eademque
3314 1966 3679 2036 evangelistae

2104 2066 2370 2137 theologia
2401 2065 2665 2134 accipitur
2694 2063 2903 2119 duobus
2948 2063 3196 2119 sensibus
3232 2061 3581 2117 conveniens.
3659 2098 3674 2114 .

2107 2197 2121 2210 ο
2202 2196 2217 2209 ο
2297 2196 2311 2209 ο
2389 2197 2403 2210 ο
2485 2196 2499 2209 ο
2578 2196 2592 2209 ο
2671 2195 2687 2209 ο
2766 2193 2780 2209 ι
2860 2195 2876 2210 ο
2953 2192 2971 2209 ο
3060 2193 3075 2207 ο
3164 2193 3178 2208 ο
3268 2192 3283 2207 ο
3362 2192 3376 2206 ο

2679 2243 2862 2298 Cetera
2901 2243 3107 2300 desunt.

1721 2407 1966 2417 ———.__.

1378 2545 2177 2672 JOANNIS
2250 2510 2765 2675 scen

1004 2802 1246 2995 oe
1350 2800 3184 3052 praehesitinatione

1853 3109 2269 3223 LIBER

429 3329 529 3395 Ad
561 3330 745 3410 ﬁdem
779 3330 1012 3390 codicis
1042 3347 1152 3389 ms.
1186 3327 1253 3389 S.
1289 3326 1581 3388 Germani
1619 3327 1771 3419 1511b
1804 3326 2150 3419 '(o.lim.63!t)
2205 3329 2533 3419 membran.
2573 3350 2689 3394 see.
2731 3352 2797 3408 ι,
2853 3333 2937 3407 ιε’,
3002 3334 3401 3398 bibliothecae
3466 3335 3688 3415 Regiae

1656 3405 2035 3466 Parisionsis
2066 3409 2445 3485 rccognilus.

420 2401 3678 2437 Wa

1618 3566 1865 3629 Haugnini
1888 3566 2039 3616 editio
2065 3566 2371 3628 prittceps....
2393 3601 2413 3620 .
2447 3568 2512 3619 Μ.

1820 3702 1867 3719 -κ

1378 3815 1873 3893 MUNITUM
1952 3818 2084 3891 AI)
2150 3816 2723 3896 LECTOREM.

498 4107 737 4165 Joannes
771 4102 964 4159 Scotus
993 4097 1432 4169 periculosiorem
1468 4100 1557 4153 vix
1594 4107 1808 4170 poterat
1849 4101 2184 4168 provinciam
2229 4101 2524 4171 suscipere,
2565 4115 2727 4169 quam
2752 4100 3038 4157 dialecticis
3088 4100 3554 4176 philosophiaeque
3581 4105 3691 4160 suis

430 4203 752 4276 argumentis
778 4197 1143 4270 quaestionem
1175 4195 1530 4267 theologicam
1559 4196 1784 4249 arduam
1815 4197 2363 4266 obscurissimamqne
2405 4217 2423 4248 ι
2462 4199 2527 4254 de
2552 4198 3050 4254 Praedestinatione
3088 4218 3106 4249 ι
3131 4197 3472 4269 expediendi.
3498 4201 3554 4254 In
3585 4214 3693 4269 quo

430 4317 599 4370 quum
635 4311 824 4369 parum
854 4301 1034 4365 posset
1056 4290 1342 4360 proﬁcere,
1374 4290 1502 4359 quid
1526 4290 1744 4356 mirum,
1785 4291 1927 4358 quod
1955 4293 2390 4346 adversariorum
2418 4294 2600 4347 omnia
2639 4292 2753 4347 fere
2781 4294 2887 4350 tela
2912 4294 2967 4348 in
3006 4309 3066 4349 se
3093 4294 3378 4348 convertit.
3420 4294 3463 4348 E
3497 4296 3694 4363 quibus

438 4395 763 4453 Prudentius
783 4389 1140 4451 Tricassinus,
1155 4395 1209 4440 et
1234 4385 1508 4441 Ecclesiae
1522 4385 1894 4456 Lugdunensis
1917 4388 2132 4442 nomine
2153 4387 2344 4444 Florus
2365 4389 2624 4445 diaconus
2648 4387 2796 4445 Scoti
2823 4389 3042 4455 librum,
3064 4389 3153 4443 ubi
3184 4389 3414 4460 primum
3440 4391 3491 4445 in
3515 4393 3692 4447 lucem

434 4494 656 4564 μνοίῑὶίιν
688 4486 1156 4543 νθὶιθιηθυιίεεῖηῑθ
1187 4484 1588 4554 impugnarunt,
1622 4498 1691 4538 ac
1721 4498 1928 4537 summa
1959 4499 2079 4537 cum
2106 4484 2407 4540 eruditione
2437 4484 2760 4540 rel‘utarunt.
2803 4484 3040 4550 Quorum
3085 4483 3307 4553 scripta,
3333 4500 3473 4553 quae
3498 4487 3552 4539 in
3587 4487 3697 4542 hac

436 4585 739 4655 l’atroiogia
771 4591 902 4635 tom.
931 4578 1070 4634 CXV
1108 4587 1164 4633 et
1192 4577 1358 4635 CXIX
1390 4580 1529 4650 typis
1553 4594 1752 4634 excusa
1782 4587 1929 4639 sunt.
1960 4579 2128 4634 lector
2154 4582 2331 4635 adeat.

508 4679 703 4735 Scotus
731 4678 783 4730 in
812 4690 878 4729 eo
904 4673 1244 4743 potissimum
1291 4684 1560 4738 versatur,
1596 4683 1656 4728 ut
1684 4677 1965 4739 ostendat,
2015 4690 2117 4729 nec
2167 4677 2382 4746 duplam
2431 4675 2975 4746 praedestinationem
3023 4690 3122 4730 nec
3170 4674 3440 4743 geminam
3494 4672 3693 4727 rationi

439 4776 573 4831 satis
600 4786 915 4841 congruere,
941 4769 1037 4824 sed
1065 4784 1226 4822 uuam
1255 4776 1464 4822 tantum
1493 4769 1928 4838 simplicisSimae
1959 4770 2173 4825 divinae
2206 4771 2427 4824 unitatis
2456 4785 2576 4825 esse
2600 4770 3166 4838 praedestinationem.
3202 4770 3441 4839 Eamque
3462 4768 3698 4840 probare

437 4869 631 4924 nititur
667 4867 833 4920 variis
872 4866 1228 4936 argumentis,
1259 4881 1292 4920 e
1319 4868 1550 4931 ratione,
1579 4876 1732 4922 sacra
1760 4868 2061 4938 Scriptura,
2094 4869 2412 4939 Augustino,
2444 4868 2659 4924 aliunde
2685 4868 2886 4938 petitis.
2917 4867 3027 4923 Nec
3058 4877 3238 4922 tamen
3270 4869 3526 4932 rationes,
3553 4882 3697 4936 quas

437 4965 614 5027 atl‘ert,
643 4980 707 5019 ac
734 4962 1010 5017 (locum-ae
1029 4979 1153 5018 cum
1175 4963 1401 5018 veritate
1427 4963 1499 5017 ita
1526 4965 1658 5018 satis
1683 4965 2028 5029 conveniunt,
2048 4966 2178 5035 quin
2195 4981 2361 5019 sanae
2376 4964 2571 5018 rationi
2597 4973 2760 5034 atque
2783 4964 3061 5019 doctrinae
3085 4963 3358 5019 Ecclesiae
3379 4964 3701 5033 saepissime

448 5066 638 5119 aperte
657 5064 974 5122 repugnent.
996 5058 1166 5110 Docet
1180 5059 1349 5117 enim.
1377 5058 1799 5127 «prmscientiasn
1818 5067 1872 5129 et
1892 5059 2418 5125 prwdestinationem
2443 5078 2605 5115 ιιιιιιιιι
2625 5062 2875 5130 idemque
2895 5076 3014 5116 esse
3037 5076 3051 5126 ;
3084 5060 3611 5129 pmdestinationem
3633 5058 3691 5111 in

446 5137 558 5190 Deo
580 5137 802 5190 relative
827 5136 947 5190 ﬁeri
973 5155 1298 5221 non_poss::;
1326 5152 1574 5194 naturam
1606 5148 1797 5195 natura
1825 5156 1928 5194 non
1956 5143 2128 5211 puniri
2153 5160 2169 5209 ;
2196 5157 2465 5208 naturam,
2490 5149 2617 5213 quia
2638 5166 2664 5199 a
2691 5148 2801 5201 Deo
2824 5150 2916 5208 sit,
2951 5162 3050 5200 nec
3072 5162 3151 5214 per
3171 5161 3318 5210 care,
3347 5159 3443 5196 nec
3465 5143 3690 5209 puniri;

443 5240 621 5295 ngque
649 5225 700 5276 in
727 5226 899 5294 primo
923 5227 1139 5281 homine
1166 5241 1419 5294 peccasse
1448 5239 1652 5281 naturai
1676 5229 2108 5296 generalitatem,
2139 5246 2259 5298 qua,»
2285 5233 2500 5300 quidem
2530 5244 2716 5286 natura
2740 5236 2781 5285 si
2809 5232 3149 5303 deliquisset.
3180 5247 3299 5285 ουιιι
3323 5247 3430 5283 una
3457 5229 3549 5292 εει,
3572 5237 3693 5283 una

443 5309 689 5379 profecto
704 5314 955 5381 periisset
973 5330 991 5371 :
1014 5329 1242 5381 peccare
1261 5330 1366 5367 non
1387 5316 1490 5369 nisi
1512 5317 1936 5386 uniuscujusque
1954 5315 2284 5369 individuam
2305 5318 2521 5370 voiunta
2534 5318 2846 5386 tem,puuiri
2871 5334 2931 5369 ve
2942 5335 3001 5371 ru
3022 5319 3195 5371 solum
3218 5325 3419 5368 motum
3436 5313 3695 5366 volunta-

446 5400 588 5451 rium
621 5400 1002 5465 libidinosum;
1033 5411 1196 5454 tatem
1229 5404 1423 5457 anima:
1446 5412 1693 5457 naturam
1727 5405 1878 5457 rolun
1891 5413 2049 5455 tatem
2076 5418 2197 5457 esse
2224 5418 2241 5467 ;
2276 5419 2434 5457 omne
2461 5404 2659 5457 malum
2692 5420 2813 5458 esse
2842 5417 3120 5473 peccatum
3153 5414 3208 5456 et
3234 5403 3351 5472 ejus
3377 5417 3614 5469 pinnam.
3642 5410 3698 5453 et

442 5485 557 5540 hau:
576 5488 708 5541 nihil
722 5504 870 5554 esse;
898 5505 1113 5542 omnem
1134 5505 1397 5558 perversa:
1414 5490 1707 5545 voluntatis
1722 5492 1993 5546 defectum
2010 5492 2090 5542 vel
2112 5492 2465 5560 privationem
2485 5492 2570 5545 vei
2589 5501 2808 5559 peccatu
2822 5509 2895 5555 m,
2919 5492 3189 5560 ﬁnemque
3201 5494 3319 5559 ejus
3341 5500 3562 5543 mortem
3587 5488 3668 5541 ιιιί
3681 5519 3702 5531 ο

443 5573 755 5642 seriamque
792 5575 1181 5643 suppliciorum
1214 5587 1540 5635 aeternorum
1573 5581 1781 5632 omnino
1817 5580 1971 5633 niltil-
1997 5597 2125 5645 esse,
2168 5597 2231 5635 ar.
2259 5598 2351 5649 per
2386 5582 2487 5633 hoc
2519 5596 2609 5633 nec
2632 5582 2872 5650 priet-(iri
2908 5598 2999 5634 nec
3021 5580 3427 5650 prcdestinari;
3462 5589 3697 5646 peccat:

443 5674 741 5716 eorumne
795 5664 1056 5718 Supplicia
1092 5662 1224 5716 nillil
1269 5680 1415 5727 asc;
1463 5682 1561 5720 uec
1600 5680 1720 5721 esse
1764 5668 1909 5721 illum
1960 5670 2132 5729 ignem
2170 5681 2430 5724 aeternum
2463 5684 2707 5731 arenam.
2744 5686 2918 5731 neque
2963 5671 3028 5723 ad
3057 5685 3176 5725 eam
3202 5678 3561 5731 praeparatum
3606 5668 3700 5719 vel
