3904 6148
225 322 317 377 ὖὶτ)
988 328 1191 389 LIBER
1242 334 1326 390 DE
1364 334 2079 400 PRAEDES'I'INATIONE.
2120 374 2181 384 -—
2226 344 2313 399 AD
2350 344 2741 402 LECTOREM.
3345 346 3451 399 550

228 429 714 495 praedeszinatum;
776 432 827 485 in
858 450 924 487 eo
955 439 1140 502 procul
1184 438 1355 493 dubio
1394 442 1642 496 hahitare
1674 460 1797 498 cum
1829 451 2017 501 heatm
2054 460 2164 503 turn
2215 453 2483 519 miseros;
2541 457 2718 522 ignem
2757 464 3043 509 aeternum
3078 454 3241 506 istum
3274 455 3448 519 ipsum

226 525 470 583 quartum
501 519 687 572 mundi
723 520 1051 578 elementum
1084 541 1226 589 esse,
1259 528 1350 582 ubi
1385 544 1612 599 corpora
1644 542 1959 588 sant-torum
2004 537 2055 589 in
2096 538 2409 592 aetlteream
2440 519 2722 595 mutentur
2753 542 3098 609 Qualitatem,
3136 541 3448 608 iniquorum

228 620 343 658 vero
373 619 603 671 corpora
636 607 689 660 in
718 624 928 664 aeream
961 615 1279 679 qualitatem
1302 619 1413 673 sint
1441 621 1770 688 transitura;
1806 624 1859 675 in
1887 641 2049 690 eor/ue
2080 637 2391 679 naturarum
2426 632 2566 682 intra
2588 646 2643 681 se
2677 629 2915 681 mirabile
2952 627 3138 697 perﬁci
3177 627 3453 695 gaudium;

228 695 477 748 malarum
514 710 645 749 vero
691 698 1032 755 voluntatum
1076 703 1352 762 ineﬂ‘abile
1402 716 1770 775 tormentum;
1824 725 1879 767 et
1912 714 1983 766 ita
2022 715 2312 781 impiorum
2349 717 2615 782 omnium,
2659 715 2977 783 angelorum
3031 715 3449 782 hominumque.

227 794 442 847 corpora
474 784 739 852 supplicia
762 788 901 853 ignis
930 793 1138 847 aeterni
1173 809 1518 863 perpessure,
1554 807 1612 852 ut
1645 800 1959 867 integritate
1990 818 2183 856 eurum
2212 804 2553 858 substantiae
2583 806 2731 858 nullo
2767 803 2930 857 modo
2958 804 3220 870 peritura,
3259 816 3448 856 eorum

228 869 619 934 pulchritudine
646 876 797 930 nullo
828 877 990 932 modo
1028 881 1305 940 defutura.
1338 900 1526 938 eorum
1560 888 1796 941 naturali
1828 888 2208 944 incolumitite
2250 907 2630 959 permansura,
2677 894 2932 948 omnibus
2979 893 3178 947 deinde
3222 900 3451 943 naturae

226 954 372 1011 bonis
404 957 471 1013 ad
499 961 874 1018 universitatis
898 979 1282 1024 ornamentum
1320 973 1558 1028 mirabili
1588 972 1781 1030 ordine
1812 977 2123 1042 refulsuris,
2150 954 2375 1045 excepta
2410 980 2766 1043 beatitudine,
2794 998 2900 1050 qua
2933 984 3235 1049 priventur,
3264 987 3449 1032 aeter-

230 1059 318 1098 nas
346 1047 620 1113 patiantur
649 1066 964 1110 aerumnas.
999 1056 1166 1112 Deum
1205 1076 1314 1114 non
1343 1076 1465 1117 esse
1493 1076 1798 1128 anc'orem,
1826 1065 2089 1120 factorem
2121 1068 2538 1135 suppliciorum.
2569 1068 2777 1122 Poenas
2808 1068 2947 1121 mala
2977 1081 3117 1131 esse,
3154 1066 3388 1132 ideoque
3419 1078 3448 1115 τι

230 1134 351 1196 Deo,
387 1149 418 1189 a
472 1151 584 1205 quo
607 1155 717 1194 non
749 1140 820 1193 sit
851 1144 1075 1208 malum,
1108 1161 1217 1199 nou
1269 1164 1411 1206 esse.
1462 1153 1630 1208 Deum
1668 1167 1775 1207 non
1815 1154 2031 1221 punire,
2061 1157 2201 1223 quod
2238 1155 2384 1214 iecit,
2420 1171 2522 1210 nec
2574 1157 2643 1210 ab
2676 1156 2777 1219 eis,
2819 1172 2940 1224 quae
2991 1156 3138 1213 fecit,
3184 1152 3447 1208 naturalia

230 1220 352 1273 bona
380 1223 593 1282 tollere.
627 1226 795 1281 Deum
819 1228 869 1281 in
903 1244 966 1283 ea
990 1243 1202 1293 natura,
1243 1252 1410 1303 quam
1435 1242 1661 1302 creavit,
1697 1220 1913 1310 semper
1944 1220 2212 1297 habitare.
2248 1242 2430 1309 Ignem
2461 1255 2744 1298 aeternum
2778 1244 2843 1298 ad
2872 1244 3141 1297 urendum
3169 1242 3445 1296 diabolum

225 1312 506 1377 etangelus
536 1314 679 1383 ejus,
708 1329 818 1368 non
852 1317 917 1372 ad
945 1317 1196 1375 homines
1237 1324 1565 1380 cruciandos
1599 1327 1799 1381 factum
1830 1345 1972 1384 csse.
2004 1331 2249 1393 Diaholo,
2295 1342 2584 1401 postquam
2616 1333 2837 1386 aethere
2868 1333 3122 1385 detrusus
3146 1330 3237 1390 sit,
3265 1326 3358 1383 ubi
3394 1330 3448 1383 in

224 1401 467 1452 aethereo
491 1416 721 1471 corpore
750 1420 854 1459 non
888 1415 1102 1475 poterat
1124 1425 1324 1478 poenas
1351 1414 1580 1477 sentire,
1613 1418 1860 1473 additum
1893 1434 2014 1473 esse
2047 1436 2244 1488 cnpus
2268 1422 2495 1485 aerium,
2526 1420 2577 1474 in
2614 1436 2724 1490 quo
2755 1424 2933 1490 ignem
2964 1419 3213 1473 sentiret.
3247 1437 3266 1469 ι

291 1502 427 1559 llaec
458 1506 656 1576 hisque
682 1509 879 1564 similia
907 1527 1077 1582 quum
1107 1515 1156 1570 J.
1180 1516 1377 1572 Scotus
1404 1536 1469 1574 ex
1497 1522 1732 1578 decretis
1759 1540 1888 1579 Sirae
1918 1527 2295 1596 philosophiae
2310 1537 2498 1582 contra
2521 1537 2743 1582 sanctae
2768 1527 3042 1580 Ecclesiae
3071 1534 3449 1578 etsanctarum

230 1586 619 1658 Scripturarum
647 1596 952 1652 doctrinam
975 1613 1158 1669 aperte
1186 1607 1523 1673 protulisset,
1550 1612 1680 1679 quid
1708 1586 1934 1675 mirum:
1958 1619 2100 1684 quoi
2138 1586 2222 1672 iis.
2250 1618 2343 1686 qui
2381 1618 2557 1686 ipsum
2591 1618 2657 1671 ad
2693 1618 2844 1671 hunc
2879 1618 3077 1672 librum
3102 1615 3447 1669 condendam

229 1678 559 1747 impulerant,
586 1693 813 1738 noceret
841 1689 1013 1757 magis
1042 1706 1203 1759 quam
1238 1696 1516 1760 prodesset
1538 1678 1577 1750 ?7
1598 1699 1707 1753 Nec
1737 1703 1870 1756 satis
1911 1678 2239 1774 intelligitur
2267 1678 2517 1773 quid'sit,
2547 1706 2691 1773 quod
2720 1705 3046 1758 Hincmurus
3077 1703 3449 1771 archiepisco-

225 1781 339 1835 pus,
367 1768 504 1822 inter
530 1773 787 1840 aequales
816 1772 976 1829 facile
1011 1777 1492 1849 prudentissimus,
1528 1785 1793 1843 Joannem
1829 1789 2052 1844 Scotum
2083 1768 2352 1857 evocarit,
2387 1792 2476 1858 qui
2515 1802 2696 1858 partes
2732 1808 2861 1846 suas
2897 1793 2987 1845 tali
3028 1791 3235 1854 scripto
3265 1790 3452 1844 delen-

228 1854 388 1911 deret.
419 1855 751 1916 Prudentius
781 1878 911 1917 vero
943 1865 1010 1919 iis
1042 1867 1266 1922 Scotum
1297 1872 1464 1927 armis
1490 1875 1722 1931 adcrsus
1758 1887 1864 1942 est,
1899 1879 2099 1946 quibus
2129 1880 2174 1932 is
2204 1881 2460 1933 resistere
2490 1878 2573 1931 vix
2610 1890 2842 1946 poterat,
2879 1879 3300 1931 auctoritatibus
3324 1893 3449 1931 sano-

224 1954 423 1999 etorum
450 1947 688 2003 Patrum.
716 1949 957 2016 Quorum
983 1955 1130 2010 locos
1155 1957 1474 2016 innumeros
1493 1967 1791 2032 congessit,
1811 1966 2145 2033 Servumque
2174 1968 2412 2020 aulicam
2439 1968 2791 2021 acerbissime
2817 1967 3153 2035 perstrinxit.
3175 1966 3284 2020 Nec
3313 1968 3452 2019 onn-

227 2034 404 2095 simus.
422 2050 487 2090 ex
514 2036 795 2095 Prudentii
827 2040 1384 2113 «Recapitulatioues,
1412 2067 1574 2118 quam
1597 2054 1663 2106 ad
1692 2055 1897 2108 calcem
1919 2055 2101 2123 operis
2128 2058 2210 2111 sui
2241 2056 2463 2120 adiecit,
2485 2058 2799 2117 nonnullas,
2821 2034 3021 2123 tlltlblls
3048 2058 3278 2123 singulis
3303 2054 3450 2110 Scnti

224 2122 490 2177 erroribus
512 2126 1100 2187 mederemursuoloco
1121 2144 1278 2188 natas
1303 2136 1525 2192 addere.
1560 2139 1626 2194 Ut
1650 2157 1780 2196 vero
1802 2122 1997 2202 noscas
2014 2162 2186 2210 arma,
2218 2161 2358 2210 artae
2401 2156 2586 2201 noster
2616 2151 2718 2201 hoc
2739 2148 2946 2214 scripto
2974 2148 3024 2199 in
3060 2163 3118 2201 se
3159 2146 3448 2207 convertit,

225 2209 502 2267 nonnullos
529 2214 788 2270 librorum
811 2217 1169 2278 Prudentiiet
1193 2224 1337 2279 Flori
1359 2226 1604 2298 integros
1624 2232 1792 2291 locos.
1820 2250 1918 2289 nec
1947 2250 2055 2289 non
2085 2209 2314 2289 duarum
2342 2236 2677 2306 synodorum
2709 2236 2906 2303 iudicia
2930 2235 3247 2289 adscribere
3274 2234 3451 2289 lubet.

294 2315 609 2377 Prudentius
661 2325 806 2380 enim
840 2326 891 2382 ἠ
914 2329 1248 2398 praefatione
1278 2333 1401 2389 libri
1430 2337 1538 2401 sui,
1570 2354 1711 2407 quae
1742 2338 2019 2397 Weniloni
2049 2342 2461 2412 archiepiscopo
2484 2341 2786 2396 Senouensi
2822 2341 3160 2405 inscribitur,
3193 2342 3273 2396 sic
3296 2340 3450 2395 ordi-

223 2412 353 2459 lor:

296 2517 560 2585 Accensus,
586 2531 742 2590 prout
775 2523 1099 2586 decetatque
1122 2535 1344 2595 oportet,
1378 2528 1488 2582 zelo
1502 2532 1794 2588 catholicae
1823 2537 2005 2602 ﬁdeict
2035 2557 2183 2595 verae
2197 2543 2448 2597 caritatis
2481 2543 2694 2612 affectu,
2723 2555 2874 2613 pater
2897 2543 3217 2608 beatissime,
3261 2543 3450 2597 misisti

223 2608 345 2659 mihi
368 2609 628 2675 quandam
664 2611 990 2676 schedulam,
1023 2618 1198 2667 decem
1226 2625 1276 2669 et
1305 2634 1484 2670 norem
1514 2622 1752 2675 ca.titula
1792 2630 2142 2682 continentem
2174 2646 2239 2683 ex
2270 2630 2406 2684 libro
2441 2633 2723 2701 c-tjusdam
2752 2633 2899 2686 Scoti
2928 2631 3143 2694 selecto,
3177 2650 3209 2685 a
3241 2648 3306 2685 no
3338 2639 3449 2694 tro.

224 2702 284 2777 est
304 2696 398 2756 ais,
430 2713 483 2749 se
515 2700 899 2765 quodammodo
929 2701 1195 2755 intellectu
1227 2706 1555 2768 divertenrio,
1595 2726 1763 2779 rogan

1916 2732 2148 2780 monens,
2196 2728 2251 2770 ut
2287 2736 2628 2791 qum-cunque
2660 2723 2712 2774 in
2757 2723 2829 2775 eis
2870 2740 2902 2776 tt
2947 2738 3063 2777 vero
3092 2723 3449 2777 exorbitantia

223 2787 593 2854 comperissem,
626 2788 907 2857 unicuique
939 2790 1001 2842 de
1032 2789 1181 2844 libris
1205 2795 1515 2865 euangelicis
1541 2813 1590 2851 et
1620 2800 1998 2857 catholicorum
2037 2815 2306 2860 doctorum
2337 2810 2737 2863 auctoritatibus
2769 2812 3002 2866 devitanti
3056 2815 3288 2880 capitqu
3321 2831 3451 2867 con-

223 2888 346 2938 grua
374 2874 729 2943 depromerem
759 2876 964 2929 abunde
995 2892 1266 2947 responsa.
1324 2882 1525 2947 Quibus
1552 2886 1786 2943 decursis
1811 2889 1891 2944 sol
1916 2893 2138 2963 iciteque
2171 2897 2474 2964 pet'sp.'ctis,
2502 2900 2670 2964 reperi
2711 2900 2763 2950 in
2796 2899 2869 2951 eis
2904 2898 3215 2968 Pelagianae
3252 2918 3451 2955 venena

225 2960 481 3028 perﬁdiae,
515 2971 565 3016 et
596 2962 875 3033 aliquoties
903 2962 1141 3033 Ot'igettis
1174 2984 1205 3020 α
1229 2971 1483 3035 nentiam,
1521 2968 2059 3045 Collyrianorum-me
2101 2984 2483 3036 haereticorum
2515 2985 2886 3051 furiositatem,
2922 3003 3149 3057 quarunt
3202 2991 3383 3041 merito
3418 3006 3450 3040 rt

226 3045 504 3102 Catholicae
548 3051 675 3119 ﬁdei
718 3050 1006 3104 cultoribus
1056 3069 1118 3105 ac
1163 3062 1637 3126 propugnatoribus
1698 3065 2040 3121 validissimis
2083 3070 2343 3138 confutati
2393 3088 2718 3141 censuraque
2754 3045 3091 3144 justisi'imae
3146 3078 3449 3128 severitatis

227 3136 374 3188 multo
396 3146 516 3190 ante
544 3149 729 3193 nostra
757 3147 991 3203 tempora
1033 3142 1273 3194 damnati
1304 3155 1447 3199 sunt.
1492 3148 1774 3217 Intremui,
1806 3156 2002 3221 fateor,
2035 3168 2083 3208 et
2114 3162 2322 3223 expavi,
2363 3169 2438 3212 tot
2476 3162 2601 3214 olim
2628 3178 2829 3215 errores
2858 3179 2974 3215 cum
3005 3164 3114 3216 suis
3146 3166 3451 3217 auctoribus

219 3224 324 3290 jam
348 3230 555 3294 sopitos,
603 3230 802 3281 nostris
826 3229 994 3282 denuo
1016 3233 1331 3299 temporibus
1356 3236 1643 3303 pu’lulare,
1672 3248 1719 3293 et
1740 3260 1761 3292 α

1910 3254 2038 3297 mles
2064 3248 2330 3312 quondam
2355 3248 2526 3316 fumos
2555 3266 2684 3301 nona
2710 3266 2918 3305 rursum
2949 3253 3255 3305 accensione
3278 3268 3452 3304 erum-

227 3332 352 3381 pere,
375 3320 557 3389 suique
579 3319 847 3372 noxietate
869 3321 1154 3375 multorum
1173 3324 1351 3378 oculos
1378 3326 1633 3398 caligare.
1662 3329 1881 3400 Quibus,
1909 3337 2240 3403 utjusseras,
2268 3338 2360 3403 ref.
2380 3338 2572 3392 llendis
2599 3356 2716 3392 cum
2742 3340 2974 3392 animum
3002 3356 3248 3406 pararem
3271 3341 3451 3408 appel-

227 3404 337 3467 lere,
368 3405 560 3460 laboris
591 3408 908 3476 difﬁcultate
951 3413 1257 3479 perterritus
1289 3414 1645 3470 deliberabam
1675 3423 1880 3486 penitus
1923 3427 2264 3479 omittendum
2322 3427 2505 3480 Verum
2553 3431 2811 3481 tttonculis
2844 3432 3163 3482 auctoritate
3196 3445 3454 3497 perpensa

226 3496 339 3547 duxi
369 3498 556 3562 satius,
585 3512 702 3549 cum
739 3497 916 3564 fructu
947 3498 1290 3563 obedientiae,
1313 3504 1411 3555 etsi
1437 3506 1608 3559 minus
1640 3507 1815 3575 pleno,
1843 3512 2176 3580 aliquatenus
2200 3514 2307 3568 labi
2353 3533 2510 3586 quam
2541 3529 2796 3587 paternae
2819 3518 3137 3570 reverentiae
3168 3518 3207 3569 ti
3229 3518 3454 3569 ..iditate

226 3581 413 3648 stupida
438 3588 729 3640 contraire.
755 3587 1034 3641 Animatus
1058 3589 1238 3656 itaque
1260 3593 1459 3645 meritis
1486 3598 1725 3664 rogantis
1755 3600 2158 3669 arationumque
2182 3604 2572 3657 instuntissima
2606 3607 2837 3669 puritate
2863 3606 3139 3659 scribentis
3167 3609 3331 3659 visum
3376 3617 3451 3658 est

230 3666 400 3721 librum
435 3675 682 3741 eundem,
717 3676 762 3727 si
790 3691 891 3742 qua
920 3676 1053 3743 forte
1081 3678 1302 3731 inveniri
1325 3692 1518 3747 posset,
1546 3683 1787 3753 diligenti
1814 3691 2121 3742 curiositate
2144 3692 2472 3765 perquirere,
2508 3694 2657 3762 cujus
2690 3694 2825 3746 serie
2853 3692 3148 3745 salebrosas
3184 3704 3453 3745 tantorum

229 3771 445 3812 errorum
470 3762 725 3815 tortioues
751 3770 974 3816 valerent
1000 3765 1211 3834 facilius
1237 3769 1450 3823 intueri.
1480 3771 1598 3839 Quo
1625 3777 1798 3841 gratia
1830 3776 1943 3830 Dei.
1966 3778 2079 3830 sine
2101 3794 2203 3845 qua
2234 3780 2362 3831 nihil
2389 3762 2507 3832 sum
2531 3791 2581 3833 et
2617 3780 2750 3833 nihil
2779 3796 3011 3849 passum,
3047 3790 3100 3831 ut
3127 3790 3451 3848 optaveram.

229 3859 443 3899 assecuta
466 3850 805 3918 deprehendi,
836 3861 1089 3920 quantum
1122 3854 1373 3908 divinitus
1405 3858 1689 3924 inspiratus
1724 3868 1890 3927 potui,
1926 3865 2159 3935 Pelagii,
2184 3866 2313 3919 Curi
2340 3870 2448 3932 atii,
2482 3885 2764 3932 eorumque
2800 3868 3041 3938 sequacis
3069 3886 3129 3920 uc
3160 3869 3451 3934 defensoris

228 3939 473 4004 acerrimi,
510 3939 745 4002 Iuliani,
777 3957 868 4008 per
895 3944 1069 3994 onmia
1104 3953 1437 4007 sectatorem,
1468 3946 1730 4003 Joannem
1759 3950 1992 4007 videlicet
2028 3956 2266 4019 Scotum,
2309 3966 2455 4009 lauta
2475 3957 2797 4024 impudentia
2828 3959 3154 4011 orthodoxae
3185 3959 3309 4024 fidei
3340 3957 3448 4010 Pu-

232 4028 468 4097 trihttsque
499 4030 774 4082 catholicis
798 4029 1169 4097 oblatrantem,
1213 4049 1275 4085 ac
1299 4037 1344 4087 si
1375 4052 1510 4089 unus
1536 4040 1754 4105 spiritus
1786 4040 2064 4094 lulianum
2089 4041 2454 4113 Joannem/ue
2483 4048 2738 4110 docuerit,
2776 4062 2910 4098 unus
2943 4046 3182 4113 idemque
3228 4048 3451 4113 spiritus

230 4112 276 4163 in
296 4116 358 4166 eis
386 4117 560 4185 fuerit,
602 4134 698 4171 nec
720 4118 899 4180 dispar
920 4122 1137 4188 spiritus
1173 4138 1265 4190 per
1292 4139 1474 4177 eorum
1506 4127 1715 4195 linguas
1752 4138 1827 4182 tot
1863 4138 2142 4196 tantusque
2163 4131 2612 4199 blasphemiarum
2647 4151 2875 4188 nauseas
2906 4136 3189 4188 euomuerit
3242 4133 3376 4187 Nam
3402 4144 3450 4186 et

228 4207 491 4263 gratuitam
529 4203 629 4257 Dei
659 4211 889 4274 gratiam
917 4209 1123 4274 pariter
1153 4211 1490 4280 impugnant,
1540 4224 1588 4266 ct
1625 4217 1713 4268 Det
1746 4218 2021 4285 justitiam
2051 4222 2298 4273 similiter
2320 4223 2604 4292 denegant,
2631 4231 2678 4274 et
2704 4224 2966 4292 originale
2988 4231 3282 4291 peccatum,
3311 4225 3451 4290 quod

230 4301 474 4345 nascentes
534 4294 822 4357 trahimus,
857 4313 1057 4367 quoque
1086 4315 1187 4350 non
1226 4300 1328 4352 nisi
1353 4300 1569 4353 caelesti
1600 4306 1781 4372 gratia
1805 4322 1896 4372 per
1928 4311 2238 4377 mysterium
2268 4310 2599 4378 baptismatis
2627 4310 2901 4371 solamur,
2935 4308 3239 4362 indissimdi
3262 4326 3453 4377 garru-

230 4374 362 4428 litate
381 4381 710 4446 dissuadeut,
736 4389 1060 4453 argutiisque
1100 4387 1385 4441 dialecticis
1426 4388 1697 4442 simillima
1725 4395 1959 4446 vanitate
1982 4374 2271 4462 desipiunt.
2294 4396 2665 4451 Rectissimum
2682 4400 2839 4451 etiam
2861 4408 3173 4450 sanctarum
3202 4398 3450 4468 Scriptu-

229 4480 388 4523 rarum
424 4474 747 4529 intellectam
782 4476 1113 4544 Patrumque
1145 4483 1525 4535 catholicorum
1556 4500 1765 4537 sensum
1790 4484 2141 4536 sanissimum
2161 4494 2271 4537 tam
2300 4487 2556 4538 concinna
2597 4486 2936 4539 varicositate
2966 4498 3290 4555 pervertunt,
3314 4502 3377 4539 ac
3408 4496 3453 4547 si

229 4570 470 4647 nunquam
491 4565 747 4617 odrersus
764 4581 946 4618 eorum
977 4584 1181 4620 errores
1204 4570 1478 4640 quidpiam
1512 4571 1670 4641 fuerit
1702 4577 2003 4630 actitatum.
2031 4573 2224 4638 Quibus
2243 4592 2359 4629 cum
2383 4592 2414 4630 a
2439 4574 2687 4630 Patribus
2721 4581 3104 4647 praecipueque
3147 4578 3452 4632 bealtssimo

230 4634 493 4711 Λιιθυὶιὶηο
523 4655 1003 4720 competentissime
1020 4658 1579 4728 abundantissitneque
1596 4676 1901 4730 responsum
1927 4660 2113 4730 fuerit,
2142 4675 2478 4730 nequaquam
2503 4677 2583 4714 me
2606 4665 3050 4732 praesumptionis
3075 4680 3105 4716 a
3124 4665 3223 4732 piis
3248 4662 3455 4717 lectori-

229 4726 311 4781 bus
328 4737 507 4789 credidi
527 4738 875 4793 indicandum
917 4745 963 4795 si
989 4746 1090 4798 tuis
1108 4747 1317 4800 monitis
1332 4726 1562 4801 dictante
1579 4726 1776 4813 pietate
1795 4726 2018 4802 libenter
2037 4726 2346 4819 obsequens,
2364 4751 2574 4816 oﬂ'eram
2590 4770 2684 4823 pro
2705 4752 2795 4806 vili
2811 4754 3052 4823 portione
3068 4755 3118 4806 in
3134 4755 3353 4806 donaria
3372 4762 3456 4804 ta-

228 4817 474 4879 bernaculi
501 4826 714 4881 Domini
750 4832 868 4891 mei,
894 4849 1030 4901 quae
1064 4836 1281 4902 possim,
1313 4835 1612 4906 relinquens
1636 4838 1926 4907 potioribus
1945 4854 2008 4890 ac
2024 4838 2360 4898 doctioribus,
2385 4857 2620 4911 quaeque
2640 4841 2822 4894 melius
2839 4841 3106 4895 valuerint
3127 4851 3174 4894 et
3194 4842 3453 4895 voluerint

225 4907 480 4975 afferenda.
504 4916 614 4970 Nec
634 4935 804 4985 posse,
828 4929 883 4972 ut
906 4926 981 4974 ait
1006 4920 1063 4976 S.
1088 4924 1466 4994 Hieronymus,
1487 4927 1712 4980 alterius
1737 4943 1858 4995 opes
1880 4927 2102 4979 alterius
2129 4907 2445 4995 paupertate
2461 4907 2689 4996 foedari.
2718 4927 2915 4982 Fidens
2934 4931 3096 4999 igitur
3118 4929 3171 4981 in
3194 4930 3307 4998 ejus
3326 4947 3421 4999 gra
3437 4960 3454 4971 ο

228 5002 316 5056 ιω.
331 5012 421 5066 qua
434 5007 823 5070 praevertimur,
847 5022 901 5060 ut
927 5009 1052 5062 bene
1068 5011 1300 5073 velimus,
1322 5012 1709 5084 subsequimur,
1733 5030 1795 5066 ne
1811 5015 2012 5083 frustra
2028 5015 2268 5081 velimus,
2290 5017 2533 5070 revolutis
2557 5017 2776 5071 Patrum
2795 5019 3031 5071 consonis
3045 5035 3139 5088 per
3161 5019 3338 5071 omni:
3355 5035 3425 5087 pu
3440 5045 3455 5057 -

222 5082 367 5147 ginis,
381 5090 500 5154 quid
515 5092 738 5161 quisque
757 5111 936 5148 eorum
959 5100 1184 5151 antidoti
1203 5112 1389 5153 contra
1403 5082 1584 5155 eadem
1614 5118 1806 5156 venena
1833 5103 2136 5173 confecerit,
2157 5105 2431 5171 decerpere
2449 5105 2595 5174 ﬁdeli
2605 5120 2681 5159 ter
2699 5107 2903 5172 curavi,
2935 5108 3177 5176 praeﬁxo
3192 5108 3451 5177 cujusque

155 5189 161 5195 ·
224 5170 432 5231 doctoris
452 5184 682 5250 nomine,
704 5183 937 5254 libroque
962 5198 1161 5257 potnter
1180 5190 1444 5246 intimate.
1478 5190 1644 5246 Verba
1681 5207 1885 5263 quoque
1899 5170 2135 5259 ejusdem
2148 5189 2397 5257 Joannis,
2419 5204 2475 5245 ut
2499 5192 2565 5246 ab
2590 5210 2648 5246 eo
2667 5194 2871 5265 digesta
2886 5208 3028 5261 sunt,
3059 5196 3294 5263 pluribus
3323 5196 3452 5247 locis

224 5256 418 5323 inserui,
440 5271 744 5340 praeposito
760 5273 918 5326 etiam
938 5278 1147 5329 nomine
1166 5280 1326 5341 ipsius
1347 5296 1460 5331 cum
1477 5285 1819 5344 praecedente
1839 5280 1971 5333 illud
1990 5289 2137 5343 nota,
2158 5296 2292 5349 quae
2310 5297 2497 5350 graece
2511 5282 2706 5335 dicitur
2726 5285 2883 5353 θῆτα,
2899 5301 3055 5354 quam
3074 5288 3341 5366 sententiis
3364 5301 3454 5344 ca,

221 5346 450 5408 vitalibus
468 5358 895 5416 domnandorum
917 5364 1086 5433 aliqui
1104 5368 1459 5432 praescribere
1481 5368 1736 5425 solebant.
1763 5369 1821 5425 Si
1846 5371 2025 5427 multis
2045 5373 2182 5426 cnim
2209 5387 2309 5425 non
2335 5373 2488 5428 verba
2508 5380 2620 5445 ejus
2641 5372 2949 5442 interposui,
2973 5389 3109 5444 quae
3134 5376 3456 5438 loquacitate

2444 5491 2469 5511 ἢ
