3904 6148
484 350 580 403 :51
1853 328 2137 396 taturus
2174 331 2364 397 SCOTI
3618 327 3710 394 laxi

485 460 645 509 nimia
677 455 963 525 legentibus
985 452 1253 524 fastidium
1279 455 1542 519 ingerunt,
1566 454 1657 504 ‘s'tl
1683 453 1912 505 ~ensibus
1941 470 2120 507 eorum
2148 468 2240 518 pro
2277 469 2387 505 meo
2425 462 2581 516 captu
2614 467 2757 506 meae
2805 452 3121 522 pusillitatis
3170 451 3430 504 veraciter
3467 450 3704 505 ob‘viaei.»

557 545 765 599 Deinde
795 547 969 607 capite
1006 543 1182 611 primo
1214 544 1264 591 in
1296 538 1559 593 Jmnuem
1595 539 1633 592 S
1668 551 1819 591 totum
1849 540 2125 593 invehimur
2157 542 2242 594 bis
2273 541 2453 595 verbis
2490 557 2503 597 :

554 630 915 699 Blasphemias
939 634 1077 683 tuas.
1100 624 1355 683 Joannes.
1388 637 1548 697 atque
1572 624 1945 695 impudentiae,
1976 628 2165 699 quibus
2199 632 2253 682 in
2287 629 2379 683 Dei
2418 631 2708 701 gratuitam
2740 632 2971 698 gratiam
3010 630 3380 698 justitiamque
3402 624 3708 701 inﬂexibilem

481 741 678 795 procax
716 723 988 781 inreheris,
1024 734 1270 786 percurso
1304 727 1426 771 tuae
1471 720 1829 788 perversitatis
1877 719 2033 775 libro.
2084 730 2234 785 quem
2267 720 2358 771 sub
2399 720 2609 771 nomine
2639 717 2912 785 cujusdam
2941 714 3237 770 Cotescalci
3268 718 3517 771 adversus
3554 730 3709 772 omnes

480 812 760 867 catholicos
799 810 1045 880 eﬁ'udisti.
1083 824 1141 860 eo
1175 800 1445 860 molestius
1485 808 1680 872 accepi.
1715 824 1816 875 quo
1857 817 1904 862 te
1951 807 2283 876 familiarius
2317 806 2696 875 amplectebar,
2734 805 3057 873 peculiarius
3090 802 3395 873 diligebam,
3424 806 3607 885 quippe
3633 808 3713 877 qvi

479 901 532 952 in
558 907 765 953 tantum
796 897 1041 949 vesaniae
1066 896 1392 965 proruperis,
1426 902 1480 947 ut
1512 896 1876 962 gravissimam
1905 902 2218 949 sanctarum
2252 894 2655 963 Srripturarum
2690 896 3063 945 auctoritatem
3093 895 3192 947 tuis
3216 894 3395 962 pravis
3419 894 3709 958 interprete.

479 985 701 1038 tionibus
732 984 1085 1051 detorqueres.
1120 997 1377 1050 sensuque
1408 981 1787 1035 catholicorum
1820 981 2045 1036 Patrum
2080 983 2338 1051 perversis
2392 981 2698 1034 inverteudu
2739 981 2978 1034 sensibus
3007 983 3266 1043 edoceres,
3310 982 3558 1036 niniirum
3588 990 3703 1052 qua-

478 1074 708 1127 drivium
743 1073 1007 1139 quoddam
1037 1070 1181 1122 nobis
1218 1070 1545 1139 intelligendi
1580 1070 1884 1138 Scripturas
1916 1072 2189 1140 aﬂingens,
2230 1069 2367 1139 quod
2420 1069 2605 1123 Patres
2634 1070 2823 1129 nostri.
2862 1066 3096 1121 videlicet
3123 1080 3300 1121 omnes
3343 1069 3585 1122 catholici
3611 1079 3709 1124 tros

475 1170 723 1222 ctatores,
756 1160 931 1213 divina
959 1161 1288 1228 humanaque
1317 1161 1577 1228 sapientia
1599 1160 2003 1231 praefulgentes,
2036 1176 2154 1213 eum
2182 1164 2346 1213 multa
2371 1158 2724 1212 eruditissime
2748 1144 3257 1226 luculentissimeque
3279 1144 3499 1210 caelitus
3525 1156 3708 1219 imbuti,

474 1250 799 1318 exponendo,
829 1258 984 1313 atque
1012 1247 1342 1317 intelligendi
1372 1249 1585 1317 regulas
1618 1250 1900 1318 modosque
1932 1249 2255 1303 locutionum
2284 1245 2600 1314 multiplices
2641 1246 2923 1313 aperiendo
2955 1245 3280 1313 reliquerint,
3315 1246 3366 1297 in
3403 1246 3585 1316 quibus
3610 1248 3709 1299 uul-

476 1337 581 1389 lam
618 1339 695 1389 tui
726 1334 989 1407 quadrivii
1035 1337 1349 1388 mentionem
1380 1335 1559 1405 fecisse
1583 1335 1892 1405 probantur,
1924 1336 2129 1405 penitus
2152 1342 2598 1403 contempserunt,
2626 1342 2973 1399 proponentes
3019 1333 3164 1387 nobis
3200 1334 3434 1386 videlicet
3478 1344 3529 1387 et
3565 1334 3708 1388 multo

475 1424 738 1490 meliores,
776 1428 1083 1492 sanctiores,
1113 1426 1475 1492 doctioresque
1519 1425 1653 1487 vias,
1690 1439 1920 1493 quarum
1978 1414 2331 1493 opitulatione
2386 1422 2597 1476 subnixi
2634 1430 2682 1474 et
2723 1422 3061 1489 stropharum
3115 1432 3329 1475 tuarum
3386 1423 3706 1491 faeculenti“

476 1517 689 1573 evitare,
712 1523 761 1567 et
791 1515 1072 1583 puritatem
1097 1510 1517 1582 simplicissimae
1545 1510 1669 1576 ﬁdei
1701 1511 2008 1565 clarissimis
2034 1527 2095 1564 ac
2120 1511 2449 1564 suavissimis
2479 1510 2703 1579 fontibus
2734 1511 2950 1564 haurire
2978 1523 3026 1563 et
3048 1510 3332 1580 propinare
3360 1512 3415 1564 in
3439 1511 3640 1565 nomine
3665 1522 3706 1565 et

476 1603 742 1672 adjutorio
781 1604 1153 1666 auxiliatricis,
1187 1604 1291 1657 imo
1319 1600 1693 1668 praeventricis
1728 1603 1935 1670 gratiae
1972 1599 2065 1654 Dei
2094 1600 2375 1669 possimus.

545 1690 658 1745 Nec
689 1691 881 1744 leniter
908 1707 1033 1746 eum
1069 1691 1260 1744 eodem
1288 1690 1528 1758 capitulo
1556 1690 1717 1756 paulo
1749 1697 1872 1757 post
1901 1689 1978 1742 sic
2003 1688 2247 1757 increpat
2274 1705 2288 1742 :

546 1775 798 1841 Quamvis
836 1778 1272 1846 nonignoremtts,
1307 1786 1585 1844 praecepto
1624 1773 1838 1829 Domini
1874 1792 2007 1829 vasa
2032 1792 2196 1831 aurea
2237 1788 2394 1847 atque
2422 1784 2696 1845 argentea,
2736 1779 3052 1842 vestiumque
3078 1794 3139 1831 ac
3166 1784 3490 1845 gemmarum
3520 1769 3705 1831 variant

475 1870 724 1937 pu'chrit:
746 1868 918 1920 dinem
961 1869 1025 1919 ab
1064 1862 1335 1935 {Egyptiis
1370 1874 1638 1928 mutuata,
1675 1864 1791 1933 ejus
1826 1864 2168 1918 tabernaculo
2199 1865 2366 1931 fuisse
2398 1864 2599 1923 oblata.
2650 1875 2697 1917 et
2729 1881 2839 1919 esse
2869 1866 3102 1919 devotius
3124 1864 3415 1933 o/I'erenda,
3458 1882 3626 1919 verunt
3659 1866 3708 1918 id

475 1964 883 2023 quotiescunque
918 1962 1099 2005 contra
1136 1970 1220 2006 eos
1274 1954 1359 2021 agi
1389 1968 1594 2005 summa
1633 1953 1916 2005 necessitas
1963 1954 2149 2021 coegit,
2189 1954 2280 2022 qui
2316 1952 2508 2005 talibus
2552 1952 2729 2022 inﬂati
2762 1953 3132 2020 gloriabantur
3160 1954 3211 2005 in
3243 1955 3563 2009 vanitatibus
3586 1955 3704 2015 suis.

476 2060 522 2099 et
546 2046 933 2113 simplicitatem
958 2056 1170 2095 nostrae
1193 2043 1314 2110 ﬁdei
1343 2044 1627 2096 stultitiam
1658 2042 2004 2106 deputabunt,
2030 2042 2244 2107 exsequi
2281 2057 2376 2110 pro
2401 2050 2633 2104 tempore
2664 2048 2867 2115 nonest
2902 2041 3199 2107 inhibitum,
3229 2042 3322 2096 sed
3347 2041 3579 2109 ﬁdeliter
3594 2058 3706 2111 pru-

476 2140 759 2201 t.’euterque
787 2146 818 2187 a
852 2133 1103 2185 Patribus
1132 2140 1464 2201 usurpatum.
1496 2132 1571 2184 Tu
1603 2139 1776 2184 autem
1805 2148 1837 2183 a
1865 2131 2136 2184 contrario
2165 2130 2229 2181 de
2260 2128 2364 2195 [ide
2407 2132 2655 2182 adversus
2701 2127 2905 2195 ﬁdeles,
2954 2129 3113 2183 nullis
3144 2131 3553 2200 sophismatibus
3576 2133 3702 2185 inni-

476 2230 663 2283 tentes,
692 2221 1044 2290 impudentius
1069 2219 1317 2277 scribens,
1351 2234 1514 2287 quare
1535 2217 1603 2270 ad
1626 2218 1912 2287 sophistica
1943 2228 1992 2270 te
2018 2218 2365 2271 deliramenta
2398 2217 2653 2270 verteris?
2691 2216 2753 2270 In
2783 2228 3029 2289 promptu
3052 2229 3126 2272 est
3152 2221 3401 2273 nimirum
3421 2222 3706 2288 jactantiae

473 2310 711 2372 studens,
750 2318 796 2359 et
833 2324 932 2361 non
966 2306 1075 2371 iam
1100 2307 1460 2374 philosophus,
1494 2307 1584 2360 sed
1606 2306 1964 2375 phtlocompos
2002 2305 2162 2359 videri
2193 2317 2466 2375 appetens.
2512 2322 2573 2358 ea
2605 2307 2751 2359 nobis
2772 2312 3017 2376 ingerere
3045 2307 3306 2377 delegisti,
3333 2324 3471 2379 quae
3504 2328 3537 2364 a
3575 2310 3704 2363 nullo

473 2406 709 2448 nas-trum
739 2396 817 2449 vel
845 2396 1083 2465 intelligi,
1116 2395 1199 2449 vel
1225 2396 1555 2463 deprehendi,
1587 2394 1669 2448 vel
1699 2403 1833 2447 certe
1870 2392 2133 2464 confutari
2165 2412 2312 2462 posse
2334 2397 2631 2449 credi/eras
2656 2410 2675 2460 ;
2713 2407 2763 2451 et
2797 2398 2923 2450 dum
2963 2401 3137 2453 studes
3160 2402 3368 2469 placere
3398 2403 3700 2468 hominibvs,

473 2486 655 2551 quibus
681 2486 731 2535 id
762 2483 905 2536 cordi
945 2500 1053 2537 esse
1084 2500 1321 2547 noveras,
1347 2484 1393 2537 si
1432 2491 1606 2536 tamen
1631 2492 1755 2537 sunt
1785 2484 1976 2546 aliqui.
2009 2486 2148 2552 quod
2177 2492 2379 2539 avertat
2408 2486 2602 2538 veritas
2629 2489 2974 2553 sempiterna,
3021 2504 3351 2559 nequaquam
3384 2491 3465 2544 vel
3504 2493 3697 2553 cavisti,

472 2573 551 2627 vel
582 2575 879 2644 [ormidasti
901 2572 984 2625 illi
1015 2571 1310 2637 displicere,
1334 2573 1397 2624 de
1421 2588 1520 2641 quo
1552 2588 1709 2641 super
1739 2570 1932 2624 talibus
1964 2574 2215 2639 propheta
2245 2572 2558 2625 in‘entando
2595 2573 2877 2641 praedicit,
2926 2575 3195 2642 Quoniam
3248 2576 3393 2631 Deus
3425 2578 3703 2649 dissipavit

472 2678 592 2713 ossa
623 2677 836 2720 eorum,
880 2663 969 2730 qni
1010 2660 1321 2714 hominibus
1352 2659 1565 2727 placent
1596 2675 1611 2724 ;
1654 2660 1870 2712 confusi
1903 2669 2053 2721 sunt,
2083 2659 2342 2727 qu-mizuu
2377 2660 2519 2714 Deus
2553 2661 2762 2728 Sprevit
2795 2678 2912 2717 eos.
2953 2661 3062 2716 Nec
3094 2667 3332 2719 metuisti
3369 2683 3491 2721 cum
3529 2670 3698 2721 Achan

472 2766 687 2804 auream
710 2749 940 2817 regulam
976 2763 1040 2801 ea:
1082 2736 1487 2801 Ilierochontino
1527 2749 1863 2800 anathemate
1899 2757 2083 2799 contra
2113 2747 2390 2801 inhibitum
2423 2750 2612 2802 castris
2653 2750 2937 2804 Dominicis
2967 2752 3181 2820 inferre,
3224 2754 3567 2826 jamjamque
3596 2773 3703 2810 cunt

469 2840 580 2901 ipso
625 2840 939 2892 sententiam
987 2837 1195 2889 divinae
1222 2835 1713 2895 animadversionis,
1746 2836 1848 2886 nisi
1899 2835 2056 2887 citius
2104 2835 2375 2888 humiliter
2422 2836 2770 2903 resipiscendo
2818 2839 3157 2904 poeuitueris,
3200 2842 3385 2894 merito
3420 2844 3699 2896 subiturus.

474 2928 774 2995 Quicunque
821 2926 958 2978 enim
998 2927 1325 2993 propheticus
1356 2922 1437 2976 vel
1463 2923 1779 2993 apostolicus
1814 2923 1956 2975 nobis
1988 2922 2190 2975 litteras
2215 2919 2495 2991 diligenter
2517 2925 2746 2977 scrutati
2778 2939 2918 2988 sunt,
2956 2926 3611 2994 vivaciterintellexerunt,
3637 2932 3700 2998 ﬁ-

464 3016 653 3085 peliter
683 3017 1004 3077 enodaruut,
1032 3017 1279 3066 abstrusa
1315 3011 1626 3076 aperientes,
1657 3011 1823 3081 plana
1853 3020 2189 3074 exornantes,
2220 3013 2567 3067 nodosissinta
2601 3016 2951 3079 enucleantes,
2976 3018 3266 3088 allegorica
3285 3022 3597 3089 detegentes,
3618 3023 3704 3075 hoc

464 3108 797 3161 clarissimum
826 3112 1151 3173 sategerunt,
1194 3111 1250 3154 ut
1278 3100 1371 3152 illo
1398 3100 1643 3169 loquendi
1674 3116 1858 3168 genere
1892 3117 2051 3169 quam
2094 3101 2323 3153 maxime
2355 3114 2649 3167 uterentur,
2696 3119 2798 3174 quo
2837 3106 2996 3159 etiam
3029 3125 3061 3160 a
3091 3108 3503 3175 simplicioribus
3528 3111 3702 3180 absque

469 3196 615 3263 gravi
655 3191 994 3259 difficultate,
1023 3207 1156 3258 quae
1190 3189 1270 3243 vel
1309 3189 1578 3250 audirent,
1610 3187 1693 3241 vel
1720 3188 1968 3257 legerent,
2008 3202 2339 3260 caperentur.
2377 3199 2530 3261 Quod
2565 3212 2681 3249 cum
2711 3197 2777 3251 ab
2813 3200 3054 3252 omnibus
3099 3205 3315 3270 provide
3344 3206 3513 3273 fuerit
3541 3204 3703 3257 obser-

467 3294 669 3338 vatum.
708 3283 985 3350 praecipue
1023 3279 1309 3333 beatissimi
1347 3288 1502 3348 atque
1543 3278 1835 3333 doctissimi
1879 3282 2045 3348 patris
2083 3281 2387 3351 Augustini,
2429 3286 2757 3339 venerandae
2804 3289 3091 3342 memoriae
3140 3291 3391 3360 episcopi,
3442 3293 3702 3363 apusculis

466 3370 744 3433 specialius
783 3368 1045 3432 elucescit,
1072 3384 1208 3437 quae
1231 3366 1297 3420 de
1335 3367 1577 3421 doctrina
1616 3366 1923 3422 Christiana
1971 3372 2284 3439 composuit,
2316 3373 2370 3425 in
2402 3374 2587 3443 quibus
2615 3375 2693 3429 vel
2726 3378 2953 3430 max’me
2992 3387 3200 3432 tuorum
3236 3383 3431 3452 tibique
3452 3383 3699 3436 similium

465 3458 715 3525 ﬁgmenta
755 3464 1111 3520 portentorum
1144 3456 1376 3508 cavenda
1410 3466 1458 3509 et
1490 3456 1739 3526 fugienda
1764 3458 2120 3512 eruditissima
2151 3461 2452 3515 humilitate
2477 3472 2528 3516 et
2568 3467 2747 3518 sanxit
2786 3478 2837 3519 'et
2870 3467 3071 3521 docuit.
3109 3468 3321 3523 Necnon
3342 3473 3394 3523 in
3424 3472 3559 3537 illis,
3585 3489 3701 3542 quos

467 3545 829 3610 quaestionum
859 3543 939 3596 vel
968 3543 1288 3596 locutionum
1326 3544 1613 3614 Eptateuci
1647 3545 1878 3620 mirabili
1909 3546 2261 3600 elucidatione
2292 3559 2539 3603 exaratos
2566 3554 2777 3607 nomine
2811 3553 2969 3608 voluit
2998 3560 3331 3623 praenotari.
3363 3558 3700 3614 Beatissimus

465 3637 671 3720 quoque
708 3631 1083 3701 Hieronymus,
1113 3642 1188 3686 tot
1224 3633 1527 3701 linguarum
1560 3642 1718 3700 atque
1740 3634 1998 3687 librorum
2022 3624 2217 3689 litteris
2245 3636 2737 3705 incomparabiliter
2760 3645 3026 3703 eruditus,
3061 3646 3115 3697 in
3143 3649 3403 3712 omnibus,
3434 3658 3546 3702 tam
3586 3665 3700 3720 pro-

465 3718 703 3785 pheticis,
721 3735 881 3787 quam
904 3719 1206 3788 apostolicis
1230 3721 1719 3789 explanationibus.
1742 3722 1796 3774 id
1820 3724 1922 3775 sibi
1944 3739 2276 3790 summopere
2296 3727 2461 3779 studii
2482 3727 2648 3796 fuisse
2676 3730 2904 3786 crebrius
2938 3735 3237 3802 replicando
3270 3736 3522 3798 inculcat.
3552 3718 3701 3792 malle

465 3823 558 3875 per
588 3823 640 3859 se
670 3819 974 3859 sanctarum
1019 3804 1417 3877 Scripturarum
1451 3809 1594 3861 dicta
1629 3809 1873 3879 intelligi.
1909 3826 2069 3879 quam
2114 3810 2383 3866 rhetorum
2424 3820 2789 3873 controversiis
2826 3824 3099 3876 inservire.
3134 3824 3433 3879 lmtructus
3473 3829 3698 3881 videlicet

394 3908 395 3911 ‘
466 3896 722 3948 tremendi
744 3894 944 3961 judicis
978 3894 1206 3958 verbere,
1240 3912 1340 3963 quo
1376 3905 1591 3965 propter
1616 3898 1837 3950 nimiam
1866 3897 2133 3953 Ciceronis
2183 3899 2452 3956 lectionem
2492 3907 2752 3961 adductus
2790 3912 3082 3976 acriterque
3123 3929 3308 3966 caesus
3357 3915 3567 3969 tandem
3605 3917 3702 3970 cir-

463 3982 843 4035 cumstantium
872 3982 1108 4049 precibus
1139 3980 1416 4045 l.~beratus,
1441 3984 1717 4050 juraverat
1744 4000 1799 4036 se
1822 3984 2088 4039 Ciceronis
2116 3987 2275 4043 libras
2323 4007 2595 4063 nunquam
2630 3994 2911 4057 lecturum,
2959 4000 3085 4068 quin
3126 4000 3349 4063 epistola
3382 4002 3455 4054 ad
3488 4001 3700 4057 Galatas

462 4080 814 4136 contemptum
844 4069 1001 4137 hujus
1040 4070 1413 4136 disputationis
1448 4071 1521 4123 ita
1552 4073 1890 4138 deprompsit,
1920 4074 2101 4128 dicens
2135 4087 2242 4130 cet.

532 4158 720 4225 Capite
771 4158 932 4210 tertio
979 4158 1110 4211 haec
1155 4165 1395 4223 exstant,
1428 4159 1625 4225 quibus
1655 4159 1951 4227 coligitnr,
1997 4161 2265 4220 Joannem
2295 4167 2521 4222 Scotum
2553 4170 2956 4227 ecclesiasticae
2985 4174 3269 4242 dignitatis
3293 4177 3559 4246 gradibus
3599 4195 3699 4235 non

460 4250 624 4306 fuisse
658 4250 981 4322 insignitum
1019 4268 1031 4302 :
1066 4252 1193 4315 Quis
1226 4264 1274 4306 te
1301 4252 1605 4318 barbarum,
1636 4262 1685 4305 et
1715 4253 1894 4307 nullus
1935 4255 2320 4309 ecclesiasticae
2349 4259 2625 4325 dignitatis
2648 4260 2902 4328 gradibus
2929 4263 3258 4334 insignitum,
3298 4283 3389 4319 nec
3418 4284 3648 4337 unquam
3671 4286 3701 4321 α

459 4341 728 4393 catholicis
748 4344 1154 4411 insignieudum,
1176 4343 1423 4396 adversus
1436 4340 1703 4395 Rontanae
1727 4342 1865 4394 urbis
1886 4352 1933 4396 et
1947 4344 2263 4411 apostolicae
2276 4345 2412 4398 sedis
2425 4347 2709 4401 antistitem
2727 4346 3080 4420 Gregorium..
3094 4392 3106 4405 .
3126 4353 3314 4409 audiat
3327 4356 3700 4414 oblatrantem,

531 4429 721 4496 Capite
745 4432 958 4484 det-into
994 4442 1190 4499 quarto
1223 4428 1555 4483 Ptutientius
1583 4445 1705 4484 cum
1737 4433 2087 4485 acerbissima
2114 4432 2288 4485 ironia
2326 4449 2341 4488 :

531 4512 602 4565 Te
629 4515 815 4579 solum,
847 4520 1042 4584 inquit,
1074 4519 1311 4570 omnium
1343 4520 1705 4572 acutissimum
1734 4514 1945 4572 Galliae
1971 4520 2270 4572 transmisit
2299 4519 2575 4586 Hibernia,
2610 4532 2686 4588 ut,
2716 4540 2850 4592 quae
2877 4526 3056 4581 nullus
3089 4526 3284 4601 absque
3309 4540 3360 4585 te
3394 4534 3533 4586 scire
3558 4541 3705 4602 pote-

459 4610 561 4659 rat,
602 4602 703 4653 tuis
742 4603 1125 4655 eruditionibus
1155 4605 1431 4658 obtineret.
1465 4605 1571 4660 Sed
1600 4609 1759 4670 absit,
1790 4618 1845 4661 ut
1872 4606 2072 4661 Celtica
2104 4606 2401 4677 eloquentia
2428 4619 2502 4663 tot
2534 4618 2795 4682 tantisque
2818 4615 3099 4683 ﬂuviorum
3122 4620 3566 4675 exundationibns
3591 4631 3701 4674 tuos

457 4690 806 4741 nubilatioues
832 4691 1106 4779 admittat,
1132 4694 1368 4764 quantivis
1394 4692 1726 4746 Christianae
1742 4695 2056 4748 humilitatis
2082 4698 2370 4752 eminentia
2396 4697 2657 4753 alterutro
2682 4703 2920 4756 caritatis
2941 4703 3115 4773 ofﬁcio
3138 4707 3359 4763 vicissim
3376 4708 3703 4779 suppeditari

457 4778 670 4828 nruime
703 4776 997 4843 prohibeat,
1031 4779 1560 4848 immoptndecunque
1588 4782 1920 4835 commodum
1956 4784 2185 4852 duxerit,
2213 4783 2545 4851 alternatim,
2578 4804 2712 4856 quae
2748 4802 2889 4844 recta
2918 4803 3063 4860 sunt,
3095 4794 3328 4849 exhiberi
3374 4776 3698 4865 percenseat.

527 4863 772 4929 Dunique
803 4864 1080 4917 l‘rudentii
1117 4867 1254 4921 liber
1286 4867 1471 4920 linitur
1499 4868 1587 4921 bis
1620 4872 1800 4923 verbis
1838 4888 1851 4923 :

523 4951 666 5006 Haec
697 4964 770 5005 est
815 4960 997 5005 nostra
1022 4955 1172 5021 ﬁdes,
1200 4958 1330 5027 quia
1352 4958 1482 5009 haec
1512 4968 1585 5012 est
1616 4974 1760 5021 vera,
1793 4960 2119 5029 prophetica.
2145 4962 2457 5030 apostolica,
2491 4964 2783 5019 orthodoxa
2810 4977 2969 5033 atque
2991 4970 3252 5025 catholica
3274 4972 3425 5040 ﬁdes.
3452 4973 3703 5032 Poterant

452 5042 666 5109 quidem
723 5051 771 5092 et
833 5044 940 5107 ipse
1001 5043 1096 5093 tibi
1145 5044 1321 5096 dicere
1380 5047 1708 5105 anathema,
1774 5048 1877 5098 nisi
1938 5058 2286 5112 exspectarem
2366 5063 2415 5104 et
2474 5052 2685 5105 mallent
2742 5064 2789 5107 et
2848 5068 3084 5121 optarem
3145 5066 3225 5112 tui
3278 5068 3656 5120 correctionem
3688 5105 3702 5126 .

452 5146 612 5199 quam
669 5130 1019 5198 perditionem
1053 5170 1067 5183 .
1132 5131 1355 5183 l’raimle
1411 5135 1643 5208 nondum
1694 5135 1747 5187 in
1801 5150 1848 5188 te
1903 5137 2234 5190 severitatem
2266 5140 2635 5204 (anathemati.-
2682 5142 2943 5212 juculnr,
2991 5151 3243 5215 quoniam
3289 5152 3522 5219 honor.
3594 5171 3703 5207 ma,

454 5234 591 5283 nco,
649 5229 697 5269 et
756 5218 878 5270 totis
937 5218 1107 5269 cordis
1170 5220 1439 5287 affectibus
1485 5237 1651 5288 rogo,
1713 5232 1769 5276 ut
1824 5235 2057 5288 respectu
2096 5242 2358 5295 supernae
2397 5220 2611 5297 gratiae
2660 5235 2974 5302 resipiscas,
3030 5249 3078 5291 ει
3132 5256 3166 5292 α
3215 5250 3322 5293 ιω..
3375 5241 3572 5295 (deum
3626 5259 3699 5295 ιο.

455 5316 603 5357 terno
636 5306 849 5359 tandem
879 5305 1106 5376 evigiles,
1131 5318 1177 5358 et
1208 5323 1291 5374 qu-
1312 5307 1346 5357 d
1366 5308 1666 5363 Christiana
1700 5312 1908 5378 paritas
1934 5316 2149 5372 sentiat.
2186 5317 2435 5383 exquiras
2467 5319 2762 5385 benevolus,
2787 5323 3001 5376 humilis
3028 5328 3412 5393 apprehendas,
3444 5330 3596 5384 mitis
3618 5346 3702 5381 ac-

456 5397 716 5459 quiescas,
758 5405 1061 5450 mansuetus
1095 5398 1330 5462 secteris,
1364 5395 1579 5448 devotus
1633 5409 1807 5451 teneas
1837 5409 1883 5452 et
1914 5401 2087 5467 fidelis
2120 5403 2171 5454 in
2198 5406 2436 5458 omnibus
2464 5423 2650 5475 exsequ
2672 5413 2779 5465 tris.
2818 5409 3070 5481 Relinque
3093 5417 3429 5483 quadrivium
3453 5419 3703 5472 vanitatis
