3904 6148
388 269 496 323 555
1211 289 1214 291 ‘
1793 279 2075 338 JOANNIS
2109 283 2303 341 SCOTI
2845 299 2854 310 '
3512 282 3614 338 356

461 393 677 449 ibidem
709 409 838 450 vero
869 410 992 450 can.
1013 393 1059 447 ϐ
1088 394 1219 449 haec
1249 393 1500 464 leguntur
1531 411 1545 450 :
1576 416 1594 448 ι
1629 396 1840 469 Ineptas
1868 407 2043 452 autem
2071 398 2517 471 quaestiunculas,
2542 413 2589 454 et
2614 398 2776 454 aniles
2804 415 2969 470 paene
2991 397 3198 465 fabulas
3232 395 3616 464 Scotorumque

391 487 558 554 pultes
572 490 790 559 purita'i
819 489 943 558 ﬁdei
966 505 1214 542 nauseam
1253 490 1553 562 inferentes,
1570 507 1706 562 quae
1729 493 2176 557 periculosissimis
2210 506 2257 548 et
2280 495 2602 563 gravissimis
2627 496 2961 564 temporibus,
2995 494 3062 546 ad
3087 489 3350 546 cumulum
3379 489 3618 542 laborum

392 593 711 649 nostrorum,
732 599 886 652 usque
904 585 972 635 ad
993 585 1294 638 scissionem
1316 584 1550 638 caritatis
1573 585 1942 639 miserabiliter
1960 594 2008 639 et
2023 585 2420 640 lacrimabiliter
2439 593 2818 650 succreverunt,
2841 599 2904 637 ne
2939 594 3135 638 mentes
3158 584 3475 638 c-hristianae
3498 582 3618 633 indc

392 688 819 749 corrumpantur,
841 688 890 730 et
917 678 1161 732 excidant
1192 696 1223 731 a
1249 682 1585 751 simplicitate
1611 689 1658 733 et
1679 682 1922 736 castitate
1949 680 2095 750 fidei,
2125 697 2260 752 quae
2284 691 2360 734 est
2399 683 2454 735 in
2485 681 2690 736 Christo
2714 679 2858 742 Jesu,
2885 679 3089 748 penitus
3119 677 3429 747 respuimus,
3458 686 3528 742 et,
3561 683 3622 729 ut

405 782 638 850 fraterna
679 778 870 830 caritas
892 775 1116 828 cavendo
1142 791 1172 827 a
1200 771 1390 826 talibus
1417 771 1656 825 auditum
1685 771 1917 840 castiget,
1942 769 2150 822 Domini
2177 766 2370 820 Christi
2397 784 2572 821 amore
2621 784 2906 820 monemus.
2943 765 3258 819 Recordetur
3285 767 3588 835 fraternitas
3607 803 3628 833 ,

404 877 556 928 malis
593 872 773 926 mundi
825 870 1142 941 gravissimis
1170 886 1223 923 se
1252 868 1444 937 urgeri,
1473 883 1635 922 messe
1660 867 1821 920 nimia
1852 865 2148 934 iniquorum
2175 873 2220 916 et
2249 862 2411 933 paleis
2439 862 2627 916 (etiam
2651 863 2915 915 hominum
2945 878 2999 916 se
3041 861 3316 915 durissima
3355 862 3626 930 suffocari.

406 970 550 1024 Haec
575 971 771 1023 vincere
799 969 1012 1036 ferveat,
1038 965 1164 1018 haec
1186 964 1441 1034 corrigere
1462 963 1679 1027 laboret,
1705 971 1752 1015 et
1781 960 2056 1032 super/luis
2081 971 2280 1014 coetum
2309 958 2388 1028 pie
2415 958 2702 1012 dolentium
2743 968 2788 1011 et
2819 959 3129 1028 gementium
3169 974 3271 1011 non
3295 967 3498 1020 oneret,
3541 974 3633 1013 sea

403 1066 573 1134 potius
593 1073 750 1117 icerta
788 1072 835 1116 et
861 1061 1130 1129 veraﬁde,
1152 1058 1289 1129 quod
1313 1075 1343 1110 a
1373 1059 1562 1111 sanctis
1592 1056 1836 1109 Patribus
1871 1055 1934 1108 de
1958 1054 2038 1107 his
2061 1063 2108 1107 et
2133 1052 2388 1106 similibus
2413 1053 2720 1121 sufficienter
2747 1061 3073 1120 prosecutum
3100 1062 3194 1116 est,
3222 1053 3567 1123 amplectatur
3585 1072 3633 1108 ι.

477 1159 724 1229 Synodus
779 1164 957 1209 autem
997 1151 1369 1222 .Lingonensis
1408 1166 1500 1204 an.
1549 1150 1653 1205 859
1710 1165 1834 1204 can.
1886 1149 1921 1201 4
1977 1148 2061 1202 his
2115 1148 2283 1202 utitur
2333 1146 2510 1203 verbis
2551 1164 2564 1200 :
2603 1145 2774 1201 Porro
2821 1148 3048 1217 capitula
3098 1164 3312 1202 numero
3352 1165 3476 1212 XIX,
3524 1150 3638 1218 syl-

405 1255 636 1324 logismis
683 1250 999 1321 ineptissime
1042 1265 1103 1300 ac
1143 1247 1532 1300 mendacissime
1575 1263 1608 1299 a
1650 1246 1883 1316 quodam
1945 1242 2100 1298 Scoto
2150 1242 2433 1307 conclusa,
2489 1241 2578 1299 ubi
2635 1259 2736 1296 non
2805 1252 3166 1312 argument-um
3211 1243 3367 1310 fidei,
3411 1244 3500 1297 sed
3539 1261 3638 1313 po-

407 1351 510 1402 tius
550 1357 894 1400 commentum
950 1343 1200 1414 perfidiae
1247 1352 1419 1412 patet,
1461 1340 1605 1395 nulla
1652 1341 1861 1394 omnino
1911 1337 2269 1408 philosophiae
2328 1348 2460 1402 arte,
2517 1346 2572 1390 ut
2628 1346 2933 1406 arroganter
2979 1352 3010 1388 a
3049 1335 3356 1405 quibusdam
3375 1336 3635 1404 jactatur,

406 1448 781 1503 constructum,
799 1437 889 1491 sed
911 1436 1055 1490 inani
1081 1435 1295 1505 fallacia
1318 1444 1364 1488 et
1386 1436 1681 1505 deceptione
1702 1433 2079 1503 imperitissime
2105 1438 2400 1501 confusum,
2417 1447 2449 1484 a
2474 1432 2559 1501 pio
2580 1430 2766 1484 auditu
2803 1430 3036 1498 fidelium
3059 1431 3262 1500 penitus
3289 1430 3638 1501 explodimus,

409 1543 536 1598 cet.,
565 1541 624 1586 ut
653 1533 706 1586 in
735 1533 940 1603 synodo
964 1532 1245 1589 Valentina
1272 1547 1390 1586 can.
1415 1531 1469 1584 4.
2846 1526 2849 1527 ⁷

479 1629 620 1683 llaec
650 1629 810 1699 igitur
832 1644 994 1698 quum
1021 1629 1092 1683 ita
1125 1644 1184 1684 se
1218 1627 1476 1691 habeant,
1514 1626 1880 1696 quid-mirum,
1907 1625 2049 1694 quod
2079 1623 2205 1679 illud
2233 1622 2457 1678 Joannis
2489 1621 2639 1678 Scoti
2664 1638 2820 1694 opus,
2851 1623 2896 1678 si
2926 1639 3088 1677 unum
3114 1623 3350 1678 codicem
3373 1621 3642 1676 Parisien-

409 1738 523 1788 sem
554 1725 850 1793 exceperis,
879 1739 944 1779 ex
976 1726 1536 1792 omnibus,quantum
1578 1723 1764 1788 scitur,
1809 1721 2152 1778 bibliothecis
2179 1720 2438 1776 librorum
2489 1735 2621 1776 mss.
2671 1720 2908 1775 evanuit.
2962 1719 3275 1789 Scriptores
3314 1733 3444 1773 vero
3485 1718 3640 1787 libri,

409 1820 496 1875 cui
538 1819 726 1874 titulus
757 1838 770 1874 :
805 1819 942 1874 Hist.
973 1820 1074 1873 litt.
1099 1821 1162 1874 de
1183 1819 1233 1872 la
1260 1818 1483 1884 France,
1513 1817 1866 1884 Benedictini,
1914 1829 2044 1872 tom.
2081 1815 2122 1871 γ
2150 1831 2271 1888 pag.
2298 1814 2404 1868 420
2429 1813 2494 1869 de
2512 1812 2734 1869 Joannis
2776 1812 2920 1869 Scoti
2937 1813 3080 1867 libro
3094 1814 3353 1884 judicium
3378 1817 3478 1871 hoc
3502 1816 3641 1870 tule-

383 1963 386 1966 .
413 1928 575 1974 runt:
611 1917 682 1973 Le
711 1919 1090 1974 raisonnement
1119 1928 1192 1973 est
1221 1918 1273 1971 la
1307 1919 1416 1972 voie
1442 1917 1568 1988 ρκ’ἱί
1595 1934 1652 1972 se
1687 1933 1924 1986 propose.
1966 1914 2105 1969 Mais
2144 1925 2290 1967 outre
2327 1929 2426 1982 que
2459 1912 2512 1965 la
2556 1914 2733 1967 raison
2765 1929 2826 1966 ne
2857 1914 2990 1982 suﬁit
3032 1928 3127 1981 pas
3161 1928 3294 1981 pour
3322 1911 3530 1965 decider
3551 1913 3640 1966 des

408 2015 576 2080 points
607 2013 670 2066 de
697 2013 786 2082 foi,
821 2012 859 2066 il
885 2013 980 2081 fait
1004 2015 1132 2076 voir,
1161 2030 1257 2084 par
1282 2013 1333 2066 la
1361 2014 1492 2067 suite
1513 2011 1578 2066 de
1601 2029 1680 2066 ses
1706 2012 2135 2073 raisonnements,
2158 2006 2284 2079 qu’il
2313 2024 2374 2060 ne
2398 2008 2564 2061 savait
2591 2008 2754 2062 meme
2777 2009 3046 2061 raisonner
3079 2007 3239 2077 juste.
3281 2006 3333 2059 Il
3368 2008 3490 2062 n‘en
3528 2007 3664 2074 faut.

411 2109 553 2178 point
579 2108 806 2161 d’autres
836 2124 1046 2177 preuves
1073 2125 1170 2178 que
1197 2109 1269 2162 les
1292 2108 1585 2162 absurdités
1607 2116 1654 2160 et
1682 2105 1753 2159 les
1771 2105 2188 2158 contradictions
2238 2103 2527 2172 frequentes
2567 2100 2697 2154 dans
2726 2100 2992 2171 lesquelles
3023 2101 3061 2154 il
3086 2111 3161 2156 est
3209 2102 3393 2156 tombé.
3425 2101 3648 2172 Insuper

385 2216 502 2271 .ea,
531 2220 669 2274 quae
699 2205 764 2260 de
793 2205 893 2261 hoc
918 2203 967 2258 J.
996 2202 1140 2258 Scoti
1172 2202 1309 2256 libro
1344 2201 1396 2254 in
1423 2201 1871 2256 commentatione
1901 2214 2063 2270 supra
2095 2199 2232 2269 typis
2261 2210 2459 2252 excusa
2483 2195 2842 2265 disputantur,
2872 2197 3108 2253 evolvas.

1324 2538 2118 2654 JOANNIS
2199 2538 2716 2655 ποτε

773 2775 979 2898 DE
1067 2768 1624 2903 DIVINA
1718 2767 3276 2902 PRAEDESTINATIONE

396 2387 2382 2420 ’Μ

2433 2381 3640 2415 m

951 3339 1357 3398 ‘PRAEFATIO
1382 3341 1420 3394 ³.

483 3435 732 3494 “Dominis
791 3431 1083 3489 illustribus
1125 3444 1179 3490 et
1227 3435 1418 3489 merito
1476 3434 1813 3489 Christianae
1843 3436 1985 3490 ‘ﬁdci

407 3529 651 3584 auendae
671 3525 1187 3595 praestantissimis,
1239 3533 1400 3594 atque
1443 3525 1623 3580 divino
1667 3526 1986 3596 episcopalis

414 3612 625 3689 gratiae
655 3617 795 3671 dono
823 3616 1101 3671 desursum
1127 3632 1154 3668 a
1174 3615 1332 3670 Patre
1361 3615 1618 3671 luminum
1665 3621 1980 3684 muneratis,

413 3707 710 3763 Hincmaro
734 3715 789 3760 et
814 3705 1089 3769 Parthulo,
1119 3704 1351 3760 Joannes
1399 3721 1587 3761 servus
1615 3717 1790 3762 vester
1819 3709 1983 3764 devo-

413 3805 511 3853 tus
538 3797 590 3851 in
616 3796 842 3851 Domino
866 3795 1112 3850 salutem.

493 3885 616 3942 Fari
665 3901 769 3939 non
803 3900 1051 3953 (possum,
1077 3892 1306 3954 quantas
1355 3885 1647 3954 qualesque
1693 3888 1986 3956 gratiarum

409 3978 662 4034 actiones
690 3975 842 4030 vobis
871 3975 1162 4043 rependere
1180 3975 1400 4028 debeam
1426 3975 1478 4028 in
1501 3990 1584 4039 eo,
1614 3978 1764 4044 quod.
1781 3987 1988 4031 vestrae

415 4067 726 4122 dilectionis
755 4064 1120 4135 copiosissima
1162 4063 1462 4118 sublimitas
1493 4079 1578 4118 me
1609 4074 1861 4133 tanquam
1893 4065 1990 4119 ali-

412 4157 549 4226 quid
578 4156 842 4210 valeutem
877 4155 929 4208 in
975 4151 1308 4207 defendenda
1345 4154 1585 4207 omnium
1633 4163 1874 4208 nostrum
1905 4171 1993 4209 sa—

415 4248 552 4312 lute,
589 4261 726 4316 quae
763 4253 847 4301 est
871 4243 1132 4313 professio
1169 4241 1443 4297 'catholica
1475 4245 1494 4275 '
1519 4285 1533 4308 ,
1564 4260 1670 4299 non
1718 4255 1802 4299 est
1844 4246 1993 4300 dedi-

423 4345 585 4406 gnata
630 4341 1033 4404 cooperatorem
1077 4331 1275 4402 eligere
1301 4370 1315 4394 ,
1352 4331 1524 4402 impos
1570 4333 1785 4402 quidem
1830 4334 1994 4406 longe

421 4426 620 4479 virium
648 4433 946 4478 vestrarum
969 4435 1216 4477 sermone
1243 4429 1405 4490 atque
1437 4421 1807 4493 intelligentia,
1846 4439 1994 4478 com-

422 4522 522 4583 pos
564 4528 694 4567 vero
730 4512 831 4566 fide
879 4520 934 4566 et
960 4511 1242 4566 devotione
1293 4511 1346 4565 in
1382 4513 1709 4567 asserendae
1751 4515 1997 4570 veritatis

425 4583 637 4658 fiducia.
667 4602 909 4656 Studium
932 4602 1125 4672 quippe
1143 4610 1380 4656 vestrum
1409 4603 1604 4672 partim
1631 4619 1842 4659 sursum
1872 4620 1996 4658 ver-

2017 3348 2060 3406 Α
2090 3343 2223 3413 pati,
2252 3345 2337 3399 vix
2387 3345 2672 3416 aliquando
2704 3347 2770 3403 ad
2801 3348 3020 3421 vestigia
3071 3351 3365 3421 sapientiae
3393 3356 3658 3414 intuenda

2087 3433 2403 3490 brevissimo
2441 3439 2696 3506 temporis
2745 3439 2974 3494 sinimur
3018 3441 3318 3498 intervallo.
3355 3443 3546 3501 Modus
3583 3459 3664 3502 ta-

2085 3536 2208 3575 men
2240 3533 2454 3578 nostrae
2479 3527 2812 3594 capacitatis,
2843 3529 3226 3600 qualiscunque
3253 3533 3342 3599 sit,
3386 3535 3452 3589 de
3476 3547 3659 3591 vestra

2088 3612 2504 3680 prudentissima
2553 3616 2944 3687 sanissimaque
2991 3620 3234 3676 doctrina
3290 3625 3658 3682 testimonium

2089 3702 2408 3770 perhibehit.
2444 3703 2511 3758 Ut
2555 3706 2699 3761 enim
2750 3711 2984 3764 maxima
3026 3712 3430 3786 clarissimaque
3471 3722 3663 3775 mundi

2089 3790 2374 3848 luminaria
2421 3795 2694 3850 stellarum
2743 3799 3138 3858 lucubrationes
3181 3820 3287 3860 non
3337 3809 3660 3878 despiciunt,

2090 3884 2184 3938 sed
2229 3885 2296 3938 ad
2341 3885 2684 3953 expellendas
2729 3891 2969 3944 omnium
3017 3895 3355 3951 tenebrarum
3395 3900 3686 3969 caligines-

2091 3988 2278 4028 earum
2292 3977 2456 4030 radiis
2476 3977 2540 4030 ad
2557 3978 2936 4046 perfectionem
2949 3983 3028 4036 sui
3044 3986 3342 4054 Splendoris
3362 3999 3588 4044 utuntur
3603 3994 3624 4022 ⁵
3639 4008 3657 4045 :

2092 4063 2173 4116 sic
2216 4079 2330 4127 vos,
2357 4065 2742 4136 religiosissimi
2769 4069 2982 4136 Patres,
3011 4088 3131 4127 cum
3160 4086 3370 4133 vestrae
3405 4081 3662 4135 nobilitas

2093 4149 2428 4220 eloquentiae
2455 4155 2520 4207 ad
2542 4171 2736 4212 omnes
2762 4160 3093 4216 novellarum
3139 4164 3441 4221 haeresium
3476 4184 3666 4226 versu-

2094 4241 2199 4295 tias
2225 4244 2511 4308 cavendas,
2541 4247 2951 4312 convincendas,
3002 4251 3359 4310 destruendas
3404 4257 3656 4326 subiciat,

2095 4341 2311 4388 nostrae
2354 4342 2531 4388 tamen
2578 4336 3001 4394 ratiocinationis
3061 4343 3529 4411 astipulationibus
3570 4365 3666 4405 ve-

2096 4429 2262 4475 stram
2293 4424 2738 4494 perfectissimam
2765 4429 2831 4484 de
2872 4429 2974 4486 ﬁde
3013 4435 3524 4502 praedestinationis
3567 4442 3665 4496 de-

2098 4509 2393 4567 ﬁnitionem
2424 4514 2445 4545 ⁸
2471 4517 2730 4570 roborare
2759 4533 2866 4572 non
2909 4523 3208 4590 sprevistis,
3258 4526 3331 4578 ita
3375 4535 3515 4582 utet
3562 4547 3661 4585 ve-

2099 4607 2244 4655 Strae
2277 4602 2496 4670 pietatis
2538 4603 2899 4673 pulcherrima
2949 4609 3120 4665 virtus
3165 4614 3414 4670 omnibus
3457 4627 3665 4687 pateat,

423 4708 517 4749 sus
545 4690 957 4759 contemplative
984 4691 1209 4760 erigitur
1236 4691 1304 4744 ad
1356 4691 1736 4760 speculandam
1788 4693 1989 4748 verita-
2022 4696 2068 4753 Β
2096 4697 2150 4742 et
2190 4685 2403 4746 nostrae
2453 4692 2789 4751 obedientiae
2830 4695 2852 4727 ‘
2886 4713 2994 4752 non
3042 4702 3340 4769 Spernenda
3388 4685 3669 4764 ιηιξηωιεε

419 4793 570 4848 tem,
602 4781 795 4852 partim
838 4781 858 4812 ³
897 4797 1025 4836 vero
1072 4783 1323 4837 deorsum
1368 4798 1558 4838 versus
1603 4786 1774 4840 active
1824 4788 1995 4856 repri-

423 4875 592 4929 mitur
609 4874 677 4928 ad
699 4872 993 4945 regendam
1006 4872 1300 4928 Ecclesiam
1325 4891 1338 4928 :
1358 4889 1462 4929 nos
1487 4889 1615 4930 vero
1632 4891 1662 4929 e
1679 4875 1893 4930 diverso
1912 4878 1993 4931 in-

427 4974 511 5021 ter
536 4965 793 5020 undosum
821 4963 1214 5032 velivolumque
1262 4963 1480 5032 pelagus
1520 4963 1730 5032 imperii
1760 4964 1990 5020 senioris

420 5057 620 5122 nostri,
651 5055 852 5113 domini
891 5055 1150 5110 videlicet
1173 5053 1542 5125 gloriosissimi
1588 5053 1789 5119 Caroli,
1833 5055 1986 5124 quasi

426 5151 688 5220 quaedam
715 5147 956 5204 navicula
971 5145 1199 5203 diversis
1224 5143 1716 5216 ﬂuctibusagitati,
1743 5147 1989 5216 quando-

427 5257 532 5308 que
553 5251 731 5296 tamen
753 5242 982 5310 inportu
1001 5236 1309 5293 serenitatis
1331 5234 1446 5304 ejus
1457 5236 1800 5292 stabilitanda
1824 5253 1988 5294 oceu-

2101 4777 2383 4834 clarescat.

2169 4871 2226 4924 In
2253 4872 2360 4926 hoc
2389 4873 2567 4944 itaque
2596 4877 2851 4945 epusculo
2896 4884 3271 4952 nostro,.quod
3301 4887 3368 4941 ad
3423 4891 3670 4946 testimo-

2099 4961 2248 5015 nium
2289 4974 2500 5019 vestrae
2526 4967 2860 5023 orthodoxae
2887 4970 3236 5039 professionis
3280 4977 3433 5034 vobis
3469 4981 3668 5050 juben-

2099 5056 2242 5111 tibus
2267 5059 2504 5114 scribere
2531 5063 2856 5131 curavimus,
2889 5080 3026 5134 quae
3058 5084 3185 5124 vera
3227 5085 3347 5127 esse
3366 5088 3670 5146 perspexe-

2093 5147 2241 5213 ritis,
2275 5158 2472 5215 tenete,
2501 5160 2555 5205 et
2581 5152 2859 5209 Ecclesiae
2906 5158 3206 5216 catholicae
3250 5163 3496 5230 tribuite,
3527 5181 3670 5235 quae

2097 5235 2256 5304 falsa,
2287 5240 2544 5308 respuite,
2589 5249 2644 5296 et
2667 5243 2824 5299 nobis
2841 5284 2856 5312 ,
2880 5247 2971 5315 qui
2999 5247 3244 5306 homines
3267 5265 3474 5320 sumus,
3509 5255 3666 5324 igno-

1676 5389 1930 5444 VARIAE
1962 5387 2372 5446 LECTIONES.

501 5505 519 5536 ‘
543 5503 801 5564 Johannis
836 5504 978 5559 Scoti
1003 5534 1073 5544 —
1097 5503 1354 5575 praefatio
1405 5517 1512 5575 om.
1557 5500 1995 5575 crod.,.recenti_or
2023 5517 2098 5575 m.
2133 5500 2256 5575 Sec.
2300 5501 2438 5557 forte
2470 5501 2564 5557 XV
2597 5518 2758 5574 supra
2802 5507 2981 5561 adscr.
3017 5508 3286 5565 Iohannes
3325 5511 3518 5567 Scotus
3563 5531 3662 5569 seu

423 5574 694 5645 Erugena.
759 5576 789 5604 "
811 5574 939 5628 Col.
970 5569 1382 5645 chatholic'atsic‘
1403 5571 1515 5645 fere
1543 5573 1756 5645 ubique.
1833 5571 1853 5602 ³
1869 5569 1970 5645 _Sic
1985 5573 2136 5645 _e_od.,
2157 5570 2224 5624 Μ.
2243 5587 2427 5641 parum
2449 5569 2708 5643 -parum.
2783 5576 2805 5606 ⁸
2825 5576 2915 5632 Sic
2928 5578 3073 5645 cod.,
3089 5579 3158 5635 Μ.
3176 5583 3391 5636 utimur.
3469 5583 3494 5615 ⁸
3511 5583 3655 5640 Cod.

421 5641 806 5712 deﬁnitionem,
836 5648 913 5697 sic
937 5644 1152 5713 ubique.
1227 5643 1248 5673 ⁶
1275 5641 1406 5696 Cod.
1439 5641 1812 5707 oboedientiae,
1839 5641 1916 5695 sic
1945 5642 2161 5711 ubique.
