3904 6148
280 192 366 247 357
1319 186 1517 243 LIBER
1554 182 1641 239 DE
1675 177 2377 238 PRAEDESTINATIONE.

3358 179 3464 238 558

280 307 422 366 scite,
465 315 596 372 quae
638 301 834 367 dubia.
867 299 1098 366 credite,
1130 301 1300 355 donec
1348 308 1440 354 aut
1501 296 1798 367 respuenda
1827 297 1875 355 A
1904 293 2063 361 Deus,
2095 305 2148 349 et
2173 295 2450 350 humiliter
2476 294 2694 362 colitur,
2735 301 2789 350 et
2814 293 3208 352 rationabiliter
3245 298 3465 354 investi-

275 407 391 455 esse,
423 399 508 453 aut
535 405 658 445 vera
688 404 830 455 esse,
855 398 947 445 aut
967 404 1178 460 semper
1204 389 1469 444 credenda
1493 401 1615 442 esse
1641 400 1797 456 prae-

275 483 412 551 cipiat
433 481 737 534 auctoritas.
786 480 860 535 De
908 479 1260 536 connexionis
1290 487 1470 533 autem
1513 479 1795 532 verborum

272 573 573 628 inhonestate
599 587 706 624 non
738 569 896 626 facile
918 571 1086 626 animi
1111 570 1278 625 vestri
1302 569 1654 625 constantiam
1686 585 1800 624 cre-

272 663 464 717 diderim
507 676 626 716 esse
649 663 1114 727 commovendam,
1146 671 1207 716 ut
1232 663 1381 731 prius
1415 662 1648 716 taedium
1696 676 1796 714 au-

269 751 418 807 diendi
450 766 604 806 aures
633 760 842 806 vestras
876 760 1258 825 praeoccupet,
1285 765 1448 820 quam
1491 765 1645 805 amor
1667 763 1793 818 per-

271 839 483 895 veniendi
511 840 578 893 ad
609 855 692 903 ea,
723 855 864 909 quae
915 839 1141 894 suadere
1181 839 1512 894 sudavimus.
1554 837 1702 905 Quae
1747 837 1796 892 si

268 947 372 986 vera
397 940 532 995 sunt,
563 931 616 985 in
641 931 721 986 eis
741 931 942 1000 absque
961 931 1244 986 verborum
1267 929 1696 985 consideratione
1719 927 1800 982 di-

267 1020 442 1091 ligenda
454 1028 536 1074 est
558 1021 770 1074 veritas.
795 1039 814 1072 c
839 1021 1104 1075 Bonorum
1121 1019 1382 1090 siquidem
1398 1019 1729 1089 ingeniorum
1750 1037 1794 1082 ι,

267 1120 316 1162 ut
346 1109 412 1162 ait
437 1109 796 1179 Augustinus,
827 1129 844 1161 ι
875 1110 1098 1180 insignis
1148 1117 1230 1164 est
1274 1109 1499 1174 indoles,
1531 1109 1584 1162 in
1620 1107 1799 1162 verbis

263 1213 420 1253 verum
443 1214 643 1262 amare,
683 1214 786 1253 non
817 1201 1006 1254 verba.
1040 1199 1179 1265 Quid
1205 1199 1350 1253 enim
1385 1199 1605 1268 prodest
1632 1196 1800 1251 clavis

270 1306 427 1355 aurea,
469 1291 515 1344 si
567 1291 798 1359 aperire,
830 1291 971 1360 quod
1023 1291 1292 1355 volumus,
1333 1305 1443 1344 non
1481 1297 1679 1358 potest,
1708 1296 1800 1342 aut

263 1381 368 1450 quid
383 1381 532 1436 obest
556 1379 752 1450 lignea,
781 1380 827 1435 si
870 1381 972 1435 hoc
992 1388 1190 1449 potest,
1227 1380 1439 1450 quando
1466 1379 1603 1432 nihil
1636 1393 1800 1448 quae-

265 1471 517 1526 rimusnisi
541 1481 836 1540 patescere,
859 1472 1000 1540 quod
1026 1470 1264 1526 clausum
1301 1478 1381 1525 est
1411 1490 1456 1522 ι.
1483 1468 1796 1524 Munuscula

267 1563 409 1632 igitur
446 1561 620 1616 nostri
650 1560 850 1631 ingenii
882 1559 1114 1616 libenter
1163 1561 1408 1629 accipite,
1445 1559 1564 1629 plus
1609 1573 1794 1613 eorum

1899 393 2092 454 gatur,
2125 386 2335 456 regulas
2381 389 2700 456 exponere?
2747 387 3046 444 Conﬁcitur
3093 388 3250 454 inde=
3283 400 3464 442 Veram

1899 489 2018 530 esse
2052 475 2441 546 phil050phiam
2471 492 2650 531 veram
2680 477 3018 548 religionem,
3050 477 3467 547 conversimque

1898 578 2080 617 veram
2129 564 2441 634 religionem
2469 580 2588 620 esse
2635 580 2816 620 veram
2846 567 3262 637 philosophiam.
3316 566 3468 633 Quae

1899 651 2024 704 dum
2054 651 2421 716 multifariam,
2455 653 2784 723 diversisque
2817 656 2986 708 modis
3031 656 3306 710 dividatur
3332 695 3348 722 ,
3381 654 3465 710 bis

1899 741 2052 794 binas
2083 750 2257 794 tamen
2302 751 2480 810 partes
2504 743 2828 812 principales
2854 743 2917 797 ad
2943 759 3158 799 omnem
3199 745 3468 814 quaestio-

1899 845 2023 884 nem
2067 831 2383 885 solvendam
2435 832 2770 885 necessarias
2817 831 3018 886 habere
3079 832 3460 902 dignoscitur,

1899 935 2033 989 quas
2061 906 2299 976 Graecis
2325 922 2526 992 placuit
2552 923 2830 978 nominare
2864 924 3160 1000 διαιρετική,
3204 926 3462 1000 apto-ruis,

1897 1009 2232 1077 ἀποδεικτική,
2254 1014 2544 1079 ἀναλυτική,
2562 1015 2882 1084 easdemque
2896 1017 3149 1072 latialiter
3171 1034 3462 1087 possumus

1900 1100 2079 1156 dicere
2128 1119 2142 1154 :
2175 1103 2483 1158 divisoriam
2506 1144 2518 1168 ,
2553 1105 2881 1161 delinitivam
2911 1149 2926 1174 ,
2957 1110 3458 1178 demonstrativam,

1900 1193 2264 1248 resolutivam.
2313 1196 2548 1261 Quarum
2581 1197 2724 1251 enim
2771 1199 2940 1268 prima
2989 1216 3150 1254 unum
3196 1202 3249 1254 in
3297 1203 3463 1258 multa

1900 1283 2183 1338 dividendo
2224 1294 2488 1354 segregat,
2523 1285 2754 1339 secunda
2783 1303 2946 1340 llllllm
2987 1289 3052 1342 de
3099 1289 3279 1342 multis
3331 1291 3462 1344 deli-

1900 1372 2094 1426 niendo
2115 1373 2340 1441 colligit,
2374 1375 2529 1428 tertia
2569 1390 2664 1443 per
2691 1377 2971 1430 manifesta
3001 1378 3209 1431 occulta
3238 1379 3461 1432 demon~

1900 1463 2120 1517 strando
2156 1463 2349 1532 aperit,
2383 1473 2572 1533 quarta
2613 1467 2904 1533 composita
2937 1467 2989 1520 in
3019 1466 3282 1536 simplicia
3307 1483 3464 1540 sepa-

1901 1554 2070 1607 rando
2094 1553 2331 1608 resolvit.

263 1652 516 1706 utilitatem
541 1692 558 1718 ,
588 1651 635 1706 si
657 1666 766 1720 qua
812 1659 895 1706 est
916 1690 932 1716 ,
965 1651 1354 1706 consideraturi
1375 1691 1389 1715 ,
1421 1665 1581 1719 quam
1632 1650 1794 1704 hone-
1825 1649 1870 1709 B
1966 1645 2028 1699 ll.
2069 1647 2268 1700 Earum
2309 1647 2468 1702 etiam
2497 1647 2739 1718 exempla
2768 1649 2822 1703 in
2853 1665 3105 1719 processu
3151 1649 3311 1720 hujus
3335 1667 3467 1723 ope-

258 1749 421 1797 atatem
449 1743 728 1807 dictionis,
757 1757 896 1812 quae
937 1750 1031 1796 aut
1055 1742 1166 1806 vix,
1190 1750 1284 1796 aut
1311 1740 1453 1796 nulla
1497 1749 1599 1805 est,
1631 1755 1799 1810 quae-

259 1833 407 1907 situri.
437 1833 641 1889 Deinde
665 1833 976 1904 suppliciter
1002 1842 1239 1888 vestram
1260 1847 1548 1886 exoramus
1567 1831 1800 1886 clemen-

268 1922 412 1982 tiam.
439 1931 517 1987 ut,
569 1925 991 1994 quotiescunque
1030 1923 1046 1956 ι
1096 1916 1416 1994 reperiatis,
1445 1938 1543 1978 nos
1600 1922 1800 1976 dixisse

257 2012 607 2081 aequalitatem
636 2013 848 2068 divinae
875 2013 1264 2081 praescientiae
1295 2020 1458 2082 atque
1494 2011 1797 2081 praedesti-

254 2101 476 2166 nationis,
509 2105 776 2171 quantum
805 2103 871 2156 ad
900 2101 1162 2156 unitatem
1193 2101 1404 2156 divinae
1433 2101 1795 2166 substantiae,

256 2189 299 2242 in
320 2205 411 2258 qua
436 2206 605 2244 unum
641 2199 786 2255 sunt,
822 2205 922 2246 nos
969 2191 1203 2246 sensisse
1229 2191 1433 2246 sciatis.
1484 2190 1619 2244 item
1648 2191 1794 2261 quod

255 2278 481 2347 diximus,
510 2295 601 2346 ea,
640 2295 780 2349 quae
807 2295 914 2335 non
959 2289 1104 2347 sunt,
1133 2294 1234 2337 nec
1279 2295 1311 2334 a
1357 2279 1469 2334 Deo
1499 2279 1646 2344 sciri,
1697 2293 1799 2334 nec

253 2371 482 2436 praeseiri
511 2385 695 2441 posse,
727 2385 833 2424 non
868 2384 930 2424 ea
954 2371 1244 2440 pravitate,
1271 2384 1377 2439 qua
1399 2369 1616 2439 quidam
1642 2383 1798 2438 prae-

253 2460 510 2515 scientiam
547 2461 641 2515 Dei
658 2460 881 2515 auferre
906 2469 1188 2524 conantur,
1215 2459 1416 2514 dixisse
1446 2473 1544 2512 nos
1572 2457 1797 2512 arbitre-

251 2549 393 2614 mini;
415 2552 508 2605 sed
532 2566 597 2605 ea
628 2551 855 2614 ratione,
882 2565 986 2618 qua
1011 2551 1266 2620 docemur
1286 2548 1502 2613 nesciri,
1525 2561 1664 2617 quae
1690 2561 1798 2602 non

255 2648 383 2704 sunt,
409 2649 462 2694 et
511 2640 796 2695 scientiam
829 2640 923 2695 Dei
971 2655 1091 2695 esse
1135 2639 1512 2702 substantiam,
1541 2637 1795 2692 substan-

250 2728 361 2780 tiam
386 2738 566 2782 autem
606 2728 725 2798 ejus
750 2743 855 2782 non
884 2729 938 2782 in
968 2727 1158 2794 nihilo,
1182 2727 1277 2783 sed
1306 2727 1358 2781 in
1388 2725 1568 2796 aliquo
1598 2739 1720 2782 esse
1747 2736 1796 2780 ι.

249 2814 344 2870 Pax
371 2817 574 2873 Christi
605 2820 841 2874 abundet
863 2819 917 2874 in
951 2818 1210 2875 cordibus
1239 2817 1457 2873 vestris.

379 2930 595 2994 Caesare
615 2932 706 2982 sub
726 2931 894 2984 Carolo
913 2932 1202 2982 Francorum
1225 2931 1373 2994 gloria
1398 2928 1581 2994 pollet,

449 2991 643 3044 Littore
667 3006 758 3043 seu
803 2994 995 3056 l‘elagi,
1020 2991 1250 3055 piscibus,
1272 2991 1418 3054 atque
1441 2991 1540 3041 salo
1563 2991 1580 3042 ἐ

381 3051 530 3104 Secta
553 3056 776 3104 diaboliei
797 3051 1046 3104 damn'at'ur
1068 3051 1322 3116 dogmatis,
1336 3051 1492 3116 :atque

438 3116 697 3166 Pastorum
719 3127 835 3166 cura
856 3115 1080 3179 splendet
1103 3114 1463 3166 aiuoeua'tlde’s.

776 3246 978 3303 CAPIT
988 3245 1174 3304 ULUM
1209 3247 1251 3302 Ι.

263 3353 548 3427 Quadrioio
590 3359 889 3430 regularum
935 3360 1092 3413 totius
1134 3357 1486 3430 philosophiae
1521 3365 1775 3429 quattuor

591 3429 792 3484 omnem
817 3429 1168 3499 quaestionem
1193 3434 1320 3484 so.vi
1350 3429 1372 3460 ³
1399 3429 1448 3482 δ.

303 3536 343 3591 ι.
380 3537 513 3594 Cum
549 3539 734 3594 omnis
762 3538 885 3606 piae
933 3536 1312 3608 perfectaeque
1356 3535 1632 3591 doctrinae
1681 3549 1802 3590 mo-

248 3625 351 3692 dus,
382 3645 488 3699 quo
513 3631 763 3684 omnium
790 3643 971 3682 rerum
993 3629 1131 3683 ratio
1149 3635 1206 3682 et
1231 3626 1619 3684 studiosissime
1638 3640 1803 3696 quae-

247 3715 388 3780 ritur.
411 3729 467 3772 et
489 3719 836 3790 apertissime
857 3718 1149 3784 invenitur,
1174 3718 1227 3771 in
1251 3732 1316 3771 ea
1342 3715 1641 3785 disciplina,
1665 3729 1804 3784 quae

247 3819 276 3858 a
298 3807 516 3866 Graecis
559 3811 898 3880 philosophia
930 3810 1069 3865 solet
1106 3809 1310 3874 vocari,
1342 3808 1412 3862 sit
1456 3807 1802 3874 constitutus,

243 3898 302 3952 de
328 3901 440 3969 ejus
470 3903 833 3958 divisionibus
853 3917 952 3957 seu
985 3902 1363 3972 partitionibus
1389 3901 1650 3971 quaedam
1681 3901 1806 3957 bre—

244 3987 371 4042 viter
398 3993 706 4047 edisserere
725 3991 1088 4046 necessarium
1115 3989 1385 4044 duximus.
1422 4006 1440 4040 ι
1474 3988 1564 4043 Sic
1581 3989 1725 4043 enim
1754 4008 1801 4054 ι,

238 4079 614 4137 otaitsanctus
640 4080 996 4151 Augustinus,
1023 4099 1041 4131 ι
1061 4080 1297 4135 creditur
1317 4087 1373 4133 et
1393 4079 1634 4144 docetur,
1663 4078 1807 4147 quod

241 4176 316 4218 est
357 4169 632 4223 humanae
675 4169 867 4224 salutis
911 4176 1091 4238 caput,
1123 4182 1230 4222 non
1259 4167 1418 4221 aliam
1461 4181 1587 4222 esse
1634 4166 1808 4236 philo-

238 4256 501 4324 sophiam,
531 4260 586 4313 id
613 4269 698 4314 est
719 4259 1014 4329 sapientiae
1037 4258 1297 4324 studium,
1327 4265 1382 4312 et
1407 4257 1566 4312 aliam
1595 4257 1807 4328 religio-

240 4356 373 4408 nem,
405 4363 535 4401 cum
571 4349 648 4413 hi,
682 4363 914 4416 quorum
956 4349 1257 4403 doctrinam
1285 4364 1392 4403 non
1419 4348 1802 4418 approbamus,

235 4448 684 4494 necsacramenta
700 4439 978 4494 nobiscum
999 4439 1400 4494 communicant
1426 4456 1444 4488 ι
1481 4449 1529 4491 ο.
1557 4436 1696 4504 Quid
1722 4443 1808 4492 est

239 4523 372 4579 aliud
413 4527 486 4581 de
511 4525 854 4597 philosophia
902 4533 1155 4591 tractare,
1183 4525 1286 4580 nisi
1312 4538 1472 4579 verae
1508 4522 1805 4594 religionis,

237 4629 336 4685 qua
381 4634 602 4676 summa
651 4629 712 4675 et
737 4618 1052 4689 principalis
1095 4617 1338 4673 omnium
1383 4629 1568 4672 rerum
1618 4629 1806 4682 causa,

1897 1735 2006 1800 ris,
2035 1747 2292 1806 quantum
2333 1739 2444 1806 ipsa
2479 1738 2593 1804 lux,
2620 1754 2758 1808 quae
2789 1739 3054 1796 illuminat
3091 1743 3111 1772 ⁸
3161 1759 3255 1797 eor
3295 1758 3466 1811 quae-

1895 1829 2128 1882 rentium
2178 1844 2274 1894 se,
2303 1829 2460 1884 nobis
2511 1831 2713 1885 aditum
2765 1847 2981 1895 rerum,
3021 1849 3156 1902 quas
3205 1849 3468 1887 conamur

1897 1919 2133 1987 ingredi,
2159 1921 2460 1990 aperuerit,
2487 1921 2851 1977 ostendemus.
2895 1923 2990 1977 His
3021 1924 3163 1976 enim
3209 1933 3464 1994 tanquam

1896 2009 2012 2062 utili
2064 2011 2316 2078 quodam,
2348 2011 2685 2081 honestoque
2727 2013 2995 2067 humanae
3041 2014 3466 2070 ratiocinationis

1896 2100 2180 2168 quadrivio
2223 2102 2288 2156 ad
2314 2103 2484 2171 ipsam
2507 2103 2808 2172 disputandi
2834 2105 3188 2174 disciplinam,
3219 2109 3355 2176 quae
3383 2118 3467 2164 est

1895 2189 2116 2256 veritas,
2146 2192 2321 2246 omnis
2345 2193 2399 2246 in
2429 2207 2490 2247 ea
2521 2193 2762 2248 eruditus
2785 2196 3057 2262 perveniri
3099 2213 3202 2250 non
3235 2198 3462 2252 dubitat.

1896 2277 2062 2349 Cujus
2104 2280 2417 2350 disciplinae
2462 2282 2661 2351 regulis
2717 2285 3022 2339 necessario
3071 2287 3146 2340 uti
3190 2285 3464 2353 jubemur,

1897 2367 2024 2422 dum
2049 2367 2309 2424 adversus
2344 2372 2610 2439 quendam
2642 2374 3074 2443 saphrophilum,
3107 2378 3326 2431 nomine
3360 2376 3467 2432 Go-

1898 2457 2208 2524 tescalcum,
2246 2473 2374 2514 suae
2419 2461 2706 2517 haereseos
2734 2473 2787 2516 et
2833 2464 3165 2519 inventorem
3209 2467 3365 2522 simul
3414 2476 3468 2521 ct

1899 2557 2247 2614 assertorem,
2271 2549 2616 2622 fautoresque
2648 2551 2787 2622 ejus,
2811 2553 2858 2608 si
2889 2562 3063 2608 tamen
3085 2566 3231 2620 sunt,
3260 2557 3463 2621 nescio,

1900 2644 2062 2706 atque
2103 2639 2308 2692 utinam
2338 2654 2407 2694 ne
2438 2640 2543 2694 sint
2563 2681 2576 2705 ,
2608 2643 2929 2710 respondere
2957 2643 3323 2712 compellimur
3348 2684 3362 2707 ,
3383 2645 3468 2714 ju-

1899 2727 2151 2783 bentibus
2175 2728 2423 2784 videlicet
2464 2731 2761 2785 catholicae
2809 2731 3083 2785 Ecclesiae
3115 2732 3466 2802 vigilantissi-

1901 2817 2004 2872 mis
2046 2818 2373 2887 pastoribus,
2404 2818 2454 2871 in
2484 2833 2710 2887 quorum
2741 2818 2867 2873 ovili
2908 2819 3014 2872 tale
3041 2835 3305 2874 venenum
3355 2835 3471 2874 ser-

1902 2920 2030 2977 pere
2074 2906 2292 2961 molitur
2315 2945 2331 2969 ,
2362 2914 2628 2960 annuente
2662 2907 2982 2974 praesertim
3015 2908 3469 2964 orthodoxissimo

1821 2987 1872 3049 C
1902 2997 2144 3068 principe
2181 2998 2396 3052 domino
2419 2997 2710 3052 venerabili
2745 2998 2957 3063 Carolo,
2989 2998 3140 3067 cujus
3172 3001 3463 3056 maximum

1903 3085 2141 3142 studium
2161 3096 2262 3150 est,
2290 3086 2378 3156 pie
2407 3095 2658 3154 recteque
2685 3086 2751 3142 de
2773 3087 2880 3141 Deo
2903 3089 3126 3148 sentire.
3148 3105 3316 3160 prava
3347 3091 3470 3144 hae~

1901 3176 2196 3231 reticorum
2240 3175 2488 3242 dogmata
2531 3175 2674 3230 veris
2709 3176 3028 3243 rationibus,
3049 3187 3471 3248 sanctorumque

1902 3264 2123 3320 Patrum
2181 3265 2503 3320 auctoritate
2532 3262 2798 3331 refellere,
2841 3265 2908 3321 ad
2960 3266 3206 3321 ultimum
3254 3269 3470 3337 penitus

1901 3356 2202 3412 eradicare.

1971 3447 2058 3501 ill.
2101 3445 2178 3502 Ne
2227 3447 2388 3517 igitur
2434 3447 2743 3504 defensores
2788 3448 3032 3503 veritatis
3079 3448 3312 3505 inermes
3343 3465 3468 3505 cum

1903 3535 2258 3591 assertoribus
2287 3536 2534 3590 falsitatis
2578 3537 2862 3608 confligere
2903 3539 3206 3604 videamur,
3239 3555 3343 3595 non
3382 3541 3470 3593 in-

1902 3639 2136 3695 congrue
2185 3623 2381 3694 regulis
2428 3625 2812 3694 disputatoriae
2872 3627 3004 3680 artis
3053 3635 3264 3681 utemur
3333 3627 3469 3684 Cum

1902 3714 2045 3768 enim
2087 3729 2183 3783 per
2209 3722 2378 3767 artem
2420 3715 2744 3769 rhetoricam
2795 3725 2848 3769 et
2879 3731 3002 3769 vera
3044 3718 3372 3772 suadeantur
3417 3727 3473 3773 et

1903 3803 2061 3870 falsa,
2091 3803 2213 3873 quis
2258 3804 2454 3858 audeat
2499 3805 2702 3871 dicere,
2734 3806 2991 3860 adversus
3018 3791 3360 3862 mendacium
3412 3811 3471 3864 in

1904 3893 2275 3949 defensoribus
2301 3896 2414 3950 suis
2453 3897 2713 3953 inermem
2757 3899 2953 3955 debere
2983 3902 3280 3958 consistere
3325 3905 3473 3958 veri-

1905 3992 2092 4050 tatem,
2123 3991 2182 4038 ut
2229 3984 2476 4042 videlicet
2522 3988 2600 4042 illi
2627 4028 2642 4055 ,
2670 3989 2759 4057 qui
2811 4004 2896 4044 res
2936 3991 3099 4046 falsas
3142 3994 3472 4062 persuadere

1905 4083 2188 4141 conantur,
2219 4077 2466 4130 noverint
2496 4078 2797 4134 auditorem
2827 4079 2910 4134 vel
2946 4081 3266 4137 benevolum
3299 4083 3320 4112 ⁸
3339 4122 3354 4147 ,
3387 4085 3469 4140 vel

1907 4163 2192 4230 intentum,
2222 4165 2300 4219 vel
2343 4165 2567 4221 docilem
2603 4169 2878 4236 prooemio
2908 4169 2928 4199 °
2958 4168 3156 4234 facere,
3179 4171 3266 4227 isti
3293 4182 3473 4230 autem

1911 4271 2019 4310 non
2049 4256 2325 4322 noverint;
2365 4257 2438 4310 illi
2473 4256 2609 4312 falsa
2653 4259 2909 4326 breviter,
2952 4270 3135 4332 aperte
3161 4302 3176 4327 ,
3206 4263 3474 4319 verisimi-

1911 4344 2056 4410 liter,
2091 4353 2144 4399 et
2173 4345 2260 4398 isti
2282 4359 2406 4398 vera
2433 4346 2513 4400 sic
2541 4355 2784 4413 narrent,
2813 4359 2873 4401 ut
2903 4349 3088 4405 audire
3131 4352 3362 4418 taedeat,
3396 4354 3479 4409 in-

1913 4435 2150 4507 telligere
2198 4450 2303 4490 non
2337 4443 2538 4505 pateat,
2564 4438 2782 4492 credere
2807 4448 3082 4509 postremo
3125 4458 3233 4497 non
3277 4442 3473 4511 libeat;

1913 4525 1988 4580 illi
2011 4525 2288 4580 fallacibus
2315 4527 2648 4596 argumentis
2673 4529 2955 4586 veritatem
2979 4542 3309 4604 oppugnent,
3333 4550 3480 4591 asse-

1914 4626 2038 4672 rant
2080 4615 2392 4684 falsitatem,
2423 4619 2512 4673 isti
2554 4634 2654 4674 nec
2690 4635 2814 4676 vera
2862 4621 3168 4689 defendere,
3198 4639 3298 4683 nec
3343 4625 3478 4682 falsa

1520 4727 1777 4782 VARIAE
1813 4726 2214 4790 LECTIONES.

261 4819 265 4821 ’
293 4820 321 4893 ξ
349 4819 486 4877 Cod.
523 4823 984 4893 quotienscunque.

235 4889 259 4920 ⁸
281 4889 414 4946 Cod.
445 4889 761 4955 inluminat,
783 4891 862 4947 sic
880 4889 1100 4960 ubique.
1177 4890 1200 4921 '
1225 4889 1300 4944 Co

1105 4820 1128 4852 ²
1154 4819 1285 4876 Cod.
1303 4817 1622 4944 ιΤιαείηευὶο,
1648 4816 1729 4870 sic
1749 4815 1965 4902 ubique.

1177 4890 1200 4921 '
1225 4889 1300 4944 Co
1339 4928 1355 4942 .
1401 4885 1716 4941 bentvolum.
1791 4886 1813 4916 ‘
1833 4888 1965 4942 (βοά.

2071 4819 2092 4850 ³
2119 4783 2328 4874 Titulus
2372 4819 2425 4874 in
2455 4819 2576 4876 cod.
2604 4783 2786 4886 deest;
2830 4821 3008 4877 addidi
3053 4839 3118 4880 ex
3166 4825 3478 4886 Prudentia.

1401 4885 1716 4941 benivolum.
1791 4886 1813 4916 ‘
1833 4885 1971 4942 Cod.
1999 4890 2255 4959 proymt'o.

1752 5001 2002 5061 NOTAE.

296 5087 326 5117 ι
357 5075 482 5146 lpse
495 5075 526 5130 Ι
537 5117 552 5129 .
569 5075 762 5146 Scottis
776 5077 976 5131 sentire
987 5074 1218 5138 videtur,
1232 5088 1316 5146 ea,
1335 5087 1473 5146 quae
1486 5072 1539 5128 in
1553 5073 1658 5128 hoc
1668 5071 1810 5146 libro

231 5142 416 5199 docuit
432 5147 506 5199 de
524 5145 849 5215 aequalitate
862 5147 1074 5200 divinae
1092 5142 1481 5215 praescientiae
1503 5153 1558 5198 et
1585 5142 1814 5212 praede-

227 5215 575 5279 stinationis,
593 5214 690 5269 nec
702 5230 806 5270 non
824 5216 888 5269 de
899 5215 1080 5269 ‘divina
1102 5214 1314 5268 inscitia
1327 5228 1514 5267 eorum
1524 5253 1537 5276 ,
1551 5226 1690 5282 quae
1705 5227 1811 5266 non

1988 5077 2016 5152 Ρ
2046 5077 2127 5132 Ad
2157 5077 2292 5152 haec
2316 5078 2638 5152 Prudentius
2662 5098 2676 5136 :
2701 5081 2814 5136 Nec
2847 5083 2981 5137 illud
3001 5087 3329 5152 quadrivium
3350 5127 3365 5152 ,
3391 5104 3485 5146 nec

1918 5145 2055 5226 ulla:
2084 5148 2379 5226 mundanae
2411 5151 2696 5226 sapientiae
2737 5154 2928 5226 species
2963 5145 3032 5208 ad
3071 5171 3274 5226 omnem
3320 5145 3481 5226 qam;

1917 5217 2135 5271 ationem
2164 5216 2713 5292 soluendam’suﬂicere
2735 5216 2926 5290 absque
2958 5226 3132 5292 gratia
3164 5224 3257 5277 Dei
3277 5216 3483 5292 et'ﬁde,

227 5293 374 5347 sunt,
387 5301 509 5354 quo
536 5294 835 5354 peccatum,
852 5299 1019 5349 mors,
1034 5299 1261 5356 poenae,
1279 5283 1476 5336 malum
1492 5283 1559 5356 ab
1584 5283 1820 5356 ips_o_nu-
1914 5301 2050 5353 quae
2075 5302 2164 5353 per
2184 5285 2509 5356 dilectionem
2535 5283 2794 5356 operatur,
2813 5283 2877 5344 ac
2898 5283 3069 5345 veraci
3095 5295 3269 5345 studio
3290 5307 3334 5344 et
3351 5283 3486 5352 1m;

228 5351 596 5417 merantur,a
626 5355 893 5409 communi
924 5351 1083 5409 sensu
1111 5354 1332 5407 omnino
1355 5351 1629 5406 recedere.
1660 5351 1816 5404 Ideo-

229 5437 360 5489 que,
392 5439 469 5478 ne
498 5423 893 5497 catholicorum
925 5423 1095 5497 animi
1115 5423 1276 5497 nimis
1297 5421 1660 5497 offendantur,
1682 5419 1818 5497 haec

229 5501 588 5562 praemonet.
616 5493 820 5562 Reapse
847 5503 1025 5548 autem
1051 5492 1166 5560 ejus
1180 5492 1478 5562 doctrinam
1495 5491 1549 5562 in
1574 5490 1816 5562 hiscapi-

229 5558 373 5616 tibus
385 5576 418 5615 a
433 5560 668 5616 veritate
681 5558 834 5631 longe
849 5558 1119 5627 recedere,
1134 5577 1198 5616 ex
1212 5561 1348 5615 libro
1362 5560 1475 5632 ipso
1489 5558 1640 5613 facile
1653 5565 1818 5626 patet.

1919 5365 2122 5424 ctarum
2151 5355 2363 5408 scientia
2397 5355 2810 5424 Scripturarum.

1995 5433 2016 5459 ο
2051 5423 2340 5494 Augustin.
2371 5425 2435 5478 de
2463 5423 2584 5479 vera
2607 5426 2754 5494 relig.
2792 5442 2843 5485 (ι.
2876 5428 2928 5485 li.
