3904 6148
381 308 481 365 5.39
1346 370 1369 379 ἴ
1735 299 2017 358 JOANNIS
2056 297 2251 356 SCOTI
3513 299 3612 354 560

388 400 596 491 valeant
625 390 890 479 refutare;
922 413 997 468 illi
1022 414 1227 467 animos
1260 411 1587 466 audientium
1618 410 1671 463 in
1702 424 1939 463 errorem
1973 413 2017 467 Λ
2046 422 2217 477 neque
2246 408 2312 462 ad
2343 407 2501 465 tinem
2541 410 2677 480 ejus,
2712 410 2876 466 vitam
2908 410 3155 468 videlicet
3171 418 3473 479 aeternam,
3499 424 3620 478 pos-

391 514 696 569 inovcmcs,
744 504 1177 573 impcllentesque
1221 500 1450 557 dicendo
1497 507 1774 561 terreant,
1821 512 1949 551 con-
2049 501 2118 553 sit
2146 499 2447 567 pervenire,
2476 514 2667 567 nemo,
2697 501 2803 558 nisi
2846 502 3069 558 alterius
3113 503 3433 558 necessitate
3472 502 3615 559 fati'
3660 532 3666 539 -

386 596 604 651 trintent
628 634 642 659 ,
671 594 972 648 exhilarent
1009 592 1059 656 ¹,
1102 591 1456 646 exhortentur
1519 590 1806 652 ardenter,
1862 586 1951 641 isti
2049 602 2149 649 nec
2174 588 2227 641 in
2268 589 2515 644 meritum
2562 590 2887 660 impietatis,
2928 607 3027 648 nec
3057 592 3111 648 in
3152 592 3272 663 ejus
3306 592 3618 660 terminum,

384 699 485 757 pro
534 683 760 739 veritate
818 681 945 736 lenti
1009 679 1297 751 frigidique
1336 679 1664 734 dormitent?
1698 677 1831 744 Quis
1875 676 1952 732 ita
2050 687 2328 741 aeternum
2386 679 2599 749 quidem
2629 681 2967 752 supplicium,
3004 682 3357 753 compellatur
3406 683 3617 738 cadere.

386 776 629 847 desipiat,
656 781 715 829 ut
748 774 851 828 hoc
876 772 1090 842 sapiat?
1134 770 1239 827 Sed
1268 770 1522 840 quoniam
1561 768 1839 825 verissime
1869 768 1950 823 di-
2049 768 2196 834 Quae
2245 768 2559 825 stultissima
2616 772 3095 841 erudelissimaque
3165 772 3376 827 insania
3445 773 3621 842 primo

391 877 532 925 ctum
560 870 673 931 est,
703 850 902 935 oportet
950 862 1139 917 multa:
1191 863 1429 916 haereses
1468 876 1610 924 esse,
1651 868 1708 913 ut
1747 856 1953 928 probati
2048 858 2371 912 auctoritate
2419 859 2595 915 divina
2629 860 2912 927 refellitur,
2958 862 3149 918 deinde
3192 877 3353 919 verae
3399 864 3624 920 rationis

389 946 648 1025 manifesti
668 954 800 1023 ﬁant
830 956 963 1008 utter
982 970 1072 1007 vos
1098 949 1145 1011 ατ
1175 960 1387 1006 utamur
1410 949 1575 1006 etiam
1604 950 1708 1005 isto
1737 947 1954 1002 divinae
2050 947 2250 1018 regulis
2274 949 2603 1005 annullatur.
2643 950 2783 1018 Quid
2821 952 3003 1007 enim?
3052 953 3311 1022 numquid
3350 968 3444 1021 per
3499 968 3622 1022 [ιι-οι

385 1045 752 1115 providentiae
792 1040 1071 1098 beneﬁcio.
1104 1041 1185 1094 Ex
1219 1040 1301 1093 his
1326 1040 1467 1095 enim
1493 1037 1800 1092 hominibus
1824 1036 1953 1091 liae-

2073 1041 2265 1095 thetam
2294 1042 2531 1098 dicitur:
2567 1042 2847 1100 Universae
2878 1046 2992 1099 uiae
3021 1045 3228 1100 Domini
3263 1048 3623 1101 misericordia

385 1120 533 1190 retici
566 1133 728 1197 ﬁunt,
755 1131 845 1200 (1οί
897 1131 1080 1196 (illam.
1112 1145 1157 1185 SI
1187 1136 1367 1184 0888M
1393 1128 1447 1183 in
1473 1125 1733 1191 Εεειθείὶιν
1762 1124 1953 1180 nihilo.
2049 1140 2099 1184 et
2122 1133 2343 1187 veritust
2363 1132 2387 1187 ?
2409 1132 2560 1201 Quod
2588 1136 2825 1203 apertius
2858 1136 2983 1190 alibi
3020 1136 3292 1205 aperitur:
3327 1135 3624 1190 Misericor-

387 1224 571 1279 miuus
604 1229 871 1277 errarent.
910 1220 1043 1274 Cum
1093 1228 1273 1274 autem
1310 1217 1443 1274 foris
1489 1226 1632 1281 sunt,
1664 1216 1953 1286 plurimum
2050 1220 2192 1275 diam
2219 1232 2273 1275 et
2289 1221 2551 1290 judicium
2590 1224 2813 1277 cantabo
2839 1225 2930 1278 tibi
2952 1224 3170 1279 Domine
3189 1224 3241 1278 ά.
3266 1223 3475 1291 Quibus
3495 1241 3621 1281 vers

384 1322 632 1387 prosunt,
659 1329 762 1368 non
790 1326 976 1367 verum
1006 1311 1270 1372 docendo,
1297 1308 1438 1379 quod
1469 1308 1736 1371 nesciunt,
1762 1306 1853 1362 sed
1885 1304 1956 1359 ad

2073 1310 2135 1366 tis
2161 1310 2489 1366 lucidissime
2525 1319 2581 1366 et
2606 1311 2870 1366 donorum
2901 1313 2996 1367 Dei
3023 1312 3270 1383 largitas,
3301 1322 3359 1369 et
3378 1313 3627 1382 justitiae

385 1418 572 1458 verum
601 1399 965 1470 quaerendum
998 1397 1261 1463 carnales,
1289 1405 1344 1451 et
1377 1397 1445 1453 ad
1472 1411 1658 1453 verum
1709 1394 1953 1464 aperien-
2051 1401 2168 1472 ejus
2200 1401 2451 1472 aequitas
2475 1402 2907 1459 commendatur.
3063 1397 3067 1401 ’

387 1494 512 1548 dum
555 1486 863 1562 Spiiitualcs
909 1487 1205 1543 catholicos
1254 1486 1559 1542 excitando.
1615 1482 1753 1538 Sunt
1799 1482 1944 1536 enim
2601 1536 2943 1562 mmmmn

1148 1536 1781 1646 iZ‘ccie-siamD-eovprobati
1806 1572 1909 1627 viri
1932 1587 1949 1635 ;
2600 1536 2998 1595 CAPITULUM
3029 1540 3091 1595 Π·

396 1675 487 1729 sed
517 1671 787 1729 manifesti
817 1670 917 1727 viri
946 1686 1050 1727 non
1081 1670 1215 1725 ﬁunt
1242 1670 1382 1724 inter
1420 1681 1537 1732 nos,
1570 1665 1825 1737 quamdiu
1856 1664 1952 1718 im-
2000 1734 2005 1739 .
2052 1650 2368 1723 Argumenta
2396 1648 3629 1739 necessitati:felicityfisuspraedaene!»-

386 1762 615 1833 peritiae
631 1768 844 1816 nostrae
870 1758 1104 1815 tenebris
1115 1758 1362 1814 delectati
1384 1756 1619 1813 dormire
1633 1754 1898 1809 malumus
1917 1754 1960 1818 ',
1990 1734 2038 1806 Β
2567 1734 2655 1773 ’³⁸⁸
2679 1719 2793 1788 ﬂe"
2826 1736 2927 1773 "0"
2955 1735 3122 1789 Ρ⁰³³³⁶

392 1867 552 1922 quam
581 1849 752 1905 lucem
779 1848 1023 1904 veritatis
1070 1846 1287 1902 intueri.
1321 1833 1666 1917 Quapropter
1687 1842 1860 1909 multi,
1894 1849 1955 1897 ut

390 1941 531 1995 diem
580 1938 672 1993 Dei
721 1938 938 1993 videant
980 1944 1035 1991 et
1081 1937 1367 2008 gaudeant,
1392 1949 1490 2003 per
1536 1932 1838 1987 haereticos
1890 1931 1957 1985 de

390 2044 586 2084 somno
632 2027 955 2084 excitantur.
1007 2024 1229 2080 Utamur
1257 2038 1386 2094 ergo
1433 2022 1598 2078 etiam
1648 2020 1971 2085 haereticis,

370 2134 496 2173 anon
542 2126 601 2172 ut
624 2131 808 2175 eorum
853 2116 1208 2187 approbemus
1245 2127 1475 2178 errores,
1507 2111 1600 2168 sed
1626 2120 1683 2166 ut
1738 2109 1959 2166 catholi-

380 2222 510 2262 cam
540 2206 875 2276 disciplinam
896 2205 1154 2260 adversus
1177 2217 1364 2259 eorum
1386 2201 1609 2256 insidias
1632 2208 1958 2264 asserentes,

388 2296 759 2367 vigilantiores
785 2302 841 2351 et
881 2293 1150 2351 cautiores
1175 2293 1362 2359 simus,
1395 2290 1605 2348 etiamsi
1651 2304 1744 2346 eos
1774 2286 1841 2344 ad
1869 2304 1959 2344 sa-

383 2384 559 2440 lutem
590 2399 844 2440 revocare
875 2398 979 2439 non
1010 2382 1299 2453 possimus.

465 2473 556 2530 Ν.
602 2473 864 2542 Quoniam
907 2472 1075 2545 igitur
1134 2472 1338 2542 antiqui
1388 2472 1558 2526 hostis
1600 2468 1818 2526 miseria
1865 2468 1964 2523 hu-

392 2579 588 2620 manae
612 2564 927 2620 beatitudini
961 2579 1172 2634 semper
1193 2563 1417 2630 invidet,
1448 2563 1672 2618 insidias
1702 2561 1722 2593 ³
1748 2568 1964 2618 nostrae

392 2654 551 2710 saluti
579 2668 903 2725 praeparare
931 2664 1037 2708 non
1063 2661 1255 2708 cessat.
1298 2651 1455 2708 Salus
1478 2660 1657 2707 autem
1683 2661 1867 2717 nostra
1895 2666 1977 2707 ex.

394 2742 501 2800 ﬁde
546 2745 779 2800 inchoat.
806 2743 992 2799 Fidem
1023 2743 1186 2813 igitur
1230 2743 1507 2798 destruere
1534 2742 1764 2809 laborat,
1794 2756 1963 2812 quae-

388 2851 524 2892 rens
553 2850 679 2891 vasa
708 2835 809 2890 sibi
838 2833 1236 2900 convenientia,
1267 2833 1459 2904 quibus
1489 2847 1553 2888 ea
1583 2847 1807 2899 venena,
1828 2847 1967 2902 quae

388 2926 516 2998 ejus
545 2935 918 2999 argumentosa
949 2925 1148 2981 malitia
1180 2925 1404 2982 interius
1443 2926 1697 2999 exagitat,
1728 2927 1783 2982 in
1808 2941 1967 2984 aures

394 3019 753 3085 credentium,
803 3020 1167 3089 impetumque
1202 3019 1432 3076 astutiae
1459 3032 1810 3074 suaecavere
1857 3035 1963 3076 non

392 3110 685 3167 valentium
712 3109 951 3166 exterius
987 3108 1255 3164 infundat.
1289 3109 1394 3166 Sed
1427 3110 1552 3181 quia
1589 3110 1757 3180 ipsius
1783 3124 1970 3166 omnes

400 3201 846 3266 adinventiones,
910 3198 1106 3269 quibus
1161 3199 1421 3255 unitatem
1476 3198 1783 3255 Catholicae
1847 3200 1971 3257 ﬁdei

395 3307 570 3361 usque
594 3291 752 3346 modo
788 3298 1013 3346 conatus
1052 3298 1137 3345 est
1160 3288 1426 3354 scindere,
1479 3301 1737 3359 operante
1792 3290 1969 3346 divina

390 3379 573 3452 gratia
595 3394 693 3449 per
718 3393 835 3444 eos,
864 3378 958 3448 qui
982 3379 1126 3435 beati
1173 3387 1228 3433 et
1264 3378 1590 3434 immaculati
1617 3380 1671 3434 in
1720 3380 1806 3435 via
1837 3379 1969 3451 legis

394 3469 615 3524 divinae
662 3464 1088 3530 ambulaverunt,
1139 3471 1194 3519 et
1223 3463 1530 3521 testimonia
1575 3464 1692 3536 ejus
1745 3467 1971 3523 scrutati

394 3566 551 3623 sunt,
579 3555 816 3611 funditus
850 3555 1097 3625 explosae
1128 3553 1296 3628 [sunt]
1326 3557 1348 3587 ⁵
1366 3595 1382 3624 ,
1410 3571 1478 3611 ne
1507 3556 1673 3611 ullum
1697 3557 1989 3628 nequitiae.

403 3663 536 3704 suae
591 3654 967 3719 argumentum
1014 3652 1361 3716 praetereat,
1409 3660 1550 3702 novo
1607 3662 1748 3703 nunc
1789 3648 1810 3680 '
1857 3663 1973 3704 ma-

392 3738 748 3796 chinamento
795 3753 1006 3793 murum
1050 3738 1287 3793 munitae
1317 3736 1438 3793 (idei
1473 3737 1680 3794 solvere
1708 3746 1968 3809 temptat;

408 3844 507 3899 per
576 3826 876 3882 ministrum
926 3841 1157 3897 namque
1209 3841 1383 3891 suum,
1432 3826 1636 3884 scilicet
1678 3826 1975 3901 G[otescal-

406 3914 558 3990 cum]
589 3914 630 3983 ‘,
692 3917 820 3973 duas
853 3916 1365 3988 praedestinationcs
1394 3916 1447 3970 in
1476 3917 1582 3972 Deo
1609 3932 1729 3972 esse
1759 3919 1971 3984 asserit,

409 4009 608 4076 quibus
654 4015 710 4062 et
765 4006 1083 4076 aequissima
1126 4004 1365 4074 justitiae
1414 4006 1623 4073 merita,
1682 4016 1738 4061 et
1767 4007 1975 4064 miseri-

406 4097 721 4152 cordissima
752 4096 956 4168 gratiae
986 4095 1123 4151 dona
1152 4096 1344 4149 nititur
1379 4093 1610 4151 auferre.
1662 4096 1796 4151 Cum
1828 4099 1973 4153 enim

402 4200 575 4257 genus
599 4186 890 4240 humanum
912 4184 1184 4239 dividatur
1222 4184 1275 4236 in
1303 4184 1472 4240 bonos
1521 4183 1831 4254 malosque;
1858 4199 1974 4241 om-

404 4276 491 4331 nis
513 4289 743 4345 namque
777 4273 935 4330 homo
975 4282 1067 4328 aut
1094 4270 1285 4337 bonus,
1333 4281 1424 4327 aut
1456 4273 1628 4328 malus
1657 4284 1759 4340 est;
1809 4274 1973 4330 malo-

408 4382 522 4419 rum
545 4373 743 4431 autem,
766 4372 825 4419 ut
851 4365 925 4418 ait
946 4362 1176 4427 Veritas,
1211 4358 1332 4430 linis
1356 4372 1432 4418 est
1459 4362 1771 4434 supplicium
1795 4374 1969 4421 aeter-

410 4471 552 4519 num,
577 4454 825 4508 bonorum
850 4469 962 4507 vero
991 4454 1093 4507 vita
1114 4461 1321 4507 aeterna
1342 4453 1371 4493 δ
1396 4469 1409 4506 :
1442 4453 1534 4524 qui
1565 4462 1691 4509 sunt
1718 4453 1842 4509 mali
1869 4456 1974 4512 nisi

411 4542 582 4611 impii,
614 4550 670 4597 et
711 4541 836 4596 boni
867 4541 967 4595 nisi
989 4541 1159 4611 justi?
1190 4540 1465 4598 Justorum
1485 4545 1747 4611 omnium,
1775 4554 1836 4600 ut
1858 4547 1991 4618 ipse.

407 4632 677 4695 adstruit,
723 4629 1044 4686 inevitabilis
1090 4628 1439 4700 etl‘ectivaque
1485 4649 1645 4689 causa
1676 4635 1972 4690 constituta

404 4730 493 4777 est
520 4723 571 4777 in
601 4720 1082 4792 praedestinatione
1112 4736 1213 4774 una
1242 4737 1255 4786 ;
1309 4721 1592 4791 impiorum
1626 4737 1755 4779 vero
1782 4723 1974 4779 simili-

414 4823 497 4869 ter
522 4816 575 4869 in
603 4814 793 4869 altera.
847 4812 965 4868 Una
1003 4812 1218 4883 quippe,
1247 4820 1305 4865 ut
1334 4814 1429 4879 ait,
1453 4811 1719 4880 justorum
1745 4824 1849 4880 est,
1894 4814 1973 4870 al-

414 4913 529 4957 tera
565 4902 887 4973 impiorum;
927 4901 980 4956 in
1009 4910 1232 4968 tantum,
1269 4911 1327 4955 ut
1366 4917 1522 4956 nemo
1546 4942 1567 4967 ,
1609 4903 1711 4959 nisi
1742 4906 1980 4960 necessi-

406 5002 522 5050 tate
544 4992 854 5048 immutabili
884 4993 1062 5059 unius,
1092 5008 1263 5063 neque
1291 4994 1358 5048 ad
1404 4993 1645 5063 iustitiae
1700 4994 1972 5063 meritum,

2125 1854 2166 1908 l.
2201 1842 2301 1909 Ubi
2341 1860 2469 1908 sunt
2516 1866 2668 1923 ergo,
2720 1850 3102 1925 Giotescalce].
3154 1852 3378 1908 (hiatum
3403 1856 3630 1923 praede‘

2056 1943 2402 1999 stinationum
2442 1951 2653 1996 tuarum
2691 1943 3159 1998 necessitudines?
3195 1942 3428 1999 Tuarum
3471 1946 3629 2011 dico,

2056 2048 2163 2089 non
2185 2033 2507 2089 divinarum.
2542 2031 2654 2086 Tua
2682 2033 2883 2087 etenim
2906 2047 3002 2088 eas
3030 2034 3353 2103 perversitas
3382 2034 3556 2102 tinxit,
3576 2046 3634 2093 et

2058 2121 2176 2177 ideo
2210 2136 2319 2175 non
2365 2128 2512 2187 sunt,
2552 2135 2656 2176 nec
2698 2121 2815 2176 ﬁeri
2862 2130 3109 2191 possunt.
3175 2122 3451 2189 Quomodo
3485 2127 3631 2181 enim

2056 2216 2233 2280 potest
2263 2223 2401 2275 esse,
2429 2209 2573 2279 quod
2623 2216 2851 2264 conatur
2883 2209 3119 2277 auferre,
3172 2211 3315 2281 quod
3345 2213 3473 2267 est?
3530 2213 3631 2268 Ubi
3661 2224 3673 2263 l

2060 2306 2238 2355 autem
2267 2306 2349 2353 est
2376 2297 2704 2363 necessitas,
2733 2297 2809 2352 ibi
2833 2312 2938 2352 non
2974 2305 3061 2353 est
3086 2298 3350 2355 voluntas.
3382 2300 3546 2371 Atqui
3577 2302 3631 2355 in

2061 2386 2170 2447 Deo
2195 2396 2282 2443 est
2324 2387 2593 2444 voluntas.
2648 2386 2707 2442 in
2760 2403 2826 2445 eo
2853 2387 3015 2459 igitur
3042 2403 3148 2445 non
3186 2399 3267 2445 est
3319 2392 3631 2446 necessitas.

2061 2477 2205 2534 Deus
2222 2479 2437 2548 quidem
2467 2477 2669 2544 omnia,
2699 2492 2839 2548 quae
2883 2477 3035 2544 fecit,
3085 2494 3181 2535 sua
3211 2482 3426 2550 propria
3449 2481 3635 2537 volun-

2064 2577 2195 2636 tate,
2227 2570 2369 2625 nulla
2394 2585 2520 2625 vero
2544 2570 2867 2651 necessitate
2902 2568 3049 2627 fecit.
3084 2569 3223 2639 Quid
3247 2573 3388 2627 enim
3418 2580 3637 2644 cogeret

2064 2659 2251 2724 Deum,
2272 2667 2335 2714 ut
2359 2658 2561 2729 aliquid
2588 2656 2832 2714 faceret?
2876 2658 3077 2726 Quodsi
3104 2660 3281 2730 aliqua
3311 2676 3433 2717 eum
3468 2676 3633 2717 causa

2064 2748 2408 2819 compelleret
2461 2749 2527 2803 ad
2575 2747 2908 2815 faciendum,
2959 2765 3025 2805 ea
3071 2751 3269 2806 merito
3308 2748 3479 2819 major
3518 2766 3635 2806 me-

2069 2838 2276 2907 liorque
2320 2852 2386 2894 eo
2419 2828 2767 2904 crederetur;
2817 2854 2879 2894 ae
2921 2852 3018 2910 per
3062 2840 3166 2896 hoc
3194 2841 3332 2910 ipsa,
3363 2856 3467 2897 non
3492 2841 3633 2911 ipse,

2069 2944 2276 2985 summa
2324 2929 2565 2985 omnium
2594 2944 2756 2986 causa
2805 2929 3051 3001 Deosque
3079 2931 3364 2988 coleretur.
3408 2932 3467 2988 Si
3508 2949 3636 2989 vero

2071 3032 2179 3073 una
2200 3028 2255 3073 et
2280 3018 2592 3089 principalis
2622 3021 2787 3075 totius
2810 3021 3363 3077 universitatis'causa
3390 3022 3637 3078 voluntas

2075 3108 2170 3164 Dei
2196 3116 2250 3164 et
2269 3109 2357 3178 pie
2403 3108 2658 3176 creditur,
2690 3118 2743 3165 et
2795 3114 2941 3167 recte
2968 3111 3301 3182 intelligitur,
3330 3111 3529 3169 frustra
3581 3112 3638 3168 in

2075 3202 2208 3271 ipsa,
2245 3202 2330 3257 vel
2355 3211 2480 3257 ante
2515 3204 2685 3273 ipsam
2727 3206 3022 3260 necessitas
3066 3205 3305 3276 ﬁngitur.
3349 3205 3461 3275 Age
3482 3206 3636 3275 jam!

2073 3294 2132 3350 Si
2160 3309 2337 3359 omne,
2367 3297 2506 3364 quod
2547 3295 2601 3350 in
2622 3284 2733 3350 Deo
2754 3304 2860 3361 est,
2886 3296 3024 3351 Deus
3049 3305 3167 3351 est:
3195 3295 3439 3359 voluntas
3457 3306 3643 3352 autem

2076 3385 2167 3442 Dei
2190 3386 2246 3440 in
2272 3384 2382 3441 Deo
2408 3394 2521 3443 est:
2574 3384 2716 3441 Deus
2742 3393 2826 3440 est
2866 3386 3033 3456 igitur
3062 3386 3155 3441 Dei
3203 3386 3467 3442 voluntas.
3524 3386 3643 3442 Non

2069 3473 2213 3529 enim
2262 3472 2405 3528 aliud
2431 3479 2514 3528 est
2544 3472 2595 3528 ei
2623 3485 2741 3528 esse
2767 3478 2824 3527 et
2858 3471 3030 3555 velle,
3065 3474 3159 3529 sed
3184 3473 3325 3543 quod
3371 3481 3455 3529 est
3496 3489 3640 3539 esse.

2072 3562 2175 3619 hoc
2194 3570 2353 3618 estet
2386 3561 2541 3618 velle.
2570 3561 2803 3618 Proinde
2833 3561 2878 3617 si
2922 3561 3169 3618 voluntas
3212 3562 3309 3619 Dei
3335 3562 3501 3619 libera
3524 3576 3641 3630 est;

2072 3652 2228 3708 aliter
2256 3653 2401 3709 enim
2430 3653 2654 3709 credere
2685 3653 2905 3723 impium
2939 3660 3023 3708 est
3049 3670 3064 3707 :
3096 3652 3262 3708 libera
3292 3669 3418 3710 vero
3452 3655 3647 3709 volun-

2076 3749 2159 3799 tas
2192 3743 2338 3798 omni
2365 3750 2516 3798 caret
2552 3743 2911 3799 necessitate:
2959 3741 3127 3813 igitur
3151 3741 3295 3798 nulla
3347 3744 3649 3799 necessitas

2072 3832 2396 3888 voluntatem
2417 3830 2509 3887 Dei
2538 3831 2789 3901 possidet.
2834 3831 2995 3902 Atqui
3025 3832 3278 3902 quicquid
3310 3833 3335 3865 ⁸
3372 3833 3437 3888 de
3463 3833 3648 3887 divina

2072 3922 2347 3978 voluntate
2374 3936 2502 3978 sane
2529 3920 2878 3993 intelligitur,
2930 3922 2997 3977 de
3036 3920 3388 3992 ejus‘quoque
3423 3922 3651 3991 praede-

2070 4011 2359 4083 stinatione
2385 4025 2607 4067 necesse
2625 4018 2709 4066 est
2743 4010 2994 4065 similiter
3017 4010 3363 4082 intelligatur.
3414 4010 3649 4081 Expulsa

2073 4108 2155 4154 est
2177 4109 2355 4155 autem
2383 4101 2563 4157 omnis
2581 4100 2874 4157 necessitas
2900 4116 2932 4156 a
2954 4100 3133 4157 divina
3153 4101 3447 4158 voluntate.
3479 4102 3652 4171 igitur

2073 4188 2293 4259 apulsa
2324 4198 2407 4244 est
2435 4191 2505 4245 ab
2532 4190 2649 4259 ejus
2674 4190 3179 4259 praedamnatione.

2142 4279 2204 4334 ll.
2232 4280 2314 4334 An
2344 4280 2483 4335 forte
2527 4280 2681 4346 dicis,
2712 4280 3004 4345 haeretice,
3049 4280 3117 4335 ad
3147 4280 3501 4336 substantiam
3550 4278 3652 4334 Dei

2074 4370 2403 4430 voluntatem
2460 4386 2635 4436 suam,
2696 4386 2809 4428 non
2868 4381 3057 4427 autem
3101 4371 3652 4442 praedestinationem

2076 4479 2228 4521 suam
2255 4463 2548 4533 pertinere,
2573 4464 2647 4519 ita
2668 4470 2728 4518 ut
2745 4478 2853 4520 non
2876 4463 3029 4518 aliud
3042 4464 3127 4519 sit
3146 4462 3257 4518 Deo
3277 4476 3396 4518 esse
3416 4470 3471 4515 et
3491 4461 3651 4525 velle,

2077 4554 2222 4615 aliud
2246 4568 2377 4611 vero
2396 4567 2519 4610 esse
2541 4563 2597 4610 et
2610 4554 3049 4624 praedestinare?
3076 4554 3183 4611 Sed
3214 4555 3319 4609 hoc
3346 4551 3501 4624 facile
3520 4565 3652 4621 pos-

2077 4658 2265 4705 sumus
2307 4643 2551 4701 reielleee
2583 4616 2919 4715 argumento,
2966 4643 3110 4716 quod
3136 4643 3368 4700 sumitur
3396 4657 3427 4697 a
3447 4616 3653 4697 delini-

2078 4734 2239 4791 tione.
2268 4753 2289 4787 ί
2309 4735 2558 4790 Estenim
2574 4735 2752 4790 divina
2773 4734 3193 4804 praedestinatio
3217 4753 3262 4801 ι,
3286 4742 3346 4787 ut
3372 4733 3447 4786 ait
3463 4732 3652 4801 Augu-

2078 4825 2271 4891 stinus,
2294 4843 2313 4875 ‹
2333 4824 2598 4890 omnium,
2616 4840 2756 4894 quae
2768 4812 2909 4880 Deus
2928 4824 3171 4880 facturus
3195 4831 3298 4890 est,
3327 4831 3450 4877 ante
3468 4819 3654 4877 secula

2081 4919 2423 4989 praeparatio
2449 4926 2611 4988 atque
2637 4918 2917 4988 dispositio
2944 4938 2965 4971 ι
2996 4929 3042 4972 ο.
3079 4918 3137 4973 Si
3157 4932 3287 4989 ergo
3314 4926 3443 4972 ante
3470 4914 3661 4971 secula

2080 5006 2215 5060 nihil
2275 5007 2509 5061 creditur
2551 5015 2606 5060 et
2658 5006 2970 5078 intelligitur
3004 5013 3219 5077 praeter
3262 5003 3435 5061 solum
3479 5004 3657 5059 Deum

1674 5105 1928 5173 VARIAE
1965 5092 2368 5173 moriones.

476 5216 669 5298 1Cyl;
688 5215 959 5298 επίζιιτεξεξ.
1034 5216 1055 5246 ³
1082 5213 1340 5298 Sicini!"
1367 5213 1438 5298 ΡΙ.
1466 5214 1710 5298 malnat.
1765 5216 1788 5249 ³
1805 5215 2067 5298 Siccam,
2094 5216 2492 5298 it._etinsidias.
2568 5228 2589 5261 ι
2620 5239 2740 5283 sunt
2767 5245 2875 5285 om.
2903 5231 3021 5287 cod.
3099 5231 3120 5264 '
3149 5231 3239 5288 Sic
3265 5230 3409 5298 cod.,
3440 5231 3660 5289 nunc.

409 5285 436 5318 ⁴
468 5285 599 5341 (30d.
628 5284 715 5347 6.,
747 5286 825 5340 sic
847 5286 1061 5354 ubique.
1136 5286 1154 5316 ⁷
1182 5286 1427 5347 Emend.,
1452 5286 1570 5338 cod.
1605 5284 1727 5353 fari.
1804 5290 1826 5320 ⁸
1857 5288 1946 5346 Sic
1971 5284 2114 5358 θοὰ..
2139 5295 2210 5350 Μ.
2236 5298 2509 5368 quidquid.

1925 5398 2105 5457 ΝΘΤΑ
2117 5404 2175 5459 Ε.

481 5499 513 5528 ε
543 5486 710 5540 lCor.
746 5486 830 5548 XI,
858 5485 943 5543 19.

497 5556 528 5595 1»
569 5556 721 5611 llum.
753 5555 839 5615 Vl,
860 5554 954 5608 Ἦ.

482 5637 516 5665 4'-
554 5624 697 5678 Psal.
729 5622 916 5688 XXIV,
949 5622 1035 5676 10.

2159 5496 2185 5532 ά
2224 5492 2365 5546 Psal.
2398 5493 2459 5558 C,
2494 5495 2539 5548 Ι.

2162 5572 2188 5602 ⁸
2217 5563 2501 5634 Augustin.
2535 5565 2597 5620 de
2621 5564 2758 5622 dono
2786 5582 3041 5637 persever.
3067 5582 3117 5622 c.
3139 5568 3226 5628 Π.
