3904 6148
284 272 367 329 38!
1328 267 1532 327 LIBER
1566 273 1653 328 DE
1690 273 2391 337 PRAEDESTINATIONE.

3366 277 3471 379 5.62

285 384 457 438 fuisse:
498 381 1031 453 praedestinationem
1078 390 1253 440 autem
1290 382 1384 438 Dei
1420 392 1545 440 ante
1589 401 1801 443 omnem
1827 387 1878 451 Α
1907 394 2162 453 mentum,
2192 388 2334 458 quod
2355 388 2422 442 ab
2449 384 2726 442 eﬁ‘ectibus
2748 384 2813 439 ad
2837 401 3053 441 causam
3082 387 3330 451 sumitur.
3363 400 3468 446 non

285 478 544 525 creaturam
591 484 709 524 esse
762 470 940 525 nullus
985 486 1149 527 sanus
1203 472 1461 544 ambigit:
1513 473 1800 545 colligitur,

282 560 782 630 praedestinationem
828 561 922 617 Dei
968 562 1138 633 ipsum
1165 563 1330 620 Deum
1361 579 1497 628 esse,
1532 574 1691 635 atque
1737 566 1805 622 ad

282 656 490 703 naturam
517 648 630 719 ejus
657 650 945 720 pertinere.
972 652 1076 706 Sed
1102 669 1168 708 ne
1193 652 1331 709 forte
1355 654 1502 710 dicas
1527 675 1539 709 :
1566 655 1713 722 Quae
1739 655 1804 717 de

210 744 227 763 ‘
282 737 374 793 Deo
402 747 513 792 ante
540 739 794 792 mundum
827 741 1095 808 dicuntur,
1144 758 1247 797 non
1277 744 1457 816 utique
1487 760 1698 816 semper
1726 760 1804 801 sc-

280 828 478 883 cundum
507 830 858 885 substantiam
891 833 1158 888 dicuntur.
1190 834 1459 903 Quaedam
1486 839 1629 892 enim
1652 853 1805 908 prac-

282 917 494 975 dicantur
542 920 994 989 sulistantialiter,
1055 926 1313 995 quaedam
1378 944 1505 987 vero
1564 929 1801 985 relative.

280 1004 374 1061 Non
399 1008 529 1061 enim
553 1011 843 1065 secundum
868 1013 1245 1081 substantiam,
1282 1017 1373 1075 sed
1404 1018 1695 1074 secundum
1723 1034 1807 1081 re-

279 1095 493 1153 lationem
519 1101 716 1156 dicitur
737 1100 914 1182 Pater,
942 1105 1137 1159 dicitur
1166 1102 1353 1173 Filius,
1391 1107 1586 1163 dicitur
1628 1108 1807 1163 Domi-

277 1203 377 1242 nus.
421 1188 675 1246 Similiter
728 1192 1148 1262 praedestinatio
1202 1196 1318 1267 ejus
1366 1196 1584 1252 relative
1626 1198 1804 1266 adea,

277 1291 389 1346 quae
413 1279 800 1347 praedestinata
829 1290 970 1345 sunt,
1002 1282 1286 1350 profertur.
1312 1284 1448 1338 Audi
1476 1283 1806 1358 Scripturam

275 1366 330 1421 de
357 1365 551 1423 Christo
608 1369 912 1425 dicentem:
951 1370 1017 1424 In
1053 1390 1169 1443 quo
1195 1383 1315 1427 sunt
1361 1364 1535 1428 omnes
1579 1376 1809 1429 thesauri

274 1459 497 1524 scientiae,
528 1468 576 1512 et
603 1460 885 1529 sapientiae
902 1461 1189 1515 αὑποηαίιὶ
1218 1473 1264 1515 α.
1291 1461 1408 1529 Dic,
1434 1478 1652 1533 quaeso,
1682 1464 1809 1533 quid

1906 474 2278 544 incongruum,
2304 474 2348 529 si
2374 474 2532 544 paulo
2558 472 2716 529 latius
2743 474 3033 543 aperiatur.

1972 563 2056 618 lll.
2084 563 2141 619 Si
2171 579 2297 635 ergo
2325 564 2552 620 virtutes
2577 563 2762 629 animi,
2805 579 2944 634 quae
2990 580 3113 622 vere
3159 567 3291 621 nillil
3325 566 3469 626 aliud

1902 659 2049 716 sunt,
2101 650 2202 706 nisi
2259 651 2479 707 eﬂ'ectus
2531 653 2690 708 unius
2736 650 2904 724 ipsius
2948 667 3190 709 summae
3230 657 3468 712 omnium

1902 754 2115 803 causae,
2143 741 2353 794 divinae
2378 741 2582 796 scilicet
2621 740 2929 809 voluntatis,
2977 741 3050 798 ita
3078 743 3470 815 intelligantur,

1902 827 1960 883 ut
1980 845 2101 883 cum
2125 830 2231 884 sint
2259 829 2478 895 multae,
2508 828 2667 885 simul
2688 838 2865 886 tamen
2886 831 3316 902 inseparabiliter
3338 835 3469 903 sint,

1896 920 2026 990 quia
2062 919 2297 988 ejusdem
2326 929 2549 976 naturae
2571 928 2695 976 sunt
2717 950 2787 964 —
2806 936 3033 991 quarum
3058 925 3203 979 enim
3227 935 3331 980 una
3357 926 3471 984 col-

1904 1010 2086 1081 ligitur
2111 1024 2296 1079 causa,
2339 1011 2622 1068 coniicitur
2644 1013 2831 1068 eadem
2860 1028 2980 1070 esse
3023 1023 3252 1082 natura;
3302 1017 3355 1072 in
3405 1032 3471 1075 eo

1906 1115 2134 1170 namque
2158 1101 2199 1165 ',
2250 1103 2302 1156 in
2330 1117 2438 1172 quo
2481 1119 2585 1157 una
2614 1118 2738 1158 vera
2771 1103 2945 1160 virtus
2966 1103 3253 1171 invenitur,
3284 1122 3471 1164 omnes

1904 1188 2129 1244 virtutes
2159 1190 2273 1245 lleri
2309 1191 2697 1247 rationabiliter
2717 1192 3470 1266 probantur—appellationi-

1894 1277 2005 1333 bus
2035 1288 2210 1333 tamen
2245 1280 2410 1335 variis
2457 1280 2769 1352 signiﬁcari,
2812 1282 2864 1337 in
2892 1288 3111 1351 genera,
3163 1283 3479 1355 formasque

1907 1366 2041 1437 ejus,
2090 1384 2259 1439 usque
2288 1370 2354 1423 ad
2390 1371 2593 1440 species
2628 1371 2931 1427 individuas
2981 1373 3144 1429 dividi
3176 1373 3471 1443 patiuntur,

1907 1455 2099 1510 deinde
2137 1457 2189 1511 in
2230 1471 2482 1512 numeros
2509 1458 2942 1527 multiplicari—
2966 1468 3045 1515 tot
3080 1463 3222 1517 enim
3250 1463 3473 1519 virtutes

1907 1558 2026 1599 esse
2048 1544 2315 1610 dicuntur,
2342 1554 2474 1616 quot
2505 1556 2629 1602 sunt
2663 1548 2779 1615 bi’,
2803 1550 2996 1619 quibus
3017 1551 3318 1607 donantur:
3347 1551 3475 1621 quid

1911 1633 2103 1687 mirum
2133 1635 2197 1690 de
2226 1635 2336 1706 ipsa
2377 1635 2629 1692 ineffabili
2660 1652 2818 1694 causa
2861 1642 3124 1707 omnium,
3170 1655 3307 1712 quae
3346 1642 3478 1697 dum

272 1548 317 1602 in
338 1548 409 1603 bis
432 1549 605 1604 verbis
634 1549 932 1621 intelligere
961 1551 1218 1606 conaris?
1244 1551 1325 1605 An
1358 1551 1494 1608 forte
1529 1553 1808 1609 scientiam

272 1646 317 1690 et
357 1637 659 1708 sapientiam
689 1638 889 1693 Christi
919 1654 1038 1694 esse
1077 1640 1291 1710 judicas
1343 1640 1661 1706 accidentia,
1702 1655 1806 1696 non

270 1733 417 1780 autem
473 1726 590 1795 ejus
633 1728 926 1782 secundum
975 1742 1127 1782 suam
1187 1729 1522 1783 divinitatem
1554 1727 1805 1784 substan-
1833 1713 2212 1795 Bgcneribus,
2259 1726 2469 1792 formis,
2519 1728 2839 1797 individuis,
2887 1734 3229 1803 numerisque
3267 1745 3475 1802 careat,
3526 1728 3535 1741 “

268 1803 410 1870 tiam?
454 1817 606 1887 Quod
652 1819 1038 1875 absurdissime
1090 1820 1363 1886 creditur,
1413 1829 1468 1877 et
1521 1819 1808 1876 falsissime

271 1904 486 1960 suadetur
516 1905 568 1960 1³.
615 1905 871 1961 Summus
917 1908 1060 1961 enim
1111 1907 1199 1962 ille
1239 1908 1557 1974 intellectus,
1612 1907 1665 1962 in
1700 1924 1807 1979 quo

267 2002 367 2047 sunt
393 1996 659 2060 universa,
687 1996 851 2055 immo
878 1999 989 2068 ipse
1016 2006 1100 2052 est
1133 1998 1380 2055 universa
1405 2039 1420 2065 ,
1453 1999 1699 2070 quamvis
1726 1999 1807 2053 di-

266 2083 407 2138 versis
435 2085 914 2156 signilicationibus
962 2087 1236 2144 nominum
1286 2087 1353 2142 ab
1392 2089 1507 2158 ipsa
1555 2090 1804 2157 rationali

265 2180 442 2240 natura,
470 2190 610 2244 quae
638 2177 704 2230 ad
730 2177 1109 2247 inquirendum
1138 2193 1259 2239 cum
1281 2186 1461 2233 creata
1486 2187 1589 2244 est,
1630 2181 1808 2251 appel-

267 2255 395 2323 letur,
438 2262 552 2332 ipse
580 2270 756 2316 tamen
788 2264 839 2317 in
877 2279 934 2319 se
986 2264 1100 2345 ipso
1130 2280 1269 2320 unus
1313 2275 1474 2337 atque
1516 2267 1658 2322 idem
1701 2277 1803 2333 est,

266 2361 366 2402 cum
394 2351 455 2404 sit
474 2352 721 2405 omnium
763 2361 1076 2409 naturarum
1102 2368 1262 2409 causa
1287 2355 1510 2425 simplex
1545 2364 1598 2410 et
1627 2355 1807 2412 multi-

264 2439 381 2507 plex.
417 2442 568 2509 Quod
592 2451 673 2498 est
695 2458 825 2513 ergo
855 2443 963 2498 Deo
1011 2458 1154 2511 esse,
1186 2447 1290 2501 hoc
1323 2455 1405 2502 est
1427 2446 1475 2502 ei
1510 2462 1716 2518 sapere,
1750 2457 1807 2503 et

262 2530 380 2599 quod
402 2541 477 2586 est
511 2534 562 2588 ei
588 2548 798 2603 sapere,
844 2535 948 2591 hoc
973 2544 1053 2592 est
1083 2538 1251 2603 scire,
1281 2545 1333 2593 et
1365 2539 1506 2609 quod
1536 2548 1619 2594 est
1644 2541 1802 2607 scire,

263 2617 346 2674 hoc
371 2629 446 2674 est
472 2621 766 2677 destinare.
820 2622 952 2678 Cum
982 2625 1125 2679 enim
1158 2626 1333 2681 omnis
1382 2627 1803 2697 praedestinatio

261 2712 501 2779 praescien
512 2713 608 2779 tia,
625 2729 731 2769 non
745 2723 919 2769 autem
940 2716 1116 2777 omnis
1135 2718 1487 2789 praescientia
1503 2719 1801 2788 praedesti-

262 2799 385 2854 natio
404 2801 613 2856 dicatur
643 2813 691 2868 ο,
740 2817 843 2861 non
891 2812 1065 2859 tamen
1109 2821 1174 2860 eo
1205 2808 1363 2862 modo
1391 2808 1639 2876 dicimus,
1689 2823 1805 2863 om-

262 2901 366 2941 nem
419 2891 962 2960 praedestinationcm
1015 2909 1136 2955 esse
1186 2898 1641 2966 praescientiam,
1694 2914 1804 2954 non

256 2991 441 3034 omnem
469 2998 605 3038 vero
642 2984 1049 3055 praescientiam
1091 3000 1211 3042 esse
1236 2988 1801 3059 praedestinationem,

261 3079 349 3134 quo
369 3068 597 3126 solemus
618 3071 796 3127 dicere
834 3072 888 3127 in
934 3074 1220 3144 generibus
1247 3091 1542 3149 eorumque
1588 3079 1801 3149 formis,

259 3157 387 3212 verbi
420 3175 583 3216 causa
616 3160 683 3216 in“
699 3162 1018 3230 virtutibus,
1054 3167 1250 3235 quibus
1298 3170 1478 3225 anima
1522 3171 1800 3230 rationalis

258 3258 472 3317 ornatur,
498 3254 683 3308 omnis
711 3255 993 3324 prudentia
1022 3257 1193 3311 virtus
1222 3266 1323 3324 est,
1349 3274 1456 3325 non
1483 3270 1663 3317 autem
1683 3278 1799 3318 om-

259 3336 327 3390 nis
351 3340 506 3397 virtus
542 3344 864 3413 prudentia;
903 3346 995 3400 sed
1021 3347 1161 3403 sicut
1187 3357 1332 3406 recte
1376 3350 1622 3417 dicimus,
1655 3355 1799 3423 quod

259 3436 326 3481 est
345 3430 502 3487 virtus
532 3473 550 3497 ,
604 3434 708 3489 hoc
748 3445 831 3490 est
858 3437 1162 3507 prudentia,
1195 3447 1250 3494 et
1283 3441 1426 3510 quod
1455 3448 1539 3497 est
1563 3445 1799 3513 pruden-

257 3515 337 3581 tia,
362 3518 457 3575 hoc
495 3529 584 3576 est
620 3522 810 3578 virtus.
852 3524 968 3581 Non
994 3526 1137 3581 enim
1167 3528 1270 3583 hoc
1296 3516 1455 3586 m'odo
1494 3532 1799 3600 generalem

256 3605 497 3677 virtutem,
545 3623 603 3667 et
646 3612 875 3670 formam
903 3617 1020 3686 ejus
1072 3617 1452 3688 signiﬁcamus,
1503 3622 1597 3677 sed
1627 3623 1799 3679 solam

256 3699 488 3758 unitatem
513 3713 743 3761 naturae
771 3708 985 3764 virtutis
1004 3716 1059 3764 et
1082 3710 1398 3779 prudentiae
1427 3713 1795 3782 exprimimus.

255 3785 397 3847 Recte
435 3810 565 3867 ergo
588 3797 786 3852 dicitur
828 3803 1003 3854 omnis
1054 3800 1471 3869 praedestinatio
1500 3805 1800 3873 praescien-

255 3877 334 3946 tia,
360 3898 458 3939 non
486 3887 668 3941 omnis
697 3889 1049 3956 praescientia
1076 3891 1524 3959 praedestinatio,
1555 3902 1615 3946 ut
1639 3892 1801 3947 intel-

252 3967 473 4041 ligamus,
502 3977 649 4046 quod
674 3986 759 4033 est
802 3979 1074 4048 praescire
1092 4019 1108 4045 ,
1137 3981 1240 4035 hoc
1264 3989 1349 4035 est
1379 3982 1798 4049 praedestinare,

253 4066 298 4111 et
321 4066 448 4130 quod
467 4074 547 4121 est
578 4068 1004 4137 praedestinare,
1033 4068 1134 4124 hoc
1155 4078 1238 4124 est
1264 4070 1575 4139 praescired
1598 4087 1614 4131 :
1640 4071 1799 4127 unius

259 4148 381 4203 enim
404 4152 749 4223 ejusdemque
772 4156 1104 4211 substantiae
1131 4168 1273 4221 sunt,
1305 4158 1516 4213 divinae
1551 4158 1799 4214 videlicet

253 4246 471 4296 naturae.
529 4243 642 4299 Nec
692 4249 869 4299 tamen
915 4260 1096 4313 ornne,
1137 4246 1279 4315 quod
1305 4246 1668 4319 intelligimus,
1698 4263 1796 4302 au-

255 4324 439 4385 dientes
499 4333 594 4387 Dei
664 4335 1133 4411 praescientiam,'
1187 4337 1426 4407 cogimur
1474 4337 1794 4406 intelligere,
1820 4385 1873 4444 Β

255 4419 502 4444 A...l!-..a-_
534 4424 640 4444 ‘24--
681 4439 803 4444 ___A-
830 4426 1212 4444 a-_.94_.94ms,__
1248 4442 1256 4444 ξ
1310 4428 1373 4444 ξυμ
1403 4436 1434 4444 κ.
1552 4443 1559 4444 ,
1618 4442 1632 4444 _
1678 4443 1686 4444 κ

253 4419 506 4479 audientes
526 4424 645 4492 ejus
681 4426 1259 4495 praedestinationem;
1303 4428 1441 4482 sicut
1464 4443 1569 4483 non
1607 4442 1788 4495 omne,

252 4507 376 4572 (ιιιοά
428 4515 741 4579 quaerimus
803 4514 1069 4569 audiendo
1132 4515 1406 4578 virtutem,
1459 4529 1677 4570 necesse
1720 4517 1793 4570 sit

251 4604 551 4663 quaeramus
579 4603 849 4658 audiendo
892 4602 1250 4672 prudentiam.
1284 4603 1394 4659 lloc
1423 4612 1601 4658 autem
1628 4618 1792 4674 argu-

1908 1813 1975 1867 ab
2003 1828 2065 1867 ea
2098 1824 2274 1870 tamen
2305 1824 2387 1871 est
2425 1831 2583 1873 omne
2631 1834 2817 1889 genus,
2870 1821 3046 1876 omnis
3079 1821 3273 1889 forma,
3315 1839 3476 1880 omne

1908 1908 2100 1966 totum,
2122 1903 2300 1958 omnis
2324 1919 2598 1971 numerus,
2624 1907 2879 1976 quoniam
2907 1909 3019 1978 ipsa
3042 1919 3126 1965 est
3153 1911 3326 1981 prima
3352 1911 3466 1968 uni-

1906 1992 2176 2047 versitatis
2221 1990 2473 2048 essentia.
2516 1993 2687 2049 Omne
2728 1988 2947 2066 quippe,
2997 1999 3138 2067 quod
3182 2008 3286 2065 est,
3313 2000 3380 2054 ab
3408 2015 3473 2055 ea

1908 2081 2011 2136 hoc
2037 2092 2136 2147 est,
2163 2090 2224 2137 ut
2248 2083 2339 2150 sit;
2368 2084 2479 2153 ipsa
2501 2092 2585 2139 est
2612 2084 2784 2139 forma
2814 2087 3052 2141 omnium
3078 2101 3304 2142 summa.
3336 2087 3476 2154 Quid

1907 2172 2049 2226 enim
2076 2175 2278 2243 appetit
2307 2173 2408 2229 nisi
2437 2189 2555 2231 eam
2585 2189 2762 2241 omne,
2821 2177 2963 2246 quod
3000 2178 3219 2246 appetit,
3270 2178 3479 2247 princi-

1905 2263 2053 2332 pium
2084 2265 2345 2331 omnium,
2374 2264 2486 2319 sive
2511 2266 2708 2332 sciens,
2738 2266 2852 2322 sive
2881 2268 3175 2323 nesciens?
3199 2270 3281 2325 Ab
3301 2284 3363 2324 ea
3392 2280 3478 2325 est

1906 2368 2067 2410 omne
2096 2363 2286 2423 totum,
2311 2370 2451 2426 quae
2478 2357 2532 2411 in
2557 2372 2616 2413 se
2642 2357 2751 2428 ipsa
2796 2358 2994 2427 ubique
3025 2366 3137 2413 tota
3167 2367 3266 2413 est.
3297 2360 3380 2414 Ab
3406 2375 3481 2416 ea:

1906 2446 2082 2501 omnis
2116 2461 2390 2513 numerus,
2421 2448 2545 2518 quia
2570 2448 2623 2502 in
2666 2462 2724 2503 se
2765 2448 2880 2517 ipsa
2910 2456 2993 2503 est
3035 2448 3314 2520 multiplex
3359 2451 3479 2505 sine

1907 2533 2037 2601 ﬁne,
2081 2535 2198 2591 sine
2241 2551 2465 2592 numero
2501 2551 2772 2592 numerus.
2805 2535 2937 2592 Cum
2966 2537 3263 2608 igituripsa
3292 2538 3467 2594 divina

1868 2625 2226 2692 substantia,
2278 2626 2361 2682 vel
2406 2627 2636 2682 essentia
2660 2667 2674 2689 ,
2725 2626 2809 2681 vel
2863 2634 3076 2691 natura,
3125 2626 3210 2683 vel
3234 2642 3477 2697 quoquo-

1907 2714 2068 2770 modo
2094 2716 2197 2771 dici
2225 2724 2423 2785 potest,
2452 2716 2508 2772 in
2548 2731 2606 2770 se
2631 2718 2741 2786 ipsa
2771 2732 2961 2783 unum,
3004 2717 3359 2784 individuum,
3391 2719 3470 2773 in-

1905 2806 2312 2878 separabileque
2363 2807 2454 2871 sit,
2511 2806 2691 2865 unitas
2738 2807 2881 2869 enim
2924 2807 3149 2876 simplex
3180 2817 3261 2863 est
3309 2816 3481 2879 atque

1906 2896 2394 2963 incommutabilis,
2435 2898 2600 2953 variis
2640 2905 2822 2953 tamen
2866 2898 3155 2954 verborum
3206 2899 3474 2969 signiﬁca-

1909 2987 2145 3046 tionibus
2197 2986 2507 3045 nominatur
2562 2987 2855 3044 secundum
2916 2986 3139 3043 ati‘ectus
3207 2990 3475 3044 humanae

1907 3077 2127 3143 mentis,
2169 3076 2365 3147 quibus
2393 3076 2459 3131 ad
2500 3076 2745 3133 notitiam
2772 3074 3047 3131 Creatoris
3073 3078 3155 3132 sui
3192 3078 3364 3132 redire
3393 3077 3477 3133 ni-

1903 3165 2055 3220 titur.
2084 3163 2255 3220 Homo
2302 3171 2533 3233 namqoe
2569 3163 2708 3219 male
2743 3171 2899 3219 utens
2926 3163 3095 3220 libero
3119 3164 3341 3219 arbitrio
3367 3167 3500 3229 sui,~

1902 3256 1970 3311 ad
1996 3271 2138 3322 eum,
2165 3269 2324 3326 quem
2356 3254 2473 3309 sine
2521 3254 2705 3311 labore
2741 3254 3071 3318 deseruerat,
3104 3255 3220 3310 sine
3272 3255 3478 3315 laboris

1902 3344 2080 3400 studio
2134 3351 2189 3400 et
2230 3342 2569 3413 cooperantis
2596 3343 2803 3413 gratiae
2853 3343 2993 3399 dono
3033 3343 3335 3412 pervenire
3360 3359 3470 3401 non

1900 3441 2078 3503 potest
2105 3443 2150 3486 ο.

1970 3523 2061 3578 1V.
2115 3522 2345 3579 Proinde
2392 3523 2625 3578 humana
2676 3523 2818 3578 ratio
2855 3522 2991 3579 duce
3031 3523 3257 3581 veritate
3301 3524 3479 3587 Deum

1901 3627 2058 3669 suum
2120 3612 2490 3682 multipliciter
2536 3612 2840 3681 intelligens
2874 3653 2889 3679 ,
2944 3612 3116 3682 ipsum
3177 3613 3467 3675 secundum

1901 3700 2090 3755 modos
2116 3714 2244 3755 suae
2271 3699 2656 3769 intelligentiae
2680 3700 2909 3758 diversis
2932 3701 3271 3757 vocationum
3300 3702 3469 3772 signis

1860 3820 1865 3821 ί
1900 3788 2150 3860 appellat.
2212 3788 2282 3845 Ut
2312 3789 2477 3854 enim,
2520 3788 2746 3859 exempli
2776 3803 2958 3855 causa,
2994 3803 3166 3859 pauca
3191 3790 3259 3845 de
3285 3789 3466 3843 multis

1857 3891 1872 3907 '
1899 3893 2181 3948 ponamus.
2212 3877 2346 3935 Cum
2381 3887 2661 3938 aeternum
2688 3879 3043 3945 intellectum,
3091 3880 3147 3934 in
3196 3893 3303 3949 quo
3340 3888 3464 3934 sunt

1898 3972 2101 4038 omnia,
2130 3973 2232 4027 hoc
2251 3979 2352 4035 est,
2381 3971 2553 4043 ipsum
2580 3972 2769 4036 Deum,
2801 3969 3025 4034 rationis
3050 3970 3276 4026 intuitus
3303 3969 3466 4022 attin-

1898 4063 1995 4134 git,
2023 4072 2083 4117 ut
2106 4063 2161 4117 in
2195 4062 2529 4133 eoaspiciat,
2571 4059 2713 4130 quod
2750 4060 2865 4131 ipse
2905 4060 3115 4115 divinus
3162 4059 3463 4114 intellectus

1898 4163 2148 4210 aeternae
2173 4168 2302 4209 suae
2346 4152 2799 4220 immutabilisque
2842 4150 3172 4206 substantiae
3209 4150 3460 4220 plenissi—

1896 4259 2040 4299 mam
2101 4243 2652 4313 perl‘ectissimamque
2715 4242 2907 4299 habeat
2951 4239 3263 4305 notionem,
3320 4254 3465 4309 quae

1896 4347 2110 4387 omnem
2135 4335 2420 4402 exsuperat
2444 4331 2768 4389 intellectum
2793 4337 3095 4393 creaturae,
3138 4329 3252 4399 ipsa
3280 4328 3459 4383 divina

1896 4424 2062 4488 notio,
2090 4438 2194 4492 qua
2222 4422 2564 4490 semetipsum
2587 4420 2726 4477 Deus
2751 4418 3015 4489 intelligit,
3041 4417 3300 4486 sapientia
3331 4432 3458 4486 pro-
3484 4428 3491 4443 '

1897 4512 2017 4581 prie
2054 4521 2296 4566 vocatur.
2347 4510 2480 4569 Cum
2527 4517 2707 4565 autem
2732 4508 2916 4566 eadem
2948 4509 3086 4563 ratio
3129 4516 3348 4563 aeterno
3380 4506 3463 4562 in-

1899 4602 2130 4657 tellectui
2162 4603 2461 4671 copulatur,
2486 4602 2618 4656 utin
2646 4615 2712 4657 eo
2750 4599 2929 4661 videat
2953 4599 3331 4657 esseomnium
3361 4612 3456 4653 na-

1497 4753 1748 4809 VARIAE
1784 4754 2182 4813 LECTIONES.

308 4859 466 4920 'Cod.
499 4880 725 4936 nanque,
752 4865 831 4920 sic
854 4876 1084 4934 semper.
1160 4865 1181 4897 ⁸
1208 4862 1301 4920 Sic
1331 4864 1477 4930 cod.,
1516 4880 1615 4935 pro
1646 4867 1702 4920 Iri
1722 4865 1790 4921 Μ.
1818 4868 1892 4923 iu.

1678 4976 1926 5034 NOTAE.

304 5101 331 5131 ⁸
363 5090 473 5147 CoL
508 5092 573 5155 11,
597 5093 657 5147 3.

304 5157 332 5197 δ
365 5159 687 5216 Prudentius
723 5160 1133 5225 animadvertit,
1156 5158 1782 5227 sapientiam,veritalem,

239 5227 539 5309 voluntatem
560 5233 614 5284 in
636 5230 743 5284 Deo
757 5231 1094 5309 essentiqliter
1109 5230 1431 5309 praedicari,
1445 5229 1793 5309 praedestiga-

244 5299 421 5368 tionem
444 5316 560 5352 vero
587 5309 634 5353 et
665 5300 1058 5368 praescientiam
1090 5297 1314 5360 relative,
1361 5298 1587 5367 ideoque
1633 5297 1791 5353 diﬂ'e-

243 5366 456 5420 tentiam
488 5366 694 5422 adesse.

303 5448 324 5506 ξ
361 5436 445 5506 ω.
478 5437 758 5506 Augustin.
783 5436 847 5488 de
878 5436 1139 5506 Praedem.
1163 5444 1329 5489 sanet.
1359 5450 1410 5506 c.
1443 5434 1526 5489 lO.

300 5502 326 5542 ⁸
350 5504 398 5561 1ο
414 5502 609 5560 Scottis
622 5506 824 5574 pariter
836 5506 963 5573 Cap.
985 5507 1070 5558 λγ
1082 5547 1094 5567 ,
1111 5505 1165 5568 ιι,
1179 5505 1460 5575 etpassim.
1477 5502 1788 5575 praescion-

239 5571 363 5628 tiam
384 5583 438 5627 et
458 5571 993 5644 praedestinationem
1018 5590 1175 5629 unum
1206 5571 1449 5643 idemque
1476 5571 1593 5629 esse
1635 5574 1785 5629 amr-

1887 5103 2015 5148 mat.
2064 5092 2179 5148 Sed
2209 5107 2395 5161 reapse
2419 5104 2514 5145 eae
2539 5086 2835 5161 plurimum
2876 5085 3017 5139 inter
3054 5099 3114 5139 se
3155 5084 3443 5161 differunt;

1884 5164 2137 5231 quoniam
2162 5154 2321 5215 multa
2347 5154 2738 5231 praesciuntu'r,
2764 5170 2901 5225 quae
2922 5169 3025 5231 non
3047 5154 3451 5231 praedestinan-

1886 5223 1995 5292 t'ur,
2043 5232 2189 5285 nulla
2220 5223 2363 5285 vero-
2392 5223 2872 5299 praedestinantur,
2914 5223 3013 5278 nisi
3046 5223 3444 5293 Ipraesciantur.

1885 5299 1968 5355 Cf.
1998 5301 2365 5373 Prudentium.
2523 5368 2533 5373 _
2813 5364 2825 5373 _
2960 5361 2971 5372 ,
3007 5361 3018 5373 ,
3285 5359 3297 5370 .
3379 5358 3413 5373 ,.

1966 5382 1990 5411 ο
2027 5369 2372 5433 Probescias,
2396 5368 2662 5423 neminem
2683 5364 2901 5419 omnino
2923 5364 3020 5433 nisi
3047 5364 3455 5433 praevenientis

1892 5440 1986 5495 Dei
2038 5441 2243 5511 gratiae
2293 5429 2653 5508 adspiratione
2702 5435 2892 5490 saltem
2947 5429 3142 5483 laboris
3208 5430 3449 5483 studitun
3524 5477 3532 5484 .

1891 5526 2049 5580 posse
2095 5511 2394 5578 concipere.
