3904 6148
408 271 514 327 5(εό

1775 271 2055 326 JOANNIS
2089 270 2287 326 SCO'I'l

3539 273 3638 328 561

413 398 677 451 turarum,
705 398 843 454 quae
864 385 932 439 ab
963 398 1028 440 eo
1052 392 1268 440 creatae
1292 393 1435 451 sunt,
1467 385 1984 456 inconiprebensibi-
2013 391 2059 448 Α
2088 383 2366 454 sapientia,
2391 383 2567 437 divina
2590 381 2904 447 substantia,
2924 382 3100 438 divina
3123 383 3386 438 voluntas.
3406 386 3502 440 Dic
3523 402 3648 457 ergo

411 461 515 529 lem
544 475 846 539 notionem;
895 473 1007 542 ipsa
1052 487 1176 526 mox
1211 474 1445 543 appellat
1490 476 1792 541 scientiam,
1841 481 1979 545 quae

412 565 606 618 iterum
635 572 762 617 tunc
789 562 939 630 quasi
967 561 1181 629 proprie
1203 562 1426 616 scientia
1462 572 1701 627 vocatur,
1723 569 1844 618 eum
1873 577 1978 617 non

411 653 581 708 solum
610 652 848 708 cernitur
877 653 930 706 in
960 651 1210 706 omnibus
1241 652 1416 718 bonis,
1446 668 1585 722 quae
1626 653 1767 709 Deus
1795 653 1863 708 de
1883 667 1979 708 sua

410 752 463 798 et
491 743 544 797 in
570 755 662 795 sua
691 741 940 794 universa
973 748 1220 795 creatura
1255 740 1496 796 facienda
1522 758 1660 808 esse,
1693 752 1979 814 antequam

409 833 598 888 ﬁerent
627 831 824 895 omnia,
854 832 1147 899 disposuit,
1181 833 1275 885 sed
1314 833 1476 887 etiam
1507 834 1559 887 in
1587 835 1836 889 omnibus
1865 850 1979 888 ma-

407 921 492 985 lis,
539 935 674 990 quae
722 933 975 990 perverso
1019 928 1163 973 motu
1214 920 1343 974 ﬁunt
1386 921 1660 977 rationalis
1701 931 1979 976 creaturae

406 1010 544 1064 male
571 1009 784 1079 quidem
815 1008 986 1062 libero
1020 1009 1218 1062 utentis
1243 1009 1487 1076 arbitrio,
1517 1011 1617 1066 hoc
1667 1019 1749 1066 est
1789 1012 1976 1066 condi-

405 1111 576 1156 torem
605 1116 758 1154 suum
785 1099 1099 1162 deserentis,
1131 1108 1185 1154 et
1221 1101 1274 1154 in
1308 1116 1488 1156 rerum
1529 1102 1858 1170 inﬁmarum,
1910 1105 1979 1160 ab

403 1207 470 1246 eo
515 1202 690 1245 tamen
736 1197 1034 1244 creatarum
1081 1189 1418 1245 libidinosam
1467 1194 1812 1264 cupiditatem
1853 1209 1976 1249 cor-

406 1282 629 1337 ruentis.

476 1376 541 1431 V.
593 1374 708 1444 Ipsa
746 1375 928 1444 igitur,
960 1382 1017 1428 ut
1049 1374 1249 1428 dictum
1276 1383 1398 1440 est,
1426 1375 1667 1429 omnium
1712 1375 1977 1430 bonorum

406 1466 500 1521 Dei
548 1465 918 1533 malorumque
940 1479 1226 1534 perversae
1248 1471 1530 1520 creaturae
1554 1465 1729 1520 divina
1757 1473 1812 1520 et
1845 1480 1979 1535 quo-

406 1555 690 1612 dammodo
739 1553 1006 1624 generalis
1050 1554 1331 1623 praenotio
1381 1555 1737 1624 praescientia
1784 1555 1980 1608 meruit

403 1652 606 1707 vocari.
657 1652 733 1706 Ac
772 1665 868 1720 per
897 1649 999 1705 hoc
1025 1649 1164 1704 Deus
1195 1649 1394 1704 dicitur
1430 1649 1703 1718 praescire
1728 1649 1898 1704 bonos
1925 1656 1980 1703 et

2077 472 2460 545 G[otescalce],
2488 475 2576 528 ubi
2609 482 2830 542 possunt
2869 474 3094 528 inveniri
3131 475 3269 528 duae
3294 479 3655 545 praedestina-

2077 565 2250 617 tiones
2291 573 2435 630 tuae,
2470 580 2605 634 quas
2642 564 2874 617 astruis?
2919 563 3025 618 Eas
3063 565 3207 618 enim
3250 580 3376 619 vera
3417 568 3555 621 ratio
3594 565 3651 622 iu

2078 655 2188 709 Deo
2204 669 2325 710 esse
2347 670 2451 709 non
2475 655 2626 720 sinit,
2653 655 2888 709 maxime
2909 663 3127 724 propter
3154 655 3259 709 vim
3290 658 3652 716 necessitatis.

2076 760 2234 815 quam
2272 745 2448 800 inesse
2477 745 2606 816 ipsis
2645 745 2861 800 asseris.
2905 743 3112 800 Clamat
3144 747 3288 800 enim
3324 745 3604 815 Scriptura
3637 761 3651 797 :

2078 834 2273 904 Magna
2303 851 2458 904 opera
2505 835 2737 899 Domini,
2779 835 3032 906 exquisita
3059 837 3112 890 in
3139 853 3315 890 omnes
3363 836 3626 892 voluntate

2075 923 2188 991 ejus
2209 924 2260 990 δ,
2300 930 2356 977 et
2394 923 2520 978 alibi
2553 941 2566 977 :
2601 921 2788 976 Omnia
2822 940 3158 995 quaecunque
3181 925 3358 990 voluit,
3396 927 3651 981 Dominus

2077 1013 2195 1083 fecit
2219 1024 2266 1068 ο.
2309 1013 2425 1068 Νοη
2451 1013 2587 1068 dixit
2614 1014 2666 1068 in
2699 1029 2888 1068 omnes
2916 1016 3266 1070 necessitates
3299 1017 3435 1086 ejus,
3465 1019 3557 1071 sed
3603 1011 3655 1068 in

2075 1118 2265 1158 omnes
2316 1104 2642 1169 voluntates,
2696 1119 2836 1174 quae
2885 1105 3030 1159 omni
3078 1114 3266 1159 carent
3311 1109 3648 1164 necessitate.

2077 1191 2413 1261 Quamquam
2460 1193 2605 1246 enim
2651 1192 2849 1255 omnia,
2894 1207 3244 1262 quaecunque
3280 1192 3421 1248 Deus
3463 1195 3650 1260 voluit,

2076 1300 2298 1340 necesse
2335 1285 2426 1349 sit,
2459 1293 2518 1338 ut
2563 1285 2691 1349 sint,
2735 1284 2876 1337 nulla
2924 1294 3099 1338 tamen
3143 1287 3434 1340 necessitas
3460 1287 3653 1340 volun-

2079 1383 2244 1428 tatem
2269 1375 2405 1442 ejus,
2429 1382 2521 1427 aut
2543 1374 2608 1428 ad
2635 1374 2836 1444 aliquid
2867 1373 3167 1428 faciendum
3199 1375 3444 1444 impellit,
3470 1385 3562 1430 aut
3587 1378 3652 1431 ab

2079 1463 2258 1532 aliquo
2301 1461 2548 1518 faciendo
2589 1463 2836 1518 retrahit.
2874 1463 3145 1518 Voluntati
3189 1465 3330 1519 enim
3371 1465 3484 1533 ejus
3532 1467 3652 1536 quis

2079 1553 2321 1608 resistit?
2369 1551 2474 1609 Sed
2517 1569 2581 1609 eo
2626 1555 2784 1609 modo
2828 1554 3076 1618 dicimus,
3123 1570 3471 1624 quaecunque
3511 1556 3652 1613 Deus

2079 1644 2250 1698 voluit
2281 1645 2417 1710 ﬁeri,
2453 1642 2674 1700 necesse
2704 1653 2808 1710 est,
2840 1655 2898 1700 ut
2927 1647 3053 1710 sint,
3086 1662 3190 1715 quo
3217 1647 3472 1703 debemus
3500 1650 3654 1704 intel—

404 1741 600 1807 malos,
627 1741 673 1795 si
708 1718 886 1794 tamen
931 1738 1070 1794 mala
1114 1738 1371 1807 praesciri
1400 1746 1642 1806 possunt,
1671 1739 1760 1806 qui
1787 1737 1976 1792 modus
2010 1734 2050 1791 Β
2081 1732 2265 1803 ligere,
2303 1747 2486 1799 omne,
2516 1734 2658 1802 quod
2681 1733 2850 1787 voluit
2873 1735 3014 1788 Deus
3043 1733 3180 1799 ﬁeri,
3212 1718 3429 1792 necesse
3461 1747 3564 1800 est,
3595 1749 3652 1793 ιιι

406 1831 694 1888 locutionis
720 1832 773 1885 in
803 1830 1149 1899 sequentibus
1171 1829 1498 1884 ostendetur.
1547 1829 1746 1882 Eadem
1798 1835 1977 1880 autem

406 1923 630 1978 scientia
665 1921 730 1974 ad
754 1920 1131 1975 discretionem
1165 1919 1373 1974 scilicet
1397 1926 1452 1971 et
1487 1918 1503 1948 ¹
1532 1916 1976 1988 signiﬁcationem

406 2011 822 2082 praedestinatio
853 2024 1108 2079 expresse
1138 2009 1446 2064 nominatur
1470 2049 1485 2073 ,
1517 2008 1643 2062 dum
1682 2008 1734 2060 in
1784 2007 1978 2061 divinis

406 2117 612 2163 tantum
639 2104 892 2176 operibus
913 2104 1262 2175 consmeitnr.
1295 2103 1550 2173 Operatio
1575 2103 1770 2173 quippe
1797 2103 1976 2156 divina

408 2216 510 2252 non
556 2198 724 2252 solum
755 2197 807 2250 iu
837 2195 1129 2250 condendis
1155 2195 1401 2250 omnibus
1446 2194 1708 2251 creaturis
1747 2193 1975 2248 dinosei~

409 2299 515 2352 tur,
562 2286 655 2342 sed
691 2286 854 2340 etiam
899 2285 949 2338 in
983 2285 1085 2349 his,
1121 2299 1256 2354 quos
1294 2284 1434 2340 Deus
1457 2300 1554 2354 per
1604 2297 1732 2339 suae
1773 2284 1979 2354 gratiae

406 2378 736 2450 propositum
785 2377 848 2428 ad
892 2376 1054 2428 vitam
1101 2376 1438 2444 praeparavit
1475 2384 1770 2439 aeternam;
1810 2375 1862 2428 in
1913 2389 1978 2429 ea

404 2482 617 2536 quoque
655 2465 1015 2520 occultissima
1043 2465 1368 2534 operatione,
1408 2480 1513 2534 qua
1545 2466 1611 2520 de
1643 2465 1796 2519 malis
1822 2465 1979 2519 moti-

403 2560 504 2614 bus
536 2558 902 2626 reproborum,
931 2570 1066 2624 quos
1106 2556 1249 2625 juste
1287 2556 1506 2620 deserit,
1538 2557 1603 2609 ad
1633 2555 1979 2610 exercitatio-

403 2665 526 2704 nem
548 2647 786 2717 j~ustitiae
806 2645 1266 2709 consuliteorum,
1308 2661 1443 2714 quos
1473 2660 1570 2700 sua
1611 2645 1977 2716 praedestina-

405 2741 550 2794 tioue
579 2737 824 2802 vocavit;
856 2738 907 2792 in
938 2735 1067 2805 ipsis
1095 2735 1257 2790 etiam
1288 2735 1634 2806 qualitatibus
1680 2735 1974 2791 elemento-

403 2846 525 2885 rum
566 2830 608 2895 ',
633 2843 770 2898 quae
796 2829 921 2883 dum
964 2834 1155 2881 natura
1195 2827 1276 2882 sui
1320 2827 1458 2882 bona
1505 2842 1622 2882 esse
1668 2827 1972 2892 videantur,

403 2919 655 2989 quoniam
681 2933 711 2971 a
737 2931 948 2972 summo
977 2918 1113 2972 bono
1142 2923 1284 2980 sunt,
1322 2917 1618 2985 poenaliter
1644 2925 1823 2971 tamen
1851 2931 1974 2972 sen-

402 3013 608 3066 tiuntur
649 3011 716 3065 ab
750 3011 851 3073 eis,
882 3010 1075 3078 quibus
1110 3007 1276 3076 judex
1316 3009 1496 3078 justus
1523 3009 1718 3063 merito
1742 3023 1871 3063 suae
1891 3009 1977 3077 ju-

2082 1838 2186 1875 non
2213 1822 2390 1886 aliter,
2427 1837 2588 1892 quam
2620 1823 2734 1892 ipse
2763 1823 2946 1886 voluit,
2989 1825 3079 1878 sit.
3117 1823 3263 1890 Quae
3303 1827 3446 1882 enim
3486 1827 3652 1899 voluit

2077 1927 2221 1975 esse,
2244 1923 2388 1978 sunt,
2424 1921 2479 1968 et
2505 1914 2624 1968 ideo
2654 1921 2798 1980 sunt,
2822 1914 2945 1984 quia
2969 1914 3084 1984 ipse
3112 1915 3279 1969 voluit
3309 1932 3370 1971 ea
3405 1916 3540 1971 ﬁeri.
3575 1919 3652 1972 Ac

2080 2016 2177 2070 per
2201 2001 2302 2056 hoc
2331 2000 2466 2056 bene
2500 2001 2808 2056 videntibus
2848 2002 2980 2056 nillil
3021 2003 3165 2058 aliud
3194 2005 3432 2058 occurrit
3468 2005 3652 2059 volun-

2080 2092 2208 2145 tatis
2242 2092 2454 2146 divinae
2478 2091 2792 2156 necessitas,
2824 2091 2930 2147 nisi
2960 2107 3021 2146 ea
3051 2093 3164 2162 ipsa
3198 2092 3460 2148 voluntas.
3501 2094 3653 2149 Sicut

2021 2194 2026 2195 ’
2081 2184 2262 2254 itaque
2288 2185 2560 2240 voluntate
2592 2184 2686 2238 Dei
2731 2183 2889 2250 ﬁunt,
2916 2199 3055 2253 quae
3085 2184 3238 2249 ﬁunt,
3271 2184 3341 2238 ita
3380 2184 3648 2239 voluntate

2078 2271 2193 2341 ejus
2219 2287 2324 2326 non
2360 2273 2518 2327 aliter
2548 2273 2701 2338 ﬁunt,
2741 2271 2845 2327 nisi
2882 2272 3021 2326 sicut
3058 2272 3170 2340 ipsa
3217 2273 3402 2326 voluit.
3439 2272 3567 2326 Nam
3603 2273 3649 2328 si

2077 2365 2317 2420 omnium
2351 2375 2664 2420 naturarum
2704 2372 2786 2419 est
2808 2365 3104 2419 necessitas
3127 2364 3218 2418 Dei
3249 2363 3514 2428 voluntas,
3546 2364 3651 2418 erit

2079 2456 2171 2511 Dei
2208 2457 2454 2511 voluntas
2494 2465 2807 2510 naturarum
2850 2455 3162 2510 necessitas.
3211 2455 3302 2510 Est
3336 2465 3515 2509 autem
3551 2454 3643 2509 Dei

2078 2547 2321 2600 voluntas
2350 2554 2684 2610 naturarum,
2721 2559 2856 2616 quas
2875 2543 2917 2576 “
2948 2544 3061 2614 ipsa
3089 2548 3313 2607 creavit,
3335 2546 3646 2600 necessitas.

2076 2637 2193 2691 Erit
2254 2637 2418 2706 igitur
2477 2635 2770 2690 necessitas
2816 2643 3208 2699 creaturarum,
3253 2635 3456 2704 quas“
3507 2637 3648 2690 Deus

2077 2724 2302 2787 creavit,
2335 2724 2429 2778 Dei
2462 2723 2732 2778 voluntas.
2776 2722 3060 2793 Colligitur
3102 2724 3194 2777 Dei
3241 2725 3491 2777 voluntas
3534 2725 3649 2792 ipsa

2078 2825 2162 2868 est
2194 2815 2214 2846 ⁷
2254 2813 2569 2878 necessitas,
2593 2822 2646 2868 et
2673 2813 2967 2868 necessitas
2998 2813 3109 2881 ipsa
3137 2821 3220 2866 est
3261 2798 3352 2866 Dei
3379 2813 3645 2867 voluntas.

2083 2905 2350 2974 Quicquid
2373 2913 2550 2958 autem
2583 2905 2650 2959 de
2675 2903 2854 2958 divina
2887 2903 3158 2958 voluntate
3186 2903 3555 2973 intelligimus,
3583 2905 3649 2958 de

2076 2997 2564 3068 praedestinatione
2609 3011 2820 3068 quoque
2882 2995 2976 3051 Dei
3026 2995 3244 3050 omnino
3292 2995 3505 3052 sentire
3555 2995 3649 3050 de-

402 3105 582 3160 stitiae
607 3108 872 3156 tormenta
901 3099 1242 3170 praeparavit
1281 3108 1522 3162 aeterna,
1563 3098 1791 3168 ideoque
1834 3097 1972 3152 mala
2002 3098 2046 3158 C
2080 3087 2290 3142 bemus-

401 3194 672 3254 dicuntur,
720 3205 839 3244 cum
899 3191 1006 3244 sint
1058 3188 1373 3242 naturaliter
1418 3188 1578 3242 bona.
1630 3188 1796 3256 Hujus
1847 3204 1976 3256 ergo

404 3282 833 3340 ratiocinationis
900 3279 1232 3336 conuexione
1277 3279 1298 3312 ³
1328 3279 1634 3346 conﬁcitur,
1679 3280 1977 3350 praedesti-

401 3373 672 3428 nationem
717 3371 769 3424 in
816 3372 924 3425 Deo
963 3369 1256 3426 secundum
1287 3368 1641 3424 substantiam
1669 3385 1808 3436 esse,
1839 3369 1978 3426 rela-

402 3464 509 3517 tive
552 3471 732 3517 autem
779 3461 893 3516 ﬁeri
929 3476 1033 3516 non
1073 3474 1232 3530 posse
1280 3475 1324 3514 -.

473 3551 558 3606 Vl.
601 3551 937 3622 Quapropter
983 3550 1028 3606 si
1075 3566 1235 3605 unam
1279 3549 1302 3582 ⁸
1347 3549 1838 3606 incommutabilem
1879 3550 1974 3606 Dei

403 3643 714 3703 essentiam,
757 3640 1240 3710 indivisibilemque
1283 3639 1400 3710 ejus
1442 3641 1842 3712 simplicitatem
1874 3657 1973 3696 no-

401 3735 545 3788 mine
568 3732 878 3802 sapientiae,
903 3733 1118 3787 nomine
1155 3732 1430 3798 scientiae,
1472 3734 1771 3804 ceterisque
1799 3732 1972 3787 nomi-

401 3825 580 3889 nibus,
618 3824 758 3880 sicut
801 3824 1034 3890 virtutis,
1074 3825 1376 3895 potestatis,
1415 3823 1679 3894 justitiae,
1712 3824 1972 3892 veritatis,

399 3917 1113 3986 aeternitatis,operationis,
1128 3917 1497 3986 similibusque
1521 3932 1626 3971 non
1649 3917 1938 3986 incongrue
1951 3915 1975 3950 ⁵

400 4007 765 4077 signiﬁcamus
791 4028 804 4061 :
834 4007 1137 4063 necessario
1175 4009 1438 4078 sequitur,
1472 4007 1974 4079 praedestinationis

399 4111 612 4168 quoque
665 4097 924 4152 vocabulo
992 4096 1230 4166 ejusdem
1289 4099 1659 4168 inseparabilis
1705 4100 1973 4154 essentiae

402 4194 650 4240 naturam
695 4185 1202 4241 convenientissime
1239 4186 1520 4240 insinuari.
1551 4187 1749 4242 Deinde
1783 4187 1836 4240 si
1871 4187 1972 4240 im-

400 4277 546 4346 pium
593 4285 695 4340 est,
743 4277 877 4330 duas
920 4278 1183 4332 essentias
1228 4277 1278 4330 in
1318 4277 1429 4332 Deo
1460 4277 1662 4342 doceri,
1709 4278 1791 4332 vel
1839 4279 1970 4333 duas

403 4367 728 4434 sapientias,
771 4365 1056 4429 scientias,
1105 4366 1353 4431 virtutes,
1395 4375 1684 4436 ceteraque
1716 4367 1896 4421 omnia
1923 4367 1964 4433 ⁸,

401 4470 540 4524 quae
568 4455 632 4509 de
661 4455 769 4510 Deo
803 4455 1074 4517 dicuntur,
1116 4455 1399 4524 geminari,
1445 4457 1528 4510 vel
1574 4457 1850 4527 triplicari,
1882 4459 1963 4512 vel

401 4560 740 4616 quacumque
779 4545 1055 4615 multiplici
1100 4547 1280 4615 specie
1329 4548 1611 4612 cumulari,
1662 4549 1967 4619 quicunque

401 4640 535 4692 duas
571 4638 623 4691 in
659 4636 766 4691 Deo
797 4635 1314 4706 praedestinationes
1341 4653 1582 4693 asserere
1610 4639 1965 4703 convincitur,

405 4741 555 4785 reatu
607 4731 897 4800 impietatis
933 4730 1148 4799 ligatur.
1190 4730 1306 4786 Una
1337 4739 1420 4784 est
1443 4730 1586 4785 enim
1617 4730 1791 4783 divina
1819 4743 1970 4798 prae-

376 4811 709 4887 ldestinatio,
759 4821 899 4875 sicut
944 4837 1048 4876 una
1095 4828 1178 4876 est
1227 4819 1405 4874 divina
1465 4820 1731 4889 operatio,
1788 4819 1964 4873 divina

2602 3175 2990 3233 CAPITULUM
3030 3175 3114 3230 111.

2077 3269 2154 3324 De
2177 3285 2235 3324 eo
2254 3268 2392 3341 quod
2411 3269 2544 3323 duas
2563 3267 3056 3338 praedestinationes
3083 3267 3216 3320 ratio
3239 3282 3344 3320 non
3375 3267 3498 3322 sinit
3515 3283 3647 3322 esse.

2148 3379 2188 3433 1.
2228 3378 2347 3434 Jam
2379 3393 2522 3432 nunc
2547 3376 2784 3430 breviter
2821 3376 3019 3440 omnia,
3057 3391 3196 3445 quae
3237 3375 3508 3446 praedicta
3537 3375 3650 3432 col-

2077 3469 2206 3540 legit
2232 3467 2591 3530 ratiocinatio,
2614 3476 2938 3535 repetamus.
2964 3465 3144 3522 Primo
3167 3466 3326 3538 igitur
3351 3483 3478 3522 vera
3507 3468 3649 3524 ratio

2079 3560 2272 3625 suasit,
2314 3559 2549 3613 divinam
2585 3557 2910 3612 voluntatem
2950 3573 3236 3623 summam,
3269 3558 3648 3628 principalem,

2079 3652 2356 3718 solamque
2378 3663 2499 3704 esse
2536 3662 2751 3703 causam
2778 3648 3037 3711 omnium,
3070 3662 3207 3716 quae
3234 3647 3392 3702 Pater
3419 3663 3518 3717 per
3549 3663 3649 3705 ve-

2080 3741 2291 3796 ritatem
2318 3753 2468 3793 suam
2498 3736 2641 3800 fecit,
2666 3737 2945 3806 ipsamque
2975 3735 3304 3790 voluntatem
3332 3738 3648 3792 omnimodo

2076 3841 2268 3888 cuneta
2300 3829 2626 3884 necessitate
2661 3843 2868 3893 carere,
2895 3842 3034 3897 quae
3057 3827 3138 3880 vel
3163 3843 3280 3882 eam
3323 3828 3646 3896 impelleret,

2075 3923 2158 3978 vel
2186 3923 2236 3977 ei
2273 3920 2576 3991 impediret,
2614 3921 2706 3974 sed
2744 3920 2857 3989 ipsa
2901 3928 2984 3974 est
3025 3933 3120 3972 sua
3162 3919 3478 3983 necessitas,
3531 3928 3644 3973 tota

2076 4013 2241 4084 igitur
2275 4019 2361 4066 est
2403 4011 2674 4064 voluntas.
2715 4008 2916 4063 Deinde
2960 4008 3407 4077 quemadmodum
3450 4009 3644 4062 rectis-

2075 4104 2211 4158 sime
2228 4101 2300 4168 de
2323 4101 2430 4155 Deo
2453 4098 2744 4154 secundum
2771 4096 3122 4152 substantiam
3149 4096 3395 4150 voluntas
3418 4096 3640 4160 dicitur,

2074 4189 2358 4244 sanissimo
2397 4185 2814 4256 praedestinatio
2861 4184 3221 4253 praedioatur.
3270 4183 3421 4250 Quod
3465 4193 3644 4254 potest

2071 4280 2287 4351 probari
2309 4269 2628 4348 argumento
2662 4275 2956 4344 sapientiae
2977 4282 3029 4328 et
3052 4275 3309 4329 scientiae
3343 4273 3589 4328 veritatis
3621 4274 3643 4305 ⁸

2075 4369 2395 4436 ceterisque,
2440 4380 2578 4435 quae
2611 4363 3033 4418 substantialiter
3069 4364 3134 4417 de
3189 4362 3296 4415 Deo
3336 4362 3642 4428 praedicari

1996 4436 2046 4494 Ῐ)
2070 4457 2249 4512 nullus
2282 4454 2519 4509 ﬁdelium
2550 4453 2776 4508 dubitat.
2806 4452 3038 4506 Proinde
3074 4452 3119 4506 si
3142 4451 3320 4506 omnis
3345 4451 3644 4505 necessitas

2068 4547 2247 4602 divina
2291 4545 2493 4601 tollitur
2537 4543 2842 4608 voluntate,
2895 4543 3194 4598 certissime
3240 4542 3456 4596 tolletur
3497 4541 3518 4572 ⁹
3569 4543 3648 4595 di-

2069 4639 2192 4691 vina
2221 4634 2728 4705 praedestinatione.
2753 4631 2868 4686 Non
2899 4632 3042 4686 enim
3073 4631 3182 4686 Deo
3208 4632 3350 4686 aliud
3375 4641 3461 4686 est
3484 4631 3642 4695 velle,

2069 4728 2213 4783 aliud
2271 4726 2705 4796 praedestinare,
2756 4725 3009 4794 quoniam
3056 4739 3234 4786 omne,
3282 4725 3423 4794 quod
3487 4722 3677 4787 fecitu

2068 4817 2518 4888 praedestinando
2545 4814 2733 4880 voluit,
2774 4823 2828 4870 et
2872 4814 3098 4870 volendo
3139 4815 3561 4884 praedestinavit
3592 4812 3647 4867 οι.

1687 4910 1938 4965 VARIAE
1976 4908 2375 4966 LECTIONES.

414 5023 416 5025 ν
473 5005 488 5035 ⁸
517 5002 604 5058 Sic
627 5005 770 5067 cod.,
791 5017 838 5057 et
854 5020 963 5057 om.
981 5003 1049 5058 Μ.
1117 5003 1138 5032 ³
1160 5002 1287 5058 Cod.
1308 5001 1688 5056 «alimentorum.
1759 5002 1780 5033 ⁸
1801 5001 1928 5057 Cod.
1945 5003 2246 5056 conexione.

1057 5072 1077 5103 ‘
1105 5071 1194 5126 Sic
1222 5071 1368 5135 cod.,
1398 5073 1569 5126 omnia
1594 5088 1701 5126 om.
1735 5071 1800 5124 Μ.
1855 5073 1895 5103 ⁶’
1921 5073 2101 5136 Corn,
2126 5071 2247 5126 cod.
2276 5078 2332 5124 et
2366 5067 2438 5122 Μ.
2468 5082 2621 5138 quae.

402 5075 547 5144 cod.,
566 5074 634 5127 M.
661 5074 980 5144 incongruis.

401 5143 468 5197 M.
497 5145 755 5199 scientiae
780 5141 831 5197 ei
865 5142 1128 5197 veritatis.
1203 5141 1226 5172 ’
1253 5142 1342 5196 Sic
1371 5144 1516 5208 cod.,
1543 5141 1610 5195 Μ.
1639 5142 1858 5197 tollitur.

2321 5000 2343 5029 ’⁸
2369 4997 2458 5052 Sic
2484 4996 2630 5060 cod.,
2647 4995 2805 5067 prosi
2829 5012 3010 5067 unam,
3126 5011 3424 5067 summam:
3437 5065 3446 5067 _
3485 4994 3508 5025 ⁸
3525 4992 3649 5067 Sic.

2698 5067 2718 5098 ’
2751 5064 2842 5120 Sic
2862 5066 3004 5130 cod.,
3036 5065 3106 5119 Μ.
3139 5082 3266 5120 esse.
3341 5065 3362 5095 ⁸
3393 5063 3654 5126 Siccod..

1903 5229 2154 5288 NOTAE.
2232 5252 2236 5256 λ

477 5339 501 5367 α
542 5325 866 5381 Prudentius
911 5323 1311 5388 animadvertit,
1355 5323 1968 5393 praedestinationeutﬂin

399 5395 510 5450 Deo
544 5412 747 5464 semper
773 5394 983 5448 relative
1015 5395 1137 5446 dici.
1177 5393 1328 5456 Esse,
1357 5391 1560 5462 inquit,
1590 5394 1722 5445 enim
1751 5394 1818 5464 ad
1831 5391 1970 5464 nihil

402 5465 552 5517 aliud
594 5461 832 5533 refertur,
867 5464 1252 5533 praedestinare
1288 5480 1404 5517 vero
1447 5477 1709 5532 nunquam
1742 5463 1840 5515 nisi
1896 5461 1966 5513 ad

401 5535 600 5601 aliquid
625 5535 728 5586 dici
752 5543 931 5601 potest.

482 5608 506 5645 h
546 5604 817 5663 Psal.(‘.x.
845 5605 898 5658 εξ.

484 5687 502 5712 ε
546 5665 684 5722 Psal.
720 5675 899 5733 C.\'lll.
928 5676 978 5728 5.

2147 5319 2172 5358 ἀ
2204 5318 2358 5374 Falso
2381 5317 2636 5385 disputat.
2660 5315 2916 5382 Quamvis
2939 5315 3079 5368 enim
3105 5330 3261 5369 nemo
3287 5313 3389 5385 nisi
3412 5313 3662 5370 v’olendo

2077 5389 2279 5458 aliquid
2328 5384 2710 5458 praedestiuet,
2757 5395 2945 5458 tamen
3001 5385 3147 5438 aliud
3174 5384 3441 5458 est__relle,
3495 5386 3668 5439 aliud

2073 5453 2480 5526 praedestinare.
2516 5455 2836 5526 Prudentius
2862 5453 3130 5526 observat,
3177 5455 3315 5526 velle
3347 5453 3418 5505 ad
3445 5471 3497 5505 se
3529 5463 3671 5507 [αη-

2075 5523 2185 5581 tum
2216 5528 2342 5584 dici.
2389 5525 2764 5594 praedestinari
2797 5540 2910 5577 vero
2943 5524 3124 5592 referri
3159 5526 3227 5578 ad
3265 5523 3390 5588 ulta,
3429 5525 3674 5594 ideoque

2078 5613 2177 5649 non
2206 5612 2361 5651 unum
2394 5595 2627 5664 idemque
2651 5611 2775 5648 esse.
