3904 6148
279 324 369 380 565
1319 325 1519 380 LIBER
1560 326 1646 381 DE
1682 326 1818 382 PRA

1991 322 2386 384 tTlNATIONE.
3363 311 3486 366 566:.
3529 397 3533 404 .

282 433 581 490 Multimodas
602 434 766 488 etiam
792 447 968 499 voces,
1012 436 1205 505 quibus
1243 437 1409 491 Deum
1439 452 1594 492 suum
1637 437 1804 493 ratio-
1834 443 1879 500 Α
1906 439 2213 506 beatitudo;
2237 437 2426 506 altera
2462 452 2608 500 vero,
2649 451 2786 504 quae
2830 451 2926 506 per
2970 433 3148 490 omnia
3196 429 3474 486 contraria-

278 525 396 579 nalis
420 524 586 578 anima
607 523 911 594 signiﬁcare
936 525 1156 595 appetit,
1189 541 1352 579 unum
1383 535 1545 596 atque
1570 527 1709 582 idem
1728 527 1808 582 in-
1905 539 1988 586 est
2017 532 2348 602 praedictae,
2368 531 2481 600 ipsa
2508 531 2652 584 enim
2675 545 2705 583 e
2725 528 2938 583 diverso
2960 542 3064 582 non
3089 525 3263 580 solum
3289 519 3469 588 efﬁcit,

277 629 440 679 nuere,
467 613 563 667 hoc
594 623 697 679 est,
747 614 918 683 ipsam
948 613 1271 670 ineffabilem
1317 615 1592 673 Creatoris
1617 631 1802 673 essen-
1907 622 1998 676 sed
2022 621 2184 676 etiam
2209 622 2351 692 cogit
2372 628 2672 689 peccatum,
2701 617 2844 687 quod
2871 625 2957 672 est
2980 633 3085 672 non
3111 629 3256 679 esse,
3281 613 3472 668 deinde

279 704 412 768 tiam,
436 702 674 771 quamvis
701 704 974 758 nominum
1006 701 1269 772 quaedam
1292 705 1511 761 relative
1534 707 1805 762 dicantur.
1908 713 2096 767 mortis
2146 713 2444 778 interitum,
2503 725 2664 779 quem
2718 709 3023 764 necessario
3081 706 3327 775 sequitur
3373 701 3475 756 mi-

275 789 427 844 κοιυε
467 789 660 844 “enim
718 790 936 846 Ῑιυηιθηί
985 793 1168 858 animi.
1213 809 1320 864 quo
1362 795 1689 865 principium
1725 795 1807 850 Sili
1909 800 2088 856 seria:
2125 801 2272 870 ipsae
2316 801 2479 872 igitur
2521 798 2736 854 sibimet
2764 796 3156 856 contradicunt.
3205 792 3262 848 Si
3294 798 3473 846 autem

276 883 462 951 repetit,
504 883 768 952 gradatim
810 885 1101 940 ascendere
1143 885 1352 952 nititur,
1400 887 1628 956 ideoque
1657 886 1810 955 juxta
1909 893 2087 946 divina
2131 900 2344 954 natura,
2388 907 2596 946 summa
2642 889 2904 953 omnium,
2943 901 3080 956 quae
3126 891 3268 948 sunt,
3314 896 3477 936 causa

277 974 440 1028 modos
468 974 828 1029 ascensionis‘
858 991 987 1031 suae
1017 977 1167 1047 signa
1194 978 1342 1033 vocis
1365 977 1585 1045 invenit,
1617 979 1812 1050 quibus
1910 979 2208 1049 multiplex,
2239 995 2358 1033 cum
2389 979 2457 1033 sit
2486 979 2715 1050 simplex
2734 985 2790 1032 et
2829 991 2954 1041 una,
2982 972 3331 1028 saluberrime
3360 974 3480 1024 ere-

275 1078 347 1125 ea,
372 1078 499 1131 quae
526 1063 672 1120 intus
700 1064 969 1135 intelligit,
1002 1082 1194 1123 sensus
1218 1084 1400 1124 secum
1443 1070 1812 1125 conscendeu-
1911 1069 2075 1132 ditur,
2106 1076 2496 1136 consequenter
2533 1083 2754 1124 necesse
2798 1073 2898 1131 est,
2940 1064 3139 1118 nullam
3181 1062 3234 1116 in
3266 1076 3324 1116 se
3363 1060 3478 1128 ipsa

276 1155 406 1220 tium,
429 1155 506 1210 vel
527 1156 893 1212 conscendere
914 1158 1230 1225 volentium,
1262 1159 1478 1214 caritati
1505 1160 1760 1215 obediens
1792 1160 1812 1190 ⁸
1913 1156 2332 1212 controversiam
2367 1156 2604 1226 recipere
2645 1156 2914 1211 credatur.
2960 1150 3300 1219 Relinquitur
3327 1162 3478 1217 ergo,

273 1246 442 1298 erudit.
483 1245 685 1301 Deinde
722 1248 1029 1302 contexitur
1070 1267 1082 1302 :
1116 1249 1159 1303 si
1189 1251 1393 1314 omnia,
1424 1265 1564 1320 quae
1599 1251 1665 1304 de
1701 1249 1813 1305 Deo
1913 1247 1969 1301 in
2011 1248 2118 1302 Deo
2143 1247 2276 1300 duas
2301 1263 2406 1301 non
2439 1262 2555 1301 esse
2579 1246 3115 1316 praedestinationes,
3161 1255 3298 1310 quae
3341 1240 3481 1294 inter

272 1337 649 1406 praedicantur,
676 1354 840 1392 unum
885 1347 1034 1405 sunt,
1065 1340 1196 1394 nihil
1232 1351 1411 1396 autem
1440 1350 1495 1396 et
1545 1343 1728 1396 verius
1761 1350 1818 1397 et
1917 1352 1974 1391 se
2021 1337 2382 1391 discordantia
2433 1345 2488 1391 et
2537 1336 2789 1402 efficiant,
2846 1344 2899 1390 et
2945 1335 3060 1390 fieri
3108 1340 3322 1405 cogant.
3371 1329 3485 1387 Nec

271 1425 520 1481 honestius
549 1427 616 1481 de
648 1428 758 1483 Deo
795 1429 1011 1495 dicitur,
1044 1446 1204 1500 quam
1231 1431 1646 1500 praedestinatio
1672 1450 1686 1486 :
1711 1449 1815 1486 una
1915 1442 2100 1482 earum
2130 1427 2234 1481 ulla
2276 1427 2390 1480 fieri
2431 1435 2630 1496 potest.
2671 1425 2948 1493 Quomodo
2986 1425 3127 1480 enim
3157 1424 3394 1479 creditur
3425 1424 3484 1478 in

274 1515 527 1584 estigitur.
551 1515 726 1582 Quam
748 1519 1304 1588 eterrandoseparat,
1324 1528 1378 1574 et
1398 1519 1815 1590 blasphemando
1915 1520 2012 1574 Dei
2066 1529 2260 1574 natura
2309 1536 2471 1575 causa
2512 1520 2820 1576 necessario
2867 1519 3068 1590 aliquid
3121 1533 3337 1588 cogens,
3392 1516 3484 1586 qui

273 1615 427 1671 negat,
453 1615 615 1675 atque
653 1623 753 1676 pro
789 1623 852 1662 eo
894 1609 1028 1662 duas
1057 1625 1087 1662 a
1116 1624 1174 1664 se
1215 1610 1332 1679 ipso
1358 1609 1535 1677 ﬁnxit,
1584 1627 1813 1682 quarum
1916 1609 2120 1672 omnia,
2157 1626 2296 1680 quae
2333 1611 2482 1676 fecit,
2525 1612 2766 1665 bonitate
2805 1611 3110 1676 voluntatis,
3137 1617 3190 1665 et
3216 1608 3488 1663 voluntate

214 1769 220 1775 Ι
273 1708 356 1746 nec
377 1711 491 1758 una.
517 1711 619 1750 nec
644 1696 812 1751 altera
845 1705 988 1752 stare
1017 1699 1220 1770 nequit.
1258 1698 1385 1755 Jure
1412 1701 1575 1772 igitur
1599 1703 1816 1772 penitus
1916 1698 2172 1754 bonltatis
2210 1714 2342 1754 suae
2384 1698 2546 1753 fecit?
2575 1697 2728 1766 cujus
2755 1700 2965 1754 bonitas
2994 1714 3090 1754 sua
3115 1707 3192 1754 est
3220 1697 3486 1760 voluntas,
3515 1742 3519 1746 .

272 1799 359 1836 non
384 1794 525 1850 sunt,
544 1785 667 1855 quia
699 1802 871 1856 neque
894 1803 1071 1852 verae,
1093 1803 1264 1858 neque
1289 1788 1453 1845 falsae
1475 1801 1618 1845 sunt.
1648 1790 1814 1846 Verae
1843 1784 1890 1842 B
1918 1797 1970 1843 et
2016 1790 2260 1844 voluntas
2289 1805 2385 1845 sna
2430 1799 2513 1845 est
2548 1790 2774 1845 bonitas.

273 1873 459 1940 quidem
489 1890 601 1928 non
625 1886 768 1939 sunt,
801 1877 1053 1946 quoniam
1085 1893 1264 1943 omne,
1289 1879 1430 1949 quod
1455 1881 1669 1935 veritati
1691 1896 1817 1935 con-
1988 1877 2072 1932 lll.
2117 1877 2229 1933 Non
2259 1887 2343 1933 est
2373 1879 2537 1947 igitur
2579 1878 2666 1932 illa
2709 1879 3144 1948 praedestinatio,
3170 1892 3306 1947 quae
3335 1884 3492 1947 cogat

273 1963 482 2028 tradicit,
513 1980 548 2017 a
594 1965 821 2019 veritate
859 1981 962 2019 non
990 1973 1092 2021 est.
1130 1965 1318 2033 Omne,
1347 1969 1490 2038 quod
1533 1984 1564 2023 a
1594 1970 1820 2024 veritate
1921 1968 2216 2023 inevitabili
2255 1970 2577 2026 necessitate
2612 1985 2706 2024 sua
2735 1971 2922 2035 vitam,
2949 1969 3235 2038 justitiam,
3261 1969 3493 2024 beatitu-

272 2063 354 2114 εει,
379 2068 558 2108 verum
585 2069 706 2110 esse
733 2071 950 2112 necesse
973 2065 1085 2123 est;
1113 2073 1272 2113 omne
1301 2058 1490 2129 igitur,
1517 2061 1658 2129 quod
1683 2061 1823 2115 veri.
1921 2057 2122 2123 dinem,
2151 2074 2250 2114 nec
2271 2058 2382 2125 illa,
2408 2073 2547 2128 quae
2571 2067 2788 2131 cogeret
2808 2059 3206 2128 praedictorum
3230 2059 3492 2113 bonorum

275 2146 355 2199 tati
388 2147 731 2210 contradicit,
765 2164 950 2203 verum
982 2164 1246 2211 non..esse
1277 2165 1498 2206 necesse
1526 2160 1630 2206 est.
1675 2151 1823 2206 Duae
1924 2149 2213 2214 contraria,
2266 2149 2514 2205 videlicet
2553 2158 2806 2214 mortem,
2852 2157 3151 2220 peccatum,
3197 2149 3493 2203 miseriam.

273 2248 452 2306 autem,
482 2239 871 2313 G[otescalce],
904 2243 1422 2311 praedestinationes
1450 2245 1666 2299 veritati
1695 2260 1824 2300 con-
1925 2237 2072 2305 Quae
2113 2238 2250 2292 ratio
2277 2237 2692 2308 enthymematis
2729 2237 2752 2268 ⁵
2781 2246 3099 2309 argumento
3135 2237 3502 2301 concluditur,

275 2331 552 2396 tradicunt;
602 2346 760 2387 verae
790 2332 952 2401 igitur
989 2348 1093 2388 non
1123 2341 1270 2390 sunt.
1305 2333 1496 2388 Falsae
1528 2349 1634 2388 non
1678 2342 1821 2389 sunt.
1927 2329 2068 2399 quod
2095 2343 2308 2398 semper
2327 2336 2410 2382 est
2436 2343 2466 2381 a
2489 2328 2778 2383 contrario.
2807 2326 2971 2396 Cujus
2991 2327 3284 2398 propositio
3319 2326 3340 2358 '
3375 2325 3510 2381 talis.

275 2418 425 2477 Omne
458 2425 608 2478 enim
653 2423 849 2478 falsum
901 2426 998 2479 sub
1046 2420 1278 2495 quadam
1318 2426 1668 2482 similitudine
1713 2427 1825 2481 veri
1927 2427 2029 2474 εει·
2078 2417 2197 2473 Non
2246 2426 2300 2473 ει
2344 2417 2484 2472 Deus
2524 2431 2734 2473 summa
2781 2417 3014 2472 essentia
3061 2417 3153 2481 Sit.
3213 2423 3268 2470 ει
3309 2430 3502 2469 eorum

273 2513 459 2581 appetit
503 2529 649 2581 esse,
709 2515 854 2584 quod
906 2532 1012 2572 non
1059 2527 1160 2573 est.
1213 2516 1377 2588 Cujus
1419 2517 1725 2587 exemplum
1772 2519 1825 2572 in
1932 2518 2156 2574 tantum,
2189 2523 2326 2579 quae
2351 2509 2418 2564 ab
2446 2524 2511 2565 eo
2542 2516 2685 2574 sunt,
2729 2523 2890 2564 causa
2933 2522 3039 2562 non
3069 2507 3156 2562 sit.
3193 2507 3288 2562 Est
3318 2515 3496 2560 autem

275 2613 446 2657 natura
482 2620 666 2660 rerum
691 2615 776 2661 est
821 2607 968 2662 vocis
995 2608 1196 2678 imago,
1231 2623 1370 2678 quae
1410 2623 1440 2662 a
1468 2607 1689 2664 Graecis
1709 2611 1829 2680 ἠχὼ
1933 2601 2074 2656 Deus
2117 2616 2325 2656 summa
2373 2601 2626 2657 essentia.
2681 2600 2778 2656 Est
2813 2600 2977 2671 igitur
3027 2613 3212 2655 eorum
3267 2605 3500 2660 tantum,

281 2702 500 2758 vocatur,
536 2693 838 2764 umbraque
870 2710 1176 2765 corporum,
1207 2697 1260 2751 in
1284 2705 1401 2752 arte
1438 2712 1567 2752 vero
1594 2697 1823 2766 pictura-

1957 2707 2071 2762 [uae
2105 2691 2173 2746 ab
2198 2708 2261 2748 eo
2287 2700 2428 2758 sunt,
2469 2707 2651 2746 causa.
2684 2691 2997 2755 Peccatum,
3026 2703 3193 2754 mors,
3221 2687 3438 2741 miseria
3469 2702 3499 2739 a

277 2795 379 2834 rum
428 2781 634 2854 figurae
684 2783 738 2849 ³,
798 2793 1084 2855 ceteraque
1138 2786 1192 2840 id
1264 2801 1454 2858 genus.
1527 2784 1832 2840 Similitudo
1933 2781 2045 2836 Deo
2091 2796 2197 2836 non
2241 2787 2384 2834 sunt.
2436 2779 2632 2834 Eorum
2665 2780 2828 2850 igitur
2869 2793 3030 2834 causa
3079 2777 3220 2831 Deus
3249 2790 3356 2830 non
3396 2784 3500 2829 est.

281 2873 476 2936 etenim,
506 2873 608 2928 sed
637 2889 745 2928 non
778 2875 977 2942 omnis,
999 2876 1250 2931 falsitatis
1276 2891 1439 2932 causa
1461 2892 1581 2944 esse
1604 2877 1829 2932 videtur.
1935 2872 2077 2926 ldem
2119 2884 2329 2939 quoque
2373 2869 2712 2940 syllogismus
2749 2869 2851 2924 hoc
2897 2868 3058 2923 modo
3096 2864 3432 2921 connectitur
3461 2863 3503 2917 ⁸.
3585 2889 3587 2891 ι

279 2961 348 3014 Ac
383 2977 473 3030 per
515 2961 624 3016 hoc
670 2977 850 3029 omne,
900 2965 1043 3034 quod
1088 2965 1436 3020 similitudine
1489 2965 1666 3034 aliqua
1721 2964 1834 3020 veri
1937 2963 2052 3018 Non
2082 2971 2137 3016 et
2169 2965 2304 3018 Deus
2337 2977 2541 3028 eorum,
2569 2977 2704 3031 quae
2735 2970 2879 3027 sunt,
2911 2975 3070 3015 causa
3101 2959 3188 3023 sit,
3217 2965 3510 3020 eteorum,
3587 2977 3590 2980 ’

280 3066 436 3122 vacat,
451 3056 1832 3131 nonestfalsum.Praedestinationes,G[otescalce],
1872 3122 1906 3131 _
1939 3067 2077 3122 quae
2106 3051 2238 3106 nihil
2278 3061 2419 3118 sunt,
2449 3067 2609 3106 causa
2655 3052 2746 3106 sit.
2787 3051 2882 3106 Est
2919 3060 3098 3104 autem
3134 3049 3275 3103 Deus
3316 3062 3514 3102 eorum

282 3147 462 3201 nullam
509 3149 632 3203 veri
695 3148 1100 3204 similitudinem
1154 3150 1355 3205 habere
1407 3150 1830 3213 convincuntur;
1863 3122 1908 3183 C
1941 3158 2128 3208 causa,
2158 3157 2296 3212 quae
2316 3151 2459 3196 ευιιι·
2492 3139 2658 3212 Ῑῧῑῑυέ
2690 3156 2794 3196 non
2832 3150 2915 3196 εει
2944 3155 3104 3194 causa
3134 3153 3343 3203 eorum.
3369 3151 3524 3206 quae-

285 3234 434 3292 Ialsae
459 3239 626 3308 igitur
653 3253 760 3293 non
790 3250 933 3294 sunt.
970 3238 1075 3295 Sed
1111 3241 1239 3312 quid
1269 3241 1400 3306 sint,
1437 3256 1543 3296 non
1582 3240 1831 3295 invenio:
1941 3253 2045 3290 non
2073 3242 2211 3290 sunt.
2232 3234 2540 3298 Pcccatum,
2564 3231 2782 3302 ejusque
2806 3229 3042 3294 eﬂectus,
3073 3245 3219 3285 mors
3244 3227 3548 3298 profecto...

287 3326 402 3380 nihil
428 3328 573 3382 enim
605 3336 773 3383 sunt:
805 3329 926 3398 quis
963 3340 1144 3388 autem
1187 3338 1367 3398 potest
1390 3329 1632 3384 invenire
1659 3327 1838 3383 nihil?
1942 3325 2028 3379 cui
2073 3323 2328 3378 adhaeret
2353 3321 2587 3384 miseria,
2619 3337 2724 3375 non
2770 3329 2912 3376 sunt.
2959 3320 3158 3374 Eorum
3205 3319 3367 3389 igitur
3411 3329 3512 3370 nec

286 3413 564 3473 Fabulosae
609 3433 739 3489 ergo
783 3427 1050 3488 repertae.
1104 3418 1428 3475 Fabulosum
1467 3433 1700 3488 namque
1727 3425 1838 3485 est,
1944 3415 2108 3481 Deus,
2136 3429 2236 3469 nec
2283 3412 2398 3481 ejus
2425 3411 2863 3483 praedestinatio,
2898 3426 3037 3482 quae
3078 3419 3180 3477 est,
3224 3409 3364 3480 quod
3397 3409 3511 3477 ipse

286 3511 410 3577 quod
440 3527 540 3566 nec
563 3503 906 3576 verum,‘nec
930 3512 1246 3578 verisimile,
1279 3520 1338 3567 ut
1365 3511 1575 3569 volatus
1603 3512 1840 3578 Daedali,
1943 3513 2046 3567 est.
2078 3518 2238 3559 causa
2266 3517 2385 3558 esse
2407 3511 2601 3572 potest.

288 3599 366 3664 qui
396 3615 672 3670 nunquam
697 3599 816 3666 fuit,
841 3617 942 3657 nec
967 3601 1082 3658 fieri
1112 3602 1302 3673 potuit.
2015 3593 2103 3649 Ν.
2149 3592 2257 3648 Sed
2291 3593 2439 3662 quia,
2484 3591 2770 3656 haeretice,
2803 3591 2916 3660 jam
2942 3591 3008 3646 de
3044 3598 3133 3645 tua
3173 3591 3348 3660 prima
3382 3605 3512 3644 con-

348 3687 405 3742 Πα
442 3690 540 3746 Est
573 3691 740 3746 etiam
768 3691 911 3748 aliud
951 3701 1347 3760 argumentum,
1378 3693 1520 3762 quod
1553 3692 1749 3747 dicitur
1776 3692 1846 3748 ab
1947 3685 2245 3756 gressione,
2297 3699 2400 3754 qua
2440 3681 2575 3738 duas
2617 3683 3135 3754 praedestinationes
3177 3689 3232 3736 et
3273 3694 3517 3736 asserere

290 3775 556 3836 eii‘ectibus
604 3782 675 3835 ad
709 3796 955 3847 causam,
1001 3796 1108 3852 quo
1152 3781 1458 3846 coniicitur,
1513 3781 1648 3837 duas
1688 3795 1848 3850 prae-
1948 3777 2200 3832 mendose
2225 3775 2446 3845 coepisti
2468 3775 2731 3839 incautus,
2753 3781 2807 3827 et
2826 3771 3109 3828 defendere
3138 3770 3520 3826 contumeliose

291 3869 665 3929 destinationes
684 3874 780 3928 Dei
803 3888 908 3928 non
934 3887 1073 3929 esse.
1098 3872 1261 3943 Cujus
1288 3874 1590 3944 argumenti
1614 3874 1849 3928 maxima
1948 3869 2152 3924 sudasti
2189 3868 2470 3937 superbus,
2495 3852 2556 3920 et
2593 3866 2801 3920 modica
2835 3865 2855 3896 '
2887 3865 3163 3920 convictus
3202 3863 3522 3917 auctoritate

287 3963 570 4030 propositio
589 3971 705 4018 est:
732 3963 993 4028 omnium,
1015 3978 1156 4033 quae
1172 3972 1300 4019 sunt
1315 3963 1456 4018 inter
1475 3977 1534 4018 se
1551 3963 1848 4031 contraria,
1950 3959 2151 4030 fugisti,
2176 3966 2229 4012 et
2253 3956 2588 4026 apertissima
2612 3955 2839 4011 veritate
2871 3961 3171 4023 prostratus
3198 3951 3520 4013 occubuisti,

294 4065 496 4110 necesse
524 4063 613 4110 est
656 4069 843 4110 eorum
868 4068 1061 4110 causas
1103 4055 1245 4110 inter
1277 4069 1337 4110 se
1382 4055 1497 4109 fieri
1527 4055 1848 4110 contrarias.
1952 4049 2316 4106 occumbendo
2365 4048 2579 4112 siluisti,
2636 4046 2842 4102 silendo
2904 4046 3200 4115 posteriora
3250 4041 3523 4112 prioribus

294 4139 452 4197 Unam
499 4144 649 4199 enim
692 4144 1028 4214 eandemque
1078 4159 1296 4200 causam
1336 4144 1548 4199 diversa
1606 4144 1748 4198 inter
1797 4159 1854 4204 se
1953 4141 2137 4213 pejora
2185 4140 2522 4210 excogitasti,
2579 4146 2637 4193 ut
2691 4138 2745 4191 in
2792 4146 2844 4191 te
2893 4137 3176 4206 impiorum
3221 4133 3521 4187 convicium

295 4238 550 4292 Miraria
598 4237 814 4293 efﬁcere
860 4239 998 4296 ratio
1047 4241 1315 4310 prohibet.
1369 4239 1508 4306 Quid
1554 4247 1731 4295 autem
1770 4249 1853 4296 est
1955 4231 2261 4300 impleatur,
2307 4229 2449 4298 quod
2479 4229 2737 4296 scriptum
2789 4233 2915 4280 est:
2955 4224 3023 4277 Et
3073 4224 3168 4277 erit
3216 4221 3524 4275 novissimus

294 4329 614 4383 contrarium
641 4329 934 4394 essentiae,
959 4330 1060 4384 nisi
1083 4345 1191 4385 non
1213 4329 1368 4385 esse?
1395 4329 1534 4396 Quid
1553 4330 1716 4394 vitae,
1741 4330 1847 4385 nisi
1958 4339 2104 4377 error
2127 4321 2274 4392 pejor
2301 4321 2473 4391 priore
2495 4327 2659 4372 ll-—til‘
2679 4318 2820 4372 enim
2845 4331 2950 4370 ηοη
2981 4324 3034 4369 ιθ
3057 4315 3199 4385 pisel
3222 4326 3438 4382 negare.
3472 4321 3526 4365 ιθ

301 4409 542 4472 interire?
580 4417 717 4484 Quid
740 4417 1133 4487 justitiae,.nisi
1170 4420 1486 4489 peccatum?
1514 4419 1652 4486 Quid
1686 4419 1856 4474 beati-
1892 4487 1902 4489 Α
1959 4411 2300 4482 praedicasse
2363 4411 2508 4481 duas,
2551 4407 3083 4478 praedestinationes.
3151 4405 3294 4474 quod
3347 4412 3528 4456 tamen

297 4509 504 4575 tudinis,
535 4512 639 4566 nisi
683 4512 938 4566 miseria?
977 4509 1036 4566 Si
1083 4487 1211 4582 ergo
1247 4513 1380 4566 haec
1421 4512 1600 4566 omnia
1629 4511 1770 4566 inter
1794 4526 1854 4566 se
1885 4487 1933 4547 Ῐ)
1959 4504 2156 4559 dixisse
2184 4517 2214 4555 a
2239 4501 2420 4555 multis
2445 4498 2798 4560 convinceris,
2827 4498 2896 4550 ita
2927 4511 3032 4551 non
3068 4506 3119 4549 te
3148 4495 3308 4564 pudet
3336 4494 3532 4547 iterum
3578 4502 3589 4512 '

299 4605 558 4658 contraria
612 4619 736 4660 esse
788 4602 1148 4659 manifestum.
1183 4611 1286 4670 est,
1355 4603 1613 4672 sequitur,
1667 4617 1855 4657 eorum
1960 4595 2225 4666 proferre,
2273 4608 2436 4647 unam
2464 4607 2604 4657 esse,
2649 4590 2742 4646 sed
2771 4587 3034 4658 duplam;
3079 4587 3271 4642 scribis
3298 4584 3440 4638 enim
3472 4583 3530 4636 in

299 4705 500 4765 quoque
538 4710 733 4750 causas
777 4697 1002 4751 interse
1046 4694 1165 4749 ﬁeri
1207 4695 1522 4750 contrarias.
1555 4693 1670 4749 Non
1711 4694 1856 4749 enim
1965 4683 2329 4741 deliramentis
2369 4681 2787 4744 confessionum,
2827 4680 2991 4734 immo
3027 4678 3372 4748 perﬁdiarum
3416 4682 3534 4727 tua-

301 4793 385 4836 aut
405 4784 472 4839 ab
499 4801 609 4839 una
630 4800 816 4850 causa,
843 4793 936 4840 aut
966 4785 1172 4840 duabus
1201 4783 1441 4852 ejusdem
1471 4785 1681 4855 generis
1708 4786 1843 4838 nasci

1991 4789 2108 4839 tum,
2134 4783 2386 4842 tanquam
2407 4771 2669 4841 originem
2695 4768 2895 4824 erroris
2919 4768 2991 4822 tui
3017 4765 3302 4821 defendere
3327 4762 3533 4824 volens.

298 4881 535 4936 possunt.
565 4873 837 4945 Igitur,.ut
862 4875 1165 4930 haereticus
1193 4851 1495 4940 asserit,.si
1526 4873 1661 4927 duae
1698 4887 1859 4942 prae-
1967 4865 2292 4944 sententiam
2320 4861 2567 4917 videlicet
2588 4860 2771 4916 lsidori
2802 4878 2814 4913 :
2838 4876 2857 4909 ι
2877 4858 3099 4914 Gemina
3127 4864 3208 4911 est
3234 4851 3532 4945 praedestif

302 4941 816 5036 destinationessint
848 4965 902 5019 in
946 4963 1078 5028 Deo,
1111 4978 1338 5033 quarum
1368 4977 1493 5026 una,
1533 4970 1593 5016 ut
1627 4941 1720 5026 ait,
1750 4975 1859 5016 non
1966 4956 2113 5011 natio
2141 4941 2254 5010 sive
2277 4954 2566 5008 electorum
2593 4950 2658 5004 ad
2681 4950 2942 5019 requiem,
2965 4949 3078 5003 sive
3100 4941 3534 5036 reproborumad

302 5052 469 5107 solum
508 5033 708 5120 efficit,
737 5055 830 5110 sed
867 5055 1031 5110 etiam
1070 5053 1324 5108 violentia
1368 5054 1449 5107 sui
1492 5054 1636 5124 cogit
1674 5053 1872 5114 vitam,
1968 5055 2196 5101 mortem
2220 5045 2488 5113 ubquam
2507 5043 2584 5097 sic
2604 5043 2870 5110 exponis:
2903 5061 2920 5092 ι
2942 5055 3046 5094 non
3071 5039 3235 5098 enim,
3270 5035 3363 5096 ait,
3397 5033 3534 5085 duae

304 5141 438 5208 quod
487 5152 570 5197 est
624 5158 766 5210 esse,
825 5144 1016 5199 deinde
1061 5141 1352 5211 justitiam,
1403 5157 1564 5212 quam
1623 5141 1868 5211 sequitur
1970 5137 2250 5204 sunt,quia
2276 5125 3539 5202 nonsunt,sedgemina.idesthipertita»c—ut

1566 5250 1821 5307 VARIAE
1864 5244 2262 5302 LECTIONES.

374 5346 388 5374 '
421 5344 514 5399 Sic
539 5346 682 5407 cod..
716 5346 783 5399 Μ.
811 5347 1140 5400 assention-is.
1218 5346 1237 5376 ¹
1269 5345 1398 5399 Cod.
1433 5342 1727 5404 oboediens,
1768 5341 1849 5395 sic
1892 5340 2111 5407 ubique.
2189 5337 2210 5368 ³
2253 5337 2342 5390 Sic
2385 5335 2528 5399 cod.,
2573 5333 2645 5407 Μ.
2679 5335 2871 5404 ﬁgura.
2948 5331 2970 5360 ⁸
2996 5328 3126 5383 Cod.
3171 5324 3536 5381 entimematit.

308 5411 335 5444 ⁸
356 5413 443 5469 Sic
474 5417 630 5478 C0d..
664 5405 732 5469 Μ.
761 5418 1031 5486 expositio.
1107 5415 1127 5446 ⁶
1157 5414 1286 5470 Cnd.
1321 5415 1623 5469 conectitur.
1653 5415 1730 5466 sic
1761 5410 1980 5479 ubique.
2003 5405 2019 5407 ⁷
2056 5409 2075 5438 ⁷
2109 5407 2285 5472 ϐοτη,
2328 5407 2447 5461 cod.
2480 5405 2685 5458 nodica.

1825 5517 2054 5579 NOTAE

378 5631 402 5657 -
446 5619 630 5674 Matth.
667 5618 876 5684 xxv“,
909 5619 994 5671 ot.
1829 5572 1910 5579 έν*
1936 5572 2076 5648 vv:
2115 5572 2193 5664 et.
2225 5610 2457 5678 Cottfeu.
2494 5606 2616 5660 mai.
2653 5600 2959 5660 ϐοιωταιεί.

379 5688 410 5727 δ
447 5688 627 5744 lsidor.
663 5691 892 5744 Settleut.
928 5689 1016 5742 Iih.
1054 5705 1107 5746 tt,
1141 5688 1191 5741 (ἰ.
