3904 6148
390 187 451 254 ﬁt;
462 194 492 255 '7

1746 210 2026 283 JOANNIS
2066 220 2259 281 SCOTI

3503 229 3603 287 368

330 328 335 333 ·
387 317 1011 399 quid,impudentESsinie
1038 322 1300 388 ’,debilis,
1325 330 1783 394 enervatus,omni
1810 331 1948 385 veri-
1978 340 2020 397 Α
2051 345 2164 401 est,
2214 352 2333 392 cum
2383 334 2569 393 borum
2622 344 2858 396 omnium
2900 358 3057 399 causa
3098 338 3203 409 sit,
3256 345 3325 398 ita
3367 349 3602 400 ou'ttiunt

388 408 511 481 tatis
541 410 739 464 auxilio
769 412 1027 475 desertus,
1081 412 1197 467 lites
1226 429 1472 478 renovas,
1517 418 1709 486 quibus
1737 420 1949 475 conaris

387 496 439 551 te
472 512 501 550 a
534 497 705 566 prima
731 508 819 552 tua
846 500 867 531 '
891 499 974 571 illa
1003 500 1329 569 impudentia
1361 504 1591 571 latenter
1610 508 1945 575 subtrahere,

386 582 643 652 tanquam
675 586 1005 643 tolerabilius
1033 590 1122 656 sit,
1150 600 1205 645 et
1241 593 1419 647 minus
1451 595 1664 650 veritati
1708 599 1945 666 resistat,

381 674 667 745 geminam,
706 674 756 729 id
799 685 901 742 est,
939 678 1244 757 bipertitam
1282 682 1374 751 Dei
1406 687 1947 753 praedestinationem

382 763 716 829 praedicare,
763 780 921 845 quam
955 756 1124 823 duas?
1167 768 1337 836 Quam
1381 773 1819 845 geminagiwem,
1864 777 1948 832 vel

380 842 785 919 bipertitionem'
814 854 834 886 ³
859 857 1107 927 exemplo
1133 852 1374 931 caritatis
1395 842 1627 931 probare
1648 866 1944 922 contendis.

385 956 402 987 ι
426 936 552 991 ’rale
565 941 706 994 enim
731 961 750 992 ι
763 982 776 1007 ,
796 941 994 1014 inquis,
1016 933 1035 995 ἃ
1057 955 1158 1010 est,
1174 950 1314 1016 quod
1327 950 1523 1004 dicitur
1531 952 1948 1020 praedestinatio

300 1094 305 1111 τ
381 1029 616 1097 gemina,
666 1031 718 1085 in
747 1022 947 1097 electas
994 1034 1239 1093 videlicet
1284 1041 1638 1109 etircprobos
1673 1042 1946 1112 bipertita,

295 1108 303 1168 ,⁵
377 1131 499 1171 cum
531 1119 602 1173 sit
634 1135 762 1187 una,
793 1121 920 1189 licet
948 1110 1019 1178 sit
1045 1124 1224 1195 dupla,
1252 1126 1409 1194 quale
1439 1108 1542 1190 est,
1573 1108 1949 1197 quod‘dicitur

294 1215 305 1261 ξ
377 1208 578 1285 Caritas
609 1196 691 1264 vel
735 1211 950 1268 dilectio
1004 1216 1236 1284 gemina,
1282 1233 1401 1271 cum
1450 1219 1634 1288 utique
1685 1235 1788 1275 non
1841 1223 1950 1277 sint

289 1318 294 1325 υ
383 1300 541 1364 duae,
574 1301 666 1355 sed
719 1317 847 1367 una,
902 1302 1030 1360 licet.
1078 1306 1150 1360 sit
1198 1308 1358 1362 etiam
1409 1319 1628 1379 propter
1677 1311 1845 1379 Deum
1893 1321 1947 1366 et

375 1392 685 1459 proximum
713 1392 869 1465 dupla
907 1414 926 1447 ι
953 1407 1001 1450 ι.

455 1500 517 1567 Υ.
554 1503 600 1565 0
632 1515 791 1575 quam
842 1523 970 1564 vere
1013 1500 1174 1581 de’tc
1223 1508 1425 1573 dictum
1476 1521 1554 1593 est
1581 1531 1592 1566 :
1624 1505 1701 1567 De
1748 1515 1948 1569 locusta

2048 427 2309 495 partium,
2335 431 2528 499 quibus
2563 440 2729 486 totum
2755 435 3058 499 coniicitur,
3095 452 3217 491 cum
3243 425 3605 492 οιηιλὶεἰοιὶυς

2048 527 2237 571 auctor
2262 519 2352 587 sit,
2392 524 2761 592 compactione
2785 536 2950 579 caret.
2998 524 3151 592 Quali
3202 527 3381 597 itaque
3435 527 3606 596 impuo

2050 604 2232 661 tientia
2259 625 2362 664 non
2396 612 2609 668 dubitas
2655 616 3002 684 pronuntiare
3045 617 3609 689 praedestinationem,

2047 706 2185 765 Quae
2210 692 2345 755 Deus
2373 709 2477 765 est,
2513 712 2566 756 et
2593 704 2870 757 caritatem
2897 704 3198 773 bipertitas,
3231 707 3410 759 addita
3444 721 3609 774 expo-

2048 784 2264 852 sitione,
2296 788 2349 841 id
2400 799 2481 849 est
2510 788 2982 859 duplas‘lProinde
3003 795 3142 848 sicut
3166 795 3341 849 nnllns
3372 794 3605 849 ﬁdelium

2047 877 2207 931 audet
2235 878 2415 933 dicere
2440 882 2735 949 geminum,
2757 884 2870 938 sive
2895 884 3228 956 bipertitum,
3253 886 3365 940 sive
3388 886 3602 957 duplum

2047 960 2236 1031 Deum,
2269 968 2393 1036 quia
2416 968 2635 1039 impium
2659 982 2760 1037 est,
2784 974 2858 1027 ita
2882 973 3042 1029 etiam
3063 975 3601 1042 praedestinationem

2046 1061 2098 1107 et
2133 1055 2416 1112 caritatem
2444 1059 2738 1130 geminare,
2770 1061 2855 1116 vel
2881 1062 3174 1132 duplicare,
3232 1064 3314 1118 vel
3362 1065 3607 1134 bipertiti

2046 1145 2363 1216 sacrilegum
2390 1142 2491 1203 est.
2522 1148 2787 1220 Quicquid
2813 1152 2957 1212 enim
2985 1153 3051 1207 de
3080 1152 3189 1207 Deo
3218 1136 3476 1220 creditur,
3508 1171 3609 1210 ne-

2046 1249 2196 1290 cesse
2226 1239 2400 1294 est'de
2421 1239 2538 1313 ejus
2560 1254 2771 1311 quoque
2795 1243 3281 1312 praedestinatione
3304 1252 3359 1298 et
3378 1242 3608 1307 caritate

2046 1327 2313 1383 credatur.
2579 1315 2581 1319 η

2118 1412 2206 1472 Vl.
2245 1417 2288 1473 Ο
2313 1429 2532 1481 aeterna
2579 1420 2799 1490 caritas,
2840 1433 3038 1495 quanta
3070 1425 3329 1497 caecitate
3368 1425 3609 1497 percussi

2044 1518 2189 1575 sunt,
2214 1511 2304 1583 qui
2334 1518 2384 1569 te
2410 1511 2622 1583 duplam
2648 1528 2767 1570 esse
2794 1517 3122 1585 praedicant,
3148 1532 3269 1571 cum
3302 1517 3602 1583 inveniunt,

381 1595 670 1675 egredietur
696 1597 919 1655 bruchus
948 1599 989 1654 ⁸.
1032 1601 1107 1657 De
1143 1602 1474 1685 blasphemia
1502 1615 1587 1658 tua
1640 1605 1690 1659 in
1716 1607 1943 1674 pracde-
1978 1620 2013 1685 4
2047 1614 2341 1667 praecones
2372 1610 2493 1659 tuos
2518 1607 2885 1672 pronuntiare,
2918 1617 2968 1661 te
3013 1622 3130 1662 esse
3158 1608 3446 1681 geminam,
3498 1622 3602 1662 non

377 1688 719 1746 hlinalionem
750 1707 967 1763 egressa
987 1704 1069 1749 est
1094 1678 1426 1766 blasphemia
1452 1706 1539 1751 tua
1564 1698 1615 1750 in
1637 1698 1940 1764 caritatem,
1978 1678 2017 1739 Β
2050 1690 2288 1747 valentes
2317 1693 2626 1751 discernere
2658 1696 2996 1753 intellectuali
3028 1678 3252 1764 Vibio-lle,
3439 1700 3603 1755 inter.

380 1778 453 1833 ita
486 1786 543 1849 ut
582 1780 778 1851 prioris
805 1784 1008 1854 peccati
1055 1799 1228 1854 poena
1277 1786 1348 1851 sit
1381 1802 1610 1856 sequens
1639 1796 1936 1855 peccatum.

378 1859 614 1927 Eandem
646 1872 829 1942 itaque
876 1874 1030 1931 [idem
1082 1877 1278 1931 videris
1326 1878 1524 1934 habere
1574 1878 1640 1932 de
1693 1878 1939 1942 caritate,

376 1971 537 2033 quam
584 1964 853 2044 proﬁteris
907 1966 972 2022 de
1021 1969 1553 2043 praedestinatioae;
1608 1972 1939 2041 utramque“

379 2052 642 2125 Siquidem
692 2056 905 2135 duplam
937 2059 1133 2117 asset-is
1173 2072 1311 2114 esse.
1344 2058 1622 2124 Concedis,
1669 2062 1720 2114 nl
1762 2059 1935 2125 fallor,

380 2145 426 2198 si
453 2157 558 2198 non
591 2145 811 2211 insanis,
843 2148 1008 2203 Deum
1037 2163 1154 2204 esse
1177 2149 1479 2215 caritatem,
1514 2148 1790 2218 Scriptura
1818 2163 1939 2218 per-

374 2219 613 2303 liibentp,
644 2249 779 2305 quae
805 2236 877 2291 ait
900 2255 913 2289 τ
947 2236 1085 2305 Deus
1107 2250 1179 2293 est
1201 2240 1393 2295 caritas
1408 2238 1455 2292 δ.
1476 2238 1588 2294 Non
1618 2254 1813 2309 negare
1840 2254 1935 2292 au-

378 2332 467 2378 sus
495 2337 573 2388 es,
608 2326 1145 2402 praedestinationerp
1176 2331 1341 2387 Deum
1364 2346 1501 2397 esse,
1530 2332 1669 2409 quod
1694 2340 1940 2402 patenter

375 2403 428 2466 in
457 2412 879 2491 confessionibus
902 2419 1007 2487 tuis
1030 2419 1301 2495 professus
1333 2435 1411 2475 es.
1460 2403 1570 2477 Deo
1597 2422 1740 2477 enim
1784 2435 1939 2492 prae-

376 2506 793 2579 destinationem
813 2526 964 2565 suam
1008 2525 1348 2568 coaeternam
1380 2529 1500 2569 esse
1522 2515 1816 2586 scripsisti;
1857 2523 1938 2569 at-

377 2595 706 2662 quentinam
760 2599 1043 2673 veritatem
1079 2601 1385 2665 consuleres
1436 2603 1488 2658 in
1537 2604 1751 2668 ceteris,
1799 2618 1938 2673 quae

378 2684 557 2741 dixisti
582 2685 647 2742 de
676 2688 1188 2765 praedestinatione,
1212 2692 1349 2746 sicut
1373 2692 1427 2747 in
1450 2693 1564 2764 ejus
1585 2694 1693 2753 Deo
1721 2692 1742 2724 ⁸
1775 2707 1936 2750 coae-

376 2773 648 2847 ternitate.
708 2774 968 2837 Convenit
1011 2778 1193 2848 itaque
1222 2781 1361 2836 inter
1392 2796 1491 2836 nos
1516 2781 1581 2836 de
1628 2783 1853 2837 caritate
1882 2791 1937 2839 et

375 2861 441 2914 de
466 2863 952 2939 praedestinatione
974 2865 1027 2921 in
1054 2883 1140 2934 eo,
1192 2864 1332 2938 quod
1363 2875 1412 2927 et
1450 2869 1648 2929 caritas
1692 2870 1851 2936 Deus,
1881 2878 1937 2925 et

374 2954 791 3035 praedestinatio
813 2957 974 3025 Deus,
1004 2967 1057 3037 et
1083 2976 1218 3019 unus
1258 2961 1420 3025 Deus,
1465 2977 1569 3015 una
1595 2963 1827 3018 essentia
1855 2965 1937 3019 dio

372 3045 519 3108 vina,
555 3054 794 3112 aeterna,
824 3048 1295 3105 incommutabilis.
1326 3048 1558 3115 Proinde
1585 3050 1630 3105 si
1657 3052 1857 3107 caritas
1881 3061 1935 3108 et

372 3137 789 3209 praedestinatio
805 3139 1166 3193 essentialiter
1192 3140 1256 3192 de
1284 3139 1390 3193 Deo
1411 3140 1820 3209 praedicantur;
1852 3158 1935 3199 es-

367 3229 537 3282 sentia
570 3239 746 3301 autem
775 3230 953 3285 divina
975 3232 1121 3285 nullo
1142 3232 1420 3288 tiathulico
1449 3233 1727 3289 dubitante
1752 3236 1933 3293 unitas

367 3327 471 3381 est,
502 3334 708 3395 summa
754 3330 809 3375 et
844 3334 967 3397 vera
994 3320 1228 3376 caritas:
1258 3322 1435 3389 itaque
1469 3331 1524 3376 et
1560 3323 1931 3392 praedestina-

368 3410 632 3464 tiuunitas
656 3421 738 3466 est
764 3412 805 3462 ⁷.
838 3411 1006 3479 Quae,
1040 3413 1233 3475 siuna,
1262 3421 1319 3467 et
1346 3411 1455 3469 sola
1503 3421 1587 3468 est
1629 3415 1930 3471 incommua

373 3500 570 3563 labilis,
605 3517 826 3556 numero
855 3518 1040 3558 carere
1071 3518 1292 3558 necesse
1335 3514 1437 3569 est,
1467 3519 1589 3560 cum
1620 3505 1687 3561 ab
1735 3521 1796 3563 ea
1820 3509 1927 3563 sint

362 3601 549 3643 omnes
598 3592 844 3656 numeri;
875 3591 1037 3665 quod,
1089 3594 1132 3657 si
1165 3593 1644 3651 commutabilitate
1669 3595 1690 3627 ⁸
1721 3606 1922 3665 careat,

365 3678 706 3748 multiplicari
730 3696 836 3735 non
893 3688 1090 3757 potest.
1119 3681 1333 3745 Primus
1387 3685 1665 3755 multiplex
1695 3695 1778 3742 est
1830 3688 1927 3744 du-

2044 1779 2283 1836 sitinter
2314 1792 2368 1835 te
2416 1790 2469 1837 et
2494 1794 2838 1854 praeceptum
2870 1788 2976 1841 tui!
3042 1787 3393 1858 Praeceptum
3448 1796 3599 1842 tuum

2042 1870 2371 1924 dominatrix
2412 1872 2782 1941 potentissima
2808 1875 3067 1944 geminari
3100 1876 3312 1939 dicitur,
3338 1876 3591 1945 quoniam

2039 1958 2106 2012 ad
2137 1969 2189 2013 te
2213 1960 2380 2030 ipsam
2411 1962 2605 2032 primo,
2632 1979 2768 2034 quae
2790 1965 2930 2019 Deus
2975 1982 3054 2030 es,
3084 1967 3333 2036 dirigitur
3355 2006 3373 2032 ,
3407 1964 3602 2022 deinde

2040 2052 2106 2104 ad
2139 2052 2463 2119 proximum,
2494 2069 2613 2107 cum
2636 2063 2688 2109 et
2711 2063 2764 2110 tu
2787 2055 3024 2127 diligeris
3055 2058 3107 2110 in
3138 2057 3243 2111 illo.
3280 2056 3420 2110 Nihil
3450 2058 3595 2112 enim

2040 2150 2251 2195 amatur
2271 2143 2322 2201 in
2350 2144 2616 2210 omnibus,
2648 2147 2751 2200 nisi
2779 2146 3008 2212 dilectio,
3035 2162 3170 2216 quae
3186 2155 3238 2200 tu
3262 2162 3321 2201 es
3344 2145 3569 2214 simplex
3591 2187 3605 2210 ,

2040 2229 2336 2297 individua,
2370 2232 2930 2306 incommutabilisque
2992 2236 3310 2300 substantia,
3368 2244 3424 2289 et
3470 2236 3602 2290 nihil

2040 2318 2283 2390 perfecte
2331 2318 2521 2394 diligit,
2576 2323 2675 2378 nisi
2726 2333 2803 2389 tu,
2852 2325 3123 2379 vinculum
3161 2325 3463 2390 insolubile,
3492 2340 3604 2393 quo

2040 2409 2382 2473 continentur
2430 2411 2631 2477 omnia.
2665 2412 2741 2466 Tu
2770 2413 2952 2483 itaque
2977 2412 3171 2482 diligis,
3224 2422 3280 2467 tu
3331 2413 3607 2484 diligeris;

2039 2499 2266 2570 ideoque
2295 2512 2641 2574 praeceptum
2681 2513 2825 2558 tuum
2858 2506 3125 2574 geminum
3156 2506 3368 2560 dicitur.
3398 2505 3598 2561 Partim

2038 2592 2498 2663 siquidemjubes,
2530 2596 2754 2650 utnulla
2780 2597 3092 2666 interposita
3121 2606 3308 2652 natura
3357 2598 3599 2669 diligaris

2039 2683 2093 2738 in
2126 2687 2402 2756 temetipsa
2443 2687 2507 2750 “,
2532 2688 2726 2757 partim
2752 2688 3066 2758 interposita
3090 2696 3265 2742 creata
3291 2697 3475 2741 natura
3508 2688 3596 2742 di-

2038 2773 2221 2845 ligaris
2243 2775 2294 2828 in
2321 2775 2586 2845 proximo.
2628 2775 2875 2846 Nunquid
2920 2785 3138 2846 propter
3177 2776 3300 2841 hoc,
3325 2775 3597 2829 individua

2038 2862 2237 2923 unitas,
2262 2862 2517 2918 debemus
2549 2871 2599 2916 te
2625 2864 2849 2925 credere
2867 2877 2985 2918 esse
3009 2863 3319 2936 geminam?
3346 2861 3598 2931 Nunquid

2038 2963 2221 3019 noster
2246 2968 2400 3008 amor
2422 2952 2859 3025 multiplicabitur
2888 2940 3179 3009 secundum
3197 2968 3478 3007 numerum
3512 2969 3595 3006 rev

1961 3019 2007 3084 C
2040 3060 2179 3109 rum,
2205 3060 2342 3114 quas
2363 3045 2645 3099 amamus?
2672 3043 2859 3099 Nonne
2883 3045 3070 3100 eodem
3102 3059 3283 3099 amore
3322 3044 3596 3113 diligimus

2034 3134 2235 3200 omnia,
2263 3149 2402 3203 quae
2432 3134 2716 3206 diligimus,
2743 3149 2864 3189 cum
2894 3149 3030 3189 unus
3055 3143 3215 3204 atque
3262 3132 3401 3187 idem
3432 3145 3593 3186 amor

2010 3205 2139 3281 'non
2170 3224 2466 3294 aequaliter
2516 3205 2763 3280 Omnibus
2806 3224 3165 3288 distribuitur,
3214 3222 3334 3277 aliis
3396 3224 3597 3293 quippe

2030 3314 2167 3386 plus,
2201 3314 2322 3370 aliis
2347 3315 2521 3370 minus
2542 3317 2997 3380 accommodatur,
3046 3315 3163 3383 ipso
3209 3323 3383 3368 tamen
3427 3314 3481 3366 in
3532 3330 3597 3368 se

2031 3400 2146 3472 ipso
2179 3405 2293 3469 sine
2319 3415 2626 3474 augmento,
2654 3405 2771 3458 sine
2802 3403 3127 3458 detrimento
3157 3410 3327 3457 status
3359 3403 3440 3457 sui
3470 3419 3592 3457 ma-

2029 3505 2211 3551 nente.
2273 3497 2386 3552 Non
2450 3499 2592 3553 enim
2651 3497 2754 3552 alio
2812 3512 2999 3552 amore
3065 3496 3314 3567 jubemur
3368 3495 3598 3568 diligere

2030 3583 2220 3653 Deum,
2244 3598 2299 3642 et
2331 3589 2437 3643 alio
2463 3588 2684 3660 diligere
2708 3587 3050 3657 proximum;
3102 3596 3273 3657 neque
3295 3597 3447 3656 parte
3478 3603 3586 3642 una

2026 3678 2182 3731 unius
2212 3679 2411 3741 amoris
2438 3679 2793 3750 praecipimur
2811 3679 3103 3733 adhaerere
3131 3676 3401 3740 Creatori,
3430 3686 3588 3745 parte

360 3769 511 3840 plus;
565 3771 723 3841 dupla
778 3772 1073 3843 igitur-non
1109 3782 1191 3829 est.
1236 3775 1436 3839 unitas,
1467 3782 1609 3845 quae
1634 3785 1719 3831 est
1740 3777 1924 3832 divina
1984 3758 1993 3764 .
2024 3769 2189 3824 altera
2223 3771 2516 3826 adhaerere
2539 3779 2820 3825 creaturae
2849 3786 2862 3822 :
2898 3769 2991 3823 sed
3014 3784 3119 3822 uno
3147 3764 3443 3835 eodemque
3468 3777 3584 3821 toto

306 3890 327 3933 ς
357 3858 680 3917 substantia.
715 3860 1137 3919 Praedestinatio
1164 3864 1526 3921 essentialitcr
1546 3866 1613 3920 de
1638 3867 1746 3929 Deo
1772 3882 1925 3937 prae-
2024 3869 2079 3917 et
2106 3860 2271 3915 Deum
2295 3871 2349 3915 et
2395 3862 2695 3930 proximum
2749 3860 3006 3915 debemus
3056 3857 3321 3927 amplecti.
3358 3855 3594 3911 Praece—

359 3949 526 4004 dicari
557 3965 661 4009 non
684 3960 767 4025 est
787 3951 1027 4013 dubium.
1058 3953 1303 4008 Essentia
1331 3963 1509 4009 autem
1534 3957 1728 4012 unitas.
1755 3954 1918 4012 Prae-
2021 3960 2170 4023 ptum
2197 3952 2359 4027 igitur
2381 3952 2622 4007 carilalis
2648 3963 2730 4007 est
2749 3951 3039 4022 geminum.
3066 3966 3168 4005 ηοη
3198 3949 3309 4019 ipsa
3337 3949 3540 4002 οπίιιιθ
3565 3990 3582 4013 ν

356 4038 641 4095 destinatio
671 4041 832 4112 igitur
863 4042 1061 4117 unitas.
1096 4041 1288 4099 Unitas
1314 4042 1471 4113 dupla
1498 4058 1602 4097 non
1630 4054 1734 4097 est.
1760 4042 1921 4100 Prae-
1978 4042 1987 4123 θ’
2020 4051 2076 4096 et
2103 4042 2224 4101 ideo
2278 4043 2568 4115 geminum,
2613 4042 2735 4113 quia
2764 4042 2882 4095 talis
2907 4038 3203 4097 dill‘ercntia
3232 4049 3314 4109 est
3341 4038 3394 4091 in
3423 4052 3591 4106 prae-

359 4130 645 4201 destinatio
671 4132 854 4201 itaque
876 4132 1033 4213 dupla
1064 4147 1172 4188 non
1211 4142 1315 4188 est.
1338 4134 1416 4187 Ac
1444 4149 1539 4204 per
1569 4135 1671 4188 hoc
1696 4149 1798 4190 nec
1831 4151 1921 4204 ge-
2020 4141 2195 4201 cepto,
2232 4140 2291 4187 ut
2314 4132 2454 4200 Dens
2480 4131 2729 4203 diligatur
2758 4140 2974 4201 propter
3003 4130 3371 4199 semetipsum,
3399 4129 3589 4199 proxi-

357 4222 519 4276 inina.
566 4222 844 4292 Quamodo
873 4224 1015 4279 enim
1046 4225 1116 4278 sit
1139 4225 1452 4295 geminatio,
1483 4226 1569 4278 ubi
1600 4241 1704 4280 non
1730 4226 1800 4279 sit
1824 4242 1921 4280 nu-
1984 4235 2140 4283 .mus
2193 4237 2322 4275 vero
2369 4238 2472 4277 non
2528 4231 2748 4292 propter
2793 4221 3163 4292 semelipsum.
3222 4221 3314 4275 sed
3365 4228 3592 4288 prooter

357 4327 539 4366 merus
588 4322 642 4368 et
662 4296 983 4383 pluralitas?
1012 4314 1201 4369 Divina
1240 4314 1417 4375 unitas
1438 4330 1721 4369 numerosa
1772 4324 1917 4370 caret
1943 4352 1993 4412 Β
2021 4309 2210 4377 Deum.
2240 4312 2450 4367 Caritas
2476 4313 2637 4381 igitur
2678 4314 2729 4368 in
2756 4313 3003 4367 omnibus
3049 4312 3234 4375 Deum,
3278 4310 3332 4365 id
3366 4320 3468 4393 est,
3526 4327 3586 4365 se

356 4387 679 4469 plriralitate.
710 4401 871 4456 Caret
893 4403 1052 4472 igitur
1077 4403 1410 4473 duplicitate.
1445 4402 1650 4458 Similis
1680 4403 1819 4458 ratio
1848 4406 1914 4463 de

355 4488 695 4557 lipertitione
718 4488 760 4542 '.
794 4490 852 4551 Si
889 4491 1305 4559 praedestinatio
1343 4491 1642 4551 deunitate
1695 4492 1915 4547 divinae

352 4578 686 4634 substantiae
735 4582 1035 4636 rectissime
1068 4581 1430 4652 praedicatur,
1479 4591 1533 4633 ct
1575 4582 1751 4636 omnis
1786 4597 1912 4638 vera

353 4666 532 4722 unitas
560 4667 793 4741 partium
824 4670 892 4724 sit
928 4660 1138 4739 expers,
1170 4670 1588 4740 praedestinatio
1623 4671 1803 4739 itaque
1833 4672 1914 4727 bi-

350 4757 544 4825 pertita
582 4758 623 4789 ¹⁰
653 4773 756 4813 non
787 4767 889 4824 est,
912 4760 1035 4830 quia
1062 4761 1306 4830 partibus
1341 4759 1633 4826 composita
1673 4777 1776 4814 non
1802 4770 1906 4816 est.

357 4844 507 4900 Sicut
533 4849 675 4902 enim
699 4848 876 4903 divina
898 4856 1081 4903 natura
1105 4865 1379 4921 generum,
1402 4863 1691 4918 eorumque
1713 4847 1909 4903 forma-
1964 4850 1967 4855 ⁴

351 4951 494 5009 rum,
524 4936 969 5004 differentiarum,
1001 4955 1343 4994 numerorum
1370 4952 1582 5008 quoque
1607 4953 1775 5009 capax
1801 4955 1907 4996 nou

2025 4401 2193 4471 ipsam
2219 4402 2409 4472 diligit,
2439 4412 2494 4456 et
2539 4404 2591 4457 in
2618 4419 2680 4458 ea
2712 4402 2854 4457 nulla
2899 4403 3187 4477 geminatio
3214 4410 3314 4465 est,
3363 4416 3429 4455 ac
3483 4417 3584 4473 per

2021 4490 2127 4547 boc
2174 4493 2315 4546 nulla
2348 4493 2656 4563 duplicatio.

2096 4582 2203 4637 Ἧι.
2246 4582 2559 4639 Confectum
2605 4592 2690 4639 est
2733 4584 2915 4653 itaque
2944 4592 3257 4654 argumento
3306 4583 3581 4644 caritatis,

2020 4673 2147 4742 quid
2192 4674 2435 4743 accipere
2460 4674 2718 4728 debemus
2740 4675 2804 4729 de
2832 4675 3191 4745 geminatione
3214 4675 3576 4743 praedestina-

2020 4763 2203 4828 tionis,
2230 4780 2368 4833 quae
2394 4764 2641 4819 similiter
2670 4765 2723 4819 in
2757 4764 3043 4835 semetipsa
3072 4778 3169 4819 nec
3216 4764 3450 4833 gemina,
3480 4777 3583 4815 net

2016 4854 2287 4923 bipertita,
2344 4871 2445 4912 nec
2488 4854 2644 4924 dupla
2684 4864 2788 4919 est,
2831 4853 3077 4924 quamvis
3104 4854 3349 4907 videatur
3400 4853 3585 4923 aliqua

2014 4937 2312 4998 diﬂ‘erentia
2342 4944 2393 4998 in
2425 4943 2703 5010 ell‘ectibus
2724 4932 3171 5012 ejus'secunduin
3202 4944 3438 4998 rationes
3471 4942 3578 4994 nii-

1558 5018 1569 5043 ‘
1606 5049 1861 5107 vanus
1896 5053 2291 5113 LECTIONES.

420 5170 438 5201 ¹
468 5169 560 5225 Sic
606 5169 723 5226 cod.
750 5210 763 5232 ,
818 5166 887 5223 Μ.
935 5170 1402 5239 imprudentissme.

348 5250 623 5307 utrunque,
651 5240 729 5293 sic
754 5240 970 5306 ubique.
1009 5237 1014 5239 ⁷
1042 5238 1067 5305 ,‘
1091 5237 1346 5307 Siccod.,
1373 5240 1477 5294 Deo
1496 5257 1604 5307 om.
1632 5241 1701 5294 M.

348 5309 467 5379 cod.
492 5306 1032 5379 incommutabilitate
1113 5307 1135 5337 '
1175 5306 1263 5362 Sic
1286 5310 1426 5376 cod.,
1459 5306 1527 5363 Μ.
1555 5311 1851 5379 bipertioue.

347 5378 490 5444 cod.,
520 5377 591 5431 Μ.
612 5377 731 5431 item
775 5386 824 5429 et
852 5377 985 5445 ipsa.

1518 5170 1678 5251 ’-Si_c_
1717 5173 1873 5251 co_d.n,
1929 5183 2019 5251 tua
2067 5190 2176 5251 o_m.
2215 5174 2320 5251 Μ..
2385 5170 2415 5251 ³-
2446 5171 2536 5251 Sic
2591 5172 2707 5251 cod.
2816 5170 2837 5203 ‘
2873 5170 3002 5251 Co_d_.
3055 5173 3235 5251 bruma

1977 5282 1989 5297 .
2015 5244 2132 5296 cod.
2164 5243 2745 5307 praedestinatioimilas
2772 5250 2911 5303 sunt,
2940 5240 3009 5294 M.
3033 5258 3082 5309 ρ.
3115 5258 3166 5293 u.
3192 5245 3277 5293 ait.

1776 5243 1796 5273 7
1820 5240 1947 5273 Ρηηῖ

1819 5243 1989 5310 Conj..
2015 5244 2132 5296 cod.
2164 5243 2745 5307 praedestinatioimilas
2772 5250 2911 5303 sunt,
2940 5243 3009 5294 Μ.
3033 5258 3082 5309 ρ.
3115 5258 3166 5315 u.
3192 5245 3277 5293 ait.

1819 5329 1851 5365 ξ.
1932 5311 1976 5343 ¹⁶
1996 5311 2085 5366 Sic
2135 5312 2246 5366 fere
2277 5312 2471 5380 ubique
2493 5312 2610 5366 cod.
2636 5313 2891 5381 bipertita,
2939 5326 3060 5366 raro
3086 5311 3346 5379 bipertita.

3385 5173 3407 5203 '
3443 5171 3497 5223 Ct
3508 5166 3583 5219 Α.

3356 5241 3377 5273 ⁸
3396 5243 3486 5295 (Σίν
3514 5244 3584 5294 ¹οι

3425 5309 3587 5360 “tit:

2385 5170 2405 5204 ³
2446 5171 2536 5228 Sic
2591 5172 2707 5227 cod.
2816 5170 2837 5203 ⁸⁵
2873 5169 3002 5226 Cod.
3055 5173 3259 5225 brutus.

1863 5467 2038 5525 NOTA
2050 5469 2108 5523 Ε.

425 5589 447 5620 ³
489 5576 767 5635 Confessio
793 5581 1089 5639 Gotcscalci
1120 5582 1153 5636 l.
1192 5614 1209 5621 κ

2072 5585 2099 5624 δ
2134 5582 2284 5638 Joan.
2319 5586 2406 5647 IV,
2441 5587 2518 5640 l6.
