3834 6152
158 300 243 357 an
744 274 754 286 '
1186 282 1383 339 uena
1428 280 1511 337 ne
1550 276 2184 337 PRAEDESTINATION
2199 274 2260 334 ε.
3238 290 3345 345 570

156 410 443 474 “Romae
464 414 624 475 ηηηο
642 401 906 472 ξηειῖιῐειε,
939 398 1055 457 una
1084 400 1347 471 siquidem
1370 400 1669 469 eademque
1699 404 1746 465 Α
1775 396 1924 451 tabili
1951 396 1970 427 ⁷
2010 404 2227 453 aeterna
2267 394 2754 464 praedestinatione
2794 397 3008 455 divinae
3052 402 3343 457 voluntatis

156 496 601 579 praedamnatione
645 509 741 553 sua
770 494 912 549 Deus
931 492 1110 562 justus
1134 499 1189 545 et
1214 490 1544 554 misericors,
1572 504 1667 558 ρορ
1774 484 2350 555 omnipotentissimae,
2372 499 2512 554 quae
2540 501 2810 556 nunquam
2835 503 3206 559 nusquatuquc
3233 491 3341 545 fal—

157 574 319 653 teasin
344 584 690 647 omnibus,ds
710 597 887 645 massa
930 581 1149 639 humani
1174 580 1407 651 generis,
1435 579 1670 650 origina-
1773 577 1925 641 litur,
1964 576 2207 633 tractari.
2251 574 2356 631 Sed
2407 575 2472 631 de
2528 575 2856 651 prOprietate
2886 575 3028 635 illius
3080 577 3340 645 haeresis,

143 685 256 751 liter
282 681 329 734 in
352 673 570 737 cunctis,
625 681 855 742 excepto
884 670 1122 735 Christo,
1154 671 1367 735 vitiata,
1408 666 1674 739 quosdam
1773 681 1913 739 quae
1933 681 2050 721 eam
2078 665 2303 731 lacerat,
2330 664 2479 734 prius
2503 664 2809 723 dicendum.
2836 666 2981 729 Ilaec
3009 669 3170 740 igitur
3210 672 3341 729 hae-

156 770 303 842 degit,
324 765 505 837 quibus
532 762 759 819 daturus
782 759 977 823 fuerat,
1003 758 1148 828 quod
1177 774 1206 812 a
1235 758 1543 829 semetipsis
1560 773 1673 813 non
1775 757 1909 812 resis
1933 754 2341 820 Gotcscalcana,
2373 754 2416 809 si
2448 755 2535 808 tali
2569 757 2784 811 nomine
2813 767 2986 829 potest
3030 762 3230 827 vocari.
3261 763 3344 819 in-

158 857 379 920 habiutri,
410 853 456 908 id
502 861 609 914 est.
660 853 799 911 dona
828 864 946 914 sua,
981 850 1179 918 quibus
1207 855 1387 909 essent
1445 848 1675 913 victuri;
1778 853 1861 901 ter
1881 844 2017 903 duas
2044 843 2179 903 alias
2206 843 2492 910 haereses,
2545 844 2645 899 sibi
2687 844 2915 903 invicem
2965 847 3343 917 adversantes,

157 947 377 1021 quosdam
409 940 621 1011 reliqui;
653 941 693 1004 ί,
726 939 816 1009 qui
851 954 884 997 a
928 938 1233 1009 semetipsis
1262 939 1531 995 inventuri
1552 952 1677 1010 pec~
1777 937 2081 1003 medietatis
2097 937 2217 993 loco
2239 937 2527 993 constituta
2548 938 2812 1003 est,inter
2832 939 2976 996 illam
3000 942 3177 1013 plane,
3200 960 3343 1016 quae

157 1050 251 1096 cata
286 1051 391 1098 sua.
434 1026 629 1104 quibus
652 1040 836 1089 essent
878 1030 1125 1101 perituri.
1170 1029 1277 1087 illis
1330 1029 1503 1099 dedit,
1534 1028 1677 1087 unde
1777 1028 1974 1087 dicitur
1994 1027 2302 1098 Pelagiana,
2330 1040 2386 1085 et
2408 1030 2571 1094 illam,
2602 1047 2741 1100 quae
2777 1034 2829 1089 ei
2874 1048 3161 1107 repugnat;
3205 1055 3349 1111 qua:

157 1126 388 1184 beatitudo
410 1130 552 1181 esset
580 1120 783 1185 futura,
810 1119 928 1177 istis
961 1135 1068 1175 non
1098 1118 1266 1189 dedit,
1293 1119 1389 1175 sed
1404 1118 1675 1190 permisit,
1778 1132 1896 1177 rum
1926 1133 2032 1175 una
2064 1118 2207 1175 dono
2234 1118 2447 1175 divinae
2481 1119 2686 1199 gratiae
2714 1121 2955 1192 derogat,
2984 1124 3156 1182 altera
3178 1127 3344 1187 liber-

156 1219 272 1274 ttnde
305 1214 506 1275 miseria
526 1227 717 1269 eorum
760 1224 963 1280 poenas
994 1224 1219 1280 passura
1251 1211 1294 1262 ⁸.
1320 1209 1429 1265 illis
1451 1225 1557 1265 non
1580 1209 1675 1275 illi,
1780 1215 1944 1267 tatem
1969 1205 2177 1263 arbitrii
2204 1207 2545 1265 condemnat.
2579 1208 2865 1281 Pelagiana
2888 1214 3150 1282 siquidem
3189 1226 3341 1275 secta
3420 1252 3433 1261 ε

156 1308 349 1377 sedipse
374 1302 719 1376 praeparavit
754 1302 938 1364 vitam,
966 1300 1086 1355 istis
1114 1316 1219 1357 non
1266 1300 1400 1370 ipse,
1434 1299 1530 1355 sed
1576 1299 1677 1371 ipsi
1777 1297 2083 1357 libertatem
2113 1297 2323 1353 arbitrii
2345 1299 2621 1355 rationalis
2648 1310 2874 1359 naturae
2896 1304 2950 1358 in
2980 1314 3184 1363 tantum
3200 1323 3350 1363 com-

158 1400 573 1468 pnepataverunt
597 1399 845 1453 mortem.
874 1388 985 1444 illis
1004 1389 1145 1443 illius
1170 1389 1480 1445 misericors
1511 1389 1670 1445 boni-
1779 1388 2014 1454 mendat,
2047 1397 2105 1443 ut
2137 1389 2253 1445 sine
2279 1390 2419 1445 dono
2449 1390 2654 1461 gratiae
2677 1392 2742 1446 ad
2768 1394 3148 1465 perﬁciendam
3173 1398 3347 1453 homi-

161 1500 229 1545 tas
249 1500 389 1543 (ausa
415 1483 515 1541 fuit
538 1480 817 1551 regnandi,
864 1480 1001 1536 istis
1027 1494 1124 1535 sua
1159 1479 1379 1550 propria
1427 1478 1681 1550 superbia
1778 1478 1864 1533 nis
1883 1475 2150 1547 justitiam
2182 1477 2425 1534 snlliciat.
2451 1478 2581 1547 Ejus
2606 1496 2735 1536 vero
2757 1493 2901 1537 secta
2929 1485 3203 1541 contraria
3226 1502 3348 1561 gra~

161 1591 292 1633 causa
334 1572 427 1629 fuit
464 1582 521 1627 et
589 1569 819 1629 effectus
870 1568 1167 1625 cruciandi.
1224 1567 1417 1624 Cetera
1464 1583 1678 1640 quoque
1780 1568 1947 1625 tuitae
1973 1570 2183 1640 gratiae
2205 1569 2402 1626 donum
2421 1572 2730 1637 conﬁrmat,
2757 1582 2814 1627 nt
2838 1588 2903 1627 co
2922 1574 3036 1629 solo
3061 1574 3111 1629 in
3135 1568 3350 1633 homine

162 1663 381 1734 exempla,
404 1660 627 1731 quaead
659 1657 1084 1730 complicandam
1114 1657 1503 1735 absurdissime
1521 1672 1679 1729 prae-
1780 1667 2061 1729 operante,
2110 1661 2256 1715 omni
2309 1668 2502 1714 conatu
2560 1660 2714 1715 liberi
2766 1661 2975 1716 arbitrii
3014 1650 3348 1735 contempto,

159 1752 526 1811 destinationem
574 1747 840 1811 cumulus,
885 1746 1005 1817 plus
1055 1745 1356 1804 dementiae
1406 1756 1530 1803 tuae
1553 1755 1680 1803 sunt
1708 1745 1755 1805 Β
1782 1749 1960 1805 omnis
1985 1748 2157 1803 ﬁdelis
2201 1748 2472 1820 fastigium
2496 1748 2739 1820 justitiae
2767 1751 3066 1821 contingat.
3100 1751 3215 1809 Una
3246 1752 3349 1825 igi-

161 1843 340 1904 indicia,
361 1854 518 1911 quam
540 1836 745 1895 erroris
764 1836 859 1893 tui.
886 1835 1003 1902 Dic,
1030 1850 1229 1905 quaeso
1260 1835 1281 1867 ³
1299 1875 1317 1901 ,
1343 1851 1450 1906 qua
1479 1837 1686 1893 ratione
1786 1846 1893 1904 tur,
1926 1847 1986 1894 ut
2010 1839 2210 1893 dictum
2235 1849 2338 1905 cst,
2389 1840 2585 1893 donum
2608 1841 2810 1910 gratiae
2839 1842 3155 1908 contemnit,
3183 1841 3352 1898 altera

162 1931 391 2004 nupsisti
417 1938 795 2001 argumentum
846 1927 916 1985 ab
961 1942 1125 1999 Opere
1174 1926 1268 1983 Dei
1309 1927 1562 1998 bipertito
1615 1929 1685 1985 ad
1785 1931 1984 1987 donum
2038 1930 2305 1985 libertatis
2352 1930 2590 1998 arbitrii;
2622 1930 2812 1987 ambae
2870 1933 3142 2004 impietate
3170 1914 3377 2004 pares,’

163 2023 443 2081 suadendam
481 2017 992 2091 praedestinationis
1042 2027 1098 2074 et
1125 2017 1372 2075 caritatis
1417 2018 1684 2089 duplicem
1782 2029 1933 2076 secta
1952 2034 2083 2077 vero
2107 2020 2367 2090 dispares.
2400 2020 2545 2076 llaec
2575 2031 2775 2088 autem,
2830 2022 2897 2079 de
2926 2039 3028 2093 qua
3060 2040 3203 2079 nunc
3231 2024 3350 2096 agi-

162 2113 608 2185 eomplicationem,
637 2125 760 2173 cum
785 2125 921 2179 opus
944 2109 1039 2165 Dei
1068 2110 1139 2167 sit
1165 2125 1534 2176 numerosum,
1555 2111 1684 2183 quia
1784 2121 1892 2178 tur,
1926 2113 2005 2169 sic
2032 2122 2116 2168 est
2140 2114 2194 2167 in
2226 2113 2400 2168 medio
2426 2113 2566 2171 inter
2592 2124 2847 2183 utrasque
2902 2114 3205 2184 praedictas
3236 2124 3353 2169 tan-

162 2215 358 2262 πωπω
410 2211 515 2268 est,
547 2200 973 2273 praedestinatio
996 2214 1126 2265 vero
1177 2208 1234 2256 ct
1272 2202 1496 2269 caritas,
1544 2203 1686 2259 sicut
1783 2218 1946 2273 quam
1977 2205 2349 2259 extremitates
2379 2204 2518 2257 inter
2539 2218 2597 2257 se
2617 2200 2917 2258 contrarias
2947 2203 3257 2273 conjuncta,
3290 2212 3350 2261 ut

161 2296 440 2370 pluralitate,
474 2296 551 2353 ita
572 2293 738 2355 etiam
764 2292 1154 2367 numerositate
1184 2293 1394 2349 carent?
1434 2290 1685 2365 Nunquid
1782 2294 1917 2365 ipsis
1954 2295 2148 2364 partim
2205 2292 2527 2357 consentiat,
2574 2291 2771 2361 partim
2819 2291 3173 2357 contradicat,
3224 2309 3351 2364 pro-

161 2388 260 2457 φὶς
291 2400 412 2455 opus
437 2384 708 2447 divinum,
740 2382 792 2441 id
817 2390 902 2439 est
938 2381 1261 2445 universitas
1292 2393 1681 2450 creaturarum,
1782 2387 2069 2457 prjumque
2126 2385 2227 2440 sibi
2273 2384 2508 2441 vindicet
2542 2383 2596 2448 ⁸,
2644 2383 2787 2453 quod
2819 2377 2963 2453 ipsas
3001 2400 3105 2441 non
3154 2385 3355 2445 habere

161 2477 279 2532 verbi
321 2474 487 2546 gratia
524 2473 579 2531 in
610 2471 747 2527 duas
766 2470 919 2541 quasi
946 2469 1269 2541 principales
1289 2473 1498 2541 species
1543 2472 1685 2527 divi-
1784 2477 2089 2531 contendat.
2144 2474 2279 2528 Dum
2332 2474 2475 2528 enim
2534 2476 2773 2528 omnium
2826 2475 3109 2539 virtutum,
3158 2475 3355 2545 quibus

160 2565 294 2631 ditur,
316 2561 643 2635 spiritualem
670 2558 921 2617 videlicet
944 2568 1001 2615 et
1022 2559 1378 2630 corporalem,
1402 2566 1683 2633 prdpterea
1782 2565 2095 2641 pervenitur
2136 2565 2204 2618 ad
2231 2564 2639 2630 beatitudinem,
2698 2562 3047 2635 omniumque
3075 2565 3355 2633 vitiorum,

161 2666 373 2723 cogemur
418 2647 994 2723 praedestinalionem,
1047 2662 1153 2716 qua
1191 2649 1333 2711 Deus
1394 2663 1556 2719 opera
1589 2664 1683 2707 sua
1784 2654 2397 2727 quibus'praecipitatur
2418 2655 2483 2710 ad
2508 2654 2806 2722 miseriam,
2833 2655 2888 2710 in
2911 2656 3357 2729 praedestinatio-
3403 2709 3413 2718 .

162 2749 305 2804 latura
333 2747 613 2820 disposuit,
642 2744 955 2814 duplicare?
989 2743 1142 2811 Quod
1194 2744 1238 2799 si
1275 2743 1537 2815 cogimur,
1586 2759 1683 2799 ne-
1784 2747 1943 2805 nibus
1965 2746 2183 2815 divinis,
2210 2761 2267 2801 ut
2290 2747 2403 2818 ipsa
2433 2746 2602 2818 ﬁngit,
2633 2748 2969 2804 necessarias
2991 2748 3355 2807 inevitabiles-

160 2841 357 2899 cessario
390 2851 443 2896 et
466 2835 826 2909 quadruplam
855 2835 1077 2893 credere
1101 2835 1519 2905 compellemur,
1552 2851 1686 2906 quo-
1783 2852 1889 2911 que
1915 2853 2107 2895 causas
2138 2848 2364 2893 conatur
2394 2839 2746 2904 constituere,
2800 2840 2927 2909 quid
2978 2840 3124 2896 aliud
3151 2841 3359 2896 videtur

160 2933 277 2986 niam
297 2930 618 3002 Augustinus
638 2928 692 2983 in
716 2926 991 2998 opusculis
1017 2926 1161 2983 suis:
1194 2947 1211 2977 ι
1243 2925 1418 2997 Opera
1446 2926 1624 2983 divina
1637 2945 1681 2993 ι,
1784 2928 2028 2993 suadere,
2056 2927 2157 2982 nisi
2181 2928 2276 2982 Dei
2308 2928 2468 2991 dona,
2512 2929 2613 2985 hoc
2641 2939 2742 2995 est,
2790 2928 3018 2985 liberum
3064 2931 3358 2993 voluntatis

160 3023 317 3094 inquit,
345 3040 364 3075 ί
393 3036 535 3094 quae
582 3018 765 3076 secula
811 3016 1018 3077 creavit
1064 3022 1120 3075 et
1146 3016 1431 3087 gubernat,
1467 3017 1685 3087 quadri-
1714 3082 1754 3095 ﬂ
1787 3019 2093 3083 arbitrium,
2143 3026 2198 3072 et
2246 3019 2451 3090 gratiae
2498 3021 2753 3075 auxilium
2809 3022 3111 3089 destruere,
3162 3026 3359 3095 quibus

158 3082 535 3173 formi'ratione
560 3108 910 3181 distinguitur
941 3127 985 3162 ι.
1041 3082 1229 3167 νίτινυς
1268 3082 1501 3178 quoque
1530 3123 1678 3163 com-
1710 3082 1755 3142 Ο
1787 3109 1997 3167 duobus
2017 3082 2807 3181 profecto'plenitudoiustitiae
2822 3113 3055 3179 hominis
3074 3082 3355 3177 etincltos-

160 3203 324 3264 tnnnis,
341 3217 437 3271 qua
462 3199 648 3261 omnis
671 3198 849 3253 anima
883 3196 1098 3267 sapiens
1130 3196 1415 3262 formatur,
1446 3198 1682 3271 quadru-
1785 3208 1893 3261 tur,
1921 3207 1975 3255 et
1990 3200 2289 3272 perﬁcitur.

161 3292 421 3362 plicabitur,
452 3289 715 3362 quoniam
752 3288 806 3345 in
850 3296 1106 3358 quattuor
1134 3289 1154 3318 ⁸
1201 3288 1427 3345 virtutes
1468 3289 1683 3345 habitus
1852 3286 1912 3351 il.
1960 3287 2102 3347 llaec
2127 3288 2289 3365 igitur
2317 3304 2451 3345 nova
2472 3300 2617 3351 secta
2647 3289 2967 3363 Pelagianae
2995 3298 3261 3357 consentit
3302 3299 3353 3363 in

302 3336 421 3358 η...
456 3336 715 3362 Tum.--"
854 3336 1096 3358 1---".--
1211 3336 1426 3345 .-η----
1471 3336 1682 3345 -----.--
1960 3336 2101 3347 --ην
2127 3336 2275 3365 τη--
2318 3336 2617 3351 --ν--υννω
2648 3336 2967 3363 mamma..-
2996 3336 3261 3357 υνυσυμυι
3303 3336 3353 3363 .,.

162 3336 299 3439 iis;
314 3385 372 3440 de
396 3385 511 3453 ipsa
542 3380 886 3453 exprimitur.
916 3379 1078 3446 Quasi
1111 3380 1295 3435 unitas
1318 3381 1441 3437 dum
1468 3380 1538 3436 sit
1567 3395 1682 3437 om-
1783 3378 2029 3457 eo.qttod
2057 3379 2254 3433 donum
2282 3381 2489 3451 gratiae
2516 3383 2782 3453 gratuitae
2815 3385 2947 3440 nihil
2992 3386 3197 3449 homini
3229 3336 3401 3459 pro-(

162 3474 278 3529 nium
302 3475 598 3547 specierum
644 3470 986 3542 partiumque
1033 3484 1249 3540 expers,
1301 3470 1370 3526 ab
1411 3486 1473 3526 ea
1506 3480 1681 3528 tamen
1783 3469 1940 3523 desse
1961 3469 2237 3525 asseritad
2261 3468 2871 3542 faciendamjustitiam.
2898 3478 2992 3535 sed
3007 3476 3177 3535 solam
3200 3493 3277 3548 pr:
3297 3494 3353 3534 e-

163 3564 302 3621 omnis
325 3566 547 3635 species,
587 3576 884 3633 omnesque
906 3571 1090 3631 partes
1132 3577 1237 3617 non
1265 3562 1546 3617 oriantur!
1578 3562 1685 3616 Aut
1785 3558 2160 3617 destinationis
2187 3560 2596 3627 necessitatem;
2640 3563 2707 3617 ab
2746 3580 2807 3618 ea
2841 3580 2968 3629 vero
2992 3566 3237 3623 dimntit
3269 3585 3356 3630 co,

166 3664 376 3726 tanquam
404 3658 469 3713 de
501 3653 859 3725 impressione
884 3653 1043 3711 unius
1062 3653 1207 3711 anuli
1241 3654 1262 3686 '
1315 3654 1483 3709 multa
1523 3654 1683 3710 vesti-
1784 3648 1927 3717 quod
1949 3649 2092 3704 vires
2130 3647 2282 3702 liberi
2322 3649 2531 3705 arbitrii
2580 3652 2798 3723 penitus
2826 3655 3131 3715 evacuavit.
3187 3672 3356 3724 neque

167 3746 292 3813 giain
316 3762 430 3805 cera
465 3744 589 3803 ﬁeri
614 3760 723 3800 non
744 3743 984 3815 possint!
1017 3741 1157 3810 Quid
1175 3750 1278 3809 est,
1324 3743 1465 3814 quod
1501 3744 1683 3800 dixisti
1785 3740 1850 3797 ad
1874 3739 2008 3795 bene
2035 3738 2232 3807 facere,
2260 3757 2433 3811 neque
2455 3743 2521 3797 ad
2549 3744 2684 3801 mala
2707 3748 3048 3803 committere
3084 3749 3108 3780 '
3135 3764 3361 3819 praeia-

167 3834 411 3897 demundo
437 3831 871 3907 quadripertito?
905 3829 950 3887 0
1003 3831 1308 3903 plumbeum
1358 3832 1680 3903 pugionem!
1784 3829 1918 3894 lere,
1962 3831 2140 3887 omnia
2195 3832 2329 3886 haec
2380 3833 2434 3887 in
2468 3835 2791 3891 necessitate
2848 3837 3359 3907 praedestinatiunis

165 3924 227 3981 An
245 3924 365 3983 forte
389 3926 666 3989 aestimas,
712 3921 1258 3994 praedestinationem
1304 3922 1514 3979 duabus
1556 3940 1686 3983 con-
1785 3920 2245 3989 impudentissime
2262 3922 2303 3953 "
2320 3924 2583 3993 ponendo.
2600 3925 2700 3979 Ast
2729 3925 2781 3979 in
2798 3941 2884 3989 eo,
2905 3927 3044 3999 quod
3063 3925 3353 3996 appetitum

165 4023 279 4075 stare
295 4019 553 4088 partibus,
583 4012 1033 4086 quemadmodum
1061 4012 1291 4069 mundus
1306 4022 1561 4083 quattuor
1578 4014 1688 4070 ele-
1787 4009 1939 4067 liberi
1967 4010 2177 4069 arbitrii
2238 4011 2446 4067 laborat
2499 4015 2736 4074 auferre.
2765 4008 3173 4073 adiersautibus
3200 4016 3353 4071 l’ela-

166 4110 324 4164 manus
344 4108 684 4181 componitur
719 4105 773 4172 ⁸,
808 4121 930 4161 cum
979 4105 1050 4161 sit
1086 4106 1268 4160 unus?
1305 4104 1477 4163 Simili
1528 4106 1686 4165 modo
1787 4101 1978 4175 gianae
2028 4102 2071 4132 “
2100 4102 2314 4156 videtur
2361 4107 2688 4168 consentire,
2739 4105 2823 4179 cui
2875 4106 3067 4163 iterum
3118 4105 3359 4166 resultat,

166 4197 417 4268 degemina
442 4202 642 4254 arbore
663 4186 791 4266 quid
816 4193 1052 4253 deliras?
1072 4193 1153 4249 An
1186 4192 1323 4249 forte
1352 4204 1510 4267 putas
1535 4211 1690 4267 prae-
1789 4192 1915 4247 dum
1963 4192 2099 4249 dona
2160 4193 2371 4248 divinae
2402 4196 2609 4269 gratiae
2662 4196 2795 4251 nihil
2849 4197 3050 4255 homini
3099 4200 3358 4266 prolicere

166 4287 496 4345 destinationis
524 4286 931 4358 simplicitatem
983 4284 1402 4357 comparandam
1450 4301 1571 4341 esse
1604 4302 1690 4341 τει-
1789 4278 2148 4336 commendat.
2182 4282 2364 4353 Neque
2383 4284 2525 4338 enim
2550 4286 2685 4340 dona
2714 4296 2858 4361 sunt,
2884 4303 3024 4357 quae
3044 4303 3147 4343 non
3174 4289 3362 4349 volun-

168 4375 248 4430 mis
283 4379 522 4433 arborum
549 4377 575 4432 ?
601 4376 747 4432 inter
786 4374 901 4441 illa,
934 4383 996 4435 ut
1023 4375 1197 4439 video,
1220 4374 1381 4439 dolia,
1408 4389 1548 4446 quae
1591 4376 1685 4432 tibi
1720 4419 1767 4447 ἢ
1795 4379 1926 4437 late,
1955 4372 2048 4429 sed
2078 4374 2398 4429 necessitate
2416 4374 2547 4427 linnt
2565 4414 2580 4440 ,
2608 4390 2731 4433 cum
2751 4377 3002 4437 omnibus
3033 4378 3363 4447 sapientibus

167 4470 433 4536 praeparari
465 4469 649 4540 iubes,
698 4465 808 4535 jam
834 4465 1102 4522 involutus
1145 4463 1445 4520 snn‘ocaris.
1498 4465 1689 4522 Merito
1720 4459 1769 4480 ν
1796 4468 1850 4513 et
1872 4459 2244 4528 insipientibus
2269 4463 2607 4517 notissimum
2632 4465 2720 4525 sit,
2747 4466 2955 4532 omnia,
2984 4482 3124 4543 quae
3163 4469 3362 4527 donan.

168 4552 327 4624 quippe
345 4555 395 4611 in
440 4557 563 4612 oleo
585 4564 748 4624 atque
774 4554 893 4624 pice
922 4553 1114 4608 ardere
1135 4544 1387 4618 debuisti,
1415 4554 1507 4625 qui
1533 4564 1590 4609 et
1616 4554 1695 4613 lu—
1799 4558 1904 4613 tur,
1940 4559 1995 4609 et
2025 4550 2300 4606 voluntate
2330 4552 2581 4611 donantis
2608 4554 2812 4627 largiri,
2836 4567 2891 4611 et
2920 4559 3195 4615 voluntate
3226 4561 3364 4615 accia

169 4656 266 4697 meo
291 4647 550 4711 minus,
593 4653 649 4701 el
671 4643 986 4715 mysterium
1016 4641 1525 4713 ρηθάεδιίηειίοιιίς
1572 4661 1696 4703 ger-
1795 4639 1990 4707 pientis
2021 4638 2242 4711 percipi.
2272 4640 2559 4713 Proprium
2591 4661 2720 4701 vero
2752 4645 2911 4719 hujus
2932 4649 3237 4715 haereseos,
3261 4666 3365 4722 quo

169 4744 316 4798 peram
340 4735 529 4792 docere
557 4750 664 4793 ηοιι
690 4734 917 4791 timuisti
951 4745 997 4788 ι,
1797 4730 1964 4803 ipsae,
2013 4729 2155 4784 inter
2203 4747 2339 4802 quas
2386 4734 2694 4791 medietatis
2740 4736 2857 4792 loco
2902 4740 3137 4808 ponitur,
3182 4756 3369 4796 carere

649 4866 1045 4929 CAN-mum
1081 4866 1172 4924 Iv.
1796 4824 2621 4929 probanturzl’elagiana.cuim_
2667 4829 2809 4884 vires
2836 4829 2988 4929 liberi
3018 4830 3371 4929 arbitriisine
3428 4898 3443 4919 κ

1156 4907 1172 4924 ⁵
1210 4982 1223 4989 _
1308 4983 1320 4989 _
1423 4984 1435 4989 _
1802 4913 2066 4983 adiutorio
2091 4915 2303 4970 divinae
2320 4917 2543 4986 gratiae,
2574 4919 2690 4989 ejus
2710 4935 2838 4977 vero
2860 4922 3151 4977 adversaus
3172 4922 3368 4977 donum

1803 5008 2139 5063 solummodo
2190 5012 2395 5081 gratiae
2422 5011 2624 5081 absque
2685 5012 2835 5068 liberi
2879 5015 3088 5071 arbitrii
3136 5015 3254 5071 nisu
3301 5014 3367 5067 ad

223 5085 257 5139 Ι.
290 5087 467 5146 Restat
493 5091 698 5160 itaque,
728 5089 795 5146 de
819 5106 948 5157 una,
973 5106 1120 5159 vera,
1153 5094 1373 5165 solaque
1404 5095 1702 5151 incommtv-
1796 5096 2061 5166 justitiam
2092 5103 2502 5172 perpetrandum
2533 5102 2778 5161 sulliccrc
2809 5103 3119 5163 arbitratur.
3155 5102 3259 5158 Sed
3284 5118 3346 5156 ea

1374 5224 1627 5305 vanus
1664 5227 2065 5285 LEC‘I‘IONES.

228 5332 392 5407 'ACod.
429 5337 669 5407 reliquid.
745 5338 766 5367 ’
802 5335 932 5390 Cod.
966 5354 1179 5406 pnsum.
1256 5338 1277 5370 ³
1316 5338 1447 5396 Cod.
1480 5355 1679 5407 qnfsso.
1758 5345 1782 5372 ⁸
1815 5340 1945 5396 Cod.
1970 5349 2236 5407 quattuor.
2315 5342 2337 5373 ⁸
2378 5341 2466 5397 Sic
2493 5343 2635 5407 (νυνὶ,
2668 5342 2737 5398 Μ.
2762 5345 2964 5397 annuli.
3041 5342 3061 5371 ⁸
3094 5338 3223 5395 Cod.
3249 5354 3373 5392 rom

168 5405 369 5481 ponitur,
393 5405 712 5481 sicubiqtte.
787 5405 1412 5481 'leJneomm‘atabili,
1441 5409 1519 5464 sic
1550 5406 1657 5466 fere
1697 5410 1906 5481 ubiq'te.
1982 5405 2003 5441 ε
2039 5408 2167 5465 Cod.
2232 5414 2487 5467 ucndt’cet.
2562 5412 2584 5444 ’
2623 5405 2755 5469 Cod.
2798 5414 3081 5467 contittcrc.
3164 5409 3203 5440 ‘°
3236 5408 3370 5463 Cod.

170 5468 580 5539 lnpsdentissime,
606 5468 691 5531 sic
715 5491 961 5546 semper:
1028 5476 1067 5507 ¹¹
1108 5476 1240 5531 Cod.
1289 5468 1577 5549 pelayinac.

1615 5567 1867 5626 NOTAE.

226 5663 249 5691 ⁸
282 5655 352 5709 De
387 5665 641 5725 quattuor
687 5655 841 5712 doliis
893 5654 965 5711 cf.
1004 5656 1244 5713 Confess.
1276 5659 1552 5729 prolixior.
1588 5661 1804 5715 (iotcsc.

284 4977 351 5033 De
377 4997 503 5045 una,
533 4996 676 5043 vera,
706 4980 919 5049 solaque
942 4977 1040 5034 Dei
1061 4982 1553 5051 praedestinatione.
