3904 6148
400 323 505 381 επ

1750 305 2030 366 IOANNIS
2067 301 2272 361 SCOTI

3525 291 3654 349 373'

402 452 523 493 runt
546 434 689 488 nulla
717 427 1077 502 praesumpsit
1105 426 1307 488 dicere,
1332 421 1838 494 praedestinationis
1861 435 1959 474 ne-
1989 421 2037 480 Α
2062 416 2233 471 libero
2266 413 2541 470 contendit
2565 411 2814 477 arbitrio,
2842 410 3006 466 altera
3033 408 3274 480 gratiae;
3300 406 3475 464 hacc'
3504 421 3644 462 vero

405 527 707 583 eessitatem
732 521 976 577 homines
995 526 1087 573 aut
1113 518 1181 571 ab
1204 516 1344 571 bene
1376 512 1657 569 vivendum
1683 514 1847 584 juste,
1877 519 1972 565 aut;

406 617 473 671 ad
506 613 649 670 male
671 611 954 666 vivendum
978 608 1140 676 impie
1167 614 1499 675 retorquere.
1523 604 1864 673 Relinquitur
1886 616 1972 656 er-

406 724 474 775 go
490 706 602 773 ipsa
622 717 755 756 vana
776 696 1280 769 praedestinationis
1298 696 1592 752 necessitas
1608 695 1767 766 hujus
1785 692 1974 749 tertiae

410 788 644 846 haeresis
665 788 983 859 proprietas.

476 882 557 935 ill.
601 881 707 935 Sed
733 880 867 933 haec
890 877 1069 932 omnia
1084 890 1353 931 venenosa
1376 874 1669 930 diabolicae
1684 871 1976 944 impietatis

398 971 578 1041 iacula
601 970 824 1026 munitis
852 967 1278 1039 inexpugnabilis
1306 966 1426 1021 fidei
1455 963 1868 1036 propugnaculis
1896 963 1977 1017 fa-

403 1062 603 1117 cillime
649 1060 992 1129 repelluntur.
1023 1058 1115 1111 illa
1143 1057 1307 1126 igitur
1337 1056 1561 1111 rationis
1606 1054 1807 1124 specie,
1837 1067 1976 1123 quae

407 1153 609 1208 dicitur
655 1151 997 1212 ἀποδεικτική,
1027 1156 1266 1211 utamur,
1311 1146 1542 1216 primum
1577 1147 1833 1200 adversus
1858 1158 1975 1209 eos,

403 1241 498 1311 qui
541 1241 626 1297 vel
651 1248 867 1312 negant,
913 1238 999 1293 vel
1046 1238 1310 1300 dubitant,
1345 1236 1570 1308 gratiam
1615 1235 1711 1289 Dei
1741 1248 1877 1296 esse,
1922 1240 1979 1287 et

402 1332 470 1385 ad
516 1329 698 1384 mundi
751 1327 975 1383 salutem
1019 1326 1351 1396 praevalere;
1406 1342 1511 1381 non
1544 1326 1687 1396 quod
1730 1333 1976 1378 nostrum

401 1422 737 1494 propositum
777 1420 867 1486 sit,
897 1418 1537 1496 debellarclPelagianos,
1576 1424 1670 1471 aut
1694 1430 1880 1473 eorum
1908 1428 1976 1469 ex

404 1515 628 1570 adversa
661 1521 837 1582 parte,
869 1513 983 1580 pari
1012 1522 1192 1569 tamen
1242 1511 1442 1565 malitia
1467 1508 1788 1574 contrarios,
1834 1506 1977 1577 quod

406 1609 537 1664 satis
565 1623 594 1661 a
649 1607 851 1664 sanctis
877 1605 1124 1661 Patribus
1150 1613 1233 1661 est
1257 1616 1455 1669 actum,
1510 1605 1604 1661 sed
1648 1605 1789 1675 quod
1818 1603 1978 1674 hujus

405 1698 667 1763 haeresis,
703 1697 767 1751 de
803 1712 907 1765 qua
955 1711 1098 1751 nunc
1143 1696 1342 1764 agitur,
1374 1696 1447 1775 sit
1473 1694 1716 1766 depulsio
1739 1695 1977 1765 ipsarum

2068 516 2120 563 et
2134 506 2359 561 liberum
2375 504 2655 559 arbitrium
2672 501 2850 567 simul,
2864 510 2919 556 et
2931 500 3134 571 gratiae
3149 512 3344 554 munus
3355 495 3649 552 destruere

2069 594 2307 661 molitur,
2334 609 2397 650 ac
2417 607 2514 663 per
2533 592 2667 647 haec
2687 598 3085 660 consequenter
3109 587 3359 645 etmundi
3384 585 3653 651 salutem,

2070 694 2125 742 et
2143 685 2425 757 judicium.
2452 683 2588 737 Huic
2611 695 2742 750 ergo
2775 679 3045 735 resistitur
3070 678 3159 733 tali
3188 676 3367 732 modo.
3400 674 3501 742 Qui
3529 688 3653 729 non

2070 786 2249 847 potest
2272 775 2480 838 videre,
2504 774 2670 826 immo
2687 770 2781 840 qui
2804 783 2911 824 non
2944 767 3060 822 vult
3085 766 3266 832 fateri,
3308 764 3510 820 nullam
3560 762 3624 817 in

2072 866 2379 923 evitabilem
2422 861 2899 934 compellentemve
2940 856 3312 912 necessitatem
3348 855 3526 909 inesse
3556 852 3654 906 dio

2072 958 2229 1013 vinae
2254 954 2752 1028 praedestinationi,
2779 966 2917 1022 quae
2931 950 3016 1006 vel
3035 964 3154 1005 eam
3172 956 3345 1020 cogat,
3373 956 3430 1002 ut
3441 946 3657 1016 aliquid

2073 1049 2129 1105 in
2173 1058 2422 1103 creatura
2462 1061 2559 1100 sua
2589 1044 2774 1109 faciat,
2807 1056 2984 1111 neque
3019 1054 3139 1095 eam
3165 1040 3335 1109 ipsam
3366 1050 3487 1093 esse
3519 1051 3661 1091 eau-

2075 1156 2188 1196 sam
2234 1138 2613 1201 necessariam,
2644 1150 2784 1205 quae
2803 1133 3066 1187 violenter
3091 1136 3280 1202 urgeat
3330 1127 3659 1184 rationalem

2073 1231 2261 1295 vitam,
2289 1238 2348 1284 ut
2372 1229 2454 1283 vel
2484 1228 2569 1298 pie
2590 1226 2823 1281 vivendo
2845 1223 2955 1278 Deo
2984 1237 3082 1277 suo
3101 1220 3414 1284 adhaereat,
3434 1218 3525 1272 vel
3552 1219 3664 1271 im-

2073 1322 2162 1391 pie
2188 1320 2354 1374 Deum
2385 1333 2540 1373 suum
2573 1317 2809 1379 deserat,
2861 1313 3044 1367 videat
3084 1311 3313 1365 liberum
3359 1308 3668 1363 voluntatis

2077 1412 2360 1467 arbitrium
2376 1419 2430 1463 et
2455 1422 2678 1463 munera
2696 1396 2925 1473 gratiae.
2950 1402 3065 1459 Non
3088 1401 3230 1457 enim
3257 1399 3412 1455 simul
3428 1407 3669 1468 possunt

2076 1519 2217 1569 esse,
2250 1511 2308 1556 ut
2330 1511 2385 1556 et
2405 1500 2634 1555 liberum
2665 1495 2948 1552 arbitrium
2978 1493 3292 1563 gratiaeque
3318 1490 3522 1544 donum
3554 1490 3672 1542 sint

2077 1594 2235 1650 simul
2263 1603 2317 1648 et
2329 1591 2623 1647 necessitas
2632 1580 3445 1659 praedestinationis.Quomodo
3458 1579 3675 1649 quippe

2078 1689 2302 1755 possunt
2325 1683 2349 1714 δ
2386 1680 2506 1736 fieri
2536 1680 2591 1733 in
2612 1692 2722 1733 uno
2750 1685 2806 1731 et
2839 1689 3000 1731 causa
3025 1670 3327 1728 necessaria
3354 1683 3583 1737 cogens,
3616 1676 3676 1722 et

406 1789 631 1844 duarum
660 1787 930 1844 refutatio.
964 1788 1038 1841 Ex
1070 1788 1150 1843 eis
1170 1788 1311 1842 enim
1344 1764 1562 1842 manare
1615 1804 1722 1842 non
1756 1787 1974 1842 dubium

2085 1753 2381 1827 voluntaria
2400 1767 2679 1823 efﬁciens?
2706 1764 2821 1819 Non
2844 1763 2989 1817 enim
3022 1760 3199 1815 locum
3228 1758 3392 1813 habet
3420 1766 3519 1815 aut
3541 1771 3677 1827 gra-

406 1888 506 1934 est.
529 1877 629 1946 Qui
649 1894 775 1949 ergo
800 1894 904 1934 non
930 1886 1152 1946 possunt
1172 1877 1355 1932 videre
1375 1876 1467 1932 Dei
1490 1878 1739 1948 gratiam,
1761 1877 1977 1933 videant

406 1969 590 2023 mundi
614 1968 863 2023 salutem.
910 1967 1025 2023 Non
1055 1968 1197 2023 enim
1225 1968 1634 2037 simul‘possunt
1659 1984 1799 2033 esse,
1830 1968 1980 2023 salus

408 2057 594 2112 mundi
623 2066 735 2121 est,
763 2065 820 2111 et
851 2057 1018 2128 gratia
1050 2056 1149 2111 Dei
1176 2072 1281 2112 non
1309 2066 1408 2112 est.
1438 2056 1495 2113 Si
1518 2058 1659 2112 enim
1688 2059 1857 2129 gratia
1884 2058 1977 2113 Dei

410 2147 641 2202 mundus
671 2165 776 2203 non
808 2148 1146 2211 liberaretur,
1184 2148 1452 2217 quomodo
1478 2149 1622 2204 salus
1644 2150 1760 2220 ejus
1790 2164 1980 2219 seque-

411 2240 599 2294 retur?
629 2238 800 2294 Simul
826 2247 1003 2294 autem
1033 2254 1152 2295 esse
1174 2250 1397 2310 possunt
1420 2250 1475 2295 et
1502 2240 1645 2295 salus
1685 2241 1888 2306 mundi,
1925 2249 1982 2295 et

411 2330 583 2401 gratia
609 2330 722 2384 Dei.
753 2329 809 2385 Si
833 2330 996 2401 igitur
1009 2338 1092 2385 est
1127 2330 1272 2386 salus
1306 2330 1508 2396 mundi,
1547 2331 1852 2386 necessario
1878 2330 1983 2384 erit

408 2418 584 2490 gratia
638 2418 754 2474 Dei.
815 2419 1148 2476 Firmissime
1191 2427 1372 2474 autem
1426 2427 1686 2486 tenemus,
1756 2420 1982 2475 salutem

413 2511 598 2565 mundi
628 2511 859 2567 venisse.
883 2510 1199 2567 Certissima
1228 2512 1394 2583 igitur
1422 2520 1722 2578 teneamus,
1753 2514 1983 2583 gratiam

418 2603 513 2657 Dei
544 2603 802 2660 illuxisse.
842 2604 1078 2660 Audiant
1114 2605 1429 2675 Apostolum
1455 2606 1761 2663 dicentem:
1798 2608 1986 2665 Illuxit

338 2708 347 2717 '
415 2696 550 2751 enim
578 2696 748 2766 gratia
776 2695 874 2750 Dei
917 2707 967 2749 ει.
994 2695 1197 2751 Deinde
1232 2695 1335 2760 his,
1370 2697 1459 2766 qui
1490 2697 1716 2752 liberum
1743 2699 1989 2755 volunta-

419 2787 488 2841 tis
519 2772 785 2842 humanae
822 2786 1107 2842 arbitrium
1128 2787 1212 2842 vel
1231 2788 1446 2856 penitus
1483 2797 1699 2860 negant,
1726 2790 1808 2845 vel
1836 2790 1903 2845 de
1925 2806 1991 2848 eo

414 2876 685 2942 dubitant,
713 2877 899 2933 eodem
925 2877 1083 2932 modo
1102 2885 1187 2933 est
1205 2879 1658 2947 respondendum.
1683 2879 1739 2935 Si
1763 2879 1990 2939 liberum

424 2967 703 3023 arbitrium
739 2969 963 3024 credere
992 2982 1097 3025 non
1125 2970 1394 3039 poteritis,
1421 2970 1683 3041 judicium
1708 2974 1892 3030 mundi
1912 2973 1994 3029 fu-

418 3066 601 3112 turum
655 3073 776 3115 esse
822 3074 930 3115 non
971 3059 1207 3115 creditis.
1241 3058 1307 3115 Si
1326 3070 1503 3116 autem
1529 3060 1786 3130 iudicium
1808 3065 1992 3120 mundi

421 3165 528 3204 non
554 3151 781 3221 potestis
801 3166 1022 3222 negare,
1053 3151 1317 3220 cogemini
1343 3150 1570 3206 liberum
1599 3153 1882 3209 arbitrium
1911 3154 1995 3210 fa-

2078 1861 2205 1925 tiae,
2234 1866 2328 1913 aut
2356 1856 2649 1912 voluntatis
2677 1853 2921 1915 libertas,
2946 1850 3036 1904 ubi
3061 1855 3147 1904 est
3161 1854 3387 1901 naturae
3405 1846 3680 1899 immuta-

2075 1954 2201 2010 bilis
2224 1951 2529 2022 captivitas.
2579 1944 2762 2001 Simul
2781 1952 2967 1997 autem
2990 1939 3107 1995 ﬁeri
3130 1944 3375 2010 possunt,
3404 1943 3468 1989 ut
3508 1942 3567 1990 et
3603 1934 3677 1988 li-

2075 2044 2266 2098 berum
2297 2040 2582 2095 arbitrium
2598 2050 2719 2091 cum
2749 2033 2889 2089 dono
2912 2030 3117 2103 gratiae
3135 2030 3264 2092 sint,
3279 2034 3333 2081 et
3356 2024 3678 2095 praedesti-

2078 2126 2311 2188 nationis
2335 2128 2635 2185 necessitas
2663 2138 2771 2179 non
2803 2122 2904 2187 sit;
2939 2119 3115 2174 aufert
3136 2118 3281 2173 enim
3316 2116 3478 2186 plane
3497 2113 3681 2169 libero

2081 2234 2162 2280 tas
2214 2222 2602 2293 captivitatem.
2672 2215 2729 2270 Si
2781 2227 2913 2284 ergo
2941 2252 2958 2277 ,
3020 2209 3113 2265 ubi
3164 2209 3386 2263 libertas
3447 2205 3727 2275 arbitriit

2080 2331 2202 2372 cum
2249 2317 2390 2368 dono
2447 2310 2655 2381 gratiae
2700 2314 2849 2370 sunt,
2894 2303 2964 2359 ibi
3009 2297 3518 2372 praedestinationis
3582 2309 3687 2351 ne-

2083 2403 2308 2459 cessitas
2353 2415 2475 2455 esse
2499 2413 2604 2453 non
2648 2400 2849 2467 potest,
2905 2389 3225 2447 conversim
3252 2386 3525 2456 sequitur,
3582 2384 3687 2440 ubi

2083 2489 2587 2566 praedestinationis
2629 2485 2931 2542 necessitas
2983 2490 3086 2546 est,
3137 2479 3212 2535 ibi
3278 2493 3380 2533 nec
3431 2476 3688 2532 liberum

2086 2558 2502 2645 arbitriummec
2520 2577 2728 2650 gratiae
2754 2580 2934 2644 potest
2957 2585 3079 2626 esse
3104 2569 3325 2624 donum.
3344 2566 3691 2621 Rectissime

2088 2682 2266 2728 autem
2297 2671 2585 2732 credimus,
2609 2676 2659 2724 et
2689 2666 3017 2721 lucidissime
3049 2661 3329 2726 sentimus,
3358 2668 3412 2713 et
3435 2658 3690 2712 liberum

2090 2762 2393 2825 arbitrium,
2421 2769 2476 2814 et
2501 2757 2707 2826 gratiae
2736 2755 2935 2810 donum
2981 2752 3033 2806 in
3076 2750 3293 2807 homine
3327 2763 3489 2818 posse
3528 2761 3691 2802 esse.

2089 2853 2429 2909 Firmissime
2451 2851 2613 2921 igitur
2630 2846 3010 2916 intelligamus,
3036 2839 3485 2897 necessitudinem
3514 2852 3698 2907 prae-

2093 2942 2465 2999 destinationis
2486 2941 2538 2994 in
2569 2937 2787 2992 homine
2820 2950 2926 2990 non
2951 2948 3108 3003 posse
3137 2946 3276 2986 esse.
3298 2928 3474 2984 ‘Omni
3522 2944 3698 2982 nam-

2096 3051 2199 3105 que
2227 3034 2430 3089 homini
2464 3031 2683 3086 libertas
2709 3029 2829 3083 data
2879 3032 2964 3080 est
2987 3023 3237 3093 propriae
3260 3019 3562 3076 voluntatis
3591 3034 3697 3088 ge-

2021 3093 2065 3154 C
2096 3131 2369 3195 neraliter,
2398 3129 2492 3183 sed
2514 3142 2620 3182 non
2658 3125 2712 3178 in
2743 3121 3013 3183 omnibus,
3045 3118 3139 3173 sed
3174 3125 3376 3170 tantum
3406 3113 3463 3167 in
3513 3127 3697 3181 prae-

420 3204 572 3292 teri;
597 3236 712 3293 Non
753 3204 904 3293 enitr:
942 3204 1274 3306 etjudicium
1327 3204 1998 3313 mundifuturum—est,"et
2095 3221 2377 3278 demimus
2403 3218 2544 3273 dono
2556 3214 2760 3286 gratiae
2774 3218 3147 3313 praepara?!“
3164 3204 3470 3274 adiuvatur,
3494 3212 3703 3313 wfw.

411 3327 648 3384 liberum
669 3329 953 3384 arbitrium
981 3347 1088 3385 non
1135 3339 1238 3386 est.
1268 3331 1410 3388 Haec
1437 3334 1633 3404 quippe
1663 3336 1823 3391 simul
1878 3337 1996 3405 fieri

415 3433 521 3474 non
546 3426 785 3488 possunt.
816 3417 950 3473 Nam
972 3434 1075 3488 qua
1098 3420 1305 3489 jnstitia
1334 3420 1573 3478 futurum
1599 3434 1682 3479 est
1698 3426 1988 3496 judicium,

408 3503 455 3562 si
485 3519 591 3560 non
610 3512 694 3560 cst
713 3502 944 3560 liberum
981 3506 1305 3564 arbitrium?
1351 3506 1523 3562 Simul
1547 3524 1674 3565 vero
1710 3511 1825 3567 fieri
1854 3528 1984 3584 pos-

412 3606 557 3663 sunt,
586 3606 641 3653 et
671 3598 894 3654 liberum
918 3599 1200 3655 arbitrium
1234 3610 1336 3667 est,
1364 3611 1419 3657 et
1433 3603 1692 3673 judicium
1718 3607 1982 3667 futurum.
2014 3631 2019 3637 '

414 3687 470 3741 Si
503 3702 631 3758 ergo
659 3687 843 3742 mundi
861 3687 1121 3758 judicium
1149 3698 1232 3744 est
1256 3688 1518 3757 futurum,
1548 3697 1855 3753 necessario
1882 3696 1987 3755 erit

412 3775 641 3831 liberum
686 3776 979 3833 voluntatis
1039 3779 1345 3834 arbitrium.
1398 3780 1658 3838 Futurum
1689 3794 1866 3841 autem
1920 3789 1988 3844 de

416 3866 617 3922 mundo
633 3865 837 3935 justum
852 3866 1113 3936 judicium
1139 3871 1361 3941 impium
1385 3882 1469 3928 est
1491 3890 1707 3945 negare.
1732 3876 1987 3934 Liberum

415 3969 542 4023 ergo
567 3956 850 4011 arbitrium
875 3958 1080 4013 homini
1106 3976 1135 4015 a
1160 3960 1267 4015 Deo
1298 3961 1482 4017 datum
1518 3963 1741 4033 impium
1769 3974 1854 4021 est
1879 3982 1989 4023 non

374 4114 382 4121 ⁸
417 4043 653 4100 credere.
694 4045 1017 4102 Conclusum
1046 4058 1130 4104 est
1159 4049 1346 4121 igitur,
1378 4060 1433 4105 et
1484 4052 1715 4108 liberum
1757 4054 1991 4111 hominis

416 4146 539 4191 esse
567 4136 868 4202 arbitrium,
893 4145 948 4192 et
986 4138 1193 4210 gratiae
1224 4141 1446 4207 donum,
1491 4158 1559 4198 ex
1583 4158 1648 4198 eo
1677 4146 1820 4213 quod
1864 4160 1994 4201 con-

419 4244 630 4282 cessum
653 4239 756 4296 est,
784 4238 840 4285 et
875 4230 1113 4293 salutem
1162 4232 1346 4286 mundi
1374 4233 1610 4299 venisse,
1642 4242 1698 4288 et
1728 4233 1992 4303 judicium

417 4336 536 4375 esse
560 4320 818 4376 futurum.
850 4321 951 4377 Via
981 4323 1148 4393 igitur
1184 4322 1330 4393 regia
1374 4324 1745 4392 gradiendum,
1799 4341 1901 4381 nec
1925 4326 1993 4381 ad

2094 3315 2259 3378 ditur,
2284 3312 2485 3376 linitur,
2520 3314 2833 3365 coronatur.
2863 3304 2919 3358 In
2945 3301 3092 3356 nullo
3127 3307 3304 3353 autem
3344 3295 3703 3364 generaliter

2093 3404 2271 3461 divina
2325 3399 2817 3472 praedestinatione
2862 3400 3131 3465 urgetur,
3191 3388 3532 3460 captivatur,
3592 3386 3704 3441 sed

2092 3502 2317 3567 peccato
2344 3502 2399 3548 et
2428 3490 2675 3563 originali
2724 3495 2782 3543 et
2825 3485 3043 3558 proprio
3083 3480 3389 3553 impeditur,
3435 3478 3701 3542 occulto,

2080 3584 2229 3653 justo
2256 3591 2435 3636 tamen
2467 3578 2562 3633 Dei
2590 3575 2816 3645 judicio.

2159 3689 2224 3748 ν.
2257 3690 2511 3753 Proinde,
2539 3696 2598 3741 ut
2624 3685 2691 3740 ad
2718 3697 2902 3738 veram
2953 3674 3507 3751 praede'stinationem
3557 3674 3702 3728 red-

2087 3799 2274 3841 eamus
2294 3783 2336 3848 ',
2359 3781 2495 3835 duce
2516 3777 2628 3848 ipsa
2670 3773 2977 3829 ﬁrmissime
2996 3768 3286 3829 credimus,
3308 3762 3704 3832 apertissime-

2090 3893 2194 3947 que
2220 3874 2486 3936 videmus,
2514 3883 2634 3924 eam
2665 3881 2784 3922 esse
2836 3878 2997 3920 unam
3033 3859 3311 3927 solamque
3334 3853 3699 3909 substantia-

2090 3943 2217 4021 lem.
2249 3964 2391 4018 Deus
2420 3967 2503 4015 est
2524 3959 2669 4014 enim
2699 3970 2882 4018 verus,
2930 3966 3056 4006 vera
3087 3949 3182 4005 Dei
3223 3943 3700 4016 praedestinatio,

2092 4069 2230 4127 quae
2259 4061 2546 4121 antequam
2575 4047 2753 4103 omnia
2778 4044 2990 4106 tierent,
3037 4054 3176 4111 quae
3206 4038 3274 4092 ab
3305 4035 3444 4105 ipsa,
3494 4042 3558 4086 et
3592 4048 3705 4103 per

2095 4149 2286 4218 ipsam,
2312 4145 2440 4199 etin
2486 4143 2596 4212 ipsa
2628 4139 2769 4194 facta
2800 4146 2943 4196 sunt,
2975 4138 3029 4189 in
3060 4145 3311 4187 mensura
3340 4135 3396 4183 et
3447 4142 3707 4181 numero

2093 4215 2147 4293 et
2176 4235 2410 4308 pondere
2444 4228 2686 4289 facienda
2735 4224 3022 4298 praevidit,
3051 4231 3105 4275 et
3144 4218 3348 4273 factura
3382 4215 3704 4284 disposuit.

2095 4305 2191 4385 Est
2212 4327 2356 4383 enim
2394 4324 2635 4380 omnium
2668 4326 3036 4376 creaturarum
3064 4325 3228 4367 causa
3265 4305 3614 4372 voluntaria,
3642 4313 3709 4362 et

420 4414 722 4477 dexteram,
750 4427 852 4468 nec
892 4413 960 4468 ad
985 4413 1259 4468 sinistram
1315 4413 1707 4480 divertendum,
1755 4416 1859 4472 hoc
1887 4424 1986 4484 est,

2096 4423 2344 4477 voluntas
2372 4417 2666 4474 causativa.
2697 4414 2842 4468 Inter
2856 4425 2992 4481 quas
3020 4405 3332 4461 rationalem
3363 4410 3709 4458 creaturam

419 4517 490 4557 ne
538 4502 617 4557 sic
664 4500 985 4557 defendatur
1026 4502 1256 4558 liberum
1314 4504 1620 4570 arbitrium,
1670 4515 1731 4560 ut
1777 4507 1825 4561 ei
1850 4506 1992 4564 bona

422 4608 586 4663 opera
611 4594 729 4648 sine
746 4592 841 4650 Dei
876 4594 1048 4665 gratia
1081 4594 1406 4660 tribuantur,
1446 4611 1546 4651 nec
1570 4597 1648 4651 sic
1677 4595 1997 4653 defendatur

425 4685 620 4757 gratia,
651 4694 712 4739 ut
735 4684 888 4754 quasi
910 4686 974 4739 de
1005 4684 1093 4738 illa
1123 4686 1299 4740 securi
1328 4685 1468 4740 mala
1490 4702 1657 4757 opera
1682 4687 1994 4759 diligantur.

494 4775 582 4831 IV.
615 4776 751 4831 Huic
771 4791 899 4831 vero
918 4776 1106 4831 tertiae
1125 4777 1361 4843 haeresi,
1387 4791 1546 4845 quam
1561 4792 1811 4848 perversa
1836 4777 1999 4834 Gote—

427 4866 591 4923 scalci
619 4866 870 4938 cogitatio
894 4866 1219 4937 “inspirante
1248 4866 1458 4921 diabolo
1512 4867 1735 4933 addidit,
1775 4884 1995 4939 respon-

428 4957 684 5013 dendum.
734 4956 867 5011 Mira
909 4957 1171 5027 siquidem
1204 4955 1466 5011 diabolica
1512 4958 1805 5012 subtilitate
1836 4957 1949 5032 [ex]
1977 4960 1995 4991 ί

380 5096 389 5097 ,
429 5047 1257 5116 duabuspraedictishaeresibus
1279 5061 1497 5100 manare
1525 5062 1630 5101 non
1653 5059 1735 5103 est
1755 5048 1997 5116 dubium,

432 5137 558 5192 dum
603 5152 786 5192 earum
826 5138 1072 5193 videatur
1116 5137 1310 5208 partim
1337 5151 1457 5191 esse
1488 5138 1753 5208 negativa,
1801 5141 1997 5210 partim

432 5227 737 5284 confessiva
769 5228 810 5281 ’.
864 5227 1080 5282 illarum
1126 5241 1377 5297 namque,
1420 5236 1481 5282 ut
1515 5228 1715 5284 dictum
1753 5241 1857 5295 est,
1891 5247 1997 5288 una

2095 4510 2336 4568 condidit
2366 4509 2387 4540 ⁸
2414 4507 2480 4561 ad
2520 4520 2578 4561 se
2632 4500 3053 4572 intelligendam,
3080 4502 3143 4549 ut
3164 4506 3372 4549 summo
3400 4491 3488 4544 sui
3511 4491 3711 4558 bono,

2097 4603 2202 4659 hoc
2228 4608 2329 4664 est,
2378 4594 2832 4665 contemplatione
2872 4586 3151 4645 creatricis
3178 4598 3307 4639 suae
3340 4580 3443 4636 frui
3472 4595 3710 4651 posset,

2094 4689 2333 4760 largiens
2361 4686 2413 4741 ei
2441 4699 2597 4740 suum
2631 4682 2851 4744 donum,
2897 4678 2949 4732 id
2970 4675 3183 4746 quidem
3230 4686 3358 4727 suae
3383 4669 3717 4727 voluntatis

2096 4778 2326 4833 liberum
2342 4774 2644 4837 arbitrium,
2664 4779 2724 4824 ut
2737 4785 2805 4825 eo
2821 4781 3046 4822 munere
3057 4766 3194 4819 bene
3214 4761 3435 4824 utendo,
3454 4761 3569 4816 hoc
3587 4774 3715 4829 est,

2103 4868 2379 4925 Creatoris
2404 4866 2487 4920 sui
2510 4870 2801 4934 praecepto
2826 4859 2914 4930 pie
2934 4855 3317 4922 humiliterque
3353 4849 3714 4917 obediendo,

2097 4960 2244 5032 juste
2291 4967 2453 5029 atque
2496 4957 2655 5011 beate
2701 4966 2914 5021 semper
2965 4943 3293 5002 viveret.-Si
3325 4957 3467 4997 vero
3491 4944 3722 5000 eodem

2105 5030 2328 5107 munere
2355 5048 2493 5103 male
2521 5052 2787 5108 uteretur,
2825 5039 2967 5110 quod
3015 5044 3097 5092 est
3144 5047 3413 5089 summum
3455 5030 3722 5100 bonum,

2105 5142 2419 5196 Creatorem
2446 5136 2694 5192 videlicet
2721 5146 2877 5188 suum
2906 5129 3175 5187 deserere,
3216 5121 3729 5191 corruptibillbus-

2107 5245 2212 5301 que
2243 5227 2398 5283 bonis
2422 5225 2696 5282 voluntate
2730 5231 2985 5293 perversa
3029 5215 3334 5277 inhaerere,
3365 5210 3555 5266 debita
3598 5212 3731 5267 mi-

1671 5340 1756 5395 VA
1765 5340 1924 5397 RIAE
1954 5339 2355 5403 LECTIONES.

507 5424 749 5498 ieram.
782 5424 927 5498 c_od.,
952 5424 1200 5498 ξιιὶᾴ.Μ.-
1251 5420 1273 5457 ⁸
1299 5424 1564 5498 _Cod_._con
1594 5428 1804 5497 ferina.
1875 5441 1895 5474 ³
2140 5434 2209 5490 Μ.
2255 5432 2373 5491 cod.
2417 5431 2520 5485 hic.
2622 5426 2645 5461 ⁸
2684 5426 2813 5485 Cod.
2841 5378 3155 5498 possm“.
3196 5413 3391 5486 possint

436 5494 582 5559 ct':ti.,
615 5493 685 5549 Μ.
727 5495 954 5549 redeam.
1031 5495 1052 5525 ⁶
1090 5495 1179 5550 Sic
1213 5496 1359 5562 cod.,
1414 5495 1482 5550 M.
1513 5493 1697 5554 edidit.

3532 5412 3560 5446 ⁸
3617 5416 3732 5472 Sic

1936 5593 2177 5651 NOTAE.

512 5686 537 5714 -
579 5675 682 5729 "ru.
719 5675 781 5743 ιι,
814 5677 895 5732 il.
