3904 6148
208 334 299 413 573

1268 342 1469 399 LIBER
1510 343 1597 397 DE
1634 338 2334 398 PRAEDESTINATIONE.

3303 336 3409 395 ’5Ἰῖ

203 469 325 526 seria
353 462 642 535 poenaliter
656 468 990 532 sequerelur.
1014 459 1321 517 JuMiSSitlle
1339 456 1534 528 quippe
1554 457 1739 509 deser-
1770 460 1814 516 Α
1842 466 1963 527 post
1983 472 2213 527 peccans
2238 473 2340 513 non
2356 464 2545 526 potest,
2579 455 2621 511 si
2652 455 2799 518 velit,
2818 451 3046 523 sigratia
3071 463 3174 504 non
3191 447 3407 519 Iuverit.

207 570 358 612 torem
412 552 817 621 cupiosissimae
862 550 1360 620 pulcherrimaeque
1404 543 1749 601 beatitudinis

203 645 424 717 sequitur
453 651 663 712 egestas
690 642 708 672 ¹
742 640 1085 711 turpissimae
1119 637 1426 693 voluntatis.
1465 636 1566 688 Ars
1593 633 1753 703 igitur

204 739 322 808 ipsa,
344 749 437 804 per
462 747 621 803 quam
649 730 792 786 facta
844 737 971 784 sunt
1022 728 1223 792 omnia,
1273 741 1411 795 quae
1430 732 1513 779 est
1541 737 1749 778 summa

206 821 781 891 incommutabilisque’
809 821 904 875 Dei
955 819 1238 887 sapientia,
1306 816 1378 870 ita
1436 813 1749 869 rationalem

209 926 483 972 creaturam
505 911 804 967 faciendam
829 924 950 964 esse
987 905 1437 978 praedestinando
1465 901 1744 973 disposuit,

210 1003 322 1058 utei
350 1000 542 1057 nullam
596 998 974 1054 necessitatem
1034 996 1354 1065 imponeret;
1409 1005 1546 1060 quae
1585 991 1748 1043 etiam

210 1092 449 1150 nolentem
482 1089 593 1145 Deo
635 1102 734 1143 suo
786 1086 991 1143 servire
1029 1082 1325 1139 inevitabili
1356 1080 1608 1135 violentia
1654 1094 1745 1133 ur-

211 1193 357 1257 geret,
380 1182 461 1238 vel
508 1180 775 1236 volentem
802 1179 849 1234 ei
893 1178 1187 1233 adhaerere
1233 1180 1446 1245 cogeret
1477 1172 1747 1227 deserere.

212 1276 260 1332 In
279 1290 374 1330 uno
398 1288 583 1343 nempe
610 1270 887 1325 videretur
918 1269 1164 1324 conditae
1186 1266 1413 1321 rationis
1442 1263 1748 1333 captivitas,

214 1366 259 1420 in
282 1364 436 1419 altero
455 1361 750 1417 conditoris
787 1358 1065 1428 iniquitas.
1112 1356 1189 1412 Eo
1215 1356 1357 1411 enim
1380 1348 1750 1421 ‘modojustis-

211 1456 329 1512 sime
354 1452 840 1524 benignissimoque
885 1445 1300 1520 pulchritudinis
1347 1445 1511 1500 totius
1537 1444 1752 1498 univer-

213 1546 366 1601 sitatis
390 1543 656 1600 consuluit
682 1550 928 1604 naturae,
966 1553 1128 1610 quam
1156 1538 1223 1593 ad
1277 1536 1563 1608 imaginem
1593 1543 1646 1589 et
1673 1534 1749 1588 si-

214 1637 534 1693 militudinem
584 1649 739 1689 suam
787 1632 1008 1697 creavit,
1054 1641 1114 1684 ut
1148 1630 1249 1687 sibi
1299 1629 1592 1693 voluntate,
1641 1643 1749 1682 non

214 1732 505 1786 necessitate
552 1727 801 1791 serviret,
830 1723 1133 1780 rectissimo
1160 1722 1376 1793 quidem
1427 1720 1640 1776 divinae
1664 1734 1751 1774 sa—

1922 549 2029 604 VII.
2060 548 2198 603 lliuc
2224 548 2554 618 Augustinus
2578 546 2781 600 inlibro
2807 545 2871 599 de
2891 542 3034 597 dono
3058 551 3415 610 perseveran-

1848 641 1998 695 tiae:
2037 658 2054 690 ι
2095 639 2150 694 Si
2179 654 2308 711 ergo
2352 639 2455 692 alia
2502 637 2819 692 documenta
2871 646 2979 687 non
3026 638 3235 686 essent.
3276 622 3414 682 haec

1848 731 2118 786 dominica
2150 730 2324 783 oratio
2351 728 2508 783 nobis
2533 728 2599 782 ad
2625 739 2840 782 causam
2885 720 3109 794 gratiae,
3133 733 3291 790 quam
3320 720 3414 772 de-

1848 821 2136 885 fendimus,
2168 819 2281 874 sola
2304 818 2590 883 sulliceret,
2637 816 2763 883 quia
2793 813 2927 872 nihil
2970 812 3125 866 nobis
3174 806 3413 876 reliquit.

1850 911 1903 964 in
1931 924 2037 979 quo
2082 917 2337 977 tanquam
2366 908 2418 962 in
2462 915 2650 962 nostro
2693 905 3006 975 gloriemur.
3056 898 3329 968 Siquidem
3353 905 3414 953 ut

1848 1015 1954 1056 non
1978 998 2316 1054 discedamus
2344 1011 2374 1050 a
2420 995 2550 1057 Deo,
2580 1008 2682 1047 non
2733 991 2969 1046 ostendit
3009 988 3241 1043 dandum
3294 999 3425 1061 esse

1848 1089 1951 1161 nisi
1984 1104 2013 1142 a
2044 1087 2172 1151 Deo,
2223 1102 2344 1141 cum
2400 1082 2723 1153 poscendum
2776 1079 3011 1135 ostendit
3060 1093 3092 1131 a
3135 1076 3263 1132 Deo.
3312 1072 3411 1138 Qui

1849 1179 1995 1235 enim
2026 1192 2130 1231 non
2161 1175 2392 1230 infertur
2420 1173 2441 1204 ³
2486 1172 2540 1226 in
2581 1170 3006 1241 temptationem,
3044 1182 3149 1220 non
3192 1164 3413 1219 discedit

1851 1284 1882 1323 a
1911 1267 2043 1321 Deo.
2067 1265 2182 1320 Non
2205 1272 2289 1319 est
2314 1265 2414 1319 hoc
2447 1261 2667 1317 omnino
2696 1261 2748 1314 in
2771 1258 2973 1312 viribus
3002 1256 3151 1309 liberi
3184 1253 3414 1317 arbitrii,
3440 1262 3455 1315 ι

1851 1359 2039 1430 quales
2060 1372 2201 1412 nunc
2225 1337 2371 1411 sunt.
2406 1354 2605 1408 Fuerat
2630 1352 2681 1406 in
2723 1349 2960 1413 homine,
2999 1356 3288 1415 antequam
3318 1358 3414 1397 ca-

1851 1451 2023 1507 deret.
2050 1448 2200 1516 Quae
2232 1457 2408 1501 tamen
2424 1438 2945 1499 libertasvoluntatis
2973 1437 3025 1490 in
3056 1435 3194 1488 illius
3213 1436 3420 1500 primae

1853 1540 2173 1598 conditionis
2207 1536 2532 1606 praestantia
2576 1541 2835 1603 quantum
2890 1526 3141 1581 valuerit.
3170 1521 3419 1591 apparuit

1852 1630 1905 1684 in
1933 1628 2154 1699 angelis,
2193 1626 2283 1696 qui
2307 1624 2521 1679 diabolo
2549 1637 2668 1676 cum
2711 1619 2825 1673 suis
2855 1617 3079 1672 cadente
3108 1614 3162 1667 in
3196 1612 3420 1664 veritate

1854 1726 2140 1783 steterunt,
2164 1725 2220 1772 et
2244 1716 2310 1770 ad
2334 1713 2677 1770 securitatem
2708 1716 3017 1783 perpetuam
3045 1719 3150 1758 non
3174 1699 3418 1766 cadendi,

212 1821 416 1890 pientiae
460 1816 845 1873 moderamine.
884 1813 999 1868 Non
1049 1813 1193 1868 enim
1230 1800 1387 1867 aliter
1415 1811 1596 1867 debuit
1632 1809 1749 1865 ﬁeri
1783 1810 1825 1869 Β
1854 1813 1907 1867 in
1932 1824 2038 1881 qua
2064 1823 2207 1864 nunc
2249 1822 2343 1862 eos
2382 1819 2500 1860 esse
2548 1799 2834 1858 certissimi
2882 1811 3088 1853 sumus.
3139 1787 3420 1863 pervenire

214 1911 461 1965 rationalis
492 1910 621 1973 vita,
653 1907 757 1961 nisi
790 1905 1109 1970 voluntaria,
1135 1919 1254 1959 cum
1271 1902 1338 1957 ab
1361 1917 1423 1958 ea
1451 1901 1747 1966 voluntate,

214 2016 332 2071 quae
349 2009 602 2055 estcausa
627 1996 889 2060 omnium,
934 2006 1116 2050 creata
1145 1994 1217 2048 sit
1266 1992 1334 2048 ad
1374 1992 1660 2063 imaginem
1696 1998 1751 2046 et

216 2090 584 2147 similitudinem
610 2087 715 2143 sui.
750 2088 857 2141 Aut
886 2085 1154 2156 quomodo
1200 2096 1321 2137 eam
1357 2081 1537 2138 divina
1557 2080 1749 2135 volun-

218 2189 308 2244 tas,
330 2192 527 2233 summa
566 2175 818 2230 videlicet
857 2172 1221 2228 universitatis
1245 2171 1407 2236 ratio,
1438 2184 1577 2241 quae
1607 2167 1750 2223 nulla

217 2270 504 2326 necessitate
531 2267 838 2336 stringitur,
866 2265 1118 2335 quoniam
1151 2279 1248 2319 sua
1276 2262 1544 2318 liberrima
1569 2268 1752 2331 poten-

216 2361 276 2417 tia
296 2361 501 2431 potitur,
520 2358 809 2429 imaginem
831 2355 914 2410 sui
938 2355 1169 2410 similem
1183 2352 1405 2416 faceret,
1425 2352 1471 2406 si
1499 2365 1605 2405 non
1633 2349 1752 2419 ejus

217 2449 547 2507 substantiam
590 2454 804 2502 crearet
858 2444 1186 2501 voluntatem
1232 2442 1460 2498 liberam
1508 2440 1751 2495 rationa-

216 2539 349 2595 lem?

274 2628 353 2685 VI.
379 2628 489 2686 Hoc
527 2628 869 2701 apertissimo
914 2627 1171 2697 probatur
1220 2631 1561 2696 argumento,
1610 2621 1753 2690 quod

217 2720 422 2775 sumitur
455 2735 516 2775 ex
558 2718 722 2790 primi
773 2717 1009 2773 hominis
1048 2723 1291 2786 peccato.
1322 2714 1577 2782 Quamvis
1607 2713 1751 2767 enim

216 2810 402 2867 beatam
420 2812 582 2867 vitam
612 2811 881 2881 peccando
905 2810 1156 2880 perdidit,
1206 2806 1559 2863 substantiam
1601 2818 1753 2859 suam

181 2902 191 2963 I
216 2915 308 2956 non
330 2901 520 2968 amisit,
544 2916 685 2971 quae
706 2909 789 2956 est
815 2915 954 2966 esse,
982 2900 1137 2964 velle,
1182 2899 1341 2955 scire.
1374 2898 1469 2952 Est
1504 2896 1669 2961 enim,
1700 2904 1756 2951 et

180 2990 399 3077 ‘vult,et
427 2993 549 3057 scit,
573 2990 693 3045 vult
733 3006 792 3047 se
819 3005 937 3045 esse
980 2997 1034 3045 et
1081 2989 1253 3055 scire,
1297 2988 1399 3044 scit
1455 3002 1514 3042 se
1557 3001 1679 3043 esse
1704 2993 1760 3041 et

217 3080 357 3137 velle.
377 3081 511 3150 Quid
537 3096 665 3152 ergo
688 3080 896 3151 primus
915 3079 1076 3135 homo
1101 3078 1425 3152 babuitant‘e
1452 3083 1755 3146 peccatum,

1854 1909 2185 1959 meruerunt.
2208 1899 2334 1952 Post
2375 1911 2560 1950 casum
2588 1901 2765 1947 autem
2797 1887 3031 1943 hominis
3056 1899 3161 1939 non
3204 1880 3306 1936 nisi
3353 1879 3419 1933 ad

1850 1994 2078 2064 gratiam
2092 2004 2244 2045 suam
2264 1989 2403 2043 Deus
2430 1981 2899 2051 voluitpertinere.
2929 1985 2988 2031 ut
3015 1977 3178 2029 homo
3202 1969 3423 2026 accedat

1851 2086 1918 2141 ad
1946 2099 2090 2149 eum,
2111 2096 2284 2151 neque
2309 2079 2410 2133 nisi
2434 2077 2497 2131 ad
2515 2075 2741 2147 gratiam
2754 2087 2904 2127 suam
2927 2071 3094 2123 voiuit
3124 2064 3417 2135 pertinere,

1851 2184 1909 2231 ut
1924 2174 2087 2230 homo
2100 2149 2213 2226 non
2227 2168 2441 2224 recedat
2458 2167 2525 2221 ab
2538 2179 2622 2219 eo.
2640 2161 2789 2217 Hanc
2802 2161 3027 2231 gratiam
3051 2156 3225 2227 posuit
3244 2153 3295 2206 in
3309 2149 3421 2213 illo,
3518 2221 3521 2224 ν

1853 2269 1907 2324 in
1948 2280 2055 2337 quo
2072 2273 2273 2321 sortem
2300 2257 2572 2316 consecuti
2588 2269 2794 2319 sumus,
2822 2245 3203 2322 praedestiuati
3236 2255 3422 2298 secun-
3503 2231 3519 2247 ‘

1852 2330 1982 2413 dum
2007 2352 2335 2424 propositum
2363 2348 2497 2418 ejus,
2519 2344 2609 2414 qui
2632 2342 2881 2397 universa
2903 2333 3192 2407 operaturb
3217 2351 3261 2383 ι.
3281 2330 3417 2395 Quo-

1854 2418 2153 2513 modo-ergo
2174 2435 2754 2503 debemusintelligere,
2771 2428 2910 2499 quod
2933 2432 3149 2481 sanctus
3174 2418 3422 2513 Augusti.

1854 2537 2021 2593 nusin
2039 2506 2175 2588 libro
2190 2527 2534 2585 Encltiridion
2552 2523 2808 2593 ‘loquens
2823 2518 2925 2571 ait:
2951 2535 2966 2566 ι
2989 2513 3183 2567 Libero
3197 2506 3426 2561 arbitrio

1854 2625 1993 2683 male
2017 2633 2171 2679 utens
2190 2622 2348 2675 homo
2368 2626 2421 2672 et
2447 2630 2504 2669 se
2516 2612 2749 2685 perdidit
2773 2618 2828 2664 et
2851 2596 3023 2677 ipsum
3049 2614 3071 2642 ο
3100 2622 3143 2665 ι,
3171 2599 3270 2654 nisi
3289 2595 3427 2665 forte

1855 2717 2180 2776 credendum
2203 2720 2304 2777 est,
2336 2713 2440 2766 hoc
2466 2723 2586 2763 eum
2616 2705 2809 2760 docere
2840 2697 3091 2758 voluisse,
3120 2708 3224 2747 uon
3256 2698 3314 2744 ut
3341 2687 3427 2743 his

1856 2808 2034 2865 verbis
2064 2804 2412 2874 accipiamus,
2440 2799 2673 2868 primum
2693 2793 2863 2848 Adam
2885 2784 3240 2845 substantiam
3269 2794 3424 2836 suam

1856 2896 2174 2970 perdidisse,
2201 2891 2342 2962 quod
2370 2905 2476 2943 non
2501 2885 2694 2956 potuit,
2722 2882 2815 2937 sed
2836 2894 2955 2936 eam
2983 2878 3034 2932 in
3062 2874 3285 2930 inferius
3309 2885 3425 2925 mu-
3468 2876 3473 2899 '

1859 2966 2012 3051 tavit,
2064 2984 2208 3055 quod
2264 2979 2456 3053 potuit.
2492 2976 2681 3033 Melior
2727 2973 2924 3043 quippe
2971 2970 3149 3022 fuerat
3192 2966 3429 3019 humana

1858 3088 2054 3134 natura
2106 3085 2251 3138 tunc,
2286 3072 2411 3127 dum
2457 3068 2685 3124 haberet
2733 3062 2868 3118 velle
2924 3068 2979 3116 et
3034 3071 3217 3128 posse,
3259 3066 3424 3108 unum

220 3172 342 3238 quod
365 3148 592 3238 perdidit
605 3148 739 3238 ipost
767 3167 1088 3239 peccatum?
1122 3166 1237 3222 Non
1272 3148 1415 3221 enim
1441 3165 1617 3219 adhuc
1662 3164 1754 3219 ha-

1862 3169 2075 3242 quidem
2103 3149 2424 3227 substantia,
2453 3168 2679 3215 alterum
2708 3170 2836 3211 vero
2861 3152 3052 3224 gratia,
3082 3164 3242 3220 quam
3265 3162 3415 3201 nunc.

218 3259 357 3315 bcbat
383 3260 543 3315 vitam
590 3260 829 3322 beatam,
874 3272 1012 3327 quae
1048 3257 1097 3311 ei
1154 3255 1434 3310 tribuenda
1481 3253 1680 3320 fuerat,
1712 3254 1759 3309 si

220 3360 534 3420 praeceptum
565 3357 825 3405 servaret.
851 3348 908 3403 Si
931 3347 1225 3402 dixerimus
1263 3345 1486 3401 liberam
1514 3344 1762 3400 volunta-

227 3448 337 3505 tem,
357 3441 584 3512 perdidit
609 3440 772 3511 igitur
819 3453 970 3494 suam
999 3445 1267 3491 naturam.
1298 3435 1355 3490 Si
1391 3442 1568 3489 autem
1602 3432 1761 3487 -ratio

222 3531 454 3595 edocetn,
483 3529 689 3597 nullam
722 3537 966 3583 naturam
999 3541 1157 3598 posse
1187 3527 1386 3596 perire,
1415 3524 1764 3595 prohibemur

224 3618 396 3683 dicere,
444 3618 669 3673 liberam
726 3616 1054 3671 voluntatem
1101 3615 1419 3685 perdidisse,
1470 3628 1609 3682 quae
1647 3612 1762 3667 sine

224 3704 361 3763 dubio
380 3706 747 3763 substantialis
772 3715 875 3763 est.
906 3704 1022 3761 Non
1061 3707 1207 3760 enim
1232 3704 1284 3758 in
1316 3703 1532 3759 homine
1557 3702 1763 3757 creavit

221 3792 343 3850 Deus
354 3796 674 3851 voluntatem
699 3796 986 3864 captivam,
1003 3795 1095 3849 sed
1114 3794 1358 3857 liberam,
1382 3806 1520 3862 quae
1540 3791 1762 3846 libertas

200 3890 324 3952 (post
350 3892 627 3953 peccatum
680 3883 959 3938 remansit.
992 3881 1145 3936 Nulla
1180 3883 1326 3936 enim
1371 3881 1548 3935 anima
1577 3894 1761 3951 pecca-

222 3973 310 4027 trix
329 3986 428 4040 est,
456 3990 593 4044 quae
627 3989 733 4027 non
758 3973 889 4028 velit
927 3972 1336 4038 beatitudinem,
1366 3980 1421 4025 et
1443 3971 1574 4026 velit
1602 3971 1761 4025 mise-

220 4061 356 4117 riam.
377 4064 512 4131 Quid
552 4077 684 4132 ergo
721 4063 841 4133 plus
870 4063 1056 4118 habuit
1084 4070 1209 4116 ante
1252 4058 1570 4131 peccatum?
1595 4058 1761 4113 Ante-

220 4164 359 4219 quam
385 4153 525 4207 enim
573 4159 908 4224 perpetraret
951 4159 1249 4221 peccatum,
1296 4149 1465 4205 voluit
1511 4162 1756 4219 peccare,

219 4238 369 4294 noluit
389 4252 563 4297 autem
594 4242 759 4297 miser
781 4241 918 4297 ﬁeri.
944 4240 1074 4309 Quis
1101 4256 1232 4296 vero
1250 4239 1411 4295 audet
1430 4239 1633 4304 dicere,
1664 4253 1760 4293 no-

219 4329 362 4389 luisse
380 4352 497 4390 eum
524 4352 583 4392 se
612 4338 829 4392 beatum
860 4338 996 4403 ﬁeri,
1020 4353 1141 4392 cum
1170 4337 1343 4392 adhuc
1369 4336 1423 4390 in
1452 4343 1641 4390 natura
1664 4349 1759 4404 per

219 4435 324 4478 eum
343 4436 589 4498 corrupta
639 4428 986 4492 beatitudinis
1014 4427 1281 4497 appetitus
1324 4426 1630 4482 remaneat?
1674 4425 1758 4479 An

1864 3240 1987 3316 cum
2017 3257 2180 3313 habet
2227 3252 2399 3309 solum
2438 3249 2576 3305 velle
2606 3248 2722 3302 sine
2745 3258 2923 3316 posse,
2956 3240 3008 3296 id
3037 3249 3138 3304 est,
3181 3245 3428 3293 naturam

1864 3350 2003 3405 dono
2027 3347 2316 3401 desertam.

1933 3438 2066 3494 VIII.
2098 3435 2234 3490 Ilinc
2255 3431 2512 3487 Dominus
2540 3429 2593 3483 in
2619 3410 2910 3495 Evangelio
2948 3421 3059 3475 suis
3084 3418 3159 3472 ait
3191 3415 3430 3482 discipu-

1861 3530 1930 3585 lis
1966 3527 2137 3583 :Sine
2164 3540 2244 3578 me
2284 3520 2413 3576 nihil
2449 3518 2657 3590 potestis
2689 3516 2856 3586 facere
2876 3511 2924 3565 ά.
2968 3509 3085 3563 Non
3108 3506 3261 3568 dixit,
3301 3501 3433 3557 nihil

1862 3619 2086 3694 potestis
2112 3615 2271 3671 velle.
2300 3613 2369 3667 Et
2392 3608 2678 3680 Apostolus
2706 3601 2878 3659 :Velle
2907 3600 3121 3694 adjuvet.
3145 3593 3435 3694 miltiaper‘

1863 3679 2014 3773 ;icere
2040 3713 2213 3759 autem
2240 3716 2341 3755 non
2377 3710 2422 3753 ο.
2442 3679 2604 3760 Item,
2640 3693 2780 3765 quod
2815 3691 2890 3744 ait
2929 3688 3069 3773 idem
3095 3679 3380 3754 Apostolus
3409 3692 3428 3731 :

1853 3779 1971 3836 Non
1994 3779 2238 3842 volentis,
2277 3793 2440 3846 neque
2487 3777 2767 3839 currentis,
2793 3774 2883 3828 sed
2920 3772 3017 3825 Dei
3045 3783 3119 3825 est
3168 3772 3429 3824 misereno

1857 3875 1924 3929 tis
1951 3872 1997 3927 ί.
2029 3871 2147 3926 Νοη
2176 3869 2335 3925 aliter
2366 3869 2712 3937 intelligitur,
2742 3866 2848 3920 nisi
2881 3865 3011 3920 dum
3035 3865 3107 3919 sit
3132 3863 3322 3917 volens
3373 3870 3428 3916 et

1860 3980 2112 4022 currens.
2142 3962 2477 4020 Naturaliter
2506 3961 2652 4015 enim
2684 3960 2823 4014 haec
2850 3958 2959 4012 duo
2998 3956 3159 4011 insita
3186 3965 3315 4008 sunt
3336 3954 3431 4005 Ιιο-

1864 4057 1999 4113 mini
2036 4055 2346 4126 :siquidem
2380 4053 2518 4114 vult,
2555 4051 2700 4106 unde
2756 4059 2838 4105 est
2886 4048 3078 4103 volens
3110 4057 3205 4112 ;et
3229 4044 3433 4114 appetit

1863 4148 2282 4211 beatitudinem,
2300 4145 2443 4201 unde
2461 4154 2544 4199 est
2562 4157 2812 4198 currens.
2833 4141 2949 4195 Non
2971 4151 3147 4193 tamen
3173 4136 3428 4197 volentis,

1868 4255 2051 4311 neque
2079 4240 2377 4301 currentis,
2401 4239 2541 4293 bona
2567 4252 2731 4306 opera
2753 4236 2834 4289 vel
2852 4230 3225 4288 inchoare.vel
3248 4242 3431 4295 agere,

1861 4332 1949 4387 vel
1978 4330 2239 4398 perﬁcere
2271 4345 2286 4394 ;
2314 4329 2417 4382 hoc
2445 4327 2589 4383 enim
2624 4335 2709 4379 cst
2749 4321 3058 4377 miserantis
3084 4319 3175 4373 Dei
3205 4318 3430 4369 donum.

1865 4426 2022 4479 Sicut
2051 4425 2197 4478 enim
2233 4423 2395 4475 homo
2427 4420 2480 4472 in
2537 4414 2880 4471 densissimis
2913 4410 3155 4466 tenebris
3205 4407 3433 4475 positus,

217 4512 338 4571 forte
364 4519 558 4574 liberae
581 4518 874 4575 voluntatis
900 4522 1135 4591 vigorem
1164 4527 1612 4590 potestatemque,
1650 4532 1755 4588 qua
1784 4488 1836 4547 Β
1867 4518 2077 4571 habens
2109 4528 2333 4569 sensum
2382 4510 2602 4565 videndi
2658 4505 2907 4576 quidem,
2937 4502 3073 4556 nihil
3112 4500 3276 4564 videt,
3306 4496 3430 4568 quia

216 4602 312 4657 sola
328 4608 491 4674 potuit
520 4609 792 4664 custodire
811 4618 1175 4679 praeceptum,
1208 4609 1253 4664 si
1276 4608 1457 4672 vellet,
1483 4607 1757 4681 peccando

219 4697 464 4761 perdidit?
486 4701 564 4755 Ac
600 4716 702 4770 per
724 4701 827 4755 hoc
863 4701 1013 4770 vigor
1061 4709 1115 4755 et
1143 4706 1383 4769 potestas
1425 4696 1578 4752 liberi
1607 4695 1756 4750 arbi-

219 4784 294 4836 trii
314 4802 409 4841 non
441 4800 558 4844 erat
587 4790 643 4845 in
675 4789 849 4859 primo
878 4789 1093 4845 homine
1115 4805 1180 4844 ex
1220 4788 1540 4849 substantia,
1571 4788 1664 4842 sed
1690 4800 1758 4841 ex

216 4868 467 4933 Creatoris
486 4880 685 4950 gratia,
714 4880 857 4949 quod
906 4894 1158 4948 magnum
1183 4894 1378 4933 munus
1410 4878 1589 4934 amisit
1618 4876 1758 4932 male

217 4971 352 5019 utens
378 4966 547 5023 libero
572 4968 865 5023 voluntatis
892 4968 1138 5023 arbitrio.
1187 4967 1369 5022 Noluit
1402 4969 1550 5022 enim
1579 4967 1756 5022 facere

221 5054 349 5122 quod
372 5059 569 5127 potuit,
607 5059 715 5119 hoc
764 5070 871 5131 est,
902 5065 1220 5121 mandatum
1284 5068 1582 5133 custodire,
1622 5071 1768 5138 quod

1866 4608 2004 4662 nihil
2041 4614 2220 4677 potest
2266 4603 2478 4668 videre,
2509 4610 2802 4669 antequam
2856 4596 3197 4650 extrinsecus
3255 4589 3436 4644 veniat

1868 4703 1983 4766 lux,
2003 4714 2164 4771 quam
2186 4700 2351 4754 etiam
2374 4696 2552 4751 adhuc
2578 4692 2782 4749 clausis
2808 4691 2985 4745 oculis
3013 4688 3201 4751 Sentit,
3234 4686 3440 4754 apertis

1872 4810 2006 4849 vero
2037 4802 2090 4849 et
2130 4807 2273 4858 eam,
2302 4800 2354 4844 et
2382 4791 2436 4844 in
2469 4804 2531 4842 ea
2557 4797 2752 4842 cuncta
2792 4782 3179 4852 circumposita
3223 4777 3441 4845 conspi-

1875 4886 1952 4941 cit
1985 4904 1997 4939 :
2031 4884 2111 4939 sic
2142 4883 2399 4936 voluntas
2429 4876 2690 4940 hominis,
2724 4871 2985 4942 quamdiu
3008 4867 3288 4938 originalis
3318 4879 3431 4933 pee—

1876 4980 2009 5045 cati,
2038 4975 2496 5047 propriorumque
2511 4971 2702 5024 umbra
2721 4966 2921 5037 tegitur
2950 4964 2993 5027 ⁸,
3020 4962 3193 5030 ipsius
3214 4958 3445 5025 caligine

1878 5046 2198 5136 impeditur.
2219 5064 2357 5116 Dum
2380 5070 2565 5117 autem
2583 5059 2673 5113 lux
2698 5056 2918 5112 divinae
2950 5048 3361 5107 misericordiae
3382 5046 3446 5097 il-

1512 5182 1767 5238 VARIAE
1806 5180 2212 5237 LECTIONES.

283 5285 301 5319 ⁸
329 5287 465 5346 Cod.
498 5302 757 5367 negatas.
834 5297 855 5329 '
875 5293 1014 5353 Coo.
1065 5294 1628 5366 iucummotabilisque.
1705 5296 1725 5327 ³
1761 5294 1900 5352 Cod.
1930 5296 2108 5367 infert.
2182 5296 2204 5329 ⁸
2234 5296 2370 5354 Cod.
2401 5295 2716 5353 θηρσὶν-ἰάθη.
2792 5295 2812 5326 ⁵
2834 5292 2971 5350 Cod.
3006 5287 3262 5358 (eligitur.

1700 5411 1947 5469 NOTAE.

283 5517 308 5545 ι
344 5505 675 5564 Prudentius
696 5508 762 5563 ad
793 5508 893 5564 ista
916 5508 1326 5575 animadvertit,
1350 5509 1633 5565 rationales
1657 5511 1776 5578 qui-

222 5571 334 5625 dem
355 5588 628 5634 creaturas
644 5581 699 5634 in
719 5587 889 5634 totum
920 5595 1024 5633 non
1050 5594 1201 5647 posse
1223 5571 1415 5648 perire.
1437 5571 1778 5635 irrationale:

222 5657 332 5699 vero
361 5662 526 5715 posse.

291 5717 316 5754 ιι
351 5719 642 5791 Augustin.
668 5720 733 5774 de
752 5720 888 5776 dono
912 5734 1168 5792 perseuer.
1192 5736 1243 5778 c.
1271 5719 1322 5787 7,

1956 5521 1981 5552 ⁸
2022 5514 2286 5584 August'n
2331 5513 2688 5570 Enchiridion.
2719 5527 2767 5568 c.
2794 5509 2882 5564 '50.

1955 5583 1980 5623 (⁸
2017 5583 2175 5639 Joan.
2213 5585 2322 5648 XV,
2350 5587 2404 5640 5.

1962 5668 1985 5693 ε
2029 5656 2187 5709 Rom.
2227 5654 2339 5718 VII,
2379 5655 2463 5710 18.

1965 5726 1982 5764 ί
2029 5725 2185 5780 Rom.
2221 5725 2309 5792 IX,
2355 5730 2437 5780 l6.
