3904 6148
457 277 575 337 ,πε

1821 270 2103 333 ΙΟΔΝΝΙΞ
2140 273 2335 331 SCOTI

3107 246 3225 260 υνυ-

3579 278 3685 333 576

459 390 680 457 luxerit,
729 406 832 445 non
882 390 1053 446 solum
1102 374 1312 447 noctem
1358 398 1700 460 peccatomm
1759 391 2019 454 omnium,
2050 394 2097 453 Α
2124 404 2261 458 quae
2286 389 2482 455 fecisti,
2526 389 2965 459 meministi,nec
2987 400 3187 460 tamen,
3216 407 3354 466 quae
3373 393 3685 457 meministi,

460 493 753 548 eorumque
800 487 1006 533 reatum
1063 479 1335 543 destruit,
1385 478 1479 533 sed
1543 476 1707 531 etiam
1778 477 2024 533 obtutum

453 569 703 629 infirmae
732 570 1019 626 voluntatis
1046 569 1285 624 sanando
1314 570 1504 639 aperit,
1525 577 1581 624 et
1606 570 1672 624 ad
1697 584 1754 623 se
1779 577 2020 623 contem-

459 662 709 733 plandum
728 660 884 716 bonis
904 660 1156 739 operibus
1177 660 1454 731 purgando
1477 660 1721 713 idoneam
1748 656 1892 713 facit.
1917 656 2024 712 Sed

455 749 561 820 jam
592 762 800 821 tempus
825 759 908 805 est
936 751 1001 809 ad
1030 751 1361 820 propositum
1390 748 1581 804 redire.

984 904 1376 962 CAPITULUM
1414 902 1480 959 Υ.

450 1016 533 1074 De
564 1034 624 1073 eo
645 1017 785 1085 quod
810 1018 1151 1088 praescienlia
1176 1030 1221 1072 et
1264 1018 1734 1088 praedestinatione
1754 1016 1850 1072 Dei
1874 1034 2022 1072 nemo

686 1086 1030 1158 compellitur,
1055 1104 1145 1141 seu
1174 1086 1296 1141 bene
1318 1104 1408 1141 seu
1429 1087 1566 1141 male
1594 1086 1784 1155 facere.

525 1202 568 1257 l.
602 1196 751 1265 Quae
772 1212 892 1251 cum
927 1197 1001 1251 ita
1033 1197 1158 1263 siut,
1191 1196 1322 1251 ordo
1350 1211 1556 1260 rerum,
1591 1211 1725 1265 quas
1754 1211 2025 1265 exequen-

454 1290 553 1344 das
587 1303 706 1341 esse
746 1287 1045 1357 praesentis
1086 1301 1277 1340 causae
1309 1284 1513 1354 ﬂagitat
1555 1284 1779 1350 utilitas,
1830 1300 2024 1341 conse-

451 1392 681 1445 quenter
727 1377 980 1448 postulat,
1018 1387 1098 1443 ut,
1148 1378 1398 1446 quoniam
1452 1377 1713 1432 malorum
1761 1377 2021 1442 omnium,

451 1487 679 1541 quorum
710 1469 848 1525 Deus
876 1480 1066 1525 auctor
1090 1486 1195 1524 non
1222 1480 1305 1524 est
1329 1510 1343 1533 ,
1373 1469 1488 1538 ejus
1517 1484 1730 1540 quoque
1774 1484 2023 1524 necessa-

452 1575 534 1614 rio
574 1558 873 1613 effectivam
908 1575 1126 1615 causam
1155 1576 1259 1614 non
1288 1575 1408 1614 esse
1452 1559 2020 1629 praedestinatiouem,

450 1658 634 1717 aperte
665 1647 888 1704 rationis
936 1649 1151 1721 regulis,
1190 1659 1248 1702 ut
1286 1650 1478 1719 opinor
1501 1690 1516 1714 ,
1566 1648 1869 1703 confectum
1895 1687 1910 1711 ,
1953 1662 2020 1701 ex

2124 477 2302 531 omnia
2341 477 2540 543 fecisti,
2569 478 2642 532 ita
2685 478 2827 535 Deus
2853 481 3058 544 omnia,
3094 496 3319 551 quorum
3359 482 3473 554 ipse
3500 491 3690 537 auctor

2123 572 2226 630 est,
2250 566 2504 636 praescit,
2535 582 2635 622 nec
2650 577 2827 624 tamen
2856 571 3113 635 omnium,
3140 585 3277 642 quae
3305 573 3554 641 praescit,
3575 574 3697 643 ipse

2125 666 2310 711 auctor
2337 664 2441 712 est.
2477 655 2715 725 Quorum
2744 668 2922 715 autem
2958 675 3067 716 non
3105 669 3189 717 est
3217 662 3387 718 maius
3427 663 3451 695 ³
3477 674 3690 730 auctor,

2118 746 2296 815 justus
2325 756 2409 802 est
2430 748 2591 802 ultor.
2620 748 2754 804 Hinc
2776 765 2906 821 ergo
2927 749 3040 819 jam
3070 751 3328 825 intellige,
3358 768 3463 823 qua
3480 752 3691 822 justitia

2124 835 2266 892 Deus
2311 847 2529 908 peccata
2570 842 2776 911 puniat,
2807 842 2953 911 quia,
2992 857 3133 913 quae
3153 844 3302 899 novit
3330 843 3529 908 futura,
3582 859 3692 899 non

2124 927 2268 982 facit.
2301 927 2433 983 Nam
2464 930 2507 984 si
2539 939 2822 1000 propterea
2848 947 2954 987 non
2978 932 3135 988 debet
3169 933 3466 988 retribuere
3494 931 3692 1003 suppli-

2122 1018 2263 1073 cium
2318 1021 2682 1095 peccantibus,
2725 1022 2850 1091 quia
2906 1018 3183 1093 praevidet
3225 1032 3563 1093 peccaturos,
3594 1038 3695 1081 nec

2121 1118 2269 1165 recte
2318 1109 2638 1166 facientibus
2665 1101 2821 1167 debet
2854 1114 3091 1184 praemia
3137 1115 3455 1179 retribuere,
3482 1114 3613 1183 quia
3638 1121 3697 1171 et

2122 1212 2268 1259 recte
2283 1203 2421 1259 factu
2429 1220 2516 1268 ros
2529 1206 2873 1263 nihilominus
2885 1209 3182 1279 praevidet,
3200 1208 3363 1262 immo
3377 1222 3509 1262 vero
3521 1205 3572 1260 fa
3581 1215 3694 1260 tea-

2121 1311 2265 1360 mur,
2318 1304 2373 1351 et
2407 1297 2473 1351 ad
2525 1298 2937 1373 praescienliam
2979 1300 3097 1370 ejus
3142 1299 3435 1369 pertinere,
3464 1315 3533 1353 ne
3561 1298 3694 1368 quid

2121 1399 2243 1439 eum
2273 1385 2435 1440 lateat
2458 1385 2779 1454 futurorum,
2813 1398 2867 1447 et
2895 1390 2960 1444 ad
2976 1390 3262 1461 justitiam,
3294 1399 3353 1444 ut
3383 1398 3690 1459 peccatum,

2121 1474 2249 1544 quia
2272 1473 2544 1537 voluntate
2569 1478 2943 1543 committitur,
2985 1480 3057 1533 ita
3091 1476 3293 1547 judicio
3322 1479 3437 1548 ejus
3474 1479 3695 1547 impune

2120 1578 2225 1620 non
2245 1564 2363 1632 fiat,
2382 1567 3020 1639 sicutpraescientianou
3046 1571 3255 1641 cogitur
3269 1571 3383 1627 fieri
3410 1583 3436 1612 ι
3475 1592 3518 1625 ι.
3544 1570 3696 1639 Quae

2123 1671 2245 1712 cum
2273 1659 2346 1712 ita
2402 1674 2461 1715 se
2508 1660 2773 1727 habeant,
2823 1670 3030 1716 tantum
3063 1663 3218 1718 abest
3271 1678 3300 1716 a
3350 1677 3501 1723 vero,
3546 1662 3696 1731 quod

450 1736 807 1809 praescientia
840 1737 931 1793 Dei
961 1736 1267 1793 ﬁrmissima
1293 1752 1566 1793 sumamus
1592 1745 1931 1807 argumenta.
1958 1750 2020 1790 ea
2055 1724 2096 1783 Β
2123 1745 2369 1813 Creatori
2396 1748 2699 1818 deputanda
2730 1749 3106 1805 existimantur
3130 1759 3347 1820 peccata
3382 1758 3692 1813 creaturae,

452 1824 659 1882 scilicet
707 1829 1052 1887 moustraturi
1104 1829 1279 1899 primo
1328 1843 1342 1882 :
1388 1827 1839 1898 quemadmodum
1866 1840 2021 1897 prae-

454 1918 676 1973 scncntia
701 1918 793 1973 Dei
832 1928 1071 1987 peccata,
1109 1934 1246 1989 quae
1269 1920 1502 1989 praescit
1523 1960 1538 1984 ,
1578 1918 1692 1972 ﬁeri
1723 1933 1827 1971 non
1855 1917 2018 1987 cogit,

452 2012 524 2064 ita
557 2009 671 2078 eius
698 2012 1118 2079 praedestinatio
1142 2024 1383 2082 peccata,
1405 2027 1543 2081 quae
1563 2027 1836 2081 nunquam
1864 2025 2021 2082 prae-

451 2100 702 2163 destinat,
747 2099 857 2155 fieri
887 2117 993 2156 non
1022 2101 1202 2159 efficit.
1252 2101 1310 2156 Si
1352 2103 1494 2156 enim
1519 2101 1875 2172 praescienlia
1914 2116 2019 2155 non

452 2192 651 2255 omnia,
671 2208 808 2262 quae
824 2193 1133 2262 praescivit,
1153 2194 1294 2257 fecit,
1313 2209 1416 2263 quo
1430 2202 1587 2263 pacto
1602 2191 2023 2261 praedestinatio

452 2286 659 2351 omnia,
693 2301 830 2356 quae
878 2302 982 2342 non
1013 2286 1447 2357 praedestinavit,
1483 2285 1643 2340 eﬂicit
1665 2285 1688 2339 ?
1712 2284 2026 2340 Praescicn-

454 2377 526 2432 tia
598 2392 691 2431 sua
738 2375 878 2432 Deus
922 2375 1202 2431 malefacta
1252 2376 1528 2432 hominum
1584 2376 1765 2432 futura
1812 2375 2025 2446 praevi-

451 2467 550 2531 dit,
583 2483 689 2524 non
734 2476 910 2523 tamen
940 2483 1125 2524 eorum
1169 2476 1253 2523 est
1299 2467 1499 2534 factor;
1536 2468 2026 2538 praedestinatione

451 2571 551 2614 sua
589 2557 870 2614 malefacta
916 2560 1194 2614 hominum
1241 2559 1421 2614 futura
1472 2559 1711 2615 creditur
1735 2576 1841 2615 non
1870 2575 2026 2631 prae-

453 2647 752 2704 destinasse
783 2689 799 2716 ,
859 2650 1128 2719 quomodo
1176 2664 1305 2721 ergo
1353 2659 1572 2720 putatur
1616 2651 1831 2707 facere?
1887 2651 2025 2719 Quid

453 2740 635 2797 enim?
660 2738 912 2808 Nunquid
944 2739 1209 2794 dementis
1238 2749 1321 2794 cst
1349 2740 1546 2805 dicere,
1592 2739 1665 2807 id,
1713 2741 1855 2810 quod
1886 2741 2025 2796 Deus

451 2829 687 2902 praescit
733 2837 784 2884 et
808 2843 913 2884 non
939 2827 1085 2897 facit,
1111 2829 1708 2900 praedestinatiouesua
1735 2829 1871 2895 fieri,
1904 2844 2025 2883 cum

453 2920 582 2977 illud
608 2934 713 2974 non
743 2919 1140 2990 praedestinat?
1165 2918 1222 2975 Si
1253 2919 1415 2991 igitur
1433 2927 1487 2977 et
1514 2918 1832 2974 auctoritate
1852 2920 2027 2975 credi-

448 3020 545 3080 tur
592 3018 647 3066 et
695 3011 900 3067 ratione
948 3009 1162 3069 videtur
1226 3010 1366 3067 Deus
1413 3008 1592 3065 omnia
1617 3018 1838 3079 peccata
1869 3023 2026 3080 prae-

452 3102 640 3159 sciisse
666 3143 681 3168 ,
728 3119 833 3158 non
880 3101 1076 3158 fecisse
1117 3133 1187 3143 —
1211 3103 1478 3173 quomodo
1506 3102 1648 3155 enim
1678 3110 1858 3172 potest
1902 3117 2024 3157 esse

452 3201 795 3264 peccatorum
839 3189 1046 3257 factor,
1073 3192 1163 3261 qui
1194 3202 1278 3246 est
1308 3207 1492 3246 eorum
1518 3199 1573 3245 et
1616 3193 1920 3248 destructor
1966 3202 2022 3248 et

453 3284 633 3337 ultor?
667 3311 738 3322 -—
765 3282 967 3337 nullum
1017 3290 1196 3336 autem
1251 3290 1525 3350 peccatum
1556 3283 1976 3355 praedestinavit
2004 3303 2019 3338 ε

456 3386 562 3442 qua
597 3370 892 3440 impudenti
935 3369 1182 3435 stultitia,
1233 3370 1398 3429 immo
1441 3371 1675 3440 nequitia
1705 3373 2025 3429 aestimatur

452 3462 944 3536 praedestinatione
969 3477 1065 3517 sua
1084 3478 1297 3532 cogere,
1329 3473 1388 3517 ut
1412 3464 1538 3530 sint,
1566 3481 1704 3535 quae
1729 3482 1832 3523 non
1863 3482 2020 3537 prae-

452 3553 760 3616 destinavit,
817 3568 937 3607 cum
986 3553 1172 3607 eadem
1222 3555 1574 3624 praescienlia
1628 3573 1723 3613 sua
1749 3558 1863 3613 ﬁeri
1916 3574 2021 3614 non

451 3645 617 3716 cogit,
651 3645 743 3699 sed
773 3644 1070 3713 permittit?

520 3736 583 3790 ii.
619 3735 837 3799 Deinde,
869 3736 913 3790 si
942 3736 1231 3792 auctoritas
1249 3739 1543 3808 quaeritur,
1566 3756 1705 3811 quae
1718 3741 1884 3798 Deum
1908 3759 2022 3799 om-

450 3827 600 3882 nium
628 3825 912 3891 malorum,
937 3841 1074 3899 quae
1091 3828 1157 3880 ab
1172 3843 1237 3882 eo
1258 3843 1362 3883 non
1386 3839 1529 3894 sunt,
1551 3846 1670 3886 esse
1694 3832 2019 3902 praescium,

451 3933 667 3973 causam
697 3932 826 3971 vero
856 3933 1042 3972 eorum
1066 3920 1388 3974 efﬁcientem
1434 3922 1676 3978 adstruat
1728 3939 1834 3979 non
1876 3939 2019 3991 esse,

448 4007 610 4063 Unius
640 4007 816 4064 Patris
834 4007 1116 4078 Augustini
1144 4009 1285 4064 dicta
1310 4010 1586 4065 sufficiunt
1612 4027 1676 4066 ev
1698 4012 1835 4067 libro
1864 4013 2019 4077 tertio

448 4098 516 4154 de
564 4100 734 4154 libero
766 4099 992 4153 arbitrio
1029 4118 1041 4152 :
1096 4118 1115 4151 ι
1158 4097 1270 4154 Nisi
1324 4099 1500 4164 fallor,
1529 4116 1635 4155 non
1680 4102 1934 4159 continuo
1967 4114 2020 4159 tu

448 4203 672 4260 peccare
705 4204 947 4256 cogeres,
976 4203 1135 4257 quem
1174 4198 1516 4257 peccaturum
1557 4206 1676 4246 esse
1700 4195 2021 4263 praescires,

447 4294 622 4347 neque
663 4280 773 4347 ipsa
816 4278 1166 4347 praescienlia
1209 4288 1298 4333 tua
1344 4294 1571 4348 peccare
1621 4296 1742 4336 eum
1786 4294 2020 4354 cogeret,

2123 1836 2367 1905 quamvis
2384 1852 2603 1892 necesse
2628 1846 2709 1893 est
2730 1838 2879 1904 fiant,
2895 1854 3034 1910 quae
3051 1839 3164 1910 ipse
3176 1839 3349 1895 futura
3373 1839 3693 1908 praescivit.

2121 1933 2201 1989 ut,
2221 1939 2343 1979 cum
2369 1934 2422 1979 tu
2450 1926 2670 1994 dixeris,
2694 1943 2800 1982 non
2830 1936 2882 1984 te
2909 1929 3173 1994 invenire,
3202 1928 3468 1998 quomodo
3501 1942 3613 1981 non
3644 1924 3696 1983 ei

2121 2014 2424 2086 deputetur,
2467 2017 2721 2089 quicquid
2769 2020 2822 2074 in
2863 2019 2981 2088 ejus
3014 2028 3261 2075 creatura
3294 2019 3408 2074 fieri
3459 2032 3696 2075 necesse

2122 2111 2226 2169 est,
2263 2119 2362 2173 ego
2386 2114 2571 2159 contra
2595 2122 2699 2161 non
2746 2107 3013 2162 inveniam
3043 2108 3281 2172 modum,
3313 2121 3491 2176 neque
3542 2107 3696 2162 inve-

2122 2192 2225 2247 niri
2256 2208 2434 2263 posse,
2468 2204 2628 2265 atque
2658 2196 2878 2252 omnino
2915 2212 3023 2252 non
3053 2211 3174 2252 esse
3217 2195 3559 2261 confirmem,
3585 2211 3699 2266 quo

2122 2285 2171 2339 ei
2200 2285 2504 2355 deputetur,
2541 2287 2796 2357 quicquid
2823 2288 2875 2342 in
2906 2286 3021 2357 ejus
3044 2297 3290 2343 creatura
3332 2286 3405 2340 ita
3431 2286 3565 2341 'fieri
3602 2302 3696 2342 ne-

2122 2389 2273 2430 cesse
2300 2386 2404 2442 est,
2426 2385 2483 2431 ut
2505 2376 2777 2433 voluntati:
2807 2377 3146 2448 peccantium
3188 2376 3299 2431 fiat.
3330 2375 3568 2432 Omnino
3597 2377 3700 2447 igi—

2126 2475 2213 2521 tur
2230 2483 2337 2523 nou
2369 2469 2603 2534 invenio,
2640 2484 2742 2523 nec
2779 2460 3005 2524 inveniri
3036 2482 3215 2538 posse,
3242 2477 3296 2523 et
3328 2482 3556 2537 prorsus
3586 2482 3699 2522 non

2122 2572 2243 2612 esse
2275 2556 2560 2623 confirmo;
2607 2560 2871 2626 quomodo
2901 2558 3206 2612 tribuantur
3244 2566 3465 2626 peccata
3505 2565 3703 2612 nostra

2124 2644 2364 2701 Creatori
2391 2657 2575 2702 nostro
2603 2648 2744 2713 Deo,
2781 2649 2994 2718 quando
3018 2655 3071 2703 et
3100 2649 3154 2701 in
3192 2647 3321 2719 ipsis
3356 2661 3478 2701 eum
3506 2646 3701 2701 lauda-

2123 2736 2284 2791 bilem
2316 2737 2549 2802 invenio,
2582 2754 2686 2793 non
2711 2739 2882 2793 solum
2905 2737 3048 2807 quod
3079 2753 3143 2793 ea
3186 2738 3357 2808 punit,
3402 2737 3499 2793 sed
3526 2737 3700 2792 etiam

2126 2827 2268 2896 quod
2318 2836 2446 2882 tunc
2493 2827 2656 2893 fiunt,
2719 2842 2840 2882 cum
2893 2826 2960 2881 ab
3014 2825 3130 2896 ejus
3188 2826 3413 2881 veritate
3479 2824 3697 2881 recedi-

2127 2923 2214 2969 tur
2241 2915 2281 2969 ⁸.
3124 2940 3129 2943 ·

2197 3007 2280 3061 ill.
2322 3005 2583 3075 Quocirca
2617 3007 2925 3063 ﬁrmissime
2946 3006 3220 3061 fatendum
3257 3014 3359 3072 est,
3387 3006 3549 3060 simul
3582 3006 3701 3063 fieri

2128 3116 2234 3155 non
2277 3115 2458 3169 posse,
2482 3110 2848 3170 peccatorum,
2880 3115 3019 3171 quae
3050 3098 3189 3154 Deus
3219 3098 3272 3152 in
3297 3105 3549 3152 creatura
3602 3112 3702 3152 sua

2126 3192 2407 3260 permittit,
2439 3192 2847 3262 praescienliam
2864 3189 2997 3260 ejus,
3020 3206 3125 3260 qua
3144 3204 3207 3246 ea
3229 3189 3537 3260 praescivit,
3559 3203 3705 3243 cau-

2125 3297 2240 3337 sam
2270 3283 2293 3313 ⁸
2334 3298 2439 3337 non
2469 3297 2610 3346 esse,
2631 3284 3175 3352 praedestinationem
3206 3296 3334 3337 vero
3363 3278 3501 3349 ejus,
3553 3296 3706 3350 quae

2126 3387 2189 3427 ea
2221 3389 2326 3427 non
2367 3374 2801 3443 praedestinavit,
2839 3388 3058 3428 causam
3096 3384 3234 3426 esse.
3284 3369 3552 3438 Quicquid
3599 3385 3705 3424 au-

2127 3450 2243 3517 tetu.
2257 3463 2322 3517 de
2349 3475 2572 3533 peccato
2616 3464 2697 3518 vel
2726 3463 2991 3535 generali;
3015 3461 3101 3516 vel
3129 3460 3343 3532 speciali
3384 3460 3706 3525 conficitur,

2126 3571 2348 3611 necesse
2400 3566 2485 3611 est
2514 3559 2579 3611 de
2608 3557 2724 3626 ejus
2752 3572 2963 3626 quoque
3003 3570 3173 3626 poena
3200 3555 3479 3609 sentiatur.
3512 3553 3710 3611 Poena

2123 3648 2331 3718 peccati
2361 3664 2506 3703 mors
2536 3657 2638 3703 est.
2664 3649 2928 3719 Quicquid
2967 3663 3098 3718 ergo
3124 3647 3191 3702 de
3225 3654 3443 3717 peccato
3469 3645 3707 3714 dicitur,

2124 3752 2343 3793 necesse
2377 3747 2459 3793 est
2506 3739 2580 3792 ‘de
2625 3746 2797 3792 morte
2845 3738 3075 3791 dicatur.
3124 3734 3239 3790 Non
3285 3736 3405 3790 dico
3432 3734 3503 3790 de
3548 3738 3710 3801 omni

2123 3838 2318 3895 morte,
2355 3829 2450 3884 sed
2475 3837 2676 3882 tantum
2709 3828 2775 3883 de
2802 3827 2908 3889 illa,
2942 3842 3081 3897 quae
3106 3825 3347 3894 sequitur
3385 3836 3707 3895 peccatum.

2124 3918 2362 3974 Dicimus
2389 3919 2556 3985 enim,
2590 3917 2851 3972 morimur
2873 3923 3114 3987 peccato,
3146 3915 3197 3970 id
3218 3924 3321 3977 est,
3350 3915 3550 3970 merito
3577 3931 3713 3986 pec-

2124 4009 2231 4065 cati
2260 4008 2539 4065 morimur.
2568 4008 2699 4063 Item
2727 4008 2991 4069 morimur
3022 4014 3245 4077 peccato
3280 4005 3536 4071 dicimus,
3570 4009 3709 4064 dum

2124 4101 2333 4157 liberati
2381 4116 2411 4157 a
2453 4109 2676 4172 peccato
2703 4097 2949 4166 justitiae
2974 4098 3223 4153 vivimus.
3254 4096 3309 4152 Si
3350 4113 3483 4169 ergo
3524 4099 3713 4154 omnis

2125 4186 2331 4264 peccati
2375 4206 2536 4247 causa
2565 4206 2663 4245 nec
2708 4190 2762 4257 in
2802 4189 3157 4261 praescientia
3195 4187 3312 4251 Dei,
3345 4202 3445 4241 nec
3494 4187 3551 4241 in
3584 4189 3714 4258 ejus

2125 4278 2614 4357 praedestinatione
2628 4281 2697 4347 sit
2723 4282 3013 4337 constituta
3027 4280 3069 4346 ⁸,
3098 4277 3500 4334 evidentissime
3520 4279 3714 4335 omnis

449 4369 695 4440 quamvis
713 4369 830 4424 sine
855 4369 1014 4424 dubio
1036 4377 1357 4440 peccaturus
1400 4380 1560 4425 esset.
1592 4371 1707 4427 Non
1748 4374 1891 4428 enim
1924 4374 2021 4430 aii-
2049 4407 2098 4466 ι)
2127 4380 2339 4443 mortis,
2372 4390 2511 4446 quae
2538 4374 2781 4444 sequitur
2808 4383 3108 4445 peccatum,
3146 4372 3284 4427 sicut
3315 4371 3365 4424 in
3396 4369 3492 4424 Dei
3536 4386 3713 4441 prae-

450 4471 533 4516 ter
560 4461 612 4514 id
647 4459 883 4515 futurum
907 4476 1026 4516 esse
1055 4461 1375 4532 praescires.
1409 4462 1559 4519 Sicut
1581 4463 1763 4535 itaque
1791 4481 1894 4521 non
1916 4467 2020 4523 sibi

450 4553 805 4606 adversantur
829 4552 964 4607 haec
993 4553 1194 4620 duo,ut
1216 4565 1271 4609 tu
1292 4557 1644 4625 praescienlia
1674 4568 1761 4613 tua
1782 4560 2017 4628 noveris,

452 4644 593 4715 quod
617 4641 752 4699 alius
776 4659 872 4699 sua
903 4643 1177 4701 voluntate
1217 4645 1459 4705 facturus
1494 4658 1595 4715 est,
1633 4650 1709 4705 ita
1758 4651 1898 4708 Deus
1926 4667 2021 4709 ne-

455 4736 652 4790 minem
700 4733 769 4788 ad
815 4735 1144 4804 peccandum
1196 4737 1213 4768 ¹
1258 4751 1476 4809 cogens,
1518 4740 1796 4809 praevidet
1839 4750 2020 4800 tamen

457 4829 575 4879 eos,
599 4816 692 4886 qui
729 4819 946 4887 propria
974 4820 1249 4875 voluntate
1274 4825 1595 4890 peccabuut.
1622 4824 1734 4878 Cur
1760 4840 1889 4896 ergo
1918 4841 2023 4880 nou

459 4907 697 4963 vindicet
720 4911 925 4979 justus,
956 4928 1096 4983 quae
1120 4914 1233 4971 ﬁeri
1256 4931 1363 4971 non
1384 4918 1524 4986 cogit
1540 4918 2022 4985 praescius.‘Sicut

459 5004 605 5057 enim
641 5015 697 5059 tu
736 5008 999 5064 memoria
1050 5020 1139 5063 tua
1192 5026 1302 5066 non
1331 5012 1481 5081 cogis
1540 5010 1679 5066 facta
1711 5025 1854 5075 esse,
1882 5026 2022 5077 quae

462 5099 878 5165 praeterierunt,
906 5100 989 5156 sic
1027 5102 1169 5157 Deus
1191 5103 1551 5171 praescienlia
1578 5118 1675 5159 sua
1733 5117 1843 5157 non
1879 5102 2025 5174 cogit

461 5187 728 5254 peienda,
761 5207 896 5259 quae
921 5194 1102 5247 futura
1124 5192 1302 5265 [sunt]|
1333 5197 1376 5248 '.
1408 5194 1472 5249 Et
1495 5195 1635 5250 sicut
1658 5205 1712 5250 tu
1736 5197 2024 5266 quaedam,

2124 4468 2350 4525 scientia
2381 4482 2539 4520 causa
2571 4481 2675 4519 non
2704 4473 2809 4529 est,
2835 4464 2885 4517 in
2914 4461 3029 4530 ejus
3061 4460 3307 4515 similiter
3328 4460 3718 4529 praedestina-

2094 4560 2270 4620 .tione
2295 4574 2401 4614 non
2423 4572 2543 4613 esse
2571 4556 2928 4612 certissimum
2960 4566 3062 4610 est.
3090 4553 3346 4621 Quamvis
3384 4552 3564 4607 sancti
3608 4570 3717 4608 au-

2124 4659 2302 4706 ctores
2354 4648 2513 4704 modo
2572 4648 2802 4718 quodam
2843 4646 3098 4702 abusivae
3155 4644 3438 4700 locutionis
3489 4642 3719 4701 soleant

2126 4741 2309 4798 dicere
2343 4739 2774 4810 praedestinatos
2795 4739 2861 4792 ad
2890 4746 3139 4800 mortem,
3170 4736 3253 4791 vel
3284 4734 3593 4800 interitum,
3624 4736 3718 4792 vel

2132 4840 2384 4897 poenam,
2409 4826 2478 4881 de
2508 4840 2619 4896 quo
2648 4832 2854 4897 postea,
2888 4831 3054 4896 prout
3083 4822 3349 4879 Dominus
3384 4827 3713 4893 aperuerit,

2125 4917 2388 4973 dicemus.

2200 5012 2293 5069 iV.
2327 5012 2485 5067 Nunc
2534 5012 2750 5069 interim
2792 5013 3140 5074 considerare
3170 5010 3453 5076 debemus,
3486 5022 3720 5077 utrum,

2131 5106 2274 5161 sicut
2294 5104 2436 5161 Deus
2454 5122 2555 5161 nec
2574 5106 3063 5176 praescienlia,uec
3082 5101 3590 5172 praedestinatione
3612 5118 3727 5156 sua

2132 5197 2406 5253 nemiuem
2432 5195 2710 5267 compellit
2734 5208 2985 5266 peccare,
3010 5195 3082 5248 ita
3106 5193 3380 5248 nemiuem
3405 5194 3729 5262 compellat

1745 5310 1974 5367 VARUE
2015 5310 2417 5367 LECTIONES.

541 5405 556 5435 ¹
601 5406 672 5456 al.
706 5406 776 5457 ad
802 5412 1092 5473 pratulum.
1172 5407 1192 5436 ³
1220 5418 1337 5457 sum
1372 5420 1481 5458 um.
1516 5405 1663 5467 cod.,
1703 5407 1830 5460 add.
1868 5405 1938 5461 Μ.

462 5484 492 5526 c
515 5478 581 5527 ul.
616 5491 800 5527 causa.

2015 5406 2036 5437 ³
2054 5406 2123 5458 al.
2158 5408 2329 5460 malus
2356 5421 2462 5462 out.

874 5476 892 5501 "
926 5477 1015 5528 Sic
1050 5475 1196 5541 cud.,
1234 5491 1331 5544 pro
1359 5478 1421 5528 sit
1453 5487 1731 5530 constituta
1766 5479 1830 5531 Μ.
1860 5479 1930 5529 sic
1959 5484 2034 5528 est
2061 5474 2265 5543 futura.

2542 5406 2739 5463 ‘Corr.
2781 5404 2877 5475 DL,
2920 5409 3038 5465 cod.
3069 5410 3278 5465 recedit.
3356 5408 3377 5439 ⁸
3418 5405 3587 5463 Corr.
3632 5407 3720 5465 Μ.

1951 5569 2199 5628 NOTAE.

537 5671 563 5700 ι
606 5662 735 5730 ΑυίέΔ
780 5666 840 5717 dc
870 5665 1029 5722 libero
1064 5669 1284 5723 arbitrio
1311 5669 1397 5735 lii,
1434 5671 1484 5725 4.
