3904 6148
359 231 466 288 579

1709 225 1989 286 JOANNIS
2027 223 2225 283 SCOTI

3500 226 3629 283 580

361 356 540 401 autem
564 343 675 399 Deo
696 344 784 415 pie
808 344 992 409 servit,
1012 344 1117 400 nisi
1139 344 1231 414 qui
1253 343 1369 413 ejus
1388 345 1639 398 mandata
1664 344 1937 399 custodit?
1962 353 2010 408 Α
2038 354 2244 409 catum,
2282 343 2327 398 si
2372 357 2477 397 non
2528 341 2599 398 sit
2643 341 3001 398 voluntarium
3022 382 3037 409 ,
3080 350 3139 399 et
3163 344 3268 401 hoc
3291 345 3513 415 quidem
3542 344 3640 403 ita

349 435 433 496 'eit
459 439 581 508 quis
622 436 871 492 mandata
900 436 992 491 Dei
1023 435 1255 491 custodit
1283 435 1387 491 nisi
1411 435 1516 499 ille,
1545 435 1639 506 qni
1665 450 1753 501 ea,
1796 451 1936 505 quae

365 532 479 600 ipse
507 530 772 598 prohibet,
795 528 1069 591 abhorret,
1103 542 1169 582 ne
1190 526 1374 592 faciat,
1402 535 1454 582 et
1479 542 1564 590 ea,
1593 540 1735 596 quae
1756 525 1930 596 jubet,

368 617 656 681 desiderat,
682 624 757 670 ἐι
784 615 1083 675 contendit.
1110 624 1175 669 ut
1220 614 1404 680 faciat,
1434 614 1720 684 adjuvante
1760 616 1936 685 gratia

368 707 499 777 ejus,
529 709 645 760 sine
668 720 770 774 qua
798 703 930 758 nihil
948 704 1073 758 boni
1102 711 1276 773 potest
1297 703 1495 758 facere.
1527 703 1634 758 Sed
1661 704 1789 773 quid
1807 717 1940 773 pro-

369 796 532 858 hibet,
567 793 667 847 nisi
694 806 940 860 peccare,
959 800 1052 845 aut
1073 792 1199 861 quid
1221 790 1395 860 jubet,
1423 792 1523 845 nisi
1549 806 1654 846 non
1679 791 1939 861 peccare?

367 887 712 962 Supervacuo
736 894 915 941 autem
955 887 1333 957 prohiberetur
1365 888 1385 916 ¹
1418 886 1600 949 homo,
1647 899 1715 939 ne
1743 899 1938 954 pecca-

367 988 474 1032 tum
505 978 888 1038 committeret,
930 977 974 1031 si
1008 976 1125 1046 cjus
1163 976 1534 1031 committendi
1576 975 1801 1030 liberam
1834 990 1936 1044 po-

366 1076 609 1121 testatem
665 1082 768 1122 non
804 1068 1044 1121 haberet.
1078 1065 1193 1120 Non
1240 1066 1384 1120 enim
1424 1065 1764 1134 prohibetur,
1795 1065 1936 1133 quod

363 1175 468 1213 non
494 1167 671 1229 potest
707 1173 848 1213 esse.
885 1158 992 1211 Aut
1043 1172 1148 1226 qua
1176 1157 1388 1211 ratione
1421 1156 1701 1227 juberetur
1730 1156 1779 1211 ei
1829 1169 1938 1210 non

342 1234 616 1319 peccare,
660 1249 706 1304 si
762 1248 1071 1304 nullomodo
1114 1254 1296 1317 posset
1322 1247 1583 1317 peccare?
1612 1246 1744 1301 illud
1795 1246 1940 1300 enim

363 1338 507 1394 Dens
535 1338 720 1393 debuit
740 1337 952 1407 jubere,
982 1338 1123 1407 quod
1163 1345 1345 1407 posset
1371 1338 1532 1391 homo
1558 1335 1754 1392 facere.
1784 1335 1940 1403 Quod

368 1436 544 1482 autem
573 1441 679 1481 non
705 1435 887 1498 posset
930 1427 1092 1481 homo
1122 1427 1321 1492 facere,
1352 1429 1624 1498 quomodo
1669 1427 1812 1482 Deus
1854 1443 1943 1483 vo-

364 1515 457 1571 luit
483 1517 699 1589 jubere,
729 1534 836 1574 non
876 1519 1049 1574 video.
1077 1517 1381 1589 Siquidem,
1408 1529 1468 1574 ut
1494 1519 1677 1585 vultis,
1717 1519 1761 1574 si
1799 1519 1942 1575 Deus

376 1606 482 1663 tale
518 1605 748 1664 liberum
797 1610 1079 1665 arbitrium
1129 1610 1181 1664 in
1224 1611 1441 1665 homine
1491 1618 1733 1676 crearet,
1776 1619 1835 1665 ut
1875 1625 1942 1666 eo

2040 438 2388 494 manifestum
2414 444 2527 501 est,
2555 443 2616 490 ut
2643 436 2788 491 nulla
2834 436 2960 490 hinc
3000 436 3282 491 doctorum
3328 440 3637 508 paucitas,

2035 527 2184 581 nulla
2208 527 2552 582 indoctorum
2582 526 2743 581 turba
2771 526 3073 582 dissentiat.
3098 526 3278 595 Quare
3302 538 3395 583 aut
3416 545 3646 596 negan-

2036 618 2170 672 dum
2191 627 2273 675 est
2298 626 2586 688 peccatum
2612 617 2910 683 committi,
2940 625 3033 672 aut
3072 616 3347 673 fatendum
3378 625 3494 682 εει,
3524 633 3643 672 vo-

2036 707 2242 761 luntate
2269 707 2552 762 committi.
2599 705 2716 762 Non
2752 716 2935 762 autem
2968 715 3118 763 recte
3153 717 3315 778 negat
3358 722 3646 778 peccasse

2038 790 2306 863 aniuiam,
2337 799 2428 867 qui
2447 806 2510 853 et
2531 798 2856 869 poeuitendo
2882 815 3003 854 eam
3032 800 3232 870 corrigi
3256 799 3280 831 ³
3306 801 3550 863 fatetur,
3582 809 3648 855 et

2038 885 2247 939 veniam
2282 886 2579 955 poenitenti
2602 886 2739 951 dari,
2758 894 2813 939 et
2832 898 3270 956 perseverantem
3296 888 3350 942 in
3379 890 3648 958 peccatis

2034 973 2180 1044 justa
2202 975 2295 1029 Dei
2318 974 2437 1045 lege
2462 974 2488 1005 ‘
2510 974 2775 1030 damnari.
2798 974 3102 1043 Postremo,
3129 977 3174 1031 si
3201 993 3309 1033 non
3339 979 3650 1037 voluntate

2039 1062 2180 1118 male
2208 1061 2458 1129 facimus,
2489 1079 2647 1120 nemo
2686 1055 3053 1136 obiurgandus
3077 1066 3329 1136 omnino,
3374 1079 3473 1124 aut
3505 1086 3647 1125 mo-

2039 1153 2248 1208 nendus
2276 1160 2392 1218 est;
2420 1154 2617 1223 quibus
2642 1155 2867 1210 sublatis
2896 1152 3203 1212 Christiana
3255 1159 3338 1214 lex
3368 1167 3426 1215 et
3455 1161 3647 1217 disci-

2037 1240 2183 1310 plina
2206 1244 2383 1297 omnis
2410 1242 2686 1312 religionis
2717 1243 2997 1299 auferatur
3020 1261 3243 1302 necesse
3274 1256 3380 1303 est.
3416 1248 3645 1304 Volun-

2043 1339 2154 1387 tate
2176 1346 2307 1402 ergo
2335 1343 2615 1401 peccatur,
2641 1340 2697 1387 et
2725 1333 2981 1402 quoniam
3014 1336 3229 1405 peccari
3257 1352 3363 1392 non
3396 1338 3645 1392 dubium

2041 1430 2142 1485 est,
2175 1436 2277 1476 nec
2306 1423 2410 1477 hoc
2436 1421 2651 1490 quidem
2680 1423 3033 1479 dubitandum
3052 1424 3241 1493 'video,
3278 1427 3485 1482 habere
3511 1430 3646 1482 ani-

2042 1524 2158 1566 mas
2181 1511 2406 1566 liberum
2438 1512 2730 1567 voluntatis
2752 1513 3071 1581 arbitrium;
3103 1514 3237 1569 tales
3259 1517 3406 1571 enim
3436 1532 3647 1572 servos

2044 1618 2170 1659 suos
2216 1602 2463 1657 meliores
2505 1617 2627 1658 esse
2655 1603 2797 1659 Deus
2837 1603 3117 1673 judicavit,
3161 1606 3208 1660 si
3255 1607 3303 1661 ei
3350 1608 3647 1663 servirent

373 1708 576 1756 tantum
601 1715 705 1755 non
734 1716 957 1771 peccare
981 1712 1180 1772 posset,
1203 1716 1270 1756 eo
1296 1716 1422 1757 vero
1448 1716 1675 1771 peccare
1698 1716 1804 1757 non
1826 1717 1946 1772 pos-
1976 1692 2018 1751 Β
2045 1694 2372 1761 liberaliter;
2402 1695 2545 1764 quod
2575 1694 2720 1749 nullo
2749 1698 2909 1751 modo
2934 1695 3049 1751 ﬁeri
3071 1705 3277 1767 posset,
3307 1698 3353 1753 si
3382 1715 3497 1755 non
3534 1715 3642 1756 vo-

365 1804 471 1853 set,
531 1791 801 1860 quomodo
856 1807 1020 1846 unum
1076 1791 1372 1861 prohibuit,
1438 1792 1492 1846 id
1537 1800 1642 1858 est,
1691 1807 1941 1863 peccare,

367 1895 512 1944 quia,
550 1879 650 1935 etsi
694 1894 802 1935 non
836 1879 1238 1951 prohiberetur,
1272 1896 1379 1935 non
1431 1889 1601 1947 esset,
1651 1882 1793 1951 quod
1824 1896 1947 1937 esse

369 1966 486 2040 lege
515 1980 743 2026 naturae
772 1985 878 2025 non
928 1971 1137 2026 sinente
1175 1986 1281 2026 non
1311 1979 1516 2041 posset,
1547 1970 1777 2026 alterum
1816 1985 1946 2027 vero

370 2060 638 2127 quomodo
672 2060 837 2130 jussit
883 2061 924 2125 ⁸,
977 2060 1079 2114 hoc
1108 2068 1210 2123 est,
1260 2074 1366 2114 non
1409 2074 1654 2129 peccare,
1698 2059 1942 2130 quando-

372 2148 609 2217 quidem,
637 2152 681 2204 si
716 2166 820 2204 non
852 2149 1155 2219 juberetur,
1185 2157 1246 2204 ut
1269 2149 1445 2214 fieret,
1467 2149 1777 2205 necessario
1815 2147 1944 2204 fuis-

372 2239 488 2292 set?
516 2239 570 2292 Si
602 2241 742 2293 enim
770 2253 993 2308 peccare
1018 2255 1122 2294 non
1149 2248 1331 2308 posset
1351 2239 1587 2295 naturali
1615 2239 1664 2294 vi
1696 2247 1943 2311 cogente,

371 2345 479 2401 quo
505 2342 661 2401 pacto
687 2333 977 2402 peccaret?

442 2421 534 2475 ιχ.
563 2420 659 2476 His
677 2436 805 2490 ergo
828 2422 1127 2477 rationibus
1144 2423 1445 2478 confectum
1467 2431 1569 2489 est,
1585 2425 1750 2479 Deum
1772 2423 1947 2492 primo

376 2510 578 2565 homini
613 2510 771 2565 talem
812 2511 1140 2567 voluntatem
1186 2521 1244 2567 et
1284 2511 1522 2577 dedisse,
1552 2520 1607 2566 et
1651 2512 1703 2565 in
1739 2527 1805 2566 eo
1825 2525 1944 2567 eam

372 2600 685 2656 condidisse
734 2602 788 2654 in
831 2609 1038 2656 tantum
1083 2601 1332 2666 liberam,
1378 2610 1438 2656 ut
1484 2606 1583 2672 p‘er
1615 2617 1736 2657 eam
1763 2609 1947 2672 posset

376 2708 623 2764 peccare,
654 2704 835 2764 posset
861 2709 966 2747 non
996 2709 1243 2764 peccare,
1277 2695 1418 2750 sicut
1443 2695 1615 2765 potuit
1642 2694 1778 2748 mori
1803 2733 1819 2759 ,
1845 2708 1946 2764 po-

377 2783 479 2837 tuit
508 2797 610 2836 non
640 2783 797 2837 mori.
830 2782 1060 2838 Proinde
1086 2784 1315 2853 primum
1348 2785 1659 2838 mandatum
1690 2784 1742 2837 in
1770 2783 1948 2838 medio

378 2874 725 2950 constitutum
756 2883 841 2929 est
871 2874 1010 2929 inter
1029 2876 1357 2945 peccandum
1381 2884 1435 2931 et
1455 2891 1560 2929 non
1593 2875 1943 2953 peccandum.

378 2962 555 3019 Unum
589 2965 733 3018 enim
760 2965 1072 3034 prohibuit,
1117 2966 1260 3035 quod
1290 2965 1404 3021 ﬁeri
1439 2966 1689 3021 libertate
1720 2974 1947 3020 naturae

378 3054 582 3125 potuit;
616 3054 844 3109 alterum
868 3055 1049 3124 jussit,
1079 3057 1222 3125 quod
1254 3056 1368 3111 ﬁeri
1406 3065 1462 3111 et
1502 3066 1717 3123 natura,
1742 3065 1797 3110 et
1824 3071 1947 3128 gra-
1974 3035 2019 3098 (ἶ

379 3145 451 3198 tia
479 3159 583 3198 non
612 3145 845 3214 negavit,
878 3154 957 3210 ut,
987 3146 1032 3200 si
1073 3146 1121 3200 ei
1163 3146 1384 3201 obedire
1422 3146 1602 3211 vellet,
1627 3147 1772 3217 juste
1818 3145 1842 3178 ³
1869 3146 1947 3200 vi-

377 3244 490 3289 tam
521 3235 736 3289 beatam
767 3236 1054 3304 reciperet,
1097 3235 1179 3288 sin
1226 3251 1357 3290 vero
1383 3235 1513 3289 illud
1539 3244 1945 3302 contemneret,

374 3325 519 3394 juste
543 3324 779 3378 debitam
805 3333 1031 3379 mortem
1059 3325 1393 3395 subindeque
1421 3326 1696 3380 miseriam
1720 3326 1945 3381 subiret.

380 3416 529 3481 Quae
557 3431 679 3469 cum
720 3416 793 3469 ita
837 3416 978 3481 sint,
1011 3416 1189 3471 nullus
1232 3416 1661 3473 Christianorum
1701 3419 1952 3474 dubitare

381 3505 560 3568 debet,
590 3505 755 3559 Deum
806 3506 1172 3561 universitatis
1215 3509 1546 3563 conditorem
1593 3509 1810 3564 dedisse
1848 3511 1948 3564 ho-

382 3595 511 3650 mini
536 3595 760 3673 liberum
786 3597 1089 3663 arbitrium,
1114 3598 1165 3652 id
1190 3609 1292 3664 est,
1314 3599 1631 3655 electionem
1664 3602 1779 3656 sive
1800 3601 1947 3669 boni,

382 3688 497 3743 sive
526 3686 674 3756 mali,
703 3701 800 3741 nec
823 3687 978 3741 aliter
998 3703 1120 3742 eum
1151 3688 1281 3743 dare
1305 3690 1575 3756 debuisse,
1607 3690 1709 3745 nisi
1732 3692 1951 3747 omnino

382 3776 634 3842 liberum,
667 3792 732 3848 eo
759 3776 963 3831 scilicet
1000 3785 1054 3831 et
1098 3785 1529 3845 monstraturus,
1579 3781 1707 3850 quid
1758 3781 1813 3836 in
1862 3783 1953 3837 ho-

384 3869 529 3924 mine
574 3868 907 3938 praevaleret
943 3878 1134 3924 natura
1182 3871 1296 3925 sine
1343 3872 1540 3942 gratia,
1595 3872 1722 3941 quid
1776 3874 1948 3940 gratia

385 3967 565 4029 posset
604 3959 656 4013 in
687 3968 901 4024 natura,
935 3960 1062 4029 quid
1080 3958 1329 4027 .justitiae
1366 3962 1640 4027 meritum,
1671 3963 1799 4032 quid
1827 3977 1953 4032 pec-

386 4049 514 4113 cati,
538 4048 667 4120 quid
713 4049 903 4103 deinde
945 4063 1074 4104 suae
1105 4050 1388 4105 inetfabilis
1433 4051 1699 4122 largitatis
1727 4051 1951 4119 donum,

387 4140 440 4194 in
470 4148 702 4205 tantum,
729 4147 789 4192 ut
817 4139 1063 4209 quisquis
1082 4140 1317 4194 libertati
1345 4140 1552 4195 arbitrii
1580 4142 1822 4212 deroget,
1860 4154 1951 4198 aut

388 4231 710 4296 minuendo,
741 4237 832 4285 aut
857 4231 1071 4300 penitus
1098 4229 1390 4286 auferendo
1411 4270 1425 4294 ,
1456 4241 1548 4284 aut
1576 4230 1955 4301 blaspheman-

388 4321 457 4375 do
478 4320 528 4385 ‘,
556 4336 678 4376 eum
720 4322 881 4376 totius
903 4319 1244 4376 Christianae
1267 4321 1579 4390 disciplinae
1600 4321 1954 4391 proculdubio

2043 1786 2277 1854 luntate,
2303 1787 2398 1842 sed
2425 1786 2749 1843 necessitate
2778 1787 3045 1842 servirent
3074 1808 3093 1839 ι
3120 1800 3170 1842 ι.

2579 1937 2970 1999 (ΞΔΡΙΤΗΒΗΗ
3009 1942 3094 2000 VI.
3138 1970 3143 1973 -

2045 2058 2122 2113 De
2140 2074 2199 2114 eo
2220 2057 2358 2130 quod
2383 2072 2484 2112 non
2515 2056 2726 2130 aliunde
2748 2056 2812 2130 sit
2844 2073 2992 2130 omne
3014 2064 3279 2130 peceatum
3297 2096 3312 2123 ,
3336 2054 3439 2111 nisi
3460 2055 3645 2114 libero

2418 2128 2662 2198 propriae
2689 2126 2968 2181 minutalia
3003 2126 3242 2181 arbitrio.

2113 2237 2153 2293 l.
2179 2238 2515 2294 Firmissime
2550 2237 2715 2308 igitur
2739 2237 3052 2302 tenendum,
3084 2235 3286 2292 nullum
3313 2248 3636 2308 peccatum,

2045 2327 2148 2383 hoc
2185 2335 2270 2382 est
2302 2325 2669 2391 malefactum,
2685 2325 2995 2396 nullamque
3018 2326 3133 2396 ejus
3158 2341 3382 2396 poenam
3404 2326 3645 2383 aliunde

2044 2420 2215 2485 nasci,
2245 2419 2349 2474 nisi
2391 2420 2608 2489 propria
2646 2418 2882 2474 hominis
2925 2418 3228 2483 voluntate,
3261 2419 3431 2474 libero
3480 2420 3646 2476 male

2046 2513 2247 2567 utentis
2269 2512 2494 2567 arbitrio
2517 2512 2564 2566 ι».
2605 2511 2789 2581 Neque
2816 2511 2960 2566 enim
2995 2510 3148 2565 aliter
3175 2509 3290 2566 ﬁeri
3317 2524 3446 2566 vera
3480 2516 3646 2568 ratio

2046 2603 2272 2657 invenit.
2313 2600 2478 2672 Cujus
2517 2602 2595 2656 rei
2638 2601 3008 2656 ostendendae
3047 2615 3208 2655 causa
3253 2601 3512 2656 utendum
3549 2609 3648 2658 est

2047 2708 2112 2749 eo
2136 2702 2482 2763 argumento,
2514 2692 2658 2761 quod
2705 2691 2936 2746 sumitur
2965 2705 2995 2743 a
3039 2689 3446 2759 comparatione
3471 2690 3524 2744 ⁷.
3577 2689 3646 2748 Si

2047 2784 2280 2839 humana
2311 2783 2560 2838 voluntas
2585 2791 2668 2838 est
2709 2781 3001 2837 secundum
3035 2790 3282 2835 naturam
3304 2822 3319 2846 ,
3349 2781 3492 2836 unde
3530 2784 3648 2838 du-

2047 2875 2223 2930 bitare
2266 2874 2641 2930 stultissimum
2666 2914 2680 2939 ,
2732 2872 2862 2928 nulli
2905 2872 3144 2938 dubium,
3190 2886 3307 2926 eam
3351 2888 3458 2927 non
3499 2887 3648 2931 esse

2049 2980 2316 3020 summam
2363 2965 2603 3020 omnium
2652 2965 3020 3029 voluntatem,
3069 2979 3134 3019 eo
3183 2963 3415 3019 maxime
3461 2979 3645 3036 argu-

2050 3063 2254 3120 mento,
2282 3054 2423 3123 quod
2454 3052 2726 3108 mutabilis
2752 3052 2841 3107 sit.
2872 3053 2928 3107 Si
2962 3053 3107 3107 enim
3138 3068 3348 3107 summa
3379 3055 3643 3111 omnium

2050 3153 2213 3209 esset,
2255 3143 2522 3213 quomodo
2567 3142 2839 3198 mutabilis
2879 3157 2999 3197 esse
3040 3145 3253 3213 posset?
3294 3144 3409 3199 Non
3458 3147 3646 3217 igitur

2052 3234 2286 3291 summa.
2310 3234 2574 3302 Quoniam
2598 3248 2727 3289 vero
2749 3248 2866 3289 eam
2891 3234 3118 3290 rationis
3143 3251 3385 3292 summae
3403 3238 3645 3306 partici-

2051 3342 2173 3398 pem
2202 3341 2322 3382 esse
2346 3326 2619 3391 videmus,
2665 3326 2911 3381 dubitare
2955 3342 3061 3381 non
3108 3342 3410 3397 possumus,
3447 3329 3647 3399 ipsam

2054 3414 2373 3471 rationalem
2419 3413 2773 3471 substantiam
2809 3430 2948 3471 esse.
2990 3415 3221 3483 Deinde,
3266 3418 3310 3472 si
3343 3419 3648 3478 rationalis

2055 3519 2247 3563 natura
2298 3506 2663 3563 irrationalem
2708 3508 2901 3563 merito
2934 3509 3240 3577 praecedit,
3271 3511 3541 3580 sequitur,
3579 3521 3648 3567 ut

2054 3599 2334 3657 rationalis
2367 3607 2557 3653 natura
2590 3598 2873 3654 mutabilis
2914 3599 3093 3654 minor
3138 3600 3209 3654 sit
3254 3600 3501 3655 rationali
3554 3602 3651 3656 in-

2055 3689 2420 3747 commutabili
2448 3690 2502 3755 ⁸,
2533 3688 2703 3759 major
2736 3705 2865 3746 vero
2909 3688 3204 3744 irrationali
3252 3689 3645 3760 mutabilique.

2056 3782 2333 3839 Summam
2361 3781 2526 3852 igitur
2549 3781 2789 3837 omnium
2826 3781 3062 3836 divinam
3091 3782 3423 3837 voluntatem
3459 3783 3650 3838 nullo-

2056 3872 2216 3927 modo
2240 3870 2503 3927 voluntati
2535 3869 2809 3937 rationali,
2839 3885 2998 3939 quam
3032 3871 3253 3937 creavit,
3279 3873 3364 3927 vel
3392 3875 3649 3932 suasisse

2055 3977 2307 4034 peccare,
2347 3961 2430 4016 vel
2470 3975 2591 4015 eam
2631 3960 2873 4030 coegisse
2916 3960 2984 4014 ad
3028 3960 3377 4031 peccandum,
3405 3964 3648 4021 credere

2057 4054 2333 4110 debemus.
2377 4050 2711 4106 lrrationalis
2742 4065 2871 4105 vero
2898 4050 3145 4105 voluntas
3167 4091 3182 4117 ,
3223 4050 3364 4106 sicut
3406 4062 3488 4108 est
3519 4057 3650 4111 ani-

2057 4144 2297 4207 malium,
2323 4140 2593 4213 quomodo
2613 4140 2889 4197 meliorem
2919 4156 2978 4195 se
3008 4140 3332 4196 voluntatem
3369 4141 3646 4213 vinceret,

2058 4235 2379 4304 praesertim
2417 4248 2538 4288 cum
2584 4231 2696 4301 ipsa
2727 4245 2952 4301 peccare
2981 4245 3089 4285 non
3118 4231 3288 4301 possit
3313 4246 3508 4289 carens
3550 4252 3650 4290 ra-

2062 4324 2244 4379 tione?
2271 4322 2550 4390 Quomodo
2590 4321 2765 4391 potuit
2792 4328 2884 4374 aut
2923 4321 3180 4387 suadere,
3212 4329 3305 4374 aut
3340 4336 3539 4393 cogere
3571 4326 3650 4379 ad

391 4414 667 4468 inimicum
704 4422 760 4469 et
784 4414 963 4468 divina
998 4421 1055 4469 et
1077 4414 1308 4467 humana
1337 4414 1622 4468 convincat
1641 4414 1952 4469 auctoritas.
1983 4400 2035 4459 D
2061 4415 2395 4488 peccandum
2425 4412 2702 4468 fortiorem
2733 4426 2792 4467 se
2819 4411 3177 4477 voluntatem,
3206 4411 3415 4468 ratione
3435 4414 3650 4485 quippe

393 4503 527 4558 Hinc
550 4504 880 4574 Augustinus
909 4505 963 4559 in
990 4504 1128 4559 libro
1152 4505 1220 4560 de
1254 4519 1380 4558 vera
1418 4504 1714 4575 religione:
1749 4525 1768 4557 ι
1803 4505 1959 4562 Defe-

392 4596 878 4659 ctusautcmistet,
907 4596 1002 4661 ait,
1024 4615 1044 4648 ι
1063 4596 1155 4666 qui
1186 4605 1462 4664 peccatum
1487 4605 1729 4663 vocatur,
1757 4597 1803 4652 si
1835 4607 1956 4652 tan-

393 4699 553 4753 quam
580 4682 748 4739 febris
775 4684 1004 4738 invitum
1032 4694 1362 4753 occuparet,
1392 4696 1537 4741 recte
1566 4686 1761 4755 injusta
1787 4701 1961 4756 poena

386 4770 684 4839 ‘videretur,
736 4788 876 4845 quae
922 4782 1236 4844 peccantem
1291 4777 1670 4845 consequitur,
1717 4785 1775 4831 et
1822 4790 1963 4846 quae

395 4864 665 4919 damnatio
690 4870 1051 4933 nuncupatur.
1080 4864 1231 4920 Nunc
1256 4878 1386 4919 vero
1413 4878 1584 4934 usque
1606 4864 1740 4921 adeo
1768 4879 1962 4934 pecca-

398 4960 510 5007 tum
539 4954 898 5008 voluntarium
924 4950 1123 5007 malum
1148 4962 1250 5019 est,
1279 4961 1339 5007 ut
1367 4951 1513 5007 nullo
1541 4953 1702 5009 modo
1731 4952 1803 5008 sit
1830 4964 1961 5022 pec-

2064 4503 2341 4560 utentem?
2369 4503 2557 4557 Restat
2580 4517 2681 4572 par
2701 4500 2817 4570 ejus
2844 4501 3126 4567 voluntas,
3174 4516 3332 4571 quae,
3364 4503 3409 4557 si
3454 4504 3650 4574 aliqua

2063 4602 2167 4661 est,
2192 4602 2285 4648 aut
2312 4592 2443 4647 vitio
2468 4600 2637 4656 caret,
2663 4601 2753 4646 aut
2782 4592 2969 4646 vitiata
3002 4600 3104 4646 est.
3149 4590 3261 4647 Sed
3293 4592 3339 4647 si
3379 4593 3513 4647 vitio
3543 4611 3648 4648 ca-

2064 4694 2201 4750 reat,
2221 4683 2490 4754 quomodo
2513 4682 2596 4737 vel
2619 4683 2865 4747 suadere,
2885 4682 2972 4737 vel
3001 4670 3193 4753 cogere
3220 4690 3421 4753 potest,
3444 4686 3650 4742 vilium

2066 4775 2183 4830 fieri
2227 4774 2281 4829 in
2329 4788 2424 4829 sua
2464 4772 2582 4842 pari
2625 4771 2935 4828 voluntate?
2975 4768 3129 4826 Nulla
3175 4772 3321 4826 enim
3364 4773 3650 4841 voluntas,

2066 4878 2259 4921 carens
2293 4863 2528 4930 vitio,.in
2562 4861 2666 4916 alia
2696 4861 2970 4916 voluntate
2994 4860 3181 4916 vitium
3207 4860 3388 4916 efﬁcit.
3420 4861 3482 4918 Si
3511 4879 3651 4920 vero

2065 4953 2255 5008 vitiata
2290 4960 2406 5021 est,
2441 4966 2551 5008 non
2577 4958 2695 5007 erat
2728 4964 2827 5021 par
2868 4950 3138 5007 humanae
3178 4949 3474 5007 voluntatis
3516 4962 3652 5010 ante

1674 5078 1919 5144 ,VARIIE
1947 5075 2348 5133 LECTIONES.

470 5175 485 5206 ¹
511 5170 774 5244 Siccod.,
796 5171 865 5227 Μ.
886 5172 1209 5244 prohibetur.
1287 5177 1306 5207 '
1328 5172 1645 5244 Cod.imit;
1671 5173 1751 5244 sic
1777 5187 2014 5240 semper.
2090 5170 2113 5203 ³
2133 5170 2223 5244 Sic
2245 5169 2391 5236 cod.,
2414 5167 2484 5244 ll.
2504 5179 2553 5224 et
2575 5169 2738 5244 iuste.
2810 5168 2834 5202 ⁸
2854 5168 2989 5244 god.
3013 5168 3439 5244 blasphemando.
3494 5170 3525 5244 '_
3537 5168 3645 5244 Sic

398 5244 548 5303 cod..
568 5242 638 5297 bl.
669 5245 861 5316 corrigi
884 5239 1030 5316 eam:
1073 5245 1120 5316 _'
1147 5245 1236 5316 Sic
1261 5244 1408 5304 cod..
1435 5243 1505 5296 M.
1526 5244 1668 5316 infra
1698 5239 2080 5316 Dei_legem_,_et
2100 5241 2168 5295 ad
2196 5256 2367 5311 marg.
2391 5241 2571 5295 adscr.
2594 5241 2667 5295 al.
2691 5240 2832 5296 iusta
2854 5239 2950 5294 Dei
2970 5239 3096 5313 lege.
3172 5243 3192 5275 '
3213 5239 3306 5296 Sic
3328 5240 3481 5307 cod..
3506 5240 3581 5295 ιι.
3607 5256 3647 5297 ι

402 5317 479 5366 rei
505 5330 606 5369 cun
630 5311 936 5382 paratione.
1010 5312 1033 5345 ⁸
1060 5313 1191 5370 Cod.
1222 5313 1651 5377 incommotabili,
1682 5313 1761 5367 sic
1790 5311 1905 5365 fere
1938 5312 2158 5380 ubique.

1927 5407 2177 5465 NOTAE.

467 5514 494 5573 φ
533 5503 876 5573 Augustinus
907 5503 969 5555 de
1007 5517 1126 5556 vera
1168 5501 1318 5570 relig.
1343 5541 1356 5564 ,
1398 5517 1517 5571 cap.
1560 5502 1645 5560 14.

471 5572 498 5611 ιι
530 5572 1230 5642 Antinoivertas,pccc.itutn
1250 5572 1469 5637 quidem
1495 5575 1709 5643 pmpria
1729 5572 1965 5631 hominis

2067 5504 2346 5574 voluntate
2371 5502 2776 5574 nasci,poenam
2802 5516 2931 5559 vero
2952 5500 3069 5573 ejus
3092 5516 3123 5558 ι
3150 5499 3259 5559 Deo
3278 5500 3426 5573 justo
3446 5499 3645 5574 judico

2067 5571 2318 5641 irrogari.
2345 5573 2430 5628 Cf.
2464 5571 2633 5628 Prud.
