3904 6148
237 234 328 288 ΞΜ

1299 237 1360 292 l.l
1373 237 1504 292 BER
1538 241 1622 292 DE
1656 239 1738 294 PR
1751 235 2377 293 AEDESTINATIONE.

3334 237 3444 293 383

244 361 522 422 peccatum.
549 351 734 405 Melior
763 364 843 408 est
887 356 1029 408 enim
1065 356 1243 411 omnis
1271 361 1522 413 voluntas
1583 375 1776 413 corru-
1803 359 1850 416 Δ
1879 359 2013 414 mihi
2038 360 2410 415 videnturhoc
2435 374 2542 413 uno
2562 373 2760 430 genere
2781 357 3199 422 contineri,cnm
3215 360 3446 429 quisque

231 444 407 513 ,ptione
432 459 618 499 carens
653 459 716 498 ea
763 461 870 501 non
925 457 1168 503 carente.
1197 449 1556 506 Coricluditur
1601 451 1782 506 omnis

247 543 492 598 malefacti
529 542 762 607 occasio,
801 553 1086 610 poenaque
1109 537 1226 608 ejus
1251 538 1459 605 omnis,
1490 538 1547 593 in
1569 552 1784 607 propria

239 639 457 692 hominis
483 635 777 692 voluntate.

302 727 358 780 ll.
386 727 511 780 Hinc
535 725 864 794 Augustinus
885 724 938 778 in
965 725 1140 794 primo
1167 723 1307 777 libro
1354 723 1420 777 de
1442 722 1611 776 libero
1637 722 1784 777 arbi-

238 821 359 873 trio:
385 837 404 868 ‹
430 817 567 887 Ergo
596 816 938 884 relinquitur,
963 823 1043 879 ut,
1075 815 1326 883 quoniam
1353 813 1594 883 regnanti
1619 812 1784 867 menti

241 907 555 975 compotique
583 905 799 959 virtutis
823 904 1078 973 quicquid
1103 919 1223 973 par,
1248 910 1337 955 aut
1362 902 1658 971 praelatum
1679 908 1780 967 est,

240 1013 331 1052 non
365 1011 480 1051 eam
529 995 659 1051 facit
707 1009 916 1048 servam
951 994 1188 1048 libidinis
1232 1001 1450 1062 propter
1485 991 1778 1060 justitiam,

241 1087 467 1155 quicquid
511 1093 690 1139 autem
734 1083 962 1138 inferius
1001 1092 1109 1148 est,
1140 1099 1244 1137 non
1275 1083 1448 1152 possit
1472 1082 1573 1136 hoc
1604 1080 1782 1135 facere

237 1185 432 1246 propter
455 1175 846 1237 infirmitatem,
891 1175 1032 1228 sicut
1059 1188 1141 1236 ea,
1176 1174 1312 1242 quae
1353 1172 1495 1225 inter
1525 1185 1622 1225 nos
1651 1184 1784 1224 con-

237 1265 487 1328 stiterunt,
515 1264 731 1328 docent,
765 1261 909 1316 nulla
952 1277 1039 1316 res
1075 1261 1180 1314 alia
1209 1268 1440 1314 mentem
1470 1257 1786 1329 cupiditatis

237 1354 464 1409 comitem
508 1352 703 1415 faciat,
746 1366 904 1420 quam
934 1350 1149 1419 propria
1187 1349 1434 1404 voluntas
1471 1356 1525 1404 et
1553 1348 1782 1404 liberum

236 1442 517 1507 arbitrium,
553 1441 805 1511 justeque
850 1439 992 1493 illam
1029 1454 1127 1507 pro
1154 1447 1377 1508 peccato
1407 1443 1556 1492 tanto
1583 1452 1782 1507 poenas

233 1531 461 1602 pendere.
492 1528 631 1597 Quid
661 1527 846 1582 enim?
885 1526 1019 1580 Num
1049 1527 1161 1596 ipsa
1186 1541 1358 1595 poena
1398 1541 1564 1596 parva
1598 1527 1784 1581 existi-

226 1619 401 1674 manda
425 1626 530 1684 est,
557 1617 698 1686 quod
729 1617 780 1670 ei
803 1615 970 1670 libido
995 1615 1320 1680 dominatur,
1351 1615 1781 1684 expoliatamque

231 1710 423 1763 virtutis
463 1708 740 1788 opulentia
785 1721 883 1776 per
923 1707 1132 1762 diversa
1174 1706 1408 1778 inopem,
1440 1715 1602 1774 atque
1645 1708 1781 1761 indi-

231 1812 420 1872 gentem
449 1802 659 1865 trahit,
702 1814 843 1854 nunc
886 1797 1020 1854 falsa
1065 1813 1164 1868 pro
1192 1799 1332 1853 veris
1373 1799 1779 1867 approbantem,

231 1909 354 1947 nunc
379 1893 542 1948 etiam
565 1891 1001 1954 defensitantem,
1026 1904 1168 1943 nunc
1199 1890 1612 1959 improbantem,
1641 1906 1782 1958 «inae

232 1994 365 2039 antea
408 1984 777 2054 probavisset,
821 1990 877 2036 et
926 1979 1277 2036 nihilominus
1328 1981 1344 2011 ¹
1391 1980 1445 2034 in
1495 1980 1598 2035 alia
1646 1980 1780 2036 falsa

233 2074 497 2126 irruentem
518 2113 533 2136 ,
565 2087 708 2126 nunc
750 2071 1113 2126 assensionem
1145 2069 1561 2138 suspendentem
1605 2085 1778 2134 suam,

229 2173 275 2217 et
297 2163 605 2232 plerumque
647 2160 960 2232 perspicuas
1004 2160 1445 2214 ratiocinationes
1487 2157 1781 2213 formidan-

231 2265 340 2321 tem,
365 2271 506 2310 nunc
531 2255 910 2323 desperantem
942 2252 1008 2307 de
1032 2259 1145 2306 tota
1175 2251 1485 2306 inventione
1509 2250 1777 2314 veritatis,

227 2354 272 2399 et
311 2345 564 2400 stultitiae
614 2343 853 2398 tenebris
905 2342 1119 2411 penitus
1174 2340 1579 2404 inhaerentem,
1636 2355 1778 2394 nunc

228 2447 488 2491 conantem
539 2436 592 2490 in
629 2434 812 2489 lucem
858 2433 1210 2503 intelligendi,
1241 2446 1537 2500 rursusque
1583 2430 1776 2500 fatiga-

228 2528 352 2584 tione
400 2527 772 2589 decidentem,
819 2541 938 2579 cum
995 2525 1200 2579 interea
1247 2523 1601 2594 cupiditatum
1649 2521 1778 2574 illud

225 2633 424 2690 regnum
470 2618 758 2690 tyrannice
798 2617 1035 2682 saeviat,
1087 2623 1140 2671 et
1168 2615 1334 2669 variis
1383 2612 1777 2681 contrariisque

226 2712 614 2781 tempestatibus
635 2718 806 2764 totum
828 2708 1060 2764 hominis
1078 2709 1314 2762 animum
1334 2746 1348 2771 ,
1374 2707 1643 2774 vitamque
1663 2721 1778 2774 per-

224 2801 420 2855 turbet?
445 2800 587 2854 Hinc
614 2799 825 2863 timore,
857 2797 978 2853 inde
1004 2795 1291 2860 desiderio,
1322 2794 1448 2848 hinc
1478 2793 1772 2858 anxietate,

225 2887 330 2944 inde
351 2889 494 2944 inani
521 2885 766 2956 falsaque
799 2884 1032 2949 laetitia,
1070 2884 1198 2938 hinc
1229 2882 1473 2938 cruciatu
1501 2881 1580 2937 rei
1607 2881 1774 2936 amis-

225 2993 326 3043 sae,
369 2995 508 3050 quae
561 2978 906 3049 diligebatur,
953 2977 1075 3032 inde
1119 2963 1312 3030 ardore
1365 2972 1773 3042 adipiscendae,

227 3083 347 3140 quae
371 3086 474 3125 non
511 3069 834 3133 habebatur,
864 3067 990 3122 hinc
1017 3071 1270 3133 acceptae
1310 3061 1538 3131 injuriae
1577 3061 1774 3116 dolori-

225 3160 326 3224 bus,
355 3161 473 3216 inde
501 3158 716 3214 facibus
742 3156 1112 3219 vindicandae,
1144 3167 1573 3225 quaquaversum
1600 3159 1776 3222 potest

231 3257 454 3304 coartare
485 3250 507 3279 ³
552 3246 802 3312 avaritia,
853 3243 1117 3314 dissipare
1147 3241 1432 3306 'luxuria,
1485 3238 1718 3309 adjicere
1751 3236 1772 3268 ⁸

226 3340 422 3394 ambitio
441 3381 456 3404 ,
483 3338 678 3392 inﬂare
709 3335 960 3406 superbia
980 3375 994 3399 ,
1026 3343 1276 3403 torquere
1308 3332 1537 3394 invidia,
1572 3330 1774 3386 desidia

226 3429 446 3499 scpelire,
476 3426 786 3498 pervicacia
813 3424 1104 3490 concitare,
1131 3424 1388 3479 afﬂictare
1417 3423 1696 3492 subjectio,
1721 3431 1778 3477 et

224 3529 556 3591 quaecunQue
574 3519 676 3572 alia
696 3516 1106 3572 innumerabilia
1127 3531 1352 3586 regnum
1379 3515 1521 3570 illius
1541 3516 1776 3571 libidinis

1885 449 2154 503 avertitur
2177 466 2205 504 a
2236 451 2438 505 divinis
2462 466 2695 518 vereque
2712 451 3144 515 manentibus,et
3178 450 3242 504 ad
3273 461 3446 505 muta-

1885 537 2012 592 bilia
2038 548 2201 607 atque
2231 540 2438 594 incerta
2469 542 2828 594 convertitur.
2858 541 3007 606 Quae
3030 556 3360 610 quamquam
3391 543 3445 604 in

1881 629 2072 683 ordine
2102 644 2201 682 suo
2234 639 2381 685 recte
2407 633 2580 686 locata
2599 633 2730 696 sint,
2758 644 2978 687 etsuam
3003 635 3294 701 quamdam
3326 633 3447 702 pul-

1881 720 2245 775 chritudinem
2279 731 2559 792 peragant,
2600 727 2841 791 perversi
2873 733 3049 779 tamen
3083 724 3246 777 animi
3281 733 3362 776 est
3394 731 3448 776 et

1881 811 2201 877 inordinati;
2226 813 2307 867 eis
2353 814 2646 882 sequendis
2680 815 2895 884 subjici,
2927 815 3124 890 quibus
3155 813 3218 867 ad
3252 825 3444 867 nutum

1878 917 2036 956 suum
2054 903 2318 959 ducendis
2337 905 2520 974 potius
2543 905 2728 961 divino
2746 907 2935 961 ordine
2954 922 3016 960 ac
3033 908 3154 978 jure
3173 907 3447 976 praelatus
3469 978 3477 988 ι

1877 1003 1982 1050 es"
2392 1085 2786 1142 CAPITULUM
2818 1085 2931 1141 VII.

1879 1200 2032 1266 Quod
2065 1201 2283 1254 liberum
2315 1201 2602 1260 voluntatis
2625 1202 2901 1254 arbitrium
2957 1203 3343 1254 numerandum
3375 1203 3446 1254 sit

1946 1275 2080 1325 inter
2112 1271 2244 1323 bona
2274 1288 2407 1339 quae
2443 1271 2578 1322 Deus
2612 1273 2809 1323 lamnim'
2844 1270 3090 1338 largitur,
3117 1275 3349 1340 quamvis
3382 1287 3439 1323 co

1947 1340 2085 1392 male
2109 1349 2311 1396 utatur.
2337 1339 2481 1403 Quae
2510 1354 2582 1393 est
2617 1357 2776 1393 causa
2808 1342 3007 1410 peccati
3044 1350 3092 1391 et
3119 1352 3416 1408 peccatum.

1948 1453 1987 1507 1.
2019 1453 2134 1506 Νοη
2157 1468 2287 1520 ergo
2314 1453 2542 1506 liberum
2571 1455 2855 1506 arbitrium
2889 1453 3212 1518 malumfest,
3236 1468 3355 1506 cum
3381 1469 3446 1507 eo

1874 1543 2111 1611 quisque
2153 1543 2290 1595 male
2341 1551 2548 1608 utatur,
2582 1544 2674 1596 sed
2725 1552 2810 1597 est
2873 1544 3270 1597 numerandum
3307 1544 3449 1596 inter

1878 1634 2015 1687 bona
2042 1648 2180 1702 quae
2207 1633 2411 1688 homini
2438 1635 2619 1688 divina
2639 1635 2880 1704 largitate
2905 1636 3100 1687 donata
3122 1644 3270 1698 sunt,
3289 1650 3449 1702 prae-

1878 1722 2068 1776 sertim
2096 1738 2216 1776 cum
2237 1724 2417 1792 potius
2438 1726 2501 1778 ad
2520 1724 2659 1779 bene
2683 1727 2940 1778 utendum
2967 1741 3031 1779 eo
3059 1726 3242 1778 datum
3266 1729 3354 1778 sit.
3390 1725 3446 1779 In

1878 1813 1984 1868 hoc
2011 1813 2159 1867 enim
2196 1815 2428 1868 maxime
2459 1819 2700 1884 arguitur
2737 1815 2968 1868 humana
3003 1816 3268 1877 voluntas,
3300 1815 3447 1883 quod

1878 1921 1943 1958 eo
1974 1905 2142 1971 dono,
2172 1905 2314 1974 quod
2345 1906 2395 1958 ei
2425 1906 2611 1958 datum
2643 1915 2724 1958 est
2750 1905 2814 1957 ad
2849 1915 2995 1959 recte
3026 1906 3305 1968 utendum,
3335 1921 3446 1972 ma-

1879 1997 2254 2066 luitperverse
2273 1995 2370 2049 uti.
2403 1995 2506 2050 Sed
2532 1995 2728 2049 merito
2756 1995 3057 2063 quaeritur,
3087 2010 3184 2047 cur
3210 2009 3276 2048 eo
3307 1997 3446 2049 male

1883 2089 1959 2141 uti
1993 2088 2188 2157 potuit.
2240 2087 2636 2156 liespoodetur,
2660 2087 2786 2156 quia
2820 2102 2928 2139 non
2958 2095 3316 2155 estmagnum
3344 2086 3448 2140 bo-

1885 2195 2036 2243 num,
2071 2195 2178 2247 quo
2210 2192 2371 2231 nemo
2411 2178 2549 2232 male
2578 2179 2655 2231 uti
2689 2187 2886 2245 potest.
2923 2176 3061 2231 Sunt
3083 2180 3226 2230 enim
3253 2192 3445 2244 magna

1883 2270 2048 2334 bona,
2087 2284 2226 2337 quae
2257 2284 2286 2322 a
2321 2267 2431 2322 Deo
2467 2268 2677 2321 homini
2708 2268 2726 2298 "
2763 2267 3055 2332 donantur,
3087 2276 3215 2322 sunt
3243 2267 3444 2332 media,

1882 2369 2014 2414 sunt
2043 2359 2381 2426 minimaglﬂt
2402 2359 2619 2428 quidem
2648 2360 2854 2430 magnis
2878 2358 3060 2413 nullus
3089 2360 3225 2413 male
3255 2361 3440 2413 utitur.

1883 2449 2016 2516 Quis
2044 2449 2187 2504 enim
2206 2449 2513 2518 prudentia,
2538 2443 2915 2521 temperantia,
2937 2451 3444 2520 fortitudine,justi-

1878 2527 1952 2580 tia
1983 2527 2121 2582 male
2161 2529 2240 2582 uti
2275 2530 2486 2598 potest?
2515 2529 2704 2585 Mediis
2732 2546 2861 2585 vero
2892 2532 3077 2594 bonis,
3106 2532 3451 2601 minimisque

1877 2632 1975 2688 pro
2005 2619 2230 2676 arbitrio
2262 2622 2462 2677 utentis
2503 2631 2557 2677 et
2605 2632 2752 2678 recte
2780 2623 2979 2678 vivitur
3019 2621 3041 2653 ⁸
3084 2633 3138 2678 et
3180 2639 3449 2693 perverse.

1877 2707 2061 2763 Potest
2089 2711 2229 2764 enim
2254 2711 2447 2780 aliquis
2469 2711 2520 2766 in
2546 2714 2849 2782 disciplina,
2880 2713 3028 2770 verbi
3061 2730 3246 2780 causa,
3273 2716 3452 2784 dispu-

1879 2801 2047 2865 tandi,
2094 2817 2231 2869 quae
2276 2803 2473 2857 dicitur
2521 2805 2831 2870 dialectica,
2860 2807 3088 2875 peritus,
3119 2821 3256 2874 quae
3305 2805 3450 2858 nullo

1878 2893 2156 2947 dubitante
2184 2908 2215 2947 a
2256 2894 2364 2946 Deo
2408 2893 2609 2948 homini
2659 2895 2908 2959 donatur,
2940 2895 2983 2948 si
3024 2896 3284 2960 voluerit,
3313 2897 3450 2950 bene

1876 2982 1974 3046 uti,
2004 2981 2256 3050 quoniam
2301 2983 2366 3035 ad
2410 2983 2515 3036 hoe
2559 2983 2859 3037 certissime
2903 2984 3023 3037 data
3064 2993 3180 3048 est,
3212 2985 3336 3038 dum
3384 3001 3447 3038 ea

1877 3069 2187 3141 ignorantes
2214 3085 2332 3124 eam
2362 3070 2556 3135 erudit,
2585 3087 2712 3125 vera
2746 3071 2984 3141 falsaque
3011 3072 3290 3136 discernit,
3313 3088 3445 3126 con-

1877 3163 1994 3214 tusa
2021 3160 2228 3224 dividit,
2259 3169 2505 3228 separata
2531 3161 2734 3231 colligit
2755 3202 2768 3224 ,
2803 3161 2856 3215 in
2884 3161 3134 3216 omnibus
3164 3163 3447 3216 veritatem

1875 3251 2116 3319 tnqnirit.
2146 3250 2328 3305 Potest
2361 3265 2391 3304 e
2439 3250 2714 3304 contrario
2745 3250 3046 3319 perniciose
3088 3250 3271 3305 vivere
3303 3249 3346 3315 ’,
3379 3251 3447 3306 ad

1875 3343 2016 3410 quod
2044 3357 2147 3395 non
2173 3351 2256 3395 est
2279 3342 2430 3404 data,
2462 3340 2586 3394 dum
2617 3339 2748 3394 falsa
2786 3355 2883 3409 pro
2918 3341 3060 3394 veris
3100 3341 3403 3409 approbans
3426 3381 3442 3406 ,

1875 3429 2008 3485 alios
2032 3431 2083 3484 in
2112 3445 2352 3485 errorem
2393 3429 2602 3495 mittat,
2651 3429 2905 3498 falsisque
2948 3427 3447 3483 ratiocinationibus

1875 3521 2194 3590 simplicium
2216 3535 2405 3574 sensus
2425 3519 2740 3586 confundat,
2767 3517 3143 3574 confundenda
3168 3517 3442 3588 caliginat,

225 3613 546 3684 frequentant
567 3614 588 3645 ⁵
615 3622 670 3668 et
694 3620 968 3667 exercent.
1006 3610 1366 3665 Possumusne
1410 3609 1624 3663 tandem
1658 3606 1776 3661 nul-
1817 3631 1851 3650 -
1875 3628 1942 3665 ne
1985 3622 2171 3662 eorum
2214 3607 2402 3662 oculus
2446 3607 2688 3671 interior,
2717 3608 2807 3676 qui
2837 3615 2919 3661 est
2946 3608 3179 3671 animus,
3214 3608 3279 3660 ad
3310 3612 3450 3661 noti-

222 3707 310 3762 larn
335 3710 488 3763 istam
518 3720 750 3777 poenam
789 3712 999 3773 putare,
1027 3717 1186 3772 quam
1206 3741 1223 3768 ,
1248 3711 1308 3756 ut
1342 3701 1536 3765 cernis,
1563 3717 1775 3765 omnes,

223 3802 296 3867 qui
319 3799 469 3873 [non]
493 3801 780 3854 inhaerent
807 3797 827 3828 ‘
856 3796 1176 3867 sapientiae,
1209 3810 1430 3850 necesse
1455 3805 1538 3851 est
1579 3810 1770 3865 perpe-

221 3893 322 3945 ti-?
349 3913 366 3943 ι
401 3893 542 3959 Quid
564 3900 745 3944 autem
774 3890 1000 3959 quisque
1025 3889 1336 3944 sectandum
1366 3899 1418 3943 et
1447 3889 1774 3958 amplecten-

222 3983 329 4035 dam
349 3983 527 4052 eligat,
562 3983 618 4036 in
648 3982 926 4036 voluntate
949 3996 1067 4037 esse
1093 3982 1326 4051 positum
1354 3981 1630 4045 constitit,
1659 3981 1774 4034 nul-

219 4069 357 4141 laque
385 4089 440 4128 re
465 4075 535 4128 de
558 4087 682 4126 arce
703 4072 1008 4126 dominandi
1037 4081 1291 4139 rectoque
1316 4071 1504 4124 ordine
1535 4077 1770 4124 mentem

221 4162 413 4230 deponi,
443 4165 547 4218 nisi
588 4162 892 4224 voluntate,
921 4169 976 4215 et
1010 4170 1094 4215 est
1126 4159 1492 4223 manifestum,
1519 4173 1624 4213 non
1654 4174 1768 4213 rem

218 4249 383 4316 ullam,
421 4269 546 4307 cum
571 4267 635 4306 ea
666 4251 894 4320 quisque
925 4248 1062 4304 male
1086 4249 1275 4314 utitur,
1308 4247 1403 4303 sed
1432 4248 1605 4317 ipsum
1632 4248 1770 4303 male

217 4351 437 4396 utentem
469 4357 593 4397 esse
617 4341 980 4409 arguentium.

275 4429 353 4485 lli.
384 4431 654 4498 Quocirca
678 4430 806 4484 licet
834 4443 976 4482 nunc
998 4429 1424 4484 animadvertere
1451 4436 1507 4484 et
1524 4429 1771 4485 conside-

217 4533 347 4584 rare,
378 4531 563 4575 utrum
611 4521 684 4574 sit
725 4517 867 4572 aliud
902 4517 1042 4574 male
1069 4517 1279 4582 facere,
1307 4533 1467 4589 quam
1506 4520 1772 4589 neglectis

218 4611 362 4664 rebus
391 4609 649 4674 aeternis,
693 4607 888 4676 quibus
930 4621 1027 4676 per
1060 4622 1120 4662 se
1165 4607 1332 4676 ipsam
1368 4621 1521 4661 mens
1549 4605 1769 4674 fruitur,

217 4708 264 4752 et
289 4716 380 4770 per
405 4717 466 4757 se
504 4701 680 4771 ipsam
723 4697 969 4769 percipit,
1016 4705 1074 4752 et
1112 4711 1250 4766 quae
1292 4711 1480 4752 amans
1520 4697 1770 4753 amittere

217 4800 314 4842 non
346 4800 526 4862 potest
551 4787 902 4859 temporalia,
932 4793 987 4841 et
1012 4800 1259 4856 quaeque
1296 4800 1395 4855 per
1434 4800 1630 4856 corpus
1651 4799 1772 4855 par-

220 4867 318 4913 tem
335 4863 580 4919 bominis
601 4867 924 4920 vilrssrmam
939 4867 1641 4938 sentiuntur,etnumquam
1661 4882 1786 4924 esse

218 4960 358 5005 certa
384 4967 639 5024 possunt,
663 4957 817 5026 quasi
843 4972 1035 5029 magna
1049 4970 1104 5015 et
1132 4959 1379 5016 miranda
1402 4962 1618 5016 sectari.
1647 4959 1780 5014 Nam

217 5043 313 5102 hoc
337 5064 451 5104 uno
510 5065 712 5121 genere
737 5051 921 5106 omnia
980 5051 1287 5120 malefacta,
1319 5053 1371 5108 id
1431 5063 1534 5118 est,
1562 5063 1778 5122 peccata

1797 4374 1854 4436 D

1878 3698 2006 3752 tiam
2049 3711 2219 3765 purae
2268 3696 2436 3766 ipsius
2480 3696 2722 3750 veritatis
2771 3697 3065 3765 perveniat.
3119 3695 3272 3750 Sicut
3317 3710 3448 3766 ergo

1876 3787 1990 3857 ipsa
2019 3785 2298 3854 disciplina
2319 3826 2333 3849 ,
2362 3786 2406 3839 si
2439 3785 2581 3839 inter
2625 3801 2815 3855 magna
2860 3787 2998 3840 bona
3048 3795 3444 3851 numeraretur,

1876 3877 2054 3932 nullus
2087 3891 2150 3931 ea
2182 3876 2417 3938 falleret,
2467 3876 2644 3930 nullus
2676 3875 2971 3940 falleretur,
3004 3877 3099 3940 ita,
3129 3876 3173 3930 si
3215 3875 3443 3930 liberum

1877 3967 2160 4022 arbitrium
2189 3967 2242 4020 in
2267 3979 2491 4020 numero
2514 3981 2834 4036 magnorum
2864 3967 3126 4019 bonorum
3149 3965 3441 4019 collocare-

1877 4067 1984 4124 tur,
2016 4059 2193 4113 nullus
2235 4073 2300 4114 eo
2344 4059 2484 4115 male
2526 4067 2688 4113 utens
2729 4058 2903 4127 primo
2947 4057 3238 4122 laberetur,
3269 4057 3445 4112 nullus

1876 4163 2269 4222 consequenter
2316 4151 2455 4205 male
2495 4151 2695 4205 utendo
2738 4150 3039 4220 puniretur.
3088 4149 3220 4216 Quis
3265 4159 3442 4204 autem

1875 4255 1982 4296 non
2013 4241 2192 4296 videat
2217 4241 2651 4310 lrequentissime
2673 4242 2920 4296 homines
2947 4240 3084 4294 male
3111 4249 3318 4294 utentes
3340 4242 3443 4294 mi-

1877 4330 2038 4384 nimis
2059 4331 2246 4395 bonis,
2273 4345 2302 4383 a
2333 4331 2442 4384 Deo
2473 4339 2650 4384 tamen
2681 4330 3018 4397 commissis,
3050 4338 3108 4384 ut
3152 4338 3277 4384 sunt
3315 4345 3438 4399 spe-

1875 4418 1988 4475 cies
2030 4432 2318 4487 corporeae
2343 4458 2358 4484 ,
2388 4433 2682 4487 earumque
2735 4419 3159 4489 pulchritudines
3183 4460 3198 4485 ,
3251 4421 3445 4489 quibus

1876 4511 2108 4566 maxima
2133 4510 2413 4565 hominum
2444 4509 2730 4565 multitudo
2759 4511 2826 4563 ad
2852 4509 3030 4564 varias
3051 4525 3240 4565 eorum
3265 4509 3442 4583 libidi—

1873 4615 1974 4655 nes
2011 4598 2300 4669 explendas
2342 4597 2620 4653 mortifere
2667 4599 2856 4664 utitur,
2902 4613 3023 4652 cum
3066 4598 3268 4653 eisdem
3313 4599 3442 4668 ipsis

1874 4691 1983 4762 pie,
2018 4691 2183 4760 juste,
2214 4698 2465 4760 recteque
2504 4697 2788 4745 uterentur
2829 4689 2896 4744 ad
2935 4689 3184 4742 meritum
3212 4689 3444 4744 beatitu-

1876 4781 2017 4837 dinis
2042 4796 2190 4846 suae,
2219 4781 2264 4835 si
2293 4795 2388 4835 eas
2409 4780 2476 4835 ad
2504 4779 2714 4835 laudem
2736 4776 3010 4834 Creatoris
3036 4778 3334 4835 referrent?

1962 4871 2028 4924 Il.
2056 4871 2163 4925 Sed
2194 4879 2253 4926 ut
2276 4871 2408 4928 haec
2423 4871 2668 4940 apertius
2680 4874 3065 4942 approbemus,
3088 4873 3260 4928 sancti
3281 4871 3457 4926 Patris
3489 4862 3494 4869 ’

1886 4961 2176 5031 Augustini
2207 4963 2525 5032 suaviloqua
2553 4962 2716 5018 verba
2745 4965 2992 5030 ponenda
3021 4973 3168 5017 sunt.
3199 4961 3285 5014 Ait
3307 4960 3453 5015 enim

1886 5053 1942 5108 in
1974 5053 2116 5109 libro
2151 5056 2390 5111 secundo
2411 5055 2670 5112 delibero
2684 5057 2911 5112 arbitrio
2943 5074 2998 5111 τι
3027 5055 3285 5112 Constitit
3311 5055 3456 5108 inter

1486 5146 1738 5203 VARIAE
1778 5147 2178 5206 LECTIONES.

283 5235 301 5266 ⁸
331 5233 473 5288 Cod.
504 5238 634 5291 nihil
665 5240 928 5295 hominm.

1004 5246 1026 5276 ³
1059 5241 1136 5307 Μ.¹
1165 5253 1451 5299 coarctare.
1478 5243 1549 5315 h'
1572 5243 1711 5298 Cod.
1734 5246 1994 5315 desipare.

2071 5249 2093 5278 ⁸
2129 5247 2220 5303 Sic
2244 5247 2394 5312 cod.,
2424 5246 2496 5301 Μ.
2533 5248 2756 5303 adurere
2783 5257 2836 5302 et
2860 5249 2924 5300 ad
2957 5261 3126 5312 marg.
3154 5242 3338 5294 adscr.
3373 5237 3450 5299 al.

221 5305 494 5388 34§5§67¢-_
553 5308 754 5388 “ferr.
782 5311 904 5388 qod.
933 5305 1346 5388 frequentauit".
1421 5312 1586 5388 _‘N_qn
1607 5330 1718 5388 om.
1749 5305 1896 5376 cod'.;
1918 5315 1983 5388 Μ,
2013 5333 2116 5371 ηοη
2143 5305 2447 5381 adhaerent,
2468 5328 2522 5373 et
2545 5320 2609 5372 ad
2635 5335 2808 5388 marg.
2835 5319 3012 5371 azlscr.
3035 5305 3107 5368 αῖ.
3147 5315 3443 5364 inhaerent.

228 5369 246 5399 '
272 5374 362 5426 Sic
389 5375 542 5441 cod.,
572 5379 643 5431 Μ.
677 5380 876 5446 homini
901 5369 1087 5436 a'De'o.
1162 5383 1184 5414 ⁸
1219 5383 1310 5438 Sic
1334 5385 1482 5451 cod.,
1505 5383 1575 5439 Μ.
1603 5386 1788 5439 utitur.

1865 5389 1885 5418 ⁹
1920 5387 2011 5441 Sic
2046 5393 2198 5453 cod.,
2234 5388 2303 5443 Μ.
2334 5391 2426 5441 uti.

1709 5475 1957 5532 NOTAE.

284 5552 314 5582 ι
353 5547 639 5614 Augustin.
673 5546 734 5603 de
755 5546 912 5603 libero
929 5549 1144 5604 arbitrio
1177 5551 1215 5617 I,
1261 5553 1340 5606 ll.
