3904 6148
445 251 550 306 385

1784 213 2084 309 ttonxxls
2111 251 2302 308 soon

3571 250 3676 306 581»

439 377 560 421 nos,
604 370 848 415 naturam
879 365 1118 434 corporis
1170 362 1421 419 inferiore
1462 364 1626 434 gradu
1657 379 1804 426 esse,
1839 380 1996 432 quam
2029 372 2073 424 Α
2105 358 2236 426 rius,
2271 372 2362 416 aut
2401 365 2465 417 ad
2504 365 2730 420 inferius
2757 377 2964 436 peccat.
3002 368 3080 422 Ad
3107 365 3377 436 proprium
3417 363 3682 419 converti-

438 451 599 504 animi
646 461 919 513 naturam,
950 468 1010 506 ac
1038 468 1133 520 per
1173 454 1276 506 hoc
1314 453 1552 506 animum
1598 452 1771 521 majus
1801 452 2000 506 bonum

437 551 574 602 esse,
599 554 756 606 quam
783 554 992 606 corpus.
1029 540 1084 592 Si
1121 555 1248 609 ergo
1288 540 1340 592 in
1368 538 1610 608 corporis
1656 538 1811 593 bonis
1850 539 1998 591 inve-

440 629 609 681 nimus
641 629 837 694 aliqua,
868 628 1058 697 quibus
1087 646 1191 684 non
1225 639 1367 684 recte
1397 631 1473 684 uti
1501 630 1661 682 homo
1684 630 1878 697 possit,
1902 644 2000 682 nec

439 723 608 769 tamen
635 727 911 784 propterea
937 717 1182 783 dicimus,
1209 733 1311 772 nou
1342 733 1405 772 ea
1433 718 1548 771 dari
1579 717 1842 779 debuisse,
1867 731 1999 786 quo—

432 804 572 855 niam
618 819 734 856 esse
762 804 1082 858 confitemur
1123 807 1259 860 bona
1287 824 1299 858 :
1325 807 1449 874 quid
1496 807 1728 870 mirum,
1759 805 1803 859 si
1846 816 1900 859 et
1944 805 1995 857 in

430 895 607 946 animo
637 905 761 948 sunt
796 896 1056 964 quaedam
1088 897 1242 958 bona,
1279 898 1472 966 quibus
1513 895 1674 948 etiam
1708 910 1812 949 non
1850 903 1996 948 recte

428 984 500 1034 uti
530 999 834 1051 possumus.
867 985 971 1038 Sed
998 1000 1135 1052 quae
1178 986 1191 1014 ³
1219 985 1355 1039 bona
1388 996 1504 1038 sunt
1525 1025 1539 1047 ,
1571 1000 1673 1037 non
1706 993 1996 1052 potuerunt

423 1071 577 1136 dari,
612 1073 712 1127 nisi
761 1075 828 1126 ab
880 1075 991 1138 illo,
1039 1091 1067 1128 a
1117 1090 1222 1142 quo
1268 1085 1389 1129 sunt
1440 1075 1618 1128 omnia
1649 1077 1806 1128 bona.
1834 1074 1994 1128 Vides

421 1163 584 1227 enim,
607 1173 862 1231 quantum
895 1166 1016 1218 boni
1039 1165 1176 1219 desit
1197 1166 1430 1233 corpori,
1449 1166 1530 1218 cui
1560 1166 1753 1219 desunt
1778 1180 1988 1229 manus,

419 1245 478 1306 et
503 1263 680 1308 tamen
717 1256 964 1309 manibus
997 1257 1136 1309 male
1172 1258 1359 1319 utitur,
1393 1257 1482 1325 qui
1512 1257 1590 1310 eis
1626 1265 1879 1324 operatur
1907 1254 1988 1307 vel

424 1358 584 1398 saeva
630 1345 707 1398 vel
751 1347 942 1412 turpia.
971 1343 1099 1398 Sine
1123 1347 1345 1414 pedibus
1369 1345 1599 1412 aliquem
1625 1345 1667 1399 si
1695 1345 1986 1413 aspiceres,

417 1434 687 1498 latercris,
715 1435 900 1489 deesse
943 1436 1234 1504 integritati
1279 1436 1520 1502 corporis
1560 1435 1844 1504 plurimum
1888 1435 1986 1489 bo-

415 1537 564 1586 num,
603 1533 656 1576 et
680 1533 854 1577 tamen
883 1539 1026 1587 eum,
1070 1525 1161 1593 qui
1190 1526 1256 1577 ad
1288 1525 1584 1578 nocendum
1615 1523 1877 1592 cuipiam,
1901 1523 1986 1578 vel

415 1613 650 1682 seipsum
674 1614 1129 1668 dehonestaudum
1175 1615 1398 1684 pedibus
1447 1624 1708 1680 uteretur,
1743 1615 1881 1669 male
1909 1616 1984 1668 uti

2106 468 2214 515 tur,
2242 472 2362 510 eum
2394 471 2521 510 suae
2544 461 2828 526 potestatis
2855 459 2963 512 vult
2988 475 3136 524 esse;
3167 459 3233 513 ad
3259 459 3517 522 exterius,
3557 473 3677 514 cum

2103 544 2328 598 aliorqu
2354 546 2686 613 propria,vel
2708 563 3056 618 quaecunque
3078 550 3143 602 ad
3169 563 3228 602 se
3253 561 3356 600 non
3381 546 3675 616 pertinent,

2101 649 2442 710 cognoscere
2457 637 2667 702 studet;
2696 639 2761 690 ad
2794 639 3036 702 inferius,
3059 652 3182 691 eum
3199 636 3524 703 voluptatem
3551 650 3672 689 cor-

2099 726 2244 792 poris
2269 725 2462 796 diligit.
2493 727 2667 795 Atque
2692 728 2762 781 ita
2791 729 2949 783 homo
2977 729 3242 797 superbus
3267 736 3322 782 et
3350 727 3596 781 curiosus
3621 735 3676 782 et

2099 815 2330 870 lascivus
2355 816 2597 882 etiectus,
2625 819 2892 887 excipitur
2917 819 2985 872 ab
3007 819 3106 872 alia
3137 820 3266 882 vita,
3290 833 3428 887 quae
3450 818 3502 872 in
3530 833 3676 872 com-

2085 906 2376 974 paratione
2402 908 2700 977 superioris
2729 909 2871 962 vitae
2902 925 3046 963 mors
3077 920 3177 963 est.
3211 910 3358 975 Quae
3375 918 3555 963 tamen
3584 925 3675 963 re-

2097 999 2241 1067 gitur
2260 999 2722 1054 administratione
2738 1001 2758 1031 ⁶
2775 1001 2986 1055 divinae
3001 1001 3383 1069 providentiae,
3399 1015 3537 1068 quae
3553 1016 3678 1054 coa-

2097 1088 2245 1158 gruis
2296 1087 2556 1161 [sedibus]
2587 1091 2606 1121 ⁷
2637 1091 2852 1145 ordinat
2880 1092 3082 1155 omnia,
3119 1098 3174 1144 et
3212 1075 3308 1158 pro
3340 1090 3548 1143 meritis
3576 1103 3673 1142 sua

2095 1180 2286 1248 cuique
2315 1179 2607 1234 distribuit.
2639 1181 2717 1234 lla
2743 1181 2801 1234 ﬁt
2821 1221 2836 1247 ,
2868 1189 2925 1234 ut
2949 1196 3125 1250 neque
3156 1179 3244 1235 illa
3276 1182 3447 1242 bona,
3469 1196 3612 1249 quae
3642 1196 3669 1233 a

2094 1257 2441 1338 peccantibus
2469 1279 2811 1338 appetuntur,
2843 1271 2951 1324 ullo
2979 1271 3137 1325 modo
3175 1269 3310 1323 mala
3339 1271 3467 1332 sint,
3498 1285 3672 1338 neque

2094 1358 2208 1426 ipsa
2240 1357 2486 1411 voluntas
2524 1358 2717 1423 libera,
2752 1374 2913 1428 quam
2942 1359 2994 1412 in
3023 1358 3528 1427 bonisquibusdam
3559 1371 3676 1411 mo-

2093 1449 2196 1504 diis
2243 1450 2628 1504 numerandam
2660 1466 2778 1506 esse
2819 1451 3202 1519 comperimus,
3233 1449 3327 1505 sed
3357 1450 3556 1504 maium
3601 1449 3676 1505 sit

2091 1542 2302 1596 aversio
2334 1541 2450 1610 ejus
2476 1543 2544 1594 ab
2569 1543 2988 1598 incommutabili
3022 1544 3180 1607 bono,
3211 1555 3264 1599 et
3293 1545 3576 1599 conversio
3603 1544 3673 1598 ad

2091 1634 2368 1687 mutabilia
2419 1634 2588 1699 bona;
2633 1649 2772 1704 quae
2804 1643 2980 1688 tamen
3015 1637 3227 1690 aversio
3255 1644 3414 1704 atque
3443 1647 3673 1690 conver—
3749 1637 3752 1640 ’

412 1703 638 1794 pedibus
682 1719 784 1794 non
831 1719 1076 1794 negares.
1110 1702 1291 1758 Oculis
1326 1706 1462 1758 hanc
1503 1704 1673 1794 lucem
1705 1703 1944 1758 videmus
1966 1745 1981 1770 ,
2015 1715 2060 1773 Β
2091 1725 2195 1786 δίο,
2221 1723 2473 1793 quoniam
2503 1738 2608 1777 ηοη
2647 1702 2876 1794 ἀρείων,
2906 1727 2999 1779 sed
3043 1734 3126 1778 est
3152 1702 3473 1790 νοιυηιέτίθ,
3504 1724 3670 1790 digna

412 1787 720 1858 formasque
745 1791 1157 1846 internosciimts
1188 1794 1206 1821 ²
1239 1809 1554 1862 corporum,
1583 1793 1738 1862 idque
1778 1803 1831 1846 et
1868 1808 1987 1861 spe-

412 1881 770 1936 ciosissimum
808 1892 889 1938 est
934 1884 983 1936 in
1024 1894 1205 1937 nostro
1237 1900 1480 1953 corpore.
1510 1883 1660 1938 Unde
1683 1885 1742 1936 .in
1774 1883 1983 1951 fastigio

411 1979 642 2046 quodam
671 1978 948 2047 dignitatis
995 1978 1127 2031 haec
1158 1977 1396 2030 membra
1438 1977 1611 2030 locata
1656 1986 1802 2041 sunt,
1833 1988 1889 2031 et
1913 1977 1982 2031 ad

408 2067 636 2123 salutem
667 2069 937 2147 tuendam,
970 2069 1242 2137 multaque
1289 2069 1391 2122 alia
1425 2071 1561 2124 vitae
1588 2070 1868 2124 commoda
1899 2083 1982 2122 r3-

407 2163 513 2212 t‘ert
554 2175 682 2212 usus
708 2159 1005 2212 oculorum.
1043 2159 1222 2213 Oculis
1247 2168 1420 2213 tamen
1449 2159 1688 2228 plerique
1719 2159 1978 2227 pleraque

409 2258 571 2319 agunt
618 2249 864 2318 turpiter,
897 2258 950 2302 et
982 2264 1075 2302 eos
1113 2248 1344 2303 militare
1393 2258 1590 2318 cogunt
1637 2247 1864 2301 libidini.
1914 2248 1981 2302 Ει

405 2343 573 2405 vides,
600 2351 856 2411 quantum
885 2342 1078 2395 bonum
1100 2342 1237 2396 desit
1265 2343 1316 2395 in
1349 2341 1505 2405 facie,
1525 2341 1570 2395 si
1595 2341 1733 2395 oculi
1762 2341 1975 2394 desunt.

401 2428 538 2483 Cum
575 2440 752 2483 autem
786 2431 979 2485 adsunt
1017 2429 1061 2495 ³,
1090 2431 1211 2500 quis
1245 2431 1340 2484 lius
1373 2431 1548 2492 dedit,
1579 2431 1677 2484 nisi
1718 2431 1978 2484 bonorum

402 2521 643 2573 omnium
697 2521 920 2589 largitor
973 2521 1644 2586 Deus?Quemadmodum
1700 2535 1829 2589 ergo
1877 2518 1977 2572 ista

409 2609 603 2677 probas
631 2609 684 2662 in
726 2625 971 2678 corpore,
1001 2620 1055 2664 et
1081 2626 1186 2664 non
1216 2611 1427 2665 intuens
1458 2626 1570 2673 eos,
1608 2611 1697 2678 qui
1729 2609 1865 2663 male
1894 2609 1980 2664 bis

407 2708 650 2764 utuntur,
701 2701 884 2756 laudas
942 2703 1112 2768 illum,
1156 2705 1246 2774 qui
1284 2704 1416 2758 haec
1470 2704 1617 2758 dedit
1661 2704 1795 2757 bona
1843 2718 1858 2756 :
1898 2703 1977 2757 sic

404 2789 627 2844 liberam
665 2792 1022 2850 voluntatem.
1051 2794 1168 2848 sine
1193 2809 1297 2864 qua
1332 2809 1488 2848 nemo
1517 2803 1693 2863 potest
1721 2806 1866 2850 recte
1900 2795 1977 2848 vi-

403 2899 553 2948 vere,
574 2892 784 2952 oportet
809 2893 862 2939 et
884 2886 1104 2949 bonum,
1129 2895 1181 2939 et
1211 2887 1463 2940 divinitus
1490 2888 1693 2952 datum,
1718 2896 1773 2941 et
1797 2887 1976 2956 potius

399 2991 496 3029 eos
523 2977 871 3040 damnandos,
913 2978 1004 3046 qui
1043 2978 1145 3031 hoc
1183 2977 1321 3031 bono
1365 2978 1503 3032 male
1541 2986 1780 3039 utuntur,
1813 2994 1972 3046 quam

415 3080 561 3127 eum,
589 3066 679 3134 qui
704 3051 933 3129 dederit,
967 3067 1094 3120 dare
1121 3082 1225 3119 non
1257 3067 1505 3122 debuisse
1529 3067 1785 3120 fatearis!l
1827 3087 1870 3118 ι.

473 3154 557 3208 lll.
592 3172 609 3203 ‹
643 3152 879 3209 Virtutes
914 3156 1092 3224 igitur,
1124 3156 1318 3224 quibus
1357 3167 1500 3209 recte
1525 3156 1742 3219 vivitur,
1778 3171 1969 3227 magna

404 3243 544 3297 bona
591 3253 746 3308 sunt;
793 3246 998 3313 species
1041 3252 1218 3298 autem
1259 3245 1621 3312 quorumlibet
1665 3259 1970 3310 corporum,

417 3325 536 3378 sine
567 3324 765 3392 quibus
798 3335 942 3380 recte
973 3329 1080 3380 vivi
1116 3341 1307 3397 potest,
1349 3334 1569 3386 minima
1629 3336 1763 3389 bona
1800 3349 1927 3392 sunt
1965 3356 1979 3404 ;

421 3417 700 3484 potentiae
739 3433 866 3471 vero
896 3420 1066 3472 animi
1100 3420 1139 3484 δ,
1179 3422 1296 3475 sine
1339 3425 1538 3490 quibus
1575 3437 1719 3480 recte
1740 3428 1843 3480 vivi
1875 3443 1984 3483 non

417 3516 617 3572 potest,
649 3507 823 3561 media
850 3509 988 3563 bona
1013 3521 1160 3565 sunt.
1195 3510 1497 3568 Virtutibus
1530 3531 1689 3570 nemo
1719 3518 1856 3571 male
1880 3521 1988 3572 uti-

421 3603 529 3659 tur,
560 3597 758 3649 retr-ris
791 3608 972 3652 autem
997 3598 1175 3663 bonis,
1219 3600 1270 3653 id
1305 3612 1389 3654 est
1423 3604 1614 3656 mediis
1641 3616 1695 3657 et
1726 3604 1983 3670 minimis,

412 3701 530 3740 non
563 3688 734 3743 solum
762 3691 917 3754 bene,
955 3693 1047 3746 sed
1076 3694 1238 3746 etiam
1266 3696 1402 3748 male
1423 3699 1648 3764 quisque
1676 3698 1752 3751 uti
1783 3710 1980 3767 potest.

414 3777 483 3831 Et
512 3779 632 3832 ideo
655 3784 855 3836 virtute
887 3799 1044 3836 nemo
1084 3787 1220 3838 male
1269 3789 1458 3849 utitur,
1496 3790 1620 3853 quia
1653 3792 1672 3822 ⁵
1698 3805 1835 3860 opus
1870 3793 1983 3844 vir-

417 3871 554 3925 tutis
581 3882 658 3925 est
677 3873 850 3927 bonus
872 3891 1003 3928 usus
1025 3881 1272 3938 istorum,
1301 3879 1503 3946 quibus
1524 3886 1687 3933 etiam
1715 3898 1820 3935 non
1845 3883 1983 3938 bene

411 3965 493 4018 .nti
516 3981 822 4033 [)OSSlllllUS.
854 3966 1020 4021 Nemo
1043 3977 1220 4021 autem
1248 3969 1383 4022 bene
1404 3973 1607 4024 utendo
1627 3974 1759 4026 male
1787 3976 1978 4029 utitur.

411 4060 596 4124 Quare
622 4060 958 4114 abundantia
989 4074 1046 4114 et
1098 4063 1411 4130 magnitudo
1439 4064 1701 4118 bonitatis
1735 4065 1828 4120 Dei
1871 4081 1976 4120 non

413 4151 591 4204 Solum
615 4167 826 4220 magna.
855 4155 946 4206 sed
973 4154 1132 4204 etiam
1188 4153 1359 4206 inedia
1381 4166 1435 4205 et
1457 4155 1673 4206 minima
1705 4157 1839 4208 bona
1861 4173 1980 4212 esse

407 4242 708 4309 praestitit.
728 4240 896 4308 Magis
939 4239 1205 4292 laudanda
1221 4251 1301 4293 est
1318 4241 1528 4293 bonitas
1547 4241 1663 4306 eius
1687 4241 1737 4293 in
1773 4244 1978 4310 uia-guis

405 4348 576 4401 quam
608 4334 660 4386 in
694 4334 906 4392 mediis,
940 4345 999 4385 et
1031 4332 1198 4400 magis
1252 4332 1303 4384 in
1333 4332 1520 4386 mediis
1542 4348 1710 4400 quam'
1732 4333 1783 4385 in
1811 4335 1978 4386 mini--

2091 1823 2142 1869 et
2167 1813 2310 1882 j'ista
2331 1828 2452 1872 eam
2482 1814 2733 1870 miseriae
2761 1829 2930 1884 poena
2959 1812 3306 1882 subsequitur
3329 1824 3354 1855 ε
3391 1833 3443 1870 ι.

2155 1912 2222 1968 V.
2260 1928 2280 1961 ι
2311 1902 2415 1959 Sed
2438 1911 2491 1955 tu
2536 1907 2764 1959 fortasse
2789 1906 3135 1972 quaesiturus
3160 1920 3238 1965 es,
3266 1904 3520 1970 quoniam
3553 1917 3671 1955 mo-

2085 2010 2238 2058 vetor
2278 2000 2559 2060 voluntas,
2611 2011 2734 2051 cum
2771 2011 2830 2050 se
2875 1997 3073 2051 avertit
3124 1996 3190 2050 ab
3243 1994 3672 2049 incommutabili

2082 2092 2225 2146 bono
2251 2090 2316 2143 ad
2345 2088 2601 2143 mutabile
2628 2089 2847 2150 bonum,
2873 2088 3018 2142 unde
3043 2087 3093 2142 ei
3121 2090 3220 2143 iSte
3250 2094 3426 2139 motus
3447 2087 3670 2149 existat,

2082 2183 2169 2250 qui
2202 2179 2440 2250 profecto
2466 2181 2639 2234 malus
2665 2188 2767 2241 est,
2795 2179 3010 2233 tametsi
3045 2178 3290 2233 voluntas
3319 2177 3509 2243 libera,
3537 2165 3694 2245 quia‘

2081 2271 2196 2324 sine
2227 2270 2311 2323 illa
2343 2281 2443 2325 nec
2477 2279 2625 2324 recte
2654 2269 2760 2322 vivi
2802 2277 3011 2338 potest,
3045 2269 3099 2322 in
3141 2269 3292 2323 bonis
3331 2269 3665 2321 numeranda

2082 2361 2185 2414 sit?
2223 2361 2280 2415 Si
2306 2362 2450 2416 enim
2481 2370 2658 2416 motus
2695 2361 2813 2424 iste,
2844 2361 2897 2415 id
2930 2369 3046 2425 est,
3077 2359 3286 2415 aversio
3312 2359 3604 2413 voluntatis
3633 2373 3662 2410 a

2087 2450 2309 2502 Domino
2337 2450 2445 2504 Deo
2469 2449 2585 2504 sine
2606 2444 2938 2503 dubitatione
2961 2444 3236 2518 peccatum
3260 2457 3361 2511 est,
3383 2463 3515 2502 num
3541 2459 3667 2516 pos-

2081 2553 2264 2590 sumus
2289 2545 2560 2590 auctorem
2591 2538 2798 2606 peccati
2828 2538 2990 2590 Deum
3016 2536 3230 2600 dicere?
3261 2534 3374 2589 Non
3403 2536 3507 2588 erit
3531 2547 3663 2603 ergo

2083 2628 2183 2682 iste
2215 2637 2390 2683 motus
2417 2642 2484 2682 ex
2531 2629 2660 2682 Deo.
2710 2627 2862 2685 Unde
2910 2628 3074 2695 igitur
3102 2627 3239 2681 erit?
3266 2626 3342 2680 Ita
3376 2626 3666 2695 quaerenti

2085 2717 2183 2771 tibi
2222 2718 2266 2772 si
2306 2719 2660 2787 respondeam
2715 2718 2925 2772 nescire
2968 2731 3082 2781 me,
3122 2717 3396 2771 fortasse8
3426 2718 3535 2771 eris
3568 2717 3667 2770 tri-

2083 2809 2253 2862 stior?
2285 2807 2388 2863 Sed
2422 2818 2596 2863 tamen
2630 2824 2754 2862 vera
2785 2807 3176 2878 responderim.
3210 2806 3350 2862 Sciri
3379 2809 3522 2862 enim
3556 2823 3666 2861 non

2083 2906 2293 2966 potest,
2333 2900 2473 2968 quod
2514 2899 2646 2952 nihil
2687 2906 2789 2952 est.
2829 2898 2909 2952 Tu
2953 2893 3155 2952 tantum
3195 2899 3442 2968 pietatem
3476 2898 3667 2951 incon-

2078 3004 2297 3044 cussam
2331 3000 2472 3054 tene,
2498 2998 2556 3042 ut
2581 2986 2788 3042 nullum
2817 2986 2914 3042 tibi
2941 2989 3140 3044 bonum
3170 2988 3251 3042 vel
3277 2988 3550 3052 sentienti,
3578 2986 3668 3041 vel

2010 3057 2052 3118 C
2087 3077 2418 3150 intelligenti,
2444 3079 2526 3134 vel
2546 3091 2761 3149 quoquo
2777 3081 2934 3134 modo
2947 3079 3204 3150 cogitanti
3224 3089 3494 3142 occurrat,
3518 3078 3664 3147 quod

2085 3187 2189 3227 non
2216 3173 2282 3226 sit
2310 3185 2374 3226 ex
2406 3172 2532 3226 Deo.
2572 3173 2647 3226 lta
2679 3173 2820 3227 enim
2850 3171 2995 3225 nulla
3020 3180 3210 3224 natura
3234 3169 3492 3233 occurrit,
3521 3182 3668 3238 quae

2069 3277 2190 3338 [non
2215 3264 2285 3316 sit
2309 3277 2374 3317 ex
2403 3263 2541 3328 Deo;
2571 3275 2785 3317 omnem
2815 3257 3012 3331 quippe
3041 3276 3176 3326 rem,
3231 3261 3320 3316 ubi
3351 3273 3666 3315 mensuram

2080 3360 2138 3406 et
2163 3366 2443 3407 numerum
2469 3361 2522 3407 et
2567 3352 2811 3408 ordinem
2833 3349 3057 3419 videris,
3080 3353 3188 3408 Deo
3213 3353 3404 3408 artiﬁci
3429 3353 3670 3408 tribuere

2083 3461 2153 3500 ne
2177 3447 2468 3502 cunctaris.
2504 3445 2658 3501 Unde
2709 3455 2888 3502 autem
2942 3447 3044 3500 ista
3078 3447 3290 3515 penitus
3313 3445 3336 3475 ⁹
3366 3445 3669 3500 detraxeris

2085 3534 2217 3588 nihil
2238 3535 2459 3590 omnino
2487 3537 2800 3600 remanebit,
2829 3537 2975 3605 quia,
3002 3537 3104 3590 etsi
3137 3537 3454 3590 remanserit
3481 3534 3664 3604 aliqua

2085 3622 2290 3678 formae
2312 3623 2535 3694 alicujus
2564 3627 2855 3691 inchoatio,
2882 3626 2969 3680 ubi
3001 3641 3176 3696 neque
3205 3631 3507 3680 mensuram
3564 3640 3668 3678 ne-

2085 3727 2186 3781 que
2226 3728 2506 3768 numerum
2559 3730 2732 3783 neque
2795 3716 3046 3769 ordinem
3081 3716 3352 3778 invenias,
3383 3714 3507 3783 quia
3539 3716 3668 3768 ubi-

2085 3819 2292 3872 cunque
2320 3804 2418 3858 ista
2450 3815 2595 3868 sunt,
2623 3803 2793 3858 forma
2821 3804 3053 3874 perfecta
3082 3813 3184 3869 est,
3210 3811 3420 3872 oportet
3443 3802 3666 3857 auferas

2087 3894 2242 3948 istam
2261 3895 2302 3925 ¹⁰
2319 3894 2712 3949 inchoationem
2733 3894 2961 3959 formae,
2985 3910 3123 3963 quae
3138 3897 3390 3961 tanquam
3407 3892 3669 3948 materies

2085 3985 2150 4038 ad
2179 3984 2562 4053 perliciendum
2593 3983 3120 4051 subjacereyidetur
3160 3981 3372 4036 artiﬁci.
3419 3979 3474 4034 Si
3517 3981 3663 4034 enim

2085 4074 2290 4129 formae
2309 4073 2568 4144 perfectio
2604 4075 2802 4129 bonum
2833 4082 2945 4139 est,
2983 4073 3294 4127 normullum
3321 4070 3429 4139 jam
3459 4071 3664 4126 bonum

2085 4175 2168 4220 est
2214 4175 2267 4220 et
2301 4167 2503 4221 formae
2530 4166 2819 4221 inchoatio.
2858 4166 2934 4218 ita
2977 4165 3222 4218 detracto
3263 4162 3472 4231 penitus
3511 4159 3666 4214 omni

2085 4259 2224 4312 bono
2251 4259 2382 4312 nihil
2407 4259 2624 4312 omnino
2650 4258 2950 4311 remanebit
2971 4256 3035 4307 “.
3061 4254 3232 4310 Omne
3259 4263 3432 4306 autem
3460 4252 3664 4304 bonum

2081 4347 2150 4386 ex
2188 4338 2294 4388 Deo
2320 4341 2505 4390 :nutla
2525 4351 2652 4407 ergo
2678 4348 2869 4391 natura
2902 4343 3008 4400 est,
3034 4349 3176 4407 quae
3194 4350 3300 4390 non
3327 4338 3394 4391 sit
3423 4351 3488 4390 ex
3517 4336 3653 4391 Deo.

408 4429 520 4482 (nis
546 4428 706 4480 bonis
739 4445 752 4487 ;
779 4428 870 4480 sed
896 4427 1065 4494 magis
1093 4427 1146 4480 in
1171 4427 1448 4492 omnibus,
1477 4443 1640 4495 quam
1673 4428 1716 4482 si
1737 4443 1976 4482 nonom.
2011 4466 2055 4520 υ
2086 4425 2260 4480 Motus
2287 4443 2416 4495 ergo
2450 4427 2538 4482 ille
2568 4430 2895 4494 aversionis,
2931 4428 3074 4496 quod
3108 4427 3343 4484 fatemur
3370 4442 3493 4482 esse
3525 4443 3658 4496 pec-

406 4519 500 4573 nia
530 4518 810 4572 tribuisset
837 4519 865 4557 ιι
893 4558 905 4572 .
949 4537 968 4568 ι

479 4607 573 4664 ιν.
606 4628 624 4660 ε
651 4608 911 4666 Voluntas
933 4626 1084 4678 ergo,
1109 4612 1407 4667 adhaerens
1425 4611 1877 4682 communiatque
1895 4615 1980 4667 in-

403 4705 784 4758 con‘niiutahili
817 4705 1228 4774 bono,imperat
1248 4708 1421 4775 prima
1443 4723 1496 4760 ei
1524 4721 1716 4778 magna
1744 4708 1979 4762 hominis

408 4795 576 4857 bona,
609 4811 730 4848 cum
764 4797 874 4864 ipsa
907 4801 976 4848 sit
1030 4799 1269 4852 medium
1301 4799 1572 4868 quoddam
1608 4802 1806 4854 bonum
1837 4816 1853 4861 ;
1887 4815 1981 4853 vo-

405 4887 589 4941 luntas
619 4896 798 4940 autem
829 4903 1017 4944 aversa
1054 4891 1121 4943 ab
1162 4891 1590 4944 ineommutahdi
1620 4901 1674 4944 et
1700 4891 1974 4944 communi

409 4976 650 5040 bono,ct
675 4991 938 5032 conversa
959 4980 1027 5034 ad
1057 4980 1334 5050 proprium
1369 4979 1701 5041 bonum,ant
1723 4980 1794 5029 ad
1825 4987 1977 5031 exte-

2084 4529 2288 4583 catum,
2321 4520 2578 4588 quoniam
2598 4520 2902 4575 defectivus
2929 4526 3110 4574 motus
3128 4531 3230 4584 est,
3261 4522 3441 4572 omnis
3466 4528 3657 4572 autem

2087 4614 2333 4667 defeetus‘
2390 4628 2458 4666 ex
2521 4613 2692 4667 nihilo
2719 4624 2824 4677 est,
2857 4615 2975 4667 vide
3009 4619 3117 4681 quo
3153 4610 3425 4680 pertineat
3452 4629 3466 4674 ;
3499 4623 3554 4665 et
3585 4613 3656 4665 ad

2090 4707 2256 4758 Deum
2299 4719 2414 4758 non
2441 4705 2714 4772 pertinere
2763 4715 2872 4757 non
2923 4703 3293 4768 dubites._Qui
3330 4706 3510 4760 tamen
3549 4702 3655 4757 de-

2083 4795 2281 4864 fectus,
2327 4799 2581 4866 quoniam
2613 4805 2701 4850 est
2727 4795 3090 4857 voluntarius,
3130 4797 3182 4849 in
3219 4801 3404 4848 nostra
3443 4806 3652 4862 estpo-

2087 4871 2224 4939 situs
2254 4885 2611 4954 possibilitate
2634 4887 2695 4940 ¹¹.
2729 4884 2784 4938 Si
2810 4887 2951 4939 enim
2971 4890 3130 4940 times
3155 4884 3326 4949 illum,
3356 4893 3571 4952 oportet
3597 4894 3660 4938 ut

2090 4977 2227 5030 nolis
2252 4995 2266 5043 ;
2295 4979 2338 5032 si
2376 4988 2555 5032 autem
2576 4978 2751 5045 nolis,
2769 4993 2876 5031 non
2904 4980 3029 5034 erit.
3050 4977 3188 5045 Quid
3215 4992 3348 5047 ergo
3375 4977 3656 5043 securius.

1677 5072 1927 5126 VAR‘lAE
1976 5072 2265 5135 ιΕβΤιΟδ
2275 5074 2378 5131 ES.

485 5173 499 5203 '
534 5171 627 5226 Sic
651 5175 798 5239 cod.,
839 5176 906 5229 al.
941 5175 1085 5244 quia.

408 5243 429 5272 ⁵
457 5243 546 5297 Sic
567 5247 714 5302 cod.,
741 5246 812 5296 al.
838 5247 1068 5298 (mimae.

408 5315 656 5380 fortasse.
737 5318 755 5346 ⁸
788 5315 918 5368 Cati.
952 5316 1214 5381 poenitus.
1247 5312 1323 5364 sic
1369 5311 1584 5376 ubique.

408 5383 561 5444 nihil,
589 5386 678 5435 sul
709 5389 842 5438 nihil
872 5387 1094 5439 Omnino
1135 5381 1457 5434 remanebit.

1143 5242 1162 5272 ⁵
1194 5243 1348 5295 Corr.
1379 5241 1448 5292 Μ.
1473 5249 1592 5292 co.t.
1619 5240 1727 5307 qui.

1161 5173 1182 5202 '
1209 5171 1297 5224 Sic
1329 5171 1472 5232 cod.,
1513 5169 1579 5221 Μ.
1616 5167 1971 5236 cognoscimus
1989 5179 2045 5221 ct
2098 5170 2162 5221 ad
2194 5185 2344 5238 marg

1161 5256 1162 5264 ‘
1194 5243 1348 5291 Corr.
1379 5241 1448 5291 Μ.
1473 5249 1592 5291 co.t.
1619 5240 1727 5291 aui.
1799 5241 1817 5266 ⁶
1841 5239 1975 5291 Gud.
2012 5240 2344 5291 antiuinistru

1886 5243 1975 5291 od.
2012 5243 2515 5294 antininistruzione.

1671 5309 1710 5338 '°
1762 5309 1830 5361 al.
1863 5311 2020 5360 etiam
2050 5297 2242 5376 ipsum.

1537 5381 1578 5409 ¹²
1613 5379 1685 5433 al.
1721 5391 1998 5449 potestate.

2353 5207 2364 5221 .
2403 5170 2585 5223 adscr.
2613 5172 2683 5224 al.
2717 5171 3138 5224 internoscimus.
3218 5168 3237 5199 ³
3264 5166 3400 5221 Cod.
3439 5179 3654 5221 assunt.

2594 5242 2611 5270 ⁷
2634 5241 2836 5295 sedibus
2863 5255 2974 5294 0m.
2997 5244 3146 5299 cod.,
3168 5239 3292 5292 add.
3323 5237 3391 5290 Μ.
3460 5237 3483 5265 ⁸
3515 5239 3654 5289 Lutl.

2323 5310 2363 5339 ”
2405 5311 2494 5364 Sic
2526 5311 2647 5365 cod.
2709 5310 2780 5365 Μ.
2829 5311 3273 5365 omnibononan
3303 5307 3511 5378 quidem
3549 5324 3658 5359 non

1941 5472 2185 5529 NOTAE.

479 5589 501 5613 υ
544 5577 824 5641 Augustnt.
864 5577 925 5624 de
960 5576 1049 5625 lib.
1089 5576 1199 5623 arb.
1243 5570 1306 5636 Η,
1339 5573 1417 5625 18.

483 5654 505 5681 υ
545 5647 826 5712 Augustin.
867 5647 987 5695 ειμι.
1035 5646 1111 5695 19.

2157 5578 2179 5606 ι
2227 5567 2513 5637 Augustin.
2547 5569 2582 5623 l.
2616 5568 2650 5624 l.
2687 5569 2742 5621 in
2774 5570 2903 5622 line.
