3904 6148
193 358 287 418 383

1269 356 1462 411 LIBER
1504 353 1589 411 DE
1627 352 2331 412 PRAEDI‘ISTINATIONI‘I.

3317 352 3422 411 ζ’ιεῦ

196 489 330 545 quam
367 487 482 528 esse
526 473 577 527 in
620 486 683 527 ea
711 472 843 537 vita,
876 472 965 527 ubi
1010 487 1115 528 non
1158 474 1325 544 possit
1366 474 1458 529 tibi
1498 474 1735 537 evenire,
1768 479 1813 535 Α
1845 472 1967 525 tatis
1989 488 2017 525 a
2041 486 2099 526 se
2115 470 2421 526 condendae
2445 471 2772 525 substantias
2788 472 3023 526 condidit
3045 472 3282 528 bonitate
3300 489 3419 536 sua,

195 566 311 633 quod
337 580 439 619 non
464 565 566 618 vis.
600 561 707 618 Sed
732 564 984 633 quoniam
1004 604 1020 628 ,
1049 578 1155 618 non
1186 564 1325 619 sicut
1359 575 1548 635 Sponte
1581 565 1743 619 homo

194 654 389 717 cecidit,
421 655 491 706 ita
519 653 684 706 etiam
715 661 907 721 sponte
941 668 1164 723 surgere
1194 662 1400 723 potest,
1438 662 1740 722 porrectam

194 747 322 800 nobis
348 745 576 815 desuper
607 744 884 815 dexteram
917 744 1042 809 Dei,
1080 744 1131 798 id
1169 754 1283 809 est,
1325 746 1607 799 Dominum
1649 761 1743 799 no-

191 847 334 891 strum
358 836 539 892 Jesum
567 836 840 891 Christum
881 835 1034 889 ﬁrma
1075 837 1178 890 ttde
1217 844 1529 900 teneamus,
1569 846 1621 889 ct
1650 851 1744 890 ex-

192 936 466 996 spectemus
504 934 656 981 certa
703 939 832 993 spe,
879 934 935 978 et
975 925 1199 979 caritate
1230 925 1435 979 ardenti
1475 926 1744 980 desidere-

192 1030 342 1071 ωιιει
377 1036 419 1070 δ.

678 1105 1070 1161 CAPITULO.“
1116 1106 1245 1160 VIII.

198 1192 564 1267 Dediﬂ'erentia
592 1198 727 1252 inter
751 1208 994 1320 notua-nm
1030 1198 1254 1252 hominis
1293 1208 1340 1251 et
1374 1198 1591 1253 liberum
1633 1202 1743 1270 ejus

806 1286 867 1320 ar
904 1279 1102 1320 unum.

806 1279 1102 1321 arbitrium.

250 1380 285 1431 1.
320 1375 430 1431 lam
470 1392 614 1432 nunc
647 1375 904 1446 pulsanda
933 1386 1019 1430 est
1055 1377 1234 1432 divina
1263 1378 1652 1445 misericordia,
1690 1389 1748 1434 ut

202 1473 328 1528 nobis
359 1471 567 1541 aperire
597 1472 852 1542 dignetur
887 1471 1214 1526 imminentis
1243 1473 1573 1540 quaestionis
1607 1473 1743 1526 ditii-

204 1562 441 1618 eultatem.
475 1562 659 1631 Longe
706 1575 939 1631 namque
984 1570 1248 1615 remotum
1279 1571 1394 1627 est,
1434 1570 1489 1616 et
1532 1564 1582 1617 in
1624 1579 1747 1632 pro-

206 1652 367 1707 fundae
405 1652 790 1720 intelligentiae
842 1659 1051 1705 secreto
1076 1652 1211 1706 sinu
1258 1653 1585 1721 repositum,
1617 1655 1744 1723 quid

207 1741 338 1798 distat
375 1743 512 1797 inter
559 1742 783 1796 liberam
830 1742 1067 1796 hominis
1110 1742 1465 1809 voluntatem,
1515 1760 1653 1813 quae
1680 1761 1745 1801 ex

1847 561 2037 615 deinde
2069 559 2357 628 unicuique
2380 575 2474 628 pro
2500 560 2750 628 gradibus
2784 560 2894 615 suis
2920 562 3057 615 dena
3090 562 3218 616 dare
3241 560 3423 631 dispo-

1846 650 1951 702 suit
1984 649 2230 717 largitate
2250 652 2367 700 sua:
2389 648 2529 702 Inter
2551 662 2685 717 quas
2708 648 2949 701 videlicet
2976 649 3304 702 substantias
3327 665 3423 703 ua-

1848 751 2020 794 turam
2066 740 2296 793 hominis
2337 739 2387 792 in
2428 739 2699 793 voluntate
2739 739 3036 793 rationabili
3062 741 3084 770 ⁸
3119 740 3419 795 substituit.

1847 829 1958 886 Non
1987 834 2127 886 enim
2158 832 2277 885 ideo
2301 814 2460 885 hozizo
2489 831 2729 885 voluntas
2755 842 2854 894 est,
2886 833 3010 902 quia
3036 832 3279 888 voluntas
3315 843 3422 897 est,

1847 924 1939 977 sed
1952 924 2075 992 quia
2094 921 2371 975 rationalis
2387 922 2630 975 voluntas
2649 932 2748 974 est.
2767 922 2915 975 Tolle
2940 938 3168 990 namque
3186 923 3421 976 rationa-

1848 1013 1949 1065 lem
1975 1012 2319 1071 voluntatem,
2346 1027 2449 1064 non
2474 1011 2577 1064 erit
2603 1011 2780 1063 homo.
2809 1010 2960 1077 Quod
2996 1020 3171 1064 tamen
3201 1027 3306 1064 non
3337 1027 3417 1064 re-

1847 1099 2045 1163 currit,
2078 1109 2159 1159 ut,
2192 1100 2236 1154 si
2269 1100 2422 1151 tollas
2450 1098 2754 1161 hominem,
2783 1086 2885 1151 non
2913 1098 2984 1151 sit
3021 1099 3295 1153 rationalis
3326 1115 3420 1152 vo-

1848 1190 2043 1252 luntas,
2074 1206 2213 1259 quae
2242 1205 2345 1243 non
2381 1190 2432 1243 in
2461 1189 2675 1243 homine
2703 1200 2930 1253 tantum,
2966 1205 3146 1243 verum
3181 1191 3341 1244 etiam
3369 1190 3423 1244 in

1847 1281 2057 1350 angelo,
2086 1291 2247 1351 atque
2280 1281 2395 1351 ipso
2427 1280 2535 1333 Deo
2564 1281 2925 1350 cognoscitur.
2955 1280 3090 1335 llinc
3120 1283 3424 1335 necessario

1846 1371 2297 1425 considerandum
2322 1370 2363 1435 ⁸,
2391 1371 2515 1438 quid
2570 1373 2668 1423 ista
2698 1371 2927 1423 humana
2959 1371 3204 1426 voluntas
3231 1372 3424 1426 habent

1846 1477 1910 1516 ex
1945 1471 2132 1515 natura
2156 1502 2170 1525 ,
2214 1462 2341 1530 quid
2372 1479 2434 1515 ex
2486 1462 2646 1515 dono.
2698 1463 2802 1517 Sed
2838 1463 2883 1517 si
2932 1463 3048 1517 luce
3079 1463 3277 1518 clarius
3306 1475 3422 1527 est,

1847 1553 2165 1607 naturaliter
2204 1568 2321 1607 eam
2366 1552 2582 1617 habere,
2629 1552 2770 1622 quod
2811 1553 2882 1607 sit
2916 1552 3285 1608 substantialis
3332 1569 3424 1608 vo—

1848 1642 2044 1710 luntas,
2087 1653 2252 1698 restat
2280 1645 2486 1713 quaeri,
2515 1644 2652 1699 unde
2683 1644 2751 1698 sit
2780 1645 2826 1698 ei
2864 1644 3099 1698 libertas.
3135 1643 3249 1697 Non
3280 1645 3423 1699 enim

1849 1736 2092 1791 absolute
2134 1736 2330 1790 dicitur
2382 1736 2650 1798 voluntas,
2702 1736 2793 1791 sed
2846 1737 3011 1790 libera
3057 1737 3321 1790 voluntas.
3368 1735 3426 1790 Si

210 1843 368 1886 natura
396 1842 498 1896 est,
526 1841 582 1886 et
614 1830 840 1885 liberum
867 1829 985 1898 eius
1016 1832 1330 1897 arbitrium,
1361 1835 1503 1901 quod
1558 1837 1744 1905 procul
1778 1831 1821 1889 Β
1850 1843 1978 1899 ergo
2019 1838 2227 1881 tantum
2266 1843 2333 1882 ex
2366 1828 2748 1882 Substitutione
2772 1828 2791 1859 ⁷
2824 1844 2920 1882 sua
2987 1828 3210 1890 habent,
3258 1839 3315 1883 ut
3356 1828 3427 1882 sit

209 1923 338 1976 dubio
368 1925 560 1976 donum
593 1922 869 1976 Creatoris
905 1936 1024 1976 esse
1065 1922 1409 1979 manifestum
1444 1928 1481 1980 ³.
1539 1926 1746 1983 Sancto

209 2012 429 2081 siquidem
477 2013 780 2082 Augustino
849 2013 1125 2070 multoties
1167 2016 1188 2047 ¹
1244 2017 1400 2072 nobis
1446 2018 1748 2077 inculcante

209 2105 502 2173 apertissime
525 2106 816 2168 credimus,
848 2107 1124 2163 interioris
1150 2109 1385 2165 hominis
1411 2110 1746 2168 substantia—

212 2191 290 2244 lem
327 2194 610 2248 trinitatem
656 2194 711 2248 in
757 2195 842 2249 bis
890 2196 1083 2262 tribus,
1124 2198 1358 2253 essentia
1395 2200 1661 2268 videlicet,
1694 2212 1749 2258 et

212 2280 473 2346 volunuite,
517 2294 572 2337 et
604 2283 830 2337 scientia
873 2285 1139 2339 contineri
1170 2286 1217 2338 ι).
1262 2285 1317 2341 Si
1354 2289 1498 2343 enim
1540 2305 1747 2346 summa

215 2370 600 2440 sapicntia.quae
620 2372 910 2426 humanam
935 2381 1179 2427 naturam
1204 2375 1283 2429 sui
1309 2375 1538 2431 similem
1562 2394 1751 2435 creare

215 2459 365 2520 voluit,
395 2461 443 2513 in
470 2476 528 2514 se
557 2461 670 2531 ipsa
705 2476 811 2514 una
842 2462 1089 2530 trinaqne
1112 2472 1217 2527 est,
1254 2466 1448 2520 merito
1477 2466 1747 2523 hominem

214 2551 275 2605 sic
296 2551 426 2615 fecit,
451 2554 738 2608 essentiam
771 2553 1035 2622 profecto,
1067 2555 1420 2622 voluntatem,
1446 2558 1744 2622 scientiam,

213 2659 324 2713 quae
353 2646 445 2699 tria
475 2661 637 2699 unum
669 2654 813 2700 sunt.
852 2646 966 2700 Non
1009 2648 1150 2701 enim
1190 2648 1329 2702 aliud
1373 2657 1457 2704 est
1500 2651 1748 2705 rationali

209 2734 321 2789 vitae
342 2752 474 2802 esse,
496 2746 548 2791 et
573 2737 733 2801 velle,
757 2751 857 2791 nec
886 2736 1030 2791 aliud
1057 2739 1212 2803 velle,
1243 2749 1297 2793 et
1318 2741 1475 2803 scire,
1505 2741 1597 2796 sed
1630 2756 1750 2797 esse

205 2824 300 2893 ejus
325 2827 560 2881 voluntas
582 2829 782 2893 sciens,
809 2836 859 2883 et
891 2829 1139 2884 voluntas
1160 2829 1275 2900 ejus
1290 2831 1523 2885 essentia
1547 2832 1748 2899 sciens,

204 2927 248 2971 et
276 2922 481 2974 scientia
520 2921 639 2991 ejus
669 2920 855 2976 volens
880 2922 1111 2976 essentia
1141 2932 1242 2977 est.

256 3007 309 3062 II.
346 3010 482 3065 Ilaec
526 3011 690 3082 igitur
735 3011 835 3064 tria
881 3027 1043 3065 unum
1089 3021 1232 3077 sunt,
1283 3021 1336 3066 et
1381 3029 1484 3067 una
1532 3024 1745 3070 natura.

202 3094 314 3152 'I'ota
340 3099 526 3154 deinde
565 3100 780 3156 animae
809 3111 1000 3154 natura
1030 3101 1274 3155 voluntas
1306 3111 1407 3156 est.
1441 3102 1546 3157 Sed
1575 3105 1750 3159 consi-

1848 1917 2113 1981 voluntas,
2164 1932 2267 1971 non
2316 1927 2494 1970 autem
2537 1917 2736 1982 libera;
2779 1917 3116 1987 relinquitur,
3167 1917 3211 1971 si
3259 1916 3426 1972 libera

1846 2016 1951 2073 est,
1994 2007 2136 2076 quod
2182 2023 2380 2079 negare
2421 2008 2736 2071 absurdum,
2783 2010 2921 2062 dono
2962 2008 3040 2061 sui
3083 2007 3354 2062 Creatoris
3378 2012 3426 2062 ci

1848 2097 2099 2152 donatam
2127 2114 2247 2153 esse
2275 2098 2597 2153 libertatem.
2640 2100 2705 2153 Et
2733 2100 2830 2153 erit
2866 2099 2985 2154 talis
3012 2098 3311 2155 dill‘erentia
3343 2101 3427 2154 in—

1850 2198 1933 2244 ter
1971 2199 2221 2244 naturam
2266 2198 2321 2244 et
2363 2190 2590 2244 liberum
2636 2190 2951 2257 arbitrium,
2994 2207 3056 2245 ac
3092 2192 3135 2245 si
3194 2191 3425 2244 humana

1848 2280 2097 2335 voluntas
2123 2297 2229 2335 non
2260 2282 2434 2336 solum
2466 2299 2557 2336 sua
2591 2283 2970 2339 substitutionc
2998 2285 3227 2353 accepit,
3253 2294 3307 2337 ut
3336 2287 3425 2346 sit,

1851 2378 1943 2431 sed
1969 2388 2131 2431 etiam
2161 2388 2218 2431 ut
2246 2379 2413 2432 libera
2444 2379 2532 2433 sit.

1921 2465 2006 2519 IV.
2051 2467 2239 2521 Adhuc
2286 2483 2394 2520 non
2443 2476 2527 2521 est
2568 2468 2813 2536 quaestio
2861 2468 3130 2537 proposita
3165 2478 3423 2522 reserata.

1850 2555 2148 2610 I’raedietis
2182 2558 2377 2626 quippe
2400 2558 2957 2627 argumentationibus
3000 2557 3278 2612 collectum
3309 2568 3425 2621 est,

1850 2646 2427 2713 onmipotcntissimam
2459 2646 2694 2699 divinam
2737 2646 3086 2711 voluntatem,
3116 2663 3251 2715 quae
3283 2649 3421 2702 nulla

1852 2735 1969 2807 lege
2016 2744 2323 2801 coartatur,
2380 2752 2478 2791 nec
2536 2737 2844 2806 impeditur,
2894 2737 3140 2793 debuisse
3177 2737 3422 2792 volunta-

1852 2834 1959 2880 tem
1986 2827 2067 2880 sui
2094 2826 2544 2888 similemcreare,
2563 2842 2698 2896 quae
2724 2828 2959 2882 aeternis
2986 2827 3191 2897 legibus
3206 2831 3430 2883 creatri-

1852 2916 1931 2974 cis
1956 2928 2254 2989 regeretur,
2281 2917 2423 2971 nulla
2456 2918 2505 2970 vi
2534 2919 2601 2973 ab
2632 2918 2855 2987 agendo,
2890 2919 3015 2987 quid
3068 2919 3252 2982 vellet,
3284 2930 3427 2974 arta-

1853 3018 2032 3073 retnr,
2063 3006 2143 3061 vel
2170 3008 2237 3061 ad
2266 3008 2526 3079 agendum
2548 3046 2561 3070 ,
2593 3006 2731 3075 quod
2762 3007 2958 3072 nollet,
2996 3008 3426 3077 compelleretur.

1798 3116 1801 3117 '
1855 3099 2123 3186 Quidquid
2171 3099 2314 3154 enim
2363 3098 2538 3153 facere
2586 3098 2895 3163 maluisset,
2944 3100 3056 3154 sive
3106 3100 3426 3166 boni,‘si\e

202 3188 496 3254 derandum,
529 3199 713 3244 utrum
739 3204 802 3245 ea
836 3190 1100 3255 voluntas,
1129 3192 1267 3246 sicut
1296 3194 1613 3250 naturaliter
1642 3207 1745 3261 est,
1777 3183 1820 3244 C
1855 3190 2000 3253 mali,
2022 3183 2481 3259 sapientissimum
2505 3188 2781 3243 creatricis
2808 3203 2935 3244 suae
2961 3189 3292 3259 disciplinam
3319 3205 3425 3244 non

201 3277 261 3333 ita
285 3279 442 3335 libera
467 3290 550 3335 est
578 3282 916 3347 naturaliter,
944 3298 1011 3335 an
1039 3291 1269 3348 tantum,
1297 3292 1353 3337 ut
1382 3284 1627 3341 voluntas
1654 3288 1745 3351 sit,

200 3379 454 3424 canatura
486 3371 703 3433 habeat,
733 3380 790 3424 ut
820 3381 999 3427 autem
1030 3372 1221 3435 libera,
1253 3388 1317 3427 ex
1351 3373 1493 3429 dono
1528 3374 1747 3430 Creato-

201 3458 281 3513 ris.
304 3458 428 3514 Cum
454 3460 601 3515 enim
632 3476 794 3515 omne
822 3461 1016 3515 bonum
1064 3471 1157 3516 aut
1197 3462 1338 3518 Deus
1376 3466 1488 3535 ipse
1513 3474 1627 3530 est,
1657 3475 1749 3521 aut

204 3548 425 3619 quidquid
453 3551 522 3604 ab
548 3565 615 3604 eo
643 3561 761 3616 est,
788 3566 893 3606 non
920 3561 1095 3606 tamen
1122 3555 1304 3608 omnia
1332 3555 1491 3622 bona,
1515 3572 1653 3627 quae
1681 3559 1748 3612 ab

204 3653 257 3690 ro
277 3648 429 3724 sunt,
456 3639 651 3693 eodem
686 3638 846 3693 modo
879 3640 947 3694 ab
974 3655 1039 3695 eo
1067 3642 1179 3695 ﬁeri
1218 3643 1465 3699 dicimus.
1496 3645 1746 3701 Omnium

213 3718 389 3782 quippe
408 3719 699 3782 bonorum,
725 3731 866 3785 quae
893 3720 1036 3773 Deus
1066 3724 1288 3787 creavit,
1320 3725 1581 3790 quaedam
1613 3731 1742 3776 sunt

215 3802 314 3868 rius
355 3806 611 3873 bonitate,
662 3810 926 3879 quaedam
983 3812 1102 3884 ejus
1149 3813 1411 3882 largitate.
1462 3814 1611 3880 Quae
1643 3830 1741 3868 au-

218 3897 394 3950 letnab
417 3899 591 3967 ipsius
643 3902 887 3957 bonitate
923 3908 1079 3968 linnt,
1114 3906 1547 3960 substantiatiter
1579 3906 1736 3970 linnt,

217 3995 321 4036 cum
340 3988 587 4043 erunibus
609 3993 1007 4058 accidentibus,
1030 4010 1170 4064 quae
1188 3997 1267 4051 eis
1294 3998 1616 4052 naturaliter
1645 3999 1744 4053 ad-

219 4071 434 4142 haerent,
465 4093 522 4135 ut
548 4093 681 4138 sunt
699 4086 1012 4154 qualitates,
1045 4091 1395 4157 quantitates,
1431 4093 1742 4157 relationes,

220 4172 353 4235 situs,
385 4175 618 4243 habitus,
650 4180 788 4235 loca.
826 4190 1093 4249 tempora,
1116 4200 1296 4252 agere.
1335 4186 1482 4253 pati;
1512 4201 1619 4254 quo
1647 4202 1745 4239 nu-

224 4276 351 4316 mero
372 4266 591 4321 denario
620 4279 681 4323 et
708 4270 887 4323 omnis
912 4282 1092 4325 creata
1123 4276 1449 4339 substantia,
1478 4285 1530 4328 et
1562 4278 1743 4330 omnia

225 4356 265 4405 ri
291 4364 595 4417 naturaliter
626 4364 929 4418 acc‘dentia
960 4368 1348 4437 comprehendi
1381 4370 1744 4438 possunt.Nee

226 4461 309 4500 nos
333 4464 549 4514 moveat.
575 4458 620 4510 si
651 4456 906 4511 dicantur
928 4459 1226 4513 accidentia
1256 4460 1276 4490 ³
1297 4461 1584 4528 quaedam.
1610 4477 1747 4530 quae

226 4550 280 4592 ex
294 4553 464 4597 natura
487 4563 590 4600 non
618 4558 767 4601 sunt.
789 4548 903 4602 Non
927 4551 1071 4604 enim
1102 4561 1225 4605 sunt
1248 4567 1373 4606 vere
1399 4552 1744 4615 acc-identia‘,

230 4635 305 4683 ml
335 4640 646 4694 naturalium
683 4641 1048 4695 accidentium
1081 4653 1172 4696 aut
1200 4644 1499 4703 absentiae.
1533 4655 1625 4697 aut
1655 4644 1747 4696 de-

233 4720 396 4789 lectus,
413 4728 459 4781 id
476 4742 556 4784 est
587 4734 971 4800 corruptiones
1016 4735 1166 4800 Quae
1193 4751 1322 4789 vero
1349 4737 1594 4801 largitate
1617 4753 1718 4791 con

223 4806 379 4864 «litoris
404 4812 641 4877 veniunt,
675 4811 919 4881 profecto
942 4814 1081 4869 dona
1113 4816 1232 4883 ejus
1262 4819 1619 4889 appellantur,
1653 4843 1749 4883 nec

222 4895 349 4951 aliter
372 4902 502 4956 credi
530 4911 763 4973 oportet,
799 4904 1049 4973 quoniam
1093 4908 1309 4977 quidem
1353 4912 1452 4965 tria
1483 4918 1746 4981 quaedam

222 4981 410 5058 intelligi
443 5006 657 5047 necesse
681 5003 764 5047 est
818 4994 870 5047 in
903 4995 1048 5049 omni
1078 4997 1309 5052 donandi
1342 5008 1485 5065 actu,
1515 5005 1605 5072 qui
1637 5006 1745 5071 dat,

220 5078 337 5140 quot
359 5080 521 5145 datur,
552 5082 638 5137 cui
667 5082 845 5136 datur.

277 5166 348 5219 ιιι.
383 5169 599 5228 Proinde
626 5173 767 5227 Deus
794 5174 1032 5228 omnium
1062 5175 1236 5246 opifex
1279 5180 1454 5247 primo
1482 5187 1747 5240 universi-

1851 3280 2161 3346 excederet,
2188 3295 2324 3349 quae
2349 3294 2536 3333 omnes
2563 3288 2737 3334 motus
2763 3278 2959 3332 liberae
2987 3278 3294 3343 voluntatis,
3314 3278 3427 3333 sive

1853 3384 2050 3429 rectos.
2078 3373 2189 3426 sive
2217 3386 2524 3441 perversos,
2550 3370 2801 3440 congruis
2826 3369 3105 3424 ordinibus
3132 3370 3425 3439 exciperet.

1852 3465 1969 3519 Non
2006 3464 2149 3518 enim
2190 3462 2493 3519 credendus
2525 3472 2608 3517 est
2648 3461 3011 3515 univcrsitatis
3069 3462 3313 3516 conditor
3344 3478 3430 3516 ra-

1853 3555 2105 3611 tionalem
2142 3554 2469 3609 voluntatem
2506 3552 2697 3608 fecisse
2728 3551 3001 3607 servilem.
3031 3552 3115 3605 An
3152 3551 3292 3606 forte
3323 3566 3429 3606 non

1852 3654 1935 3700 est
1981 3644 2186 3699 homini
2224 3642 2648 3699 substantialiter
2694 3643 2867 3696 ratio?
2910 3640 3041 3709 Quis
3081 3642 3276 3695 audeat
3328 3643 3430 3695 hoc

1852 3736 2050 3797 dicere,
2100 3750 2223 3788 cum
2268 3735 2339 3787 sit
2384 3749 2509 3788 vera
2554 3733 2785 3787 hominis
2831 3732 3095 3797 detinitio,
3142 3734 3301 3787 homo
3347 3742 3431 3787 est

1851 3825 2148 3879 substantia
2199 3822 2493 3887 rationalis,
2536 3822 2829 3892 sapientiae
2872 3823 3069 3891 capax!
3118 3822 3256 3889 Quid
3300 3837 3432 3890 ergo

1852 3916 2068 3981 mirum,
2101 3917 2366 3971 humanae
2393 3915 2650 3970 voluntati
2678 3931 2744 3969 ex
2771 3924 2963 3968 natura
2991 3915 3073 3970 sui
3108 3930 3229 3972 esse
3270 3916 3431 3971 liber-

1854 4016 2018 4061 tatem
2041 4046 2054 4071 ,
2081 4022 2202 4061 cum
2243 4021 2347 4061 non
2378 4007 2445 4060 sit
2476 4005 2705 4069 mirum,
2747 4019 2809 4059 ea
2848 4003 2967 4059 ﬁeri
2997 4005 3295 4059 rationem?
3322 4004 3431 4059 Aut

1851 4098 2118 4169 quomodo
2168 4097 2281 4150 ﬂeri
2314 4098 2487 4165 potuit
2534 4105 2726 4149 natura
2776 4095 2988 4151 servilis
3032 4095 3299 4159 voluntas,
3341 4097 3426 4150 cui

1851 4188 2044 4243 merito
2085 4187 2424 4242 obedientiae
2469 4187 2798 4257 promittitur
2845 4186 2932 4240 illa
2962 4186 3143 4241 futura
3183 4187 3426 4251 libertas,

1850 4282 2105 4350 quoniam
2149 4295 2253 4334 non
2298 4280 2398 4333 erit
2436 4278 2689 4349 peccandi
2733 4279 3033 4347 cupiditas?
3079 4276 3236 4332 Nullo
3281 4280 3426 4333 enim

1848 4380 2007 4441 pacto
2048 4372 2186 4425 Dens
2224 4370 2483 4430 destruit,
2528 4370 2668 4437 quod
2715 4369 2765 4422 in
2817 4378 3004 4423 natura
3049 4369 3280 4432 creavit,
3332 4371 3429 4426 sed

1850 4464 2111 4533 quaedam
2135 4464 2272 4517 bona
2295 4461 2575 4521 naturalia.
2606 4477 2743 4531 quae
2770 4453 3026 4523 condidit,
3047 4462 3097 4515 in
3125 4462 3314 4518 melius
3334 4481 3428 4519 ea-

1851 4553 1973 4606 dem
1999 4554 2293 4616 convertit,
2324 4569 2428 4607 non
2468 4562 2524 4606 ut
2555 4551 2623 4605 ab
2650 4552 2749 4615 eis,
2774 4551 2914 4620 quod
2947 4551 3091 4615 fecit,
3122 4564 3300 4618 eruat,
3331 4558 3423 4609 sed

1853 4652 1906 4693 ut
1939 4642 2036 4700 eis.
2064 4641 2203 4708 quod
2233 4642 2430 4696 addere
2454 4641 2654 4708 voluit,
2687 4642 2922 4713 adjiciat.

1928 4731 1988 4786 V.
2034 4734 2288 4803 Exemplo
2329 4736 2397 4789 sit
2441 4749 2636 4803 corpus
2676 4736 2912 4789 hominis
2953 4746 3081 4791 ante
3122 4751 3423 4807 peccatum.

1855 4828 1997 4896 quod
2034 4837 2150 4879 erat
2192 4828 2419 4897 primum
2463 4827 2712 4891 animale,
2755 4828 2945 4883 deinde
2988 4828 3223 4885 futurum
3271 4834 3425 4903 spiri-

1859 4915 1999 4969 tuale
2055 4916 2245 4970 merito
2292 4916 2655 4977 obedientiae,
2702 4915 2842 4969 nulla
2886 4919 3201 4989 interposita
3229 4933 3424 4976 morte.

1849 5004 1958 5060 Cur
1984 5005 2211 5074 primum
2252 5003 2519 5059 animale?
2554 5005 2633 5057 Au
2662 5005 2787 5073 quia
2826 5006 3002 5062 adhuc
3029 5007 3247 5073 deerat,
3280 5014 3423 5081 quod

1849 5097 1896 5149 ei
1929 5106 2146 5166 propter
2180 5097 2445 5165 praecepti
2472 5097 2770 5150 custodiant
2802 5097 2974 5152 fuerat
3003 5100 3336 5164 addendum,
3372 5104 3422 5155 id

1851 5196 1933 5239 est
1965 5185 2263 5255 spirituale,
2293 5200 2357 5237 ac.
2397 5201 2490 5255 per
2512 5187 2610 5239 hoc
2638 5202 2704 5241 ex.
2730 5202 2817 5248 eo,
2849 5189 2989 5257 quod
3019 5189 3218 5259 aliquid
3239 5207 3267 5241 a
3298 5205 3421 5259 per-

1445 5294 1530 5349 VA
1540 5296 1696 5351 RIAE
1733 5296 2132 5353 LECTIONES.

277 5373 534 5450 '_Si_e_¢:rl.
608 5380 630 5410 ³
661 5379 984 5450 nmltociens,
1037 5379 1117 5435 sic
1141 5381 1359 5450 ubique.

1434 5379 1460 5415 ⁸
1478 5384 1608 5440 Cod.
1658 5386 1976 5441 accedentia.

2055 5387 2076 5418 ⁸
2103 5385 2194 5442 Sic
2217 5385 2337 5441 cod.
2416 5385 2437 5419 ⁸
2466 5386 2557 5441 Sic
2611 5388 2730 5441 cod.
2751 5427 2766 5448 ,
2830 5386 2898 5442 Μ.
2931 5386 3198 5444 rationali.
3274 5388 3296 5420 ⁸
3325 5388 3418 5446 Sic

457 5459 525 5501 est
553 5442 1023 5527 considerandum.
1100 5450 1233 5527 'Sie
1253 5442 1496 5516 cod.,M.
1545 5456 1614 5527 ad
1662 5471 1834 5527 marg.
1873 5457 2076 5521 adscr.,
2111 5456 2247 5511 forte
2292 5457 2646 5521 institutione;
2690 5442 2782 5510 sed
2825 5457 3043 5519 frustra,
3097 5442 3216 5510 nam
3259 5442 3419 5514 lectio

219 5516 538 5570 subsiilurtoue
574 5528 626 5571 et
668 5519 769 5572 hoc
813 5518 929 5573 loco
995 5529 1052 5573 et
1094 5521 1256 5590 paulo
1295 5531 1416 5591 post
1457 5523 1734 5579 retinenda
1782 5516 1882 5581 Est.

1651 5611 1903 5671 NOTAE.

275 5698 300 5729 ³
336 5691 595 5763 Augustin.
628 5695 665 5748 l.
695 5696 732 5748 Ι.
760 5695 823 5757 II.
852 5697 922 5750 ‘20
948 5697 1121 5751 initio.

573 5789 848 5850 Ρηιιοι..
893 5789 1153 5857 CXXII.

1951 5701 1981 5743 δ
2017 5703 2300 5776 Augustin.
2336 5706 2569 5777 Confess.
2603 5703 2740 5770 XIII,
2782 5707 2858 5758 ll.

2870 5796 2945 5857 t3
