  <div class='ocr_page' id='page_1' title='image "/cluster/home/n/w/nwhite01/storage/ocr_20150623/122/hvd.32044054759840/231.png"; bbox 0 0 3904 6148; ppageno 0'>
   <div class='ocr_carea' id='block_1_1' title="bbox 460 296 561 351">
    <p class='ocr_par' dir='ltr' id='par_1_1' title="bbox 460 296 561 351">
     <span class='ocr_line' id='line_1_1' title="bbox 460 296 561 351; baseline -0.01 -1"><span class='ocrx_word' id='word_1_1' title='bbox 460 296 561 351; x_wconf 63' lang='lat' dir='ltr'><strong>SR7</strong></span> 
     </span>
    </p>
   </div>
   <div class='ocr_carea' id='block_1_2' title="bbox 1845 288 2359 353">
    <p class='ocr_par' dir='ltr' id='par_1_2' title="bbox 1845 288 2359 353">
     <span class='ocr_line' id='line_1_2' title="bbox 1845 288 2359 353; baseline 0.006 -6"><span class='ocrx_word' id='word_1_2' title='bbox 1845 288 2124 351; x_wconf 73' lang='lat' dir='ltr'><strong>JOANNIS</strong></span> <span class='ocrx_word' id='word_1_3' title='bbox 2165 290 2359 353; x_wconf 80' lang='lat' dir='ltr'><strong>SCOTI</strong></span> 
     </span>
    </p>
   </div>
   <div class='ocr_carea' id='block_1_3' title="bbox 3578 288 3692 353">
    <p class='ocr_par' dir='ltr' id='par_1_3' title="bbox 3578 288 3692 353">
     <span class='ocr_line' id='line_1_3' title="bbox 3578 288 3692 353; baseline 0.035 -4"><span class='ocrx_word' id='word_1_4' title='bbox 3578 288 3692 353; x_wconf 59' lang='lat'><strong>388</strong></span> 
     </span>
    </p>
   </div>
   <div class='ocr_carea' id='block_1_4' title="bbox 460 406 3695 483">
    <p class='ocr_par' dir='ltr' id='par_1_4' title="bbox 460 406 3695 483">
     <span class='ocr_line' id='line_1_4' title="bbox 460 406 3695 483; baseline 0.001 -16"><span class='ocrx_word' id='word_1_5' title='bbox 460 414 689 467; x_wconf 80' lang='lat' dir='ltr'><strong>lectione</strong></span> <span class='ocrx_word' id='word_1_6' title='bbox 716 418 939 464; x_wconf 83' lang='lat' dir='ltr'><strong>naturae</strong></span> <span class='ocrx_word' id='word_1_7' title='bbox 982 408 1166 473; x_wconf 64' lang='lat' dir='ltr'><strong>defuit,</strong></span> <span class='ocrx_word' id='word_1_8' title='bbox 1216 415 1333 461; x_wconf 90' lang='lat' dir='ltr'><strong>erat</strong></span> <span class='ocrx_word' id='word_1_9' title='bbox 1377 406 1628 472; x_wconf 83' lang='lat' dir='ltr'><strong>animale,</strong></span> <span class='ocrx_word' id='word_1_10' title='bbox 1659 422 1721 462; x_wconf 76' lang='lat' dir='ltr'><strong>ex</strong></span> <span class='ocrx_word' id='word_1_11' title='bbox 1748 424 1811 463; x_wconf 89' lang='lat' dir='ltr'><strong>eo</strong></span> <span class='ocrx_word' id='word_1_12' title='bbox 1833 450 1847 473; x_wconf 91' lang='lat'><strong>,</strong></span> <span class='ocrx_word' id='word_1_13' title='bbox 1894 414 2035 478; x_wconf 88' lang='lat' dir='ltr'><strong>quod</strong></span> <span class='ocrx_word' id='word_1_14' title='bbox 2064 421 2109 475; x_wconf 86' lang='grc' dir='ltr'><strong>Λ</strong></span> <span class='ocrx_word' id='word_1_15' title='bbox 2141 423 2339 468; x_wconf 89' lang='lat' dir='ltr'><strong>motum</strong></span> <span class='ocrx_word' id='word_1_16' title='bbox 2368 413 2480 467; x_wconf 80' lang='lat' dir='ltr'><strong>ﬁeri</strong></span> <span class='ocrx_word' id='word_1_17' title='bbox 2517 412 2641 481; x_wconf 89' lang='lat' dir='ltr'><strong>quis</strong></span> <span class='ocrx_word' id='word_1_18' title='bbox 2681 412 2926 467; x_wconf 90' lang='lat' dir='ltr'><strong>dubitare</strong></span> <span class='ocrx_word' id='word_1_19' title='bbox 2951 412 3183 466; x_wconf 92' lang='lat' dir='ltr'><strong>audeat?</strong></span> <span class='ocrx_word' id='word_1_20' title='bbox 3210 411 3440 467; x_wconf 81' lang='lat' dir='ltr'><strong>Proinde</strong></span> <span class='ocrx_word' id='word_1_21' title='bbox 3468 413 3589 483; x_wconf 86' lang='lat' dir='ltr'><strong>quia</strong></span> <span class='ocrx_word' id='word_1_22' title='bbox 3633 419 3695 471; x_wconf 88' lang='lat' dir='ltr'><strong>de</strong></span> 
     </span>
    </p>
   </div>
   <div class='ocr_carea' id='block_1_5' title="bbox 458 495 2029 567">
    <p class='ocr_par' dir='ltr' id='par_1_5' title="bbox 458 495 2029 567">
     <span class='ocr_line' id='line_1_5' title="bbox 458 495 2029 567; baseline -0.002 -10"><span class='ocrx_word' id='word_1_23' title='bbox 458 502 589 557; x_wconf 82' lang='lat' dir='ltr'><strong>nihil</strong></span> <span class='ocrx_word' id='word_1_24' title='bbox 616 501 662 555; x_wconf 92' lang='lat' dir='ltr'><strong>ei</strong></span> <span class='ocrx_word' id='word_1_25' title='bbox 709 501 936 563; x_wconf 85' lang='lat' dir='ltr'><strong>deesset,</strong></span> <span class='ocrx_word' id='word_1_26' title='bbox 966 498 1200 551; x_wconf 80' lang='lat' dir='ltr'><strong>futurum</strong></span> <span class='ocrx_word' id='word_1_27' title='bbox 1238 495 1535 567; x_wconf 89' lang='lat' dir='ltr'><strong>spirituale.</strong></span> <span class='ocrx_word' id='word_1_28' title='bbox 1570 496 1705 553; x_wconf 80' lang='lat' dir='ltr'><strong>llinc</strong></span> <span class='ocrx_word' id='word_1_29' title='bbox 1747 499 1906 554; x_wconf 90' lang='lat' dir='ltr'><strong>datur</strong></span> <span class='ocrx_word' id='word_1_30' title='bbox 1949 502 2029 554; x_wconf 93' lang='lat' dir='ltr'><strong>in-</strong></span> 
     </span>
    </p>
   </div>
   <div class='ocr_carea' id='block_1_6' title="bbox 460 586 2031 661">
    <p class='ocr_par' dir='ltr' id='par_1_6' title="bbox 460 586 2031 661">
     <span class='ocr_line' id='line_1_6' title="bbox 460 586 2031 661; baseline -0.003 -14"><span class='ocrx_word' id='word_1_31' title='bbox 460 591 641 661; x_wconf 87' lang='lat' dir='ltr'><strong>telligi,</strong></span> <span class='ocrx_word' id='word_1_32' title='bbox 674 591 898 659; x_wconf 83' lang='lat' dir='ltr'><strong>primam</strong></span> <span class='ocrx_word' id='word_1_33' title='bbox 928 586 1161 641; x_wconf 86' lang='lat' dir='ltr'><strong>hominis</strong></span> <span class='ocrx_word' id='word_1_34' title='bbox 1191 586 1521 642; x_wconf 73' lang='lat' dir='ltr'><strong>voluntatem</strong></span> <span class='ocrx_word' id='word_1_35' title='bbox 1552 587 1776 643; x_wconf 83' lang='lat' dir='ltr'><strong>liberam</strong></span> <span class='ocrx_word' id='word_1_36' title='bbox 1813 598 2031 644; x_wconf 90' lang='lat' dir='ltr'><strong>natura-</strong></span> 
     </span>
    </p>
   </div>
   <div class='ocr_carea' id='block_1_7' title="bbox 458 676 2028 746">
    <p class='ocr_par' dir='ltr' id='par_1_7' title="bbox 458 676 2028 746">
     <span class='ocr_line' id='line_1_7' title="bbox 458 676 2028 746; baseline -0.001 -11"><span class='ocrx_word' id='word_1_37' title='bbox 458 682 578 737; x_wconf 83' lang='lat' dir='ltr'><strong>liter</strong></span> <span class='ocrx_word' id='word_1_38' title='bbox 604 681 766 735; x_wconf 78' lang='lat' dir='ltr'><strong>l‘uisse</strong></span> <span class='ocrx_word' id='word_1_39' title='bbox 791 688 1046 742; x_wconf 83' lang='lat' dir='ltr'><strong>creatam,</strong></span> <span class='ocrx_word' id='word_1_40' title='bbox 1080 676 1166 731; x_wconf 91' lang='lat' dir='ltr'><strong>cui</strong></span> <span class='ocrx_word' id='word_1_41' title='bbox 1197 686 1372 732; x_wconf 85' lang='lat' dir='ltr'><strong>tamen</strong></span> <span class='ocrx_word' id='word_1_42' title='bbox 1415 678 1614 746; x_wconf 88' lang='lat' dir='ltr'><strong>aliquid</strong></span> <span class='ocrx_word' id='word_1_43' title='bbox 1644 679 1953 745; x_wconf 84' lang='lat' dir='ltr'><strong>adderetur,</strong></span> <span class='ocrx_word' id='word_1_44' title='bbox 1983 680 2028 734; x_wconf 89' lang='lat' dir='ltr'><strong>si</strong></span> 
     </span>
    </p>
   </div>
   <div class='ocr_carea' id='block_1_8' title="bbox 460 767 2033 845">
    <p class='ocr_par' dir='ltr' id='par_1_8' title="bbox 460 767 2033 845">
     <span class='ocr_line' id='line_1_8' title="bbox 460 767 2033 845; baseline -0.004 -16"><span class='ocrx_word' id='word_1_45' title='bbox 460 779 799 845; x_wconf 78' lang='lat' dir='ltr'><strong>praeceptum</strong></span> <span class='ocrx_word' id='word_1_46' title='bbox 824 769 915 823; x_wconf 90' lang='lat' dir='ltr'><strong>Dei</strong></span> <span class='ocrx_word' id='word_1_47' title='bbox 944 782 1161 823; x_wconf 89' lang='lat' dir='ltr'><strong>servare</strong></span> <span class='ocrx_word' id='word_1_48' title='bbox 1193 767 1373 834; x_wconf 79' lang='lat' dir='ltr'><strong>vellet,</strong></span> <span class='ocrx_word' id='word_1_49' title='bbox 1392 775 1465 830; x_wconf 90' lang='lat' dir='ltr'><strong>ut,</strong></span> <span class='ocrx_word' id='word_1_50' title='bbox 1494 768 1632 823; x_wconf 87' lang='lat' dir='ltr'><strong>sicut</strong></span> <span class='ocrx_word' id='word_1_51' title='bbox 1656 769 1886 823; x_wconf 84' lang='lat' dir='ltr'><strong>animale</strong></span> <span class='ocrx_word' id='word_1_52' title='bbox 1912 784 2033 824; x_wconf 88' lang='lat' dir='ltr'><strong>cor-</strong></span> 
     </span>
    </p>
   </div>
   <div class='ocr_carea' id='block_1_9' title="bbox 455 859 2030 935">
    <p class='ocr_par' dir='ltr' id='par_1_9' title="bbox 455 859 2030 935">
     <span class='ocr_line' id='line_1_9' title="bbox 455 859 2030 935; baseline 0 -20"><span class='ocrx_word' id='word_1_53' title='bbox 455 881 556 935; x_wconf 84' lang='lat' dir='ltr'><strong>pus</strong></span> <span class='ocrx_word' id='word_1_54' title='bbox 583 864 755 934; x_wconf 88' lang='lat' dir='ltr'><strong>potuit</strong></span> <span class='ocrx_word' id='word_1_55' title='bbox 783 861 942 926; x_wconf 90' lang='lat' dir='ltr'><strong>mori,</strong></span> <span class='ocrx_word' id='word_1_56' title='bbox 969 860 1093 929; x_wconf 87' lang='lat' dir='ltr'><strong>quia</strong></span> <span class='ocrx_word' id='word_1_57' title='bbox 1120 859 1296 913; x_wconf 89' lang='lat' dir='ltr'><strong>adhuc</strong></span> <span class='ocrx_word' id='word_1_58' title='bbox 1326 875 1431 913; x_wconf 92' lang='lat' dir='ltr'><strong>non</strong></span> <span class='ocrx_word' id='word_1_59' title='bbox 1462 869 1576 913; x_wconf 90' lang='lat' dir='ltr'><strong>erat</strong></span> <span class='ocrx_word' id='word_1_60' title='bbox 1606 860 1923 929; x_wconf 79' lang='lat' dir='ltr'><strong>perlectum,</strong></span> <span class='ocrx_word' id='word_1_61' title='bbox 1957 860 2030 915; x_wconf 93' lang='lat' dir='ltr'><strong>ita</strong></span> 
     </span>
    </p>
   </div>
   <div class='ocr_carea' id='block_1_10' title="bbox 461 948 2033 1021">
    <p class='ocr_par' dir='ltr' id='par_1_10' title="bbox 461 948 2033 1021">
     <span class='ocr_line' id='line_1_10' title="bbox 461 948 2033 1021; baseline -0.002 -14"><span class='ocrx_word' id='word_1_62' title='bbox 461 956 705 1011; x_wconf 78' lang='lat' dir='ltr'><strong>voluntas</strong></span> <span class='ocrx_word' id='word_1_63' title='bbox 731 950 898 1008; x_wconf 89' lang='lat' dir='ltr'><strong>libera</strong></span> <span class='ocrx_word' id='word_1_64' title='bbox 925 951 1099 1006; x_wconf 86' lang='lat' dir='ltr'><strong>adhuc</strong></span> <span class='ocrx_word' id='word_1_65' title='bbox 1124 948 1372 1005; x_wconf 85' lang='lat' dir='ltr'><strong>animalis</strong></span> <span class='ocrx_word' id='word_1_66' title='bbox 1425 950 1639 1017; x_wconf 89' lang='lat' dir='ltr'><strong>merito,</strong></span> <span class='ocrx_word' id='word_1_67' title='bbox 1674 951 1800 1021; x_wconf 85' lang='lat' dir='ltr'><strong>quia</strong></span> <span class='ocrx_word' id='word_1_68' title='bbox 1830 959 2033 1005; x_wconf 90' lang='lat' dir='ltr'><strong>morta-</strong></span> 
     </span>
    </p>
   </div>
   <div class='ocr_carea' id='block_1_11' title="bbox 454 1044 2029 1119">
    <p class='ocr_par' dir='ltr' id='par_1_11' title="bbox 454 1044 2029 1119">
     <span class='ocr_line' id='line_1_11' title="bbox 454 1044 2029 1119; baseline -0.001 -18"><span class='ocrx_word' id='word_1_69' title='bbox 454 1049 537 1112; x_wconf 89' lang='lat' dir='ltr'><strong>lis,</strong></span> <span class='ocrx_word' id='word_1_70' title='bbox 567 1048 740 1119; x_wconf 91' lang='lat' dir='ltr'><strong>potuit</strong></span> <span class='ocrx_word' id='word_1_71' title='bbox 763 1060 1006 1116; x_wconf 81' lang='lat' dir='ltr'><strong>peccare,</strong></span> <span class='ocrx_word' id='word_1_72' title='bbox 1024 1044 1469 1114; x_wconf 89' lang='lat' dir='ltr'><strong>quouiamadhuc</strong></span> <span class='ocrx_word' id='word_1_73' title='bbox 1497 1060 1602 1099; x_wconf 92' lang='lat' dir='ltr'><strong>non</strong></span> <span class='ocrx_word' id='word_1_74' title='bbox 1628 1053 1745 1098; x_wconf 91' lang='lat' dir='ltr'><strong>erat</strong></span> <span class='ocrx_word' id='word_1_75' title='bbox 1772 1044 2029 1115; x_wconf 80' lang='lat' dir='ltr'><strong>perfecta,</strong></span> 
     </span>
    </p>
   </div>
   <div class='ocr_carea' id='block_1_12' title="bbox 454 1131 2033 1207">
    <p class='ocr_par' dir='ltr' id='par_1_12' title="bbox 454 1131 2033 1207">
     <span class='ocr_line' id='line_1_12' title="bbox 454 1131 2033 1207; baseline 0 -18"><span class='ocrx_word' id='word_1_76' title='bbox 454 1152 592 1207; x_wconf 91' lang='lat' dir='ltr'><strong>quae</strong></span> <span class='ocrx_word' id='word_1_77' title='bbox 621 1135 805 1204; x_wconf 87' lang='lat' dir='ltr'><strong>utique</strong></span> <span class='ocrx_word' id='word_1_78' title='bbox 830 1133 1092 1206; x_wconf 79' lang='lat' dir='ltr'><strong>perfectio</strong></span> <span class='ocrx_word' id='word_1_79' title='bbox 1134 1131 1396 1187; x_wconf 86' lang='lat' dir='ltr'><strong>libertatis</strong></span> <span class='ocrx_word' id='word_1_80' title='bbox 1424 1143 1547 1201; x_wconf 91' lang='lat' dir='ltr'><strong>post</strong></span> <span class='ocrx_word' id='word_1_81' title='bbox 1587 1133 1822 1188; x_wconf 82' lang='lat' dir='ltr'><strong>mandati</strong></span> <span class='ocrx_word' id='word_1_82' title='bbox 1854 1142 2033 1189; x_wconf 84' lang='lat' dir='ltr'><strong>custo-</strong></span> 
     </span>
    </p>
   </div>
   <div class='ocr_carea' id='block_1_13' title="bbox 454 1224 2033 1296">
    <p class='ocr_par' dir='ltr' id='par_1_13' title="bbox 454 1224 2033 1296">
     <span class='ocr_line' id='line_1_13' title="bbox 454 1224 2033 1296; baseline -0.002 -14"><span class='ocrx_word' id='word_1_83' title='bbox 454 1230 595 1282; x_wconf 87' lang='lat' dir='ltr'><strong>diam</strong></span> <span class='ocrx_word' id='word_1_84' title='bbox 633 1226 963 1296; x_wconf 90' lang='lat' dir='ltr'><strong>impleretur,</strong></span> <span class='ocrx_word' id='word_1_85' title='bbox 994 1225 1121 1280; x_wconf 90' lang='lat' dir='ltr'><strong>dum</strong></span> <span class='ocrx_word' id='word_1_86' title='bbox 1149 1239 1211 1279; x_wconf 88' lang='lat' dir='ltr'><strong>ea</strong></span> <span class='ocrx_word' id='word_1_87' title='bbox 1250 1224 1505 1294; x_wconf 82' lang='lat' dir='ltr'><strong>peccandi</strong></span> <span class='ocrx_word' id='word_1_88' title='bbox 1532 1224 1780 1279; x_wconf 85' lang='lat' dir='ltr'><strong>voluntas</strong></span> <span class='ocrx_word' id='word_1_89' title='bbox 1819 1224 2033 1294; x_wconf 78' lang='lat' dir='ltr'><strong>penitus</strong></span> 
     </span>
    </p>
   </div>
   <div class='ocr_carea' id='block_1_14' title="bbox 455 1314 2033 1386">
    <p class='ocr_par' dir='ltr' id='par_1_14' title="bbox 455 1314 2033 1386">
     <span class='ocr_line' id='line_1_14' title="bbox 455 1314 2033 1386; baseline -0.003 -12"><span class='ocrx_word' id='word_1_90' title='bbox 455 1320 774 1383; x_wconf 77' lang='lat' dir='ltr'><strong>auferretur,</strong></span> <span class='ocrx_word' id='word_1_91' title='bbox 817 1317 990 1386; x_wconf 89' lang='lat' dir='ltr'><strong>qualis</strong></span> <span class='ocrx_word' id='word_1_92' title='bbox 1033 1316 1138 1373; x_wconf 91' lang='lat' dir='ltr'><strong>erit</strong></span> <span class='ocrx_word' id='word_1_93' title='bbox 1181 1315 1270 1369; x_wconf 86' lang='lat' dir='ltr'><strong>illa</strong></span> <span class='ocrx_word' id='word_1_94' title='bbox 1314 1314 1520 1378; x_wconf 81' lang='lat' dir='ltr'><strong>futura,</strong></span> <span class='ocrx_word' id='word_1_95' title='bbox 1568 1330 1727 1383; x_wconf 90' lang='lat' dir='ltr'><strong>quam</strong></span> <span class='ocrx_word' id='word_1_96' title='bbox 1774 1315 2033 1369; x_wconf 89' lang='lat' dir='ltr'><strong>Dominus</strong></span> 
     </span>
    </p>
   </div>
   <div class='ocr_carea' id='block_1_15' title="bbox 456 1404 2031 1474">
    <p class='ocr_par' dir='ltr' id='par_1_15' title="bbox 456 1404 2031 1474">
     <span class='ocr_line' id='line_1_15' title="bbox 456 1404 2031 1474; baseline -0.004 -9"><span class='ocrx_word' id='word_1_97' title='bbox 456 1419 635 1465; x_wconf 89' lang='lat' dir='ltr'><strong>noster</strong></span> <span class='ocrx_word' id='word_1_98' title='bbox 653 1407 808 1463; x_wconf 86' lang='lat' dir='ltr'><strong>Jesus</strong></span> <span class='ocrx_word' id='word_1_99' title='bbox 828 1407 1074 1463; x_wconf 86' lang='lat' dir='ltr'><strong>Christus</strong></span> <span class='ocrx_word' id='word_1_100' title='bbox 1097 1406 1320 1460; x_wconf 88' lang='lat' dir='ltr'><strong>daturus</strong></span> <span class='ocrx_word' id='word_1_101' title='bbox 1340 1415 1423 1460; x_wconf 88' lang='lat' dir='ltr'><strong>est</strong></span> <span class='ocrx_word' id='word_1_102' title='bbox 1444 1404 1792 1474; x_wconf 76' lang='lat' dir='ltr'><strong>diligentibus</strong></span> <span class='ocrx_word' id='word_1_103' title='bbox 1818 1420 1897 1460; x_wconf 92' lang='lat' dir='ltr'><strong>se.</strong></span> <span class='ocrx_word' id='word_1_104' title='bbox 1924 1404 2031 1459; x_wconf 89' lang='lat' dir='ltr'><strong>Sed</strong></span> 
     </span>
    </p>
   </div>
   <div class='ocr_carea' id='block_1_16' title="bbox 456 1496 2032 1569">
    <p class='ocr_par' dir='ltr' id='par_1_16' title="bbox 456 1496 2032 1569">
     <span class='ocr_line' id='line_1_16' title="bbox 456 1496 2032 1569; baseline -0.003 -14"><span class='ocrx_word' id='word_1_105' title='bbox 456 1510 508 1555; x_wconf 83' lang='lat' dir='ltr'><strong>ut</strong></span> <span class='ocrx_word' id='word_1_106' title='bbox 536 1501 668 1555; x_wconf 84' lang='lat' dir='ltr'><strong>haec</strong></span> <span class='ocrx_word' id='word_1_107' title='bbox 690 1502 828 1554; x_wconf 91' lang='lat' dir='ltr'><strong>ratio</strong></span> <span class='ocrx_word' id='word_1_108' title='bbox 853 1500 1153 1562; x_wconf 90' lang='lat' dir='ltr'><strong>roborctur,</strong></span> <span class='ocrx_word' id='word_1_109' title='bbox 1176 1507 1495 1569; x_wconf 90' lang='lat' dir='ltr'><strong>argumento</strong></span> <span class='ocrx_word' id='word_1_110' title='bbox 1518 1506 1734 1551; x_wconf 86' lang='lat' dir='ltr'><strong>utamur</strong></span> <span class='ocrx_word' id='word_1_111' title='bbox 1756 1496 1865 1561; x_wconf 91' lang='lat' dir='ltr'><strong>illo,</strong></span> <span class='ocrx_word' id='word_1_112' title='bbox 1890 1497 2032 1566; x_wconf 89' lang='lat' dir='ltr'><strong>quod</strong></span> 
     </span>
    </p>
   </div>
   <div class='ocr_carea' id='block_1_17' title="bbox 456 1586 2033 1657">
    <p class='ocr_par' dir='ltr' id='par_1_17' title="bbox 456 1586 2033 1657">
     <span class='ocr_line' id='line_1_17' title="bbox 456 1586 2033 1657; baseline -0.003 -12"><span class='ocrx_word' id='word_1_113' title='bbox 456 1591 685 1645; x_wconf 84' lang='lat' dir='ltr'><strong>sumitur</strong></span> <span class='ocrx_word' id='word_1_114' title='bbox 712 1606 741 1644; x_wconf 89' lang='lat' dir='ltr'><strong>a</strong></span> <span class='ocrx_word' id='word_1_115' title='bbox 773 1588 967 1644; x_wconf 87' lang='lat' dir='ltr'><strong>minori</strong></span> <span class='ocrx_word' id='word_1_116' title='bbox 997 1589 1064 1643; x_wconf 90' lang='lat' dir='ltr'><strong>ad</strong></span> <span class='ocrx_word' id='word_1_117' title='bbox 1103 1587 1298 1657; x_wconf 87' lang='lat' dir='ltr'><strong>majus.</strong></span> <span class='ocrx_word' id='word_1_118' title='bbox 1330 1586 1387 1642; x_wconf 93' lang='lat' dir='ltr'><strong>Si</strong></span> <span class='ocrx_word' id='word_1_119' title='bbox 1424 1587 1741 1642; x_wconf 87' lang='lat' dir='ltr'><strong>naturaliter</strong></span> <span class='ocrx_word' id='word_1_120' title='bbox 1772 1586 2033 1642; x_wconf 90' lang='lat' dir='ltr'><strong>habemus</strong></span> 
     </span>
    </p>
   </div>
   <div class='ocr_carea' id='block_1_18' title="bbox 458 1678 2032 1748">
    <p class='ocr_par' dir='ltr' id='par_1_18' title="bbox 458 1678 2032 1748">
     <span class='ocr_line' id='line_1_18' title="bbox 458 1678 2032 1748; baseline -0.002 -14"><span class='ocrx_word' id='word_1_121' title='bbox 458 1682 681 1737; x_wconf 85' lang='lat' dir='ltr'><strong>liberum</strong></span> <span class='ocrx_word' id='word_1_122' title='bbox 724 1695 939 1735; x_wconf 88' lang='lat' dir='ltr'><strong>sensum</strong></span> <span class='ocrx_word' id='word_1_123' title='bbox 967 1680 1023 1735; x_wconf 90' lang='lat' dir='ltr'><strong>in</strong></span> <span class='ocrx_word' id='word_1_124' title='bbox 1048 1678 1218 1734; x_wconf 90' lang='lat' dir='ltr'><strong>oculis</strong></span> <span class='ocrx_word' id='word_1_125' title='bbox 1249 1678 1420 1733; x_wconf 91' lang='lat' dir='ltr'><strong>nostri</strong></span> <span class='ocrx_word' id='word_1_126' title='bbox 1449 1678 1715 1748; x_wconf 87' lang='lat' dir='ltr'><strong>corporis,</strong></span> <span class='ocrx_word' id='word_1_127' title='bbox 1761 1686 1819 1733; x_wconf 91' lang='lat' dir='ltr'><strong>ut</strong></span> <span class='ocrx_word' id='word_1_128' title='bbox 1844 1692 2032 1733; x_wconf 86' lang='lat' dir='ltr'><strong>eorum</strong></span> 
     </span>
    </p>
   </div>
   <div class='ocr_carea' id='block_1_19' title="bbox 2131 502 3696 572">
    <p class='ocr_par' dir='ltr' id='par_1_19' title="bbox 2131 502 3696 572">
     <span class='ocr_line' id='line_1_19' title="bbox 2131 502 3696 572; baseline 0.001 -15"><span class='ocrx_word' id='word_1_129' title='bbox 2131 503 2366 557; x_wconf 84' lang='lat' dir='ltr'><strong>hominis</strong></span> <span class='ocrx_word' id='word_1_130' title='bbox 2393 502 2666 557; x_wconf 71' lang='lat' dir='ltr'><strong>voluntate</strong></span> <span class='ocrx_word' id='word_1_131' title='bbox 2688 511 2813 556; x_wconf 90' lang='lat' dir='ltr'><strong>ante</strong></span> <span class='ocrx_word' id='word_1_132' title='bbox 2840 512 3123 571; x_wconf 86' lang='lat' dir='ltr'><strong>peccatum</strong></span> <span class='ocrx_word' id='word_1_133' title='bbox 3172 503 3470 572; x_wconf 88' lang='lat' dir='ltr'><strong>quaeritur,</strong></span> <span class='ocrx_word' id='word_1_134' title='bbox 3513 519 3696 559; x_wconf 88' lang='lat' dir='ltr'><strong>conce-</strong></span> 
     </span>
    </p>
   </div>
   <div class='ocr_carea' id='block_1_20' title="bbox 2130 590 3693 660">
    <p class='ocr_par' dir='ltr' id='par_1_20' title="bbox 2130 590 3693 660">
     <span class='ocr_line' id='line_1_20' title="bbox 2130 590 3693 660; baseline 0.001 -14"><span class='ocrx_word' id='word_1_135' title='bbox 2130 591 2363 646; x_wconf 91' lang='lat' dir='ltr'><strong>dendum</strong></span> <span class='ocrx_word' id='word_1_136' title='bbox 2383 599 2486 656; x_wconf 89' lang='lat' dir='ltr'><strong>est,</strong></span> <span class='ocrx_word' id='word_1_137' title='bbox 2515 598 2663 644; x_wconf 89' lang='lat' dir='ltr'><strong>motu</strong></span> <span class='ocrx_word' id='word_1_138' title='bbox 2708 605 2805 644; x_wconf 92' lang='lat' dir='ltr'><strong>suo</strong></span> <span class='ocrx_word' id='word_1_139' title='bbox 2830 590 3049 660; x_wconf 82' lang='lat' dir='ltr'><strong>preprio</strong></span> <span class='ocrx_word' id='word_1_140' title='bbox 3072 592 3313 659; x_wconf 89' lang='lat' dir='ltr'><strong>potuisse</strong></span> <span class='ocrx_word' id='word_1_141' title='bbox 3342 601 3398 645; x_wconf 90' lang='lat' dir='ltr'><strong>ct</strong></span> <span class='ocrx_word' id='word_1_142' title='bbox 3436 593 3501 647; x_wconf 92' lang='lat' dir='ltr'><strong>ad</strong></span> <span class='ocrx_word' id='word_1_143' title='bbox 3530 592 3693 647; x_wconf 90' lang='lat' dir='ltr'><strong>Deum</strong></span> 
     </span>
    </p>
   </div>
   <div class='ocr_carea' id='block_1_21' title="bbox 2130 681 3694 751">
    <p class='ocr_par' dir='ltr' id='par_1_21' title="bbox 2130 681 3694 751">
     <span class='ocr_line' id='line_1_21' title="bbox 2130 681 3694 751; baseline 0.001 -14"><span class='ocrx_word' id='word_1_144' title='bbox 2130 696 2286 737; x_wconf 87' lang='lat' dir='ltr'><strong>suum</strong></span> <span class='ocrx_word' id='word_1_145' title='bbox 2307 681 2442 736; x_wconf 88' lang='lat' dir='ltr'><strong>velle</strong></span> <span class='ocrx_word' id='word_1_146' title='bbox 2469 681 2734 745; x_wconf 86' lang='lat' dir='ltr'><strong>converti,</strong></span> <span class='ocrx_word' id='word_1_147' title='bbox 2764 695 2829 735; x_wconf 92' lang='lat' dir='ltr'><strong>ne</strong></span> <span class='ocrx_word' id='word_1_148' title='bbox 2852 690 3121 751; x_wconf 88' lang='lat' dir='ltr'><strong>peccaret,</strong></span> <span class='ocrx_word' id='word_1_149' title='bbox 3148 690 3203 737; x_wconf 89' lang='lat' dir='ltr'><strong>et</strong></span> <span class='ocrx_word' id='word_1_150' title='bbox 3240 683 3307 736; x_wconf 90' lang='lat' dir='ltr'><strong>ab</strong></span> <span class='ocrx_word' id='word_1_151' title='bbox 3333 696 3399 735; x_wconf 87' lang='lat' dir='ltr'><strong>eo</strong></span> <span class='ocrx_word' id='word_1_152' title='bbox 3426 684 3615 748; x_wconf 84' lang='lat' dir='ltr'><strong>averti,</strong></span> <span class='ocrx_word' id='word_1_153' title='bbox 3644 693 3694 738; x_wconf 90' lang='lat' dir='ltr'><strong>ut</strong></span> 
     </span>
    </p>
   </div>
   <div class='ocr_carea' id='block_1_22' title="bbox 2129 772 3696 842">
    <p class='ocr_par' dir='ltr' id='par_1_22' title="bbox 2129 772 3696 842">
     <span class='ocr_line' id='line_1_22' title="bbox 2129 772 3696 842; baseline 0.001 -16"><span class='ocrx_word' id='word_1_154' title='bbox 2129 781 2412 842; x_wconf 81' lang='lat' dir='ltr'><strong>peccaret;</strong></span> <span class='ocrx_word' id='word_1_155' title='bbox 2463 787 2493 826; x_wconf 93' lang='lat' dir='ltr'><strong>a</strong></span> <span class='ocrx_word' id='word_1_156' title='bbox 2521 772 2783 841; x_wconf 85' lang='lat' dir='ltr'><strong>superiori</strong></span> <span class='ocrx_word' id='word_1_157' title='bbox 2814 780 2992 826; x_wconf 88' lang='lat' dir='ltr'><strong>autem</strong></span> <span class='ocrx_word' id='word_1_158' title='bbox 3036 787 3199 827; x_wconf 91' lang='lat' dir='ltr'><strong>causa</strong></span> <span class='ocrx_word' id='word_1_159' title='bbox 3239 775 3440 829; x_wconf 83' lang='lat' dir='ltr'><strong>moveri</strong></span> <span class='ocrx_word' id='word_1_160' title='bbox 3474 783 3696 842; x_wconf 86' lang='lat' dir='ltr'><strong>tantum,</strong></span> 
     </span>
    </p>
   </div>
   <div class='ocr_carea' id='block_1_23' title="bbox 2131 859 3700 931">
    <p class='ocr_par' dir='ltr' id='par_1_23' title="bbox 2131 859 3700 931">
     <span class='ocr_line' id='line_1_23' title="bbox 2131 859 3700 931; baseline 0.004 -18"><span class='ocrx_word' id='word_1_161' title='bbox 2131 875 2200 914; x_wconf 90' lang='lat' dir='ltr'><strong>ne</strong></span> <span class='ocrx_word' id='word_1_162' title='bbox 2224 859 2383 914; x_wconf 83' lang='lat' dir='ltr'><strong>vellet</strong></span> <span class='ocrx_word' id='word_1_163' title='bbox 2404 875 2649 930; x_wconf 86' lang='lat' dir='ltr'><strong>peccare.</strong></span> <span class='ocrx_word' id='word_1_164' title='bbox 2679 859 2735 914; x_wconf 91' lang='lat' dir='ltr'><strong>Si</strong></span> <span class='ocrx_word' id='word_1_165' title='bbox 2760 874 2909 931; x_wconf 88' lang='lat' dir='ltr'><strong>ergo,</strong></span> <span class='ocrx_word' id='word_1_166' title='bbox 2934 869 2995 913; x_wconf 91' lang='lat' dir='ltr'><strong>ut</strong></span> <span class='ocrx_word' id='word_1_167' title='bbox 3012 862 3322 930; x_wconf 88' lang='lat' dir='ltr'><strong>praedictae</strong></span> <span class='ocrx_word' id='word_1_168' title='bbox 3337 864 3560 918; x_wconf 88' lang='lat' dir='ltr'><strong>rationis</strong></span> <span class='ocrx_word' id='word_1_169' title='bbox 3586 864 3700 919; x_wconf 84' lang='lat' dir='ltr'><strong>edo-</strong></span> 
     </span>
    </p>
   </div>
   <div class='ocr_carea' id='block_1_24' title="bbox 2132 949 3701 1021">
    <p class='ocr_par' dir='ltr' id='par_1_24' title="bbox 2132 949 3701 1021">
     <span class='ocr_line' id='line_1_24' title="bbox 2132 949 3701 1021; baseline 0.005 -18"><span class='ocrx_word' id='word_1_170' title='bbox 2132 958 2218 1004; x_wconf 90' lang='lat' dir='ltr'><strong>cet</strong></span> <span class='ocrx_word' id='word_1_171' title='bbox 2243 950 2603 1021; x_wconf 79' lang='lat' dir='ltr'><strong>investigatio,</strong></span> <span class='ocrx_word' id='word_1_172' title='bbox 2635 949 2905 1005; x_wconf 88' lang='lat' dir='ltr'><strong>humanae</strong></span> <span class='ocrx_word' id='word_1_173' title='bbox 2928 951 3262 1008; x_wconf 87' lang='lat' dir='ltr'><strong>substantiae</strong></span> <span class='ocrx_word' id='word_1_174' title='bbox 3291 961 3466 1009; x_wconf 91' lang='lat' dir='ltr'><strong>motus</strong></span> <span class='ocrx_word' id='word_1_175' title='bbox 3489 965 3701 1011; x_wconf 82' lang='lat' dir='ltr'><strong>natum-</strong></span> 
     </span>
    </p>
   </div>
   <div class='ocr_carea' id='block_1_25' title="bbox 2130 1038 3701 1115">
    <p class='ocr_par' dir='ltr' id='par_1_25' title="bbox 2130 1038 3701 1115">
     <span class='ocr_line' id='line_1_25' title="bbox 2130 1038 3701 1115; baseline 0.004 -22"><span class='ocrx_word' id='word_1_176' title='bbox 2130 1040 2218 1104; x_wconf 92' lang='lat' dir='ltr'><strong>lis,</strong></span> <span class='ocrx_word' id='word_1_177' title='bbox 2253 1056 2361 1110; x_wconf 91' lang='lat' dir='ltr'><strong>quo</strong></span> <span class='ocrx_word' id='word_1_178' title='bbox 2390 1038 2637 1095; x_wconf 85' lang='lat' dir='ltr'><strong>videlicet</strong></span> <span class='ocrx_word' id='word_1_179' title='bbox 2673 1039 2739 1094; x_wconf 90' lang='lat' dir='ltr'><strong>ad</strong></span> <span class='ocrx_word' id='word_1_180' title='bbox 2762 1040 2929 1095; x_wconf 89' lang='lat' dir='ltr'><strong>Deum</strong></span> <span class='ocrx_word' id='word_1_181' title='bbox 2956 1057 3112 1096; x_wconf 89' lang='lat' dir='ltr'><strong>suum</strong></span> <span class='ocrx_word' id='word_1_182' title='bbox 3158 1046 3586 1115; x_wconf 86' lang='lat' dir='ltr'><strong>cognoscendum</strong></span> <span class='ocrx_word' id='word_1_183' title='bbox 3627 1048 3701 1101; x_wconf 88' lang='lat' dir='ltr'><strong>di-</strong></span> 
     </span>
    </p>
   </div>
   <div class='ocr_carea' id='block_1_26' title="bbox 2132 1131 3702 1205">
    <p class='ocr_par' dir='ltr' id='par_1_26' title="bbox 2132 1131 3702 1205">
     <span class='ocr_line' id='line_1_26' title="bbox 2132 1131 3702 1205; baseline 0.004 -19"><span class='ocrx_word' id='word_1_184' title='bbox 2132 1131 2510 1205; x_wconf 83' lang='lat' dir='ltr'><strong>ligendumque</strong></span> <span class='ocrx_word' id='word_1_185' title='bbox 2555 1132 2731 1201; x_wconf 90' lang='lat' dir='ltr'><strong>primo</strong></span> <span class='ocrx_word' id='word_1_186' title='bbox 2784 1141 3226 1202; x_wconf 79' lang='lat' dir='ltr'><strong>converteretur,</strong></span> <span class='ocrx_word' id='word_1_187' title='bbox 3276 1136 3469 1191; x_wconf 83' lang='lat' dir='ltr'><strong>deinde</strong></span> <span class='ocrx_word' id='word_1_188' title='bbox 3519 1139 3587 1192; x_wconf 92' lang='lat' dir='ltr'><strong>ad</strong></span> <span class='ocrx_word' id='word_1_189' title='bbox 3662 1154 3702 1194; x_wconf 58' lang='lat' dir='ltr'><strong>ie</strong></span> 
     </span>
    </p>
   </div>
   <div class='ocr_carea' id='block_1_27' title="bbox 2133 1221 3695 1298">
    <p class='ocr_par' dir='ltr' id='par_1_27' title="bbox 2133 1221 3695 1298">
     <span class='ocr_line' id='line_1_27' title="bbox 2133 1221 3695 1298; baseline 0.003 -20"><span class='ocrx_word' id='word_1_190' title='bbox 2133 1223 2329 1293; x_wconf 85' lang='lat' dir='ltr'><strong>ipsam,</strong></span> <span class='ocrx_word' id='word_1_191' title='bbox 2363 1222 2556 1292; x_wconf 86' lang='lat' dir='ltr'><strong>duplici</strong></span> <span class='ocrx_word' id='word_1_192' title='bbox 2607 1238 2769 1278; x_wconf 90' lang='lat' dir='ltr'><strong>causa</strong></span> <span class='ocrx_word' id='word_1_193' title='bbox 2802 1221 2938 1278; x_wconf 78' lang='lat' dir='ltr'><strong>emci</strong></span> <span class='ocrx_word' id='word_1_194' title='bbox 2986 1239 3300 1294; x_wconf 89' lang='lat' dir='ltr'><strong>persuasum</strong></span> <span class='ocrx_word' id='word_1_195' title='bbox 3346 1235 3447 1291; x_wconf 86' lang='lat' dir='ltr'><strong>est,</strong></span> <span class='ocrx_word' id='word_1_196' title='bbox 3481 1244 3695 1298; x_wconf 81' lang='lat' dir='ltr'><strong>quarm;</strong></span> 
     </span>
    </p>
   </div>
   <div class='ocr_carea' id='block_1_28' title="bbox 2132 1312 3701 1384">
    <p class='ocr_par' dir='ltr' id='par_1_28' title="bbox 2132 1312 3701 1384">
     <span class='ocr_line' id='line_1_28' title="bbox 2132 1312 3701 1384; baseline 0.004 -17"><span class='ocrx_word' id='word_1_197' title='bbox 2132 1327 2240 1367; x_wconf 91' lang='lat' dir='ltr'><strong>una</strong></span> <span class='ocrx_word' id='word_1_198' title='bbox 2255 1312 2521 1384; x_wconf 88' lang='lat' dir='ltr'><strong>superior,</strong></span> <span class='ocrx_word' id='word_1_199' title='bbox 2540 1328 2675 1381; x_wconf 90' lang='lat' dir='ltr'><strong>quae</strong></span> <span class='ocrx_word' id='word_1_200' title='bbox 2693 1321 3005 1367; x_wconf 90' lang='lat' dir='ltr'><strong>naturarum</strong></span> <span class='ocrx_word' id='word_1_201' title='bbox 3026 1317 3327 1371; x_wconf 87' lang='lat' dir='ltr'><strong>communis</strong></span> <span class='ocrx_word' id='word_1_202' title='bbox 3346 1327 3428 1372; x_wconf 90' lang='lat' dir='ltr'><strong>est</strong></span> <span class='ocrx_word' id='word_1_203' title='bbox 3446 1320 3701 1384; x_wconf 86' lang='lat' dir='ltr'><strong>omnium,</strong></span> 
     </span>
    </p>
   </div>
   <div class='ocr_carea' id='block_1_29' title="bbox 2134 1400 3705 1473">
    <p class='ocr_par' dir='ltr' id='par_1_29' title="bbox 2134 1400 3705 1473">
     <span class='ocr_line' id='line_1_29' title="bbox 2134 1400 3705 1473; baseline 0.004 -19"><span class='ocrx_word' id='word_1_204' title='bbox 2134 1400 2303 1456; x_wconf 88' lang='lat' dir='ltr'><strong>altera</strong></span> <span class='ocrx_word' id='word_1_205' title='bbox 2336 1416 2461 1455; x_wconf 89' lang='lat' dir='ltr'><strong>vera</strong></span> <span class='ocrx_word' id='word_1_206' title='bbox 2504 1402 2750 1467; x_wconf 77' lang='lat' dir='ltr'><strong>inferior,</strong></span> <span class='ocrx_word' id='word_1_207' title='bbox 2776 1417 2918 1471; x_wconf 89' lang='lat' dir='ltr'><strong>quae</strong></span> <span class='ocrx_word' id='word_1_208' title='bbox 2942 1403 3000 1457; x_wconf 90' lang='lat' dir='ltr'><strong>in</strong></span> <span class='ocrx_word' id='word_1_209' title='bbox 3054 1404 3168 1473; x_wconf 92' lang='lat' dir='ltr'><strong>ipsa</strong></span> <span class='ocrx_word' id='word_1_210' title='bbox 3193 1405 3422 1460; x_wconf 87' lang='lat' dir='ltr'><strong>humana</strong></span> <span class='ocrx_word' id='word_1_211' title='bbox 3463 1409 3705 1461; x_wconf 84' lang='lat' dir='ltr'><strong>substan-</strong></span> 
     </span>
    </p>
   </div>
   <div class='ocr_carea' id='block_1_30' title="bbox 2134 1490 3706 1563">
    <p class='ocr_par' dir='ltr' id='par_1_30' title="bbox 2134 1490 3706 1563">
     <span class='ocr_line' id='line_1_30' title="bbox 2134 1490 3706 1563; baseline 0.004 -20"><span class='ocrx_word' id='word_1_212' title='bbox 2134 1490 2209 1544; x_wconf 86' lang='lat' dir='ltr'><strong>tia</strong></span> <span class='ocrx_word' id='word_1_213' title='bbox 2240 1499 2322 1545; x_wconf 91' lang='lat' dir='ltr'><strong>est</strong></span> <span class='ocrx_word' id='word_1_214' title='bbox 2342 1491 2635 1546; x_wconf 88' lang='lat' dir='ltr'><strong>constituta</strong></span> <span class='ocrx_word' id='word_1_215' title='bbox 2661 1510 2674 1546; x_wconf 91' lang='lat'><strong>:</strong></span> <span class='ocrx_word' id='word_1_216' title='bbox 2710 1492 2839 1562; x_wconf 91' lang='lat' dir='ltr'><strong>quid</strong></span> <span class='ocrx_word' id='word_1_217' title='bbox 2864 1508 2961 1547; x_wconf 91' lang='lat' dir='ltr'><strong>nos</strong></span> <span class='ocrx_word' id='word_1_218' title='bbox 2982 1493 3252 1563; x_wconf 84' lang='lat' dir='ltr'><strong>prohibet,</strong></span> <span class='ocrx_word' id='word_1_219' title='bbox 3275 1509 3463 1549; x_wconf 90' lang='lat' dir='ltr'><strong>omnes</strong></span> <span class='ocrx_word' id='word_1_220' title='bbox 3485 1494 3510 1528; x_wconf 85' lang='grc'><strong><em>⁸</em></strong></span> <span class='ocrx_word' id='word_1_221' title='bbox 3536 1504 3706 1550; x_wconf 87' lang='lat' dir='ltr'><strong>rectos</strong></span> 
     </span>
    </p>
   </div>
   <div class='ocr_carea' id='block_1_31' title="bbox 2134 1581 3705 1654">
    <p class='ocr_par' dir='ltr' id='par_1_31' title="bbox 2134 1581 3705 1654">
     <span class='ocr_line' id='line_1_31' title="bbox 2134 1581 3705 1654; baseline 0.004 -20"><span class='ocrx_word' id='word_1_222' title='bbox 2134 1591 2312 1635; x_wconf 91' lang='lat' dir='ltr'><strong>motus</strong></span> <span class='ocrx_word' id='word_1_223' title='bbox 2361 1581 2526 1635; x_wconf 88' lang='lat' dir='ltr'><strong>animi</strong></span> <span class='ocrx_word' id='word_1_224' title='bbox 2578 1583 2748 1636; x_wconf 86' lang='lat' dir='ltr'><strong>nostri</strong></span> <span class='ocrx_word' id='word_1_225' title='bbox 2800 1583 3067 1637; x_wconf 88' lang='lat' dir='ltr'><strong>conditori</strong></span> <span class='ocrx_word' id='word_1_226' title='bbox 3116 1593 3304 1640; x_wconf 84' lang='lat' dir='ltr'><strong>nostro</strong></span> <span class='ocrx_word' id='word_1_227' title='bbox 3351 1583 3576 1650; x_wconf 85' lang='lat' dir='ltr'><strong>referre,</strong></span> <span class='ocrx_word' id='word_1_228' title='bbox 3619 1586 3705 1654; x_wconf 86' lang='lat' dir='ltr'><strong>qui</strong></span> 
     </span>
    </p>
   </div>
   <div class='ocr_carea' id='block_1_32' title="bbox 2133 1668 3706 1740">
    <p class='ocr_par' dir='ltr' id='par_1_32' title="bbox 2133 1668 3706 1740">
     <span class='ocr_line' id='line_1_32' title="bbox 2133 1668 3706 1740; baseline 0.003 -17"><span class='ocrx_word' id='word_1_229' title='bbox 2133 1683 2255 1724; x_wconf 90' lang='lat' dir='ltr'><strong>cum</strong></span> <span class='ocrx_word' id='word_1_230' title='bbox 2278 1683 2334 1723; x_wconf 91' lang='lat' dir='ltr'><strong>se</strong></span> <span class='ocrx_word' id='word_1_231' title='bbox 2364 1668 2538 1738; x_wconf 90' lang='lat' dir='ltr'><strong>ipsum</strong></span> <span class='ocrx_word' id='word_1_232' title='bbox 2584 1678 2799 1724; x_wconf 86' lang='lat' dir='ltr'><strong>moveat</strong></span> <span class='ocrx_word' id='word_1_233' title='bbox 2835 1670 2951 1725; x_wconf 86' lang='lat' dir='ltr'><strong>sine</strong></span> <span class='ocrx_word' id='word_1_234' title='bbox 2978 1681 3218 1740; x_wconf 89' lang='lat' dir='ltr'><strong>tempore</strong></span> <span class='ocrx_word' id='word_1_235' title='bbox 3258 1682 3314 1728; x_wconf 89' lang='lat' dir='ltr'><strong>et</strong></span> <span class='ocrx_word' id='word_1_236' title='bbox 3343 1672 3483 1737; x_wconf 91' lang='lat' dir='ltr'><strong>loco,</strong></span> <span class='ocrx_word' id='word_1_237' title='bbox 3528 1683 3706 1727; x_wconf 84' lang='lat' dir='ltr'><strong>movet</strong></span> 
     </span>
    </p>
   </div>
   <div class='ocr_carea' id='block_1_33' title="bbox 456 1754 3702 1837">
    <p class='ocr_par' dir='ltr' id='par_1_33' title="bbox 456 1754 3702 1837">
     <span class='ocr_line' id='line_1_33' title="bbox 456 1754 3702 1837; baseline -0.003 -13"><span class='ocrx_word' id='word_1_238' title='bbox 456 1771 655 1826; x_wconf 90' lang='lat' dir='ltr'><strong>lumine</strong></span> <span class='ocrx_word' id='word_1_239' title='bbox 686 1777 901 1824; x_wconf 88' lang='lat' dir='ltr'><strong>utamur</strong></span> <span class='ocrx_word' id='word_1_240' title='bbox 926 1769 993 1824; x_wconf 90' lang='lat' dir='ltr'><strong>ad</strong></span> <span class='ocrx_word' id='word_1_241' title='bbox 1018 1767 1247 1823; x_wconf 89' lang='lat' dir='ltr'><strong>videnda</strong></span> <span class='ocrx_word' id='word_1_242' title='bbox 1279 1769 1503 1822; x_wconf 91' lang='lat' dir='ltr'><strong>honesta</strong></span> <span class='ocrx_word' id='word_1_243' title='bbox 1530 1781 1625 1822; x_wconf 91' lang='lat' dir='ltr'><strong>seu</strong></span> <span class='ocrx_word' id='word_1_244' title='bbox 1655 1767 1830 1837; x_wconf 91' lang='lat' dir='ltr'><strong>turpia</strong></span> <span class='ocrx_word' id='word_1_245' title='bbox 1859 1784 1872 1820; x_wconf 90' lang='lat'>:</span> <span class='ocrx_word' id='word_1_246' title='bbox 1905 1766 2033 1837; x_wconf 90' lang='lat' dir='ltr'><strong>quid</strong></span> <span class='ocrx_word' id='word_1_247' title='bbox 2063 1754 2107 1812; x_wconf 86' lang='grc' dir='ltr'><strong>Β</strong></span> <span class='ocrx_word' id='word_1_248' title='bbox 2135 1758 2408 1815; x_wconf 76' lang='lat' dir='ltr'><strong>conditum</strong></span> <span class='ocrx_word' id='word_1_249' title='bbox 2461 1767 2703 1814; x_wconf 78' lang='lat' dir='ltr'><strong>nostrum</strong></span> <span class='ocrx_word' id='word_1_250' title='bbox 2734 1761 2979 1829; x_wconf 87' lang='lat' dir='ltr'><strong>spiritum</strong></span> <span class='ocrx_word' id='word_1_251' title='bbox 3022 1776 3119 1832; x_wconf 88' lang='lat' dir='ltr'><strong>per</strong></span> <span class='ocrx_word' id='word_1_252' title='bbox 3167 1770 3377 1833; x_wconf 83' lang='lat' dir='ltr'><strong>tempus</strong></span> <span class='ocrx_word' id='word_1_253' title='bbox 3408 1764 3524 1819; x_wconf 83' lang='lat' dir='ltr'><strong>sine</strong></span> <span class='ocrx_word' id='word_1_254' title='bbox 3568 1765 3702 1830; x_wconf 77' lang='lat' dir='ltr'><strong>loco,</strong></span> 
     </span>
    </p>
   </div>
   <div class='ocr_carea' id='block_1_34' title="bbox 456 1854 2034 1924">
    <p class='ocr_par' dir='ltr' id='par_1_34' title="bbox 456 1854 2034 1924">
     <span class='ocr_line' id='line_1_34' title="bbox 456 1854 2034 1924; baseline -0.003 -11"><span class='ocrx_word' id='word_1_255' title='bbox 456 1861 683 1924; x_wconf 89' lang='lat' dir='ltr'><strong>mirum,</strong></span> <span class='ocrx_word' id='word_1_256' title='bbox 711 1860 756 1914; x_wconf 91' lang='lat' dir='ltr'><strong>si</strong></span> <span class='ocrx_word' id='word_1_257' title='bbox 787 1858 925 1914; x_wconf 89' lang='lat' dir='ltr'><strong>Deus</strong></span> <span class='ocrx_word' id='word_1_258' title='bbox 951 1856 1111 1912; x_wconf 89' lang='lat' dir='ltr'><strong>talem</strong></span> <span class='ocrx_word' id='word_1_259' title='bbox 1152 1857 1205 1911; x_wconf 90' lang='lat' dir='ltr'><strong>in</strong></span> <span class='ocrx_word' id='word_1_260' title='bbox 1232 1856 1451 1911; x_wconf 89' lang='lat' dir='ltr'><strong>homine</strong></span> <span class='ocrx_word' id='word_1_261' title='bbox 1476 1855 1804 1910; x_wconf 89' lang='lat' dir='ltr'><strong>voluntatem</strong></span> <span class='ocrx_word' id='word_1_262' title='bbox 1835 1854 2034 1910; x_wconf 81' lang='lat' dir='ltr'><strong>substi-</strong></span> 
     </span>
    </p>
   </div>
   <div class='ocr_carea' id='block_1_35' title="bbox 458 1946 2032 2020">
    <p class='ocr_par' dir='ltr' id='par_1_35' title="bbox 458 1946 2032 2020">
     <span class='ocr_line' id='line_1_35' title="bbox 458 1946 2032 2020; baseline -0.004 -15"><span class='ocrx_word' id='word_1_263' title='bbox 458 1952 667 2016; x_wconf 87' lang='lat' dir='ltr'><strong>tuisset,</strong></span> <span class='ocrx_word' id='word_1_264' title='bbox 693 1966 832 2020; x_wconf 90' lang='lat' dir='ltr'><strong>quae</strong></span> <span class='ocrx_word' id='word_1_265' title='bbox 860 1964 956 2004; x_wconf 88' lang='lat' dir='ltr'><strong>sua</strong></span> <span class='ocrx_word' id='word_1_266' title='bbox 981 1947 1209 2002; x_wconf 91' lang='lat' dir='ltr'><strong>naturali</strong></span> <span class='ocrx_word' id='word_1_267' title='bbox 1241 1947 1490 2001; x_wconf 89' lang='lat' dir='ltr'><strong>libertate</strong></span> <span class='ocrx_word' id='word_1_268' title='bbox 1518 1954 1764 2000; x_wconf 88' lang='lat' dir='ltr'><strong>uteretur</strong></span> <span class='ocrx_word' id='word_1_269' title='bbox 1788 1946 2032 2010; x_wconf 88' lang='lat' dir='ltr'><strong>honeste,</strong></span> 
     </span>
    </p>
   </div>
   <div class='ocr_carea' id='block_1_36' title="bbox 456 2033 2034 2112">
    <p class='ocr_par' dir='ltr' id='par_1_36' title="bbox 456 2033 2034 2112">
     <span class='ocr_line' id='line_1_36' title="bbox 456 2033 2034 2112; baseline -0.005 -15"><span class='ocrx_word' id='word_1_270' title='bbox 456 2044 501 2097; x_wconf 89' lang='lat' dir='ltr'><strong>si</strong></span> <span class='ocrx_word' id='word_1_271' title='bbox 532 2058 636 2096; x_wconf 92' lang='lat' dir='ltr'><strong>non</strong></span> <span class='ocrx_word' id='word_1_272' title='bbox 662 2048 931 2112; x_wconf 89' lang='lat' dir='ltr'><strong>peccaret,</strong></span> <span class='ocrx_word' id='word_1_273' title='bbox 958 2046 1050 2091; x_wconf 87' lang='lat' dir='ltr'><strong>aut</strong></span> <span class='ocrx_word' id='word_1_274' title='bbox 1072 2037 1321 2106; x_wconf 87' lang='lat' dir='ltr'><strong>turpiter,</strong></span> <span class='ocrx_word' id='word_1_275' title='bbox 1347 2036 1394 2091; x_wconf 92' lang='lat' dir='ltr'><strong>si</strong></span> <span class='ocrx_word' id='word_1_276' title='bbox 1422 2036 1706 2105; x_wconf 86' lang='lat' dir='ltr'><strong>peccaret?</strong></span> <span class='ocrx_word' id='word_1_277' title='bbox 1730 2033 1880 2102; x_wconf 87' lang='lat' dir='ltr'><strong>Quod</strong></span> <span class='ocrx_word' id='word_1_278' title='bbox 1904 2049 2034 2106; x_wconf 88' lang='lat' dir='ltr'><strong>ergo</strong></span> 
     </span>
    </p>
   </div>
   <div class='ocr_carea' id='block_1_37' title="bbox 456 2124 2033 2201">
    <p class='ocr_par' dir='ltr' id='par_1_37' title="bbox 456 2124 2033 2201">
     <span class='ocr_line' id='line_1_37' title="bbox 456 2124 2033 2201; baseline -0.003 -18"><span class='ocrx_word' id='word_1_279' title='bbox 456 2133 635 2201; x_wconf 86' lang='lat' dir='ltr'><strong>agitur</strong></span> <span class='ocrx_word' id='word_1_280' title='bbox 676 2128 994 2184; x_wconf 86' lang='lat' dir='ltr'><strong>naturaliter</strong></span> <span class='ocrx_word' id='word_1_281' title='bbox 1024 2128 1078 2182; x_wconf 93' lang='lat' dir='ltr'><strong>in</strong></span> <span class='ocrx_word' id='word_1_282' title='bbox 1119 2141 1348 2196; x_wconf 89' lang='lat' dir='ltr'><strong>corpore</strong></span> <span class='ocrx_word' id='word_1_283' title='bbox 1390 2134 1599 2189; x_wconf 89' lang='lat' dir='ltr'><strong>nostro,</strong></span> <span class='ocrx_word' id='word_1_284' title='bbox 1630 2140 1728 2179; x_wconf 93' lang='lat' dir='ltr'><strong>cur</strong></span> <span class='ocrx_word' id='word_1_285' title='bbox 1768 2124 1823 2178; x_wconf 91' lang='lat' dir='ltr'><strong>in</strong></span> <span class='ocrx_word' id='word_1_286' title='bbox 1853 2125 2033 2179; x_wconf 90' lang='lat' dir='ltr'><strong>anima</strong></span> 
     </span>
    </p>
   </div>
   <div class='ocr_carea' id='block_1_38' title="bbox 459 2215 2031 2289">
    <p class='ocr_par' dir='ltr' id='par_1_38' title="bbox 459 2215 2031 2289">
     <span class='ocr_line' id='line_1_38' title="bbox 459 2215 2031 2289; baseline -0.003 -14"><span class='ocrx_word' id='word_1_287' title='bbox 459 2230 640 2277; x_wconf 87' lang='lat' dir='ltr'><strong>nostra</strong></span> <span class='ocrx_word' id='word_1_288' title='bbox 668 2235 774 2275; x_wconf 89' lang='lat' dir='ltr'><strong>non</strong></span> <span class='ocrx_word' id='word_1_289' title='bbox 810 2227 1081 2289; x_wconf 78' lang='lat' dir='ltr'><strong>ageretur,</strong></span> <span class='ocrx_word' id='word_1_290' title='bbox 1100 2218 1417 2287; x_wconf 89' lang='lat' dir='ltr'><strong>praesertim</strong></span> <span class='ocrx_word' id='word_1_291' title='bbox 1446 2215 1615 2288; x_wconf 78' lang='lat' dir='ltr'><strong>[cum]</strong></span> <span class='ocrx_word' id='word_1_292' title='bbox 1647 2218 1684 2280; x_wconf 83' lang='grc'><strong>⁸,</strong></span> <span class='ocrx_word' id='word_1_293' title='bbox 1715 2216 1805 2271; x_wconf 93' lang='lat' dir='ltr'><strong>ubi</strong></span> <span class='ocrx_word' id='word_1_294' title='bbox 1832 2224 1917 2271; x_wconf 89' lang='lat' dir='ltr'><strong>est</strong></span> <span class='ocrx_word' id='word_1_295' title='bbox 1942 2232 2031 2271; x_wconf 84' lang='lat' dir='ltr'><strong>ra-</strong></span> 
     </span>
    </p>
   </div>
   <div class='ocr_carea' id='block_1_39' title="bbox 456 2305 2032 2373">
    <p class='ocr_par' dir='ltr' id='par_1_39' title="bbox 456 2305 2032 2373">
     <span class='ocr_line' id='line_1_39' title="bbox 456 2305 2032 2373; baseline -0.004 -8"><span class='ocrx_word' id='word_1_296' title='bbox 456 2309 810 2373; x_wconf 88' lang='lat' dir='ltr'><strong>tionabilitas,</strong></span> <span class='ocrx_word' id='word_1_297' title='bbox 845 2307 919 2362; x_wconf 92' lang='lat' dir='ltr'><strong>ibi</strong></span> <span class='ocrx_word' id='word_1_298' title='bbox 950 2306 1259 2361; x_wconf 88' lang='lat' dir='ltr'><strong>necessario</strong></span> <span class='ocrx_word' id='word_1_299' title='bbox 1286 2306 1388 2360; x_wconf 89' lang='lat' dir='ltr'><strong>erit</strong></span> <span class='ocrx_word' id='word_1_300' title='bbox 1418 2305 1678 2361; x_wconf 86' lang='lat' dir='ltr'><strong>libertas?</strong></span> <span class='ocrx_word' id='word_1_301' title='bbox 1715 2306 1811 2360; x_wconf 88' lang='lat' dir='ltr'><strong>Est</strong></span> <span class='ocrx_word' id='word_1_302' title='bbox 1852 2313 2032 2360; x_wconf 90' lang='lat' dir='ltr'><strong>autem</strong></span> 
     </span>
    </p>
   </div>
   <div class='ocr_carea' id='block_1_40' title="bbox 440 2390 2034 2450">
    <p class='ocr_par' dir='ltr' id='par_1_40' title="bbox 440 2390 2034 2450">
     <span class='ocr_line' id='line_1_40' title="bbox 440 2390 2034 2450; baseline -0.003 0"><span class='ocrx_word' id='word_1_303' title='bbox 440 2393 792 2450; x_wconf 75' lang='lat' dir='ltr'><strong>rationabilis</strong></span> <span class='ocrx_word' id='word_1_304' title='bbox 848 2391 1272 2447; x_wconf 87' lang='lat' dir='ltr'><strong>substantialiter</strong></span> <span class='ocrx_word' id='word_1_305' title='bbox 1328 2390 1576 2446; x_wconf 88' lang='lat' dir='ltr'><strong>voluntas</strong></span> <span class='ocrx_word' id='word_1_306' title='bbox 1631 2392 1882 2445; x_wconf 90' lang='lat' dir='ltr'><strong>humana.</strong></span> <span class='ocrx_word' id='word_1_307' title='bbox 1936 2391 2034 2445; x_wconf 89' lang='lat' dir='ltr'><strong>Est</strong></span> 
     </span>
    </p>
   </div>
   <div class='ocr_carea' id='block_1_41' title="bbox 458 2481 1299 2559">
    <p class='ocr_par' dir='ltr' id='par_1_41' title="bbox 458 2481 1299 2559">
     <span class='ocr_line' id='line_1_41' title="bbox 458 2481 1299 2559; baseline -0.006 -19"><span class='ocrx_word' id='word_1_308' title='bbox 458 2487 623 2559; x_wconf 79' lang='lat' dir='ltr'><strong>igitur</strong></span> <span class='ocrx_word' id='word_1_309' title='bbox 651 2481 1077 2540; x_wconf 88' lang='lat' dir='ltr'><strong>substantialiter</strong></span> <span class='ocrx_word' id='word_1_310' title='bbox 1106 2482 1299 2537; x_wconf 89' lang='lat' dir='ltr'><strong>libera.</strong></span> 
     </span>
    </p>
   </div>
   <div class='ocr_carea' id='block_1_42' title="bbox 532 2569 2032 2645">
    <p class='ocr_par' dir='ltr' id='par_1_42' title="bbox 532 2569 2032 2645">
     <span class='ocr_line' id='line_1_42' title="bbox 532 2569 2032 2645; baseline -0.007 -12"><span class='ocrx_word' id='word_1_311' title='bbox 532 2578 619 2633; x_wconf 80' lang='lat' dir='ltr'><strong>Vl.</strong></span> <span class='ocrx_word' id='word_1_312' title='bbox 649 2577 797 2645; x_wconf 85' lang='lat' dir='ltr'><strong>Quae</strong></span> <span class='ocrx_word' id='word_1_313' title='bbox 817 2590 938 2631; x_wconf 90' lang='lat' dir='ltr'><strong>cum</strong></span> <span class='ocrx_word' id='word_1_314' title='bbox 962 2575 1037 2629; x_wconf 90' lang='lat' dir='ltr'><strong>ita</strong></span> <span class='ocrx_word' id='word_1_315' title='bbox 1064 2574 1194 2638; x_wconf 91' lang='lat' dir='ltr'><strong>sint,</strong></span> <span class='ocrx_word' id='word_1_316' title='bbox 1228 2572 1537 2642; x_wconf 87' lang='lat' dir='ltr'><strong>diligentius</strong></span> <span class='ocrx_word' id='word_1_317' title='bbox 1562 2569 2032 2634; x_wconf 89' lang='lat' dir='ltr'><strong>considerandum,</strong></span> 
     </span>
    </p>
   </div>
   <div class='ocr_carea' id='block_1_43' title="bbox 456 2659 2031 2739">
    <p class='ocr_par' dir='ltr' id='par_1_43' title="bbox 456 2659 2031 2739">
     <span class='ocr_line' id='line_1_43' title="bbox 456 2659 2031 2739; baseline -0.007 -15"><span class='ocrx_word' id='word_1_318' title='bbox 456 2668 587 2739; x_wconf 89' lang='lat' dir='ltr'><strong>quid</strong></span> <span class='ocrx_word' id='word_1_319' title='bbox 634 2675 718 2723; x_wconf 92' lang='lat' dir='ltr'><strong>est</strong></span> <span class='ocrx_word' id='word_1_320' title='bbox 766 2665 992 2719; x_wconf 86' lang='lat' dir='ltr'><strong>liberum</strong></span> <span class='ocrx_word' id='word_1_321' title='bbox 1025 2662 1350 2717; x_wconf 88' lang='lat' dir='ltr'><strong>arbitrium?</strong></span> <span class='ocrx_word' id='word_1_322' title='bbox 1397 2660 1549 2728; x_wconf 86' lang='lat' dir='ltr'><strong>Quod</strong></span> <span class='ocrx_word' id='word_1_323' title='bbox 1579 2660 1763 2730; x_wconf 90' lang='lat' dir='ltr'><strong>procul</strong></span> <span class='ocrx_word' id='word_1_324' title='bbox 1792 2659 1954 2713; x_wconf 90' lang='lat' dir='ltr'><strong>dubio</strong></span> <span class='ocrx_word' id='word_1_325' title='bbox 2002 2674 2031 2713; x_wconf 90' lang='lat' dir='ltr'><strong>a</strong></span> 
     </span>
    </p>
   </div>
   <div class='ocr_carea' id='block_1_44' title="bbox 450 2754 2034 2817">
    <p class='ocr_par' dir='ltr' id='par_1_44' title="bbox 450 2754 2034 2817">
     <span class='ocr_line' id='line_1_44' title="bbox 450 2754 2034 2817; baseline -0.006 1"><span class='ocrx_word' id='word_1_326' title='bbox 450 2764 570 2817; x_wconf 86' lang='lat' dir='ltr'><strong>Deo</strong></span> <span class='ocrx_word' id='word_1_327' title='bbox 595 2768 679 2817; x_wconf 90' lang='lat' dir='ltr'><strong>est</strong></span> <span class='ocrx_word' id='word_1_328' title='bbox 698 2761 964 2815; x_wconf 90' lang='lat' dir='ltr'><strong>humanae</strong></span> <span class='ocrx_word' id='word_1_329' title='bbox 992 2765 1219 2811; x_wconf 87' lang='lat' dir='ltr'><strong>naturae</strong></span> <span class='ocrx_word' id='word_1_330' title='bbox 1234 2770 1556 2811; x_wconf 87' lang='lat' dir='ltr'><strong>concessum</strong></span> <span class='ocrx_word' id='word_1_331' title='bbox 1582 2756 1622 2805; x_wconf 74' lang='grc' dir='ltr'><strong><em>ὀ</em></strong></span> <span class='ocrx_word' id='word_1_332' title='bbox 1651 2754 1862 2810; x_wconf 86' lang='lat' dir='ltr'><strong>Eisdem</strong></span> <span class='ocrx_word' id='word_1_333' title='bbox 1891 2755 2034 2809; x_wconf 89' lang='lat' dir='ltr'><strong>enim</strong></span> 
     </span>
    </p>
   </div>
   <div class='ocr_carea' id='block_1_45' title="bbox 453 2843 2036 2908">
    <p class='ocr_par' dir='ltr' id='par_1_45' title="bbox 453 2843 2036 2908">
     <span class='ocr_line' id='line_1_45' title="bbox 453 2843 2036 2908; baseline -0.004 -4"><span class='ocrx_word' id='word_1_334' title='bbox 453 2851 734 2904; x_wconf 71' lang='lat' dir='ltr'><strong>vcrbiset</strong></span> <span class='ocrx_word' id='word_1_335' title='bbox 776 2845 1132 2901; x_wconf 86' lang='lat' dir='ltr'><strong>substantiam</strong></span> <span class='ocrx_word' id='word_1_336' title='bbox 1177 2844 1432 2908; x_wconf 91' lang='lat' dir='ltr'><strong>hominis,</strong></span> <span class='ocrx_word' id='word_1_337' title='bbox 1479 2851 1535 2899; x_wconf 90' lang='lat' dir='ltr'><strong>et</strong></span> <span class='ocrx_word' id='word_1_338' title='bbox 1573 2843 1770 2898; x_wconf 86' lang='lat' dir='ltr'><strong>donum</strong></span> <span class='ocrx_word' id='word_1_339' title='bbox 1800 2843 2036 2899; x_wconf 89' lang='lat' dir='ltr'><strong>solemus</strong></span> 
     </span>
    </p>
   </div>
   <div class='ocr_carea' id='block_1_46' title="bbox 457 2931 2027 3003">
    <p class='ocr_par' dir='ltr' id='par_1_46' title="bbox 457 2931 2027 3003">
     <span class='ocr_line' id='line_1_46' title="bbox 457 2931 2027 3003; baseline -0.007 -6"><span class='ocrx_word' id='word_1_340' title='bbox 457 2939 860 3002; x_wconf 67' lang='lat' dir='ltr'><strong>enuntiare,&#39;ita</strong></span> <span class='ocrx_word' id='word_1_341' title='bbox 881 2947 942 2991; x_wconf 91' lang='lat' dir='ltr'><strong>ut</strong></span> <span class='ocrx_word' id='word_1_342' title='bbox 976 2934 1196 2991; x_wconf 88' lang='lat' dir='ltr'><strong>dubium</strong></span> <span class='ocrx_word' id='word_1_343' title='bbox 1223 2934 1314 2999; x_wconf 90' lang='lat' dir='ltr'><strong>sit,</strong></span> <span class='ocrx_word' id='word_1_344' title='bbox 1346 2932 1472 3003; x_wconf 89' lang='lat' dir='ltr'><strong>quid</strong></span> <span class='ocrx_word' id='word_1_345' title='bbox 1496 2933 1549 2987; x_wconf 92' lang='lat' dir='ltr'><strong>in</strong></span> <span class='ocrx_word' id='word_1_346' title='bbox 1570 2933 1652 2988; x_wconf 89' lang='lat' dir='ltr'><strong>eis</strong></span> <span class='ocrx_word' id='word_1_347' title='bbox 1676 2941 1872 2987; x_wconf 89' lang='lat' dir='ltr'><strong>natura</strong></span> <span class='ocrx_word' id='word_1_348' title='bbox 1899 2931 2027 2987; x_wconf 89' lang='lat' dir='ltr'><strong>insi-</strong></span> 
     </span>
    </p>
   </div>
   <div class='ocr_carea' id='block_1_47' title="bbox 460 3023 2032 3101">
    <p class='ocr_par' dir='ltr' id='par_1_47' title="bbox 460 3023 2032 3101">
     <span class='ocr_line' id='line_1_47' title="bbox 460 3023 2032 3101; baseline -0.008 -13"><span class='ocrx_word' id='word_1_349' title='bbox 460 3039 611 3097; x_wconf 89' lang='lat' dir='ltr'><strong>nuet,</strong></span> <span class='ocrx_word' id='word_1_350' title='bbox 636 3029 764 3101; x_wconf 86' lang='lat' dir='ltr'><strong>quid</strong></span> <span class='ocrx_word' id='word_1_351' title='bbox 794 3028 1011 3084; x_wconf 90' lang='lat' dir='ltr'><strong>donum.</strong></span> <span class='ocrx_word' id='word_1_352' title='bbox 1042 3025 1181 3094; x_wconf 87' lang='lat' dir='ltr'><strong>Quid</strong></span> <span class='ocrx_word' id='word_1_353' title='bbox 1226 3024 1371 3080; x_wconf 90' lang='lat' dir='ltr'><strong>enim</strong></span> <span class='ocrx_word' id='word_1_354' title='bbox 1414 3023 1561 3077; x_wconf 91' lang='lat' dir='ltr'><strong>aliud</strong></span> <span class='ocrx_word' id='word_1_355' title='bbox 1598 3024 1881 3087; x_wconf 86' lang='lat' dir='ltr'><strong>sentimus,</strong></span> <span class='ocrx_word' id='word_1_356' title='bbox 1934 3037 2032 3076; x_wconf 86' lang='lat' dir='ltr'><strong>au-</strong></span> 
     </span>
    </p>
   </div>
   <div class='ocr_carea' id='block_1_48' title="bbox 2135 1855 3705 1924">
    <p class='ocr_par' dir='ltr' id='par_1_48' title="bbox 2135 1855 3705 1924">
     <span class='ocr_line' id='line_1_48' title="bbox 2135 1855 3705 1924; baseline 0.006 -20"><span class='ocrx_word' id='word_1_357' title='bbox 2135 1858 2316 1906; x_wconf 89' lang='lat' dir='ltr'><strong>movet</strong></span> <span class='ocrx_word' id='word_1_358' title='bbox 2342 1865 2569 1920; x_wconf 86' lang='lat' dir='ltr'><strong>corpora</strong></span> <span class='ocrx_word' id='word_1_359' title='bbox 2592 1860 2774 1906; x_wconf 90' lang='lat' dir='ltr'><strong>nostra</strong></span> <span class='ocrx_word' id='word_1_360' title='bbox 2798 1867 2897 1921; x_wconf 91' lang='lat' dir='ltr'><strong>per</strong></span> <span class='ocrx_word' id='word_1_361' title='bbox 2926 1861 3137 1924; x_wconf 85' lang='lat' dir='ltr'><strong>tempus</strong></span> <span class='ocrx_word' id='word_1_362' title='bbox 3168 1864 3224 1909; x_wconf 92' lang='lat' dir='ltr'><strong>et</strong></span> <span class='ocrx_word' id='word_1_363' title='bbox 3258 1856 3452 1910; x_wconf 89' lang='lat' dir='ltr'><strong>locum.</strong></span> <span class='ocrx_word' id='word_1_364' title='bbox 3478 1855 3705 1915; x_wconf 83' lang='lat' dir='ltr'><strong>Nostrae</strong></span> 
     </span>
    </p>
   </div>
   <div class='ocr_carea' id='block_1_49' title="bbox 2134 1945 3707 2021">
    <p class='ocr_par' dir='ltr' id='par_1_49' title="bbox 2134 1945 3707 2021">
     <span class='ocr_line' id='line_1_49' title="bbox 2134 1945 3707 2021; baseline 0.008 -25"><span class='ocrx_word' id='word_1_365' title='bbox 2134 1956 2349 2012; x_wconf 87' lang='lat' dir='ltr'><strong>quoque</strong></span> <span class='ocrx_word' id='word_1_366' title='bbox 2386 1954 2612 1998; x_wconf 90' lang='lat' dir='ltr'><strong>naturae</strong></span> <span class='ocrx_word' id='word_1_367' title='bbox 2656 1945 2885 2000; x_wconf 89' lang='lat' dir='ltr'><strong>inseruit</strong></span> <span class='ocrx_word' id='word_1_368' title='bbox 2931 1961 3167 2012; x_wconf 84' lang='lat' dir='ltr'><strong>causam,</strong></span> <span class='ocrx_word' id='word_1_369' title='bbox 3206 1963 3310 2018; x_wconf 90' lang='lat' dir='ltr'><strong>qua</strong></span> <span class='ocrx_word' id='word_1_370' title='bbox 3355 1952 3707 2021; x_wconf 83' lang='lat' dir='ltr'><strong>nosmetipsos</strong></span> 
     </span>
    </p>
   </div>
   <div class='ocr_carea' id='block_1_50' title="bbox 2134 2034 3707 2101">
    <p class='ocr_par' dir='ltr' id='par_1_50' title="bbox 2134 2034 3707 2101">
     <span class='ocr_line' id='line_1_50' title="bbox 2134 2034 3707 2101; baseline 0.006 -15"><span class='ocrx_word' id='word_1_371' title='bbox 2134 2046 2412 2101; x_wconf 88' lang='lat' dir='ltr'><strong>possemus</strong></span> <span class='ocrx_word' id='word_1_372' title='bbox 2426 2048 2641 2089; x_wconf 87' lang='lat' dir='ltr'><strong>movere</strong></span> <span class='ocrx_word' id='word_1_373' title='bbox 2662 2034 2852 2101; x_wconf 89' lang='lat' dir='ltr'><strong>libere,</strong></span> <span class='ocrx_word' id='word_1_374' title='bbox 2907 2036 3318 2101; x_wconf 83' lang='lat' dir='ltr'><strong>rationabiliter,</strong></span> <span class='ocrx_word' id='word_1_375' title='bbox 3367 2038 3707 2096; x_wconf 78' lang='lat' dir='ltr'><strong>voluntarie’</strong></span> 
     </span>
    </p>
   </div>
   <div class='ocr_carea' id='block_1_51' title="bbox 2135 2124 3704 2201">
    <p class='ocr_par' dir='ltr' id='par_1_51' title="bbox 2135 2124 3704 2201">
     <span class='ocr_line' id='line_1_51' title="bbox 2135 2124 3704 2201; baseline 0.006 -24"><span class='ocrx_word' id='word_1_376' title='bbox 2135 2124 2201 2177; x_wconf 91' lang='lat' dir='ltr'><strong>ad</strong></span> <span class='ocrx_word' id='word_1_377' title='bbox 2248 2139 2348 2190; x_wconf 89' lang='lat' dir='ltr'><strong>ea,</strong></span> <span class='ocrx_word' id='word_1_378' title='bbox 2381 2140 2521 2195; x_wconf 91' lang='lat' dir='ltr'><strong>quae</strong></span> <span class='ocrx_word' id='word_1_379' title='bbox 2563 2126 2717 2181; x_wconf 91' lang='lat' dir='ltr'><strong>nobis</strong></span> <span class='ocrx_word' id='word_1_380' title='bbox 2762 2127 3032 2197; x_wconf 90' lang='lat' dir='ltr'><strong>sequenda</strong></span> <span class='ocrx_word' id='word_1_381' title='bbox 3073 2127 3307 2195; x_wconf 82' lang='lat' dir='ltr'><strong>fuerant,</strong></span> <span class='ocrx_word' id='word_1_382' title='bbox 3349 2134 3704 2201; x_wconf 85' lang='lat' dir='ltr'><strong>assequenda.</strong></span> 
     </span>
    </p>
   </div>
   <div class='ocr_carea' id='block_1_52' title="bbox 2135 2218 3710 2287">
    <p class='ocr_par' dir='ltr' id='par_1_52' title="bbox 2135 2218 3710 2287">
     <span class='ocr_line' id='line_1_52' title="bbox 2135 2218 3710 2287; baseline 0.003 -14"><span class='ocrx_word' id='word_1_383' title='bbox 2135 2218 2234 2287; x_wconf 90' lang='lat' dir='ltr'><strong>Qui</strong></span> <span class='ocrx_word' id='word_1_384' title='bbox 2258 2227 2435 2274; x_wconf 90' lang='lat' dir='ltr'><strong>motus</strong></span> <span class='ocrx_word' id='word_1_385' title='bbox 2461 2221 2655 2275; x_wconf 90' lang='lat' dir='ltr'><strong>merito</strong></span> <span class='ocrx_word' id='word_1_386' title='bbox 2678 2228 2901 2275; x_wconf 85' lang='lat' dir='ltr'><strong>vocatur</strong></span> <span class='ocrx_word' id='word_1_387' title='bbox 2933 2219 3158 2275; x_wconf 89' lang='lat' dir='ltr'><strong>liberum</strong></span> <span class='ocrx_word' id='word_1_388' title='bbox 3184 2222 3467 2276; x_wconf 90' lang='lat' dir='ltr'><strong>arbitrium</strong></span> <span class='ocrx_word' id='word_1_389' title='bbox 3495 2233 3710 2279; x_wconf 84' lang='lat' dir='ltr'><strong>nostrae</strong></span> 
     </span>
    </p>
   </div>
   <div class='ocr_carea' id='block_1_53' title="bbox 2133 2307 3688 2380">
    <p class='ocr_par' dir='ltr' id='par_1_53' title="bbox 2133 2307 3688 2380">
     <span class='ocr_line' id='line_1_53' title="bbox 2133 2307 3688 2380; baseline 0.004 -19"><span class='ocrx_word' id='word_1_390' title='bbox 2133 2307 2442 2371; x_wconf 88' lang='lat' dir='ltr'><strong>voluntatis,</strong></span> <span class='ocrx_word' id='word_1_391' title='bbox 2469 2309 2723 2377; x_wconf 89' lang='lat' dir='ltr'><strong>quoniam</strong></span> <span class='ocrx_word' id='word_1_392' title='bbox 2763 2310 3015 2378; x_wconf 88' lang='lat' dir='ltr'><strong>potestati</strong></span> <span class='ocrx_word' id='word_1_393' title='bbox 3044 2320 3261 2366; x_wconf 91' lang='lat' dir='ltr'><strong>nostrae</strong></span> <span class='ocrx_word' id='word_1_394' title='bbox 3289 2311 3562 2380; x_wconf 89' lang='lat' dir='ltr'><strong>subjectus</strong></span> <span class='ocrx_word' id='word_1_395' title='bbox 3605 2321 3688 2369; x_wconf 85' lang='lat' dir='ltr'><strong>est</strong></span> 
     </span>
    </p>
   </div>
   <div class='ocr_carea' id='block_1_54' title="bbox 2133 2397 3709 2469">
    <p class='ocr_par' dir='ltr' id='par_1_54' title="bbox 2133 2397 3709 2469">
     <span class='ocr_line' id='line_1_54' title="bbox 2133 2397 3709 2469; baseline 0.002 -18"><span class='ocrx_word' id='word_1_396' title='bbox 2133 2397 2421 2452; x_wconf 87' lang='lat' dir='ltr'><strong>Possemus</strong></span> <span class='ocrx_word' id='word_1_397' title='bbox 2442 2398 2639 2467; x_wconf 86' lang='lat' dir='ltr'><strong>quippe</strong></span> <span class='ocrx_word' id='word_1_398' title='bbox 2665 2413 2763 2469; x_wconf 90' lang='lat' dir='ltr'><strong>pro</strong></span> <span class='ocrx_word' id='word_1_399' title='bbox 2785 2407 2970 2453; x_wconf 88' lang='lat' dir='ltr'><strong>nostro</strong></span> <span class='ocrx_word' id='word_1_400' title='bbox 2991 2397 3197 2466; x_wconf 90' lang='lat' dir='ltr'><strong>judicio</strong></span> <span class='ocrx_word' id='word_1_401' title='bbox 3222 2408 3371 2455; x_wconf 89' lang='lat' dir='ltr'><strong>recto</strong></span> <span class='ocrx_word' id='word_1_402' title='bbox 3399 2416 3566 2456; x_wconf 90' lang='lat' dir='ltr'><strong>cursu</strong></span> <span class='ocrx_word' id='word_1_403' title='bbox 3590 2416 3709 2456; x_wconf 79' lang='lat' dir='ltr'><strong>eum</strong></span> 
     </span>
    </p>
   </div>
   <div class='ocr_carea' id='block_1_55' title="bbox 2134 2486 3712 2559">
    <p class='ocr_par' dir='ltr' id='par_1_55' title="bbox 2134 2486 3712 2559">
     <span class='ocr_line' id='line_1_55' title="bbox 2134 2486 3712 2559; baseline 0.001 -18"><span class='ocrx_word' id='word_1_404' title='bbox 2134 2486 2386 2557; x_wconf 86' lang='lat' dir='ltr'><strong>dirigere,</strong></span> <span class='ocrx_word' id='word_1_405' title='bbox 2410 2502 2693 2555; x_wconf 87' lang='lat' dir='ltr'><strong>possemus</strong></span> <span class='ocrx_word' id='word_1_406' title='bbox 2718 2487 2991 2543; x_wconf 88' lang='lat' dir='ltr'><strong>cohibere.</strong></span> <span class='ocrx_word' id='word_1_407' title='bbox 3026 2486 3176 2543; x_wconf 86' lang='lat' dir='ltr'><strong>Unde</strong></span> <span class='ocrx_word' id='word_1_408' title='bbox 3203 2488 3363 2559; x_wconf 79' lang='lat' dir='ltr'><strong>igitur</strong></span> <span class='ocrx_word' id='word_1_409' title='bbox 3393 2489 3712 2545; x_wconf 81' lang='lat' dir='ltr'><strong>haberemus</strong></span> 
     </span>
    </p>
   </div>
   <div class='ocr_carea' id='block_1_56' title="bbox 2134 2574 3711 2647">
    <p class='ocr_par' dir='ltr' id='par_1_56' title="bbox 2134 2574 3711 2647">
     <span class='ocr_line' id='line_1_56' title="bbox 2134 2574 3711 2647; baseline 0.003 -20"><span class='ocrx_word' id='word_1_410' title='bbox 2134 2574 2295 2628; x_wconf 88' lang='lat' dir='ltr'><strong>talem</strong></span> <span class='ocrx_word' id='word_1_411' title='bbox 2321 2585 2523 2629; x_wconf 91' lang='lat' dir='ltr'><strong>motum</strong></span> <span class='ocrx_word' id='word_1_412' title='bbox 2572 2574 2847 2645; x_wconf 81' lang='lat' dir='ltr'><strong>talemque</strong></span> <span class='ocrx_word' id='word_1_413' title='bbox 2871 2577 3185 2645; x_wconf 88' lang='lat' dir='ltr'><strong>potentiam,</strong></span> <span class='ocrx_word' id='word_1_414' title='bbox 3240 2577 3342 2631; x_wconf 89' lang='lat' dir='ltr'><strong>nisi</strong></span> <span class='ocrx_word' id='word_1_415' title='bbox 3384 2593 3413 2630; x_wconf 90' lang='lat' dir='ltr'><strong>a</strong></span> <span class='ocrx_word' id='word_1_416' title='bbox 3455 2576 3589 2643; x_wconf 90' lang='lat' dir='ltr'><strong>Deo,</strong></span> <span class='ocrx_word' id='word_1_417' title='bbox 3622 2579 3711 2647; x_wconf 87' lang='lat' dir='ltr'><strong>qui</strong></span> 
     </span>
    </p>
   </div>
   <div class='ocr_carea' id='block_1_57' title="bbox 2135 2662 3717 2734">
    <p class='ocr_par' dir='ltr' id='par_1_57' title="bbox 2135 2662 3717 2734">
     <span class='ocr_line' id='line_1_57' title="bbox 2135 2662 3717 2734; baseline 0.001 -17"><span class='ocrx_word' id='word_1_418' title='bbox 2135 2663 2289 2717; x_wconf 90' lang='lat' dir='ltr'><strong>nobis</strong></span> <span class='ocrx_word' id='word_1_419' title='bbox 2312 2662 2536 2734; x_wconf 85' lang='lat' dir='ltr'><strong>largitus</strong></span> <span class='ocrx_word' id='word_1_420' title='bbox 2560 2664 2758 2718; x_wconf 90' lang='lat' dir='ltr'><strong>esthoc</strong></span> <span class='ocrx_word' id='word_1_421' title='bbox 2771 2664 3066 2734; x_wconf 89' lang='lat' dir='ltr'><strong>proprium,</strong></span> <span class='ocrx_word' id='word_1_422' title='bbox 3087 2666 3229 2734; x_wconf 89' lang='lat' dir='ltr'><strong>quod</strong></span> <span class='ocrx_word' id='word_1_423' title='bbox 3249 2673 3391 2720; x_wconf 89' lang='lat' dir='ltr'><strong>esset</strong></span> <span class='ocrx_word' id='word_1_424' title='bbox 3416 2674 3473 2720; x_wconf 87' lang='lat' dir='ltr'><strong>et</strong></span> <span class='ocrx_word' id='word_1_425' title='bbox 3497 2676 3717 2721; x_wconf 87' lang='lat' dir='ltr'><strong>nostrae</strong></span> 
     </span>
    </p>
   </div>
   <div class='ocr_carea' id='block_1_58' title="bbox 2134 2750 3718 2817">
    <p class='ocr_par' dir='ltr' id='par_1_58' title="bbox 2134 2750 3718 2817">
     <span class='ocr_line' id='line_1_58' title="bbox 2134 2750 3718 2817; baseline 0.003 -13"><span class='ocrx_word' id='word_1_426' title='bbox 2134 2759 2360 2805; x_wconf 91' lang='lat' dir='ltr'><strong>naturae</strong></span> <span class='ocrx_word' id='word_1_427' title='bbox 2383 2766 2488 2805; x_wconf 92' lang='lat' dir='ltr'><strong>non</strong></span> <span class='ocrx_word' id='word_1_428' title='bbox 2511 2750 2792 2805; x_wconf 90' lang='lat' dir='ltr'><strong>minimum</strong></span> <span class='ocrx_word' id='word_1_429' title='bbox 2825 2752 3047 2817; x_wconf 90' lang='lat' dir='ltr'><strong>bonum,</strong></span> <span class='ocrx_word' id='word_1_430' title='bbox 3075 2761 3131 2807; x_wconf 87' lang='lat' dir='ltr'><strong>et</strong></span> <span class='ocrx_word' id='word_1_431' title='bbox 3151 2752 3423 2808; x_wconf 87' lang='lat' dir='ltr'><strong>Creatoris</strong></span> <span class='ocrx_word' id='word_1_432' title='bbox 3448 2753 3718 2811; x_wconf 87' lang='lat' dir='ltr'><strong>laudabile</strong></span> 
     </span>
    </p>
   </div>
   <div class='ocr_carea' id='block_1_59' title="bbox 2135 2840 3716 2915">
    <p class='ocr_par' dir='ltr' id='par_1_59' title="bbox 2135 2840 3716 2915">
     <span class='ocr_line' id='line_1_59' title="bbox 2135 2840 3716 2915; baseline 0.004 -21"><span class='ocrx_word' id='word_1_433' title='bbox 2135 2841 2369 2895; x_wconf 85' lang='lat' dir='ltr'><strong>donum?</strong></span> <span class='ocrx_word' id='word_1_434' title='bbox 2420 2840 2519 2896; x_wconf 90' lang='lat' dir='ltr'><strong>Cui</strong></span> <span class='ocrx_word' id='word_1_435' title='bbox 2570 2841 2829 2897; x_wconf 87' lang='lat' dir='ltr'><strong>debemus</strong></span> <span class='ocrx_word' id='word_1_436' title='bbox 2866 2842 3165 2899; x_wconf 71' lang='lat' dir='ltr'><strong>ineffabiles</strong></span> <span class='ocrx_word' id='word_1_437' title='bbox 3216 2846 3415 2915; x_wconf 83' lang='lat' dir='ltr'><strong>gratias</strong></span> <span class='ocrx_word' id='word_1_438' title='bbox 3469 2846 3716 2907; x_wconf 84' lang='lat' dir='ltr'><strong>reddere,</strong></span> 
     </span>
    </p>
   </div>
   <div class='ocr_carea' id='block_1_60' title="bbox 2135 2932 3719 3001">
    <p class='ocr_par' dir='ltr' id='par_1_60' title="bbox 2135 2932 3719 3001">
     <span class='ocr_line' id='line_1_60' title="bbox 2135 2932 3719 3001; baseline 0.002 -14"><span class='ocrx_word' id='word_1_439' title='bbox 2135 2947 2241 2987; x_wconf 90' lang='lat' dir='ltr'><strong>non</strong></span> <span class='ocrx_word' id='word_1_440' title='bbox 2271 2932 2444 2987; x_wconf 90' lang='lat' dir='ltr'><strong>solum</strong></span> <span class='ocrx_word' id='word_1_441' title='bbox 2486 2932 2630 3001; x_wconf 89' lang='lat' dir='ltr'><strong>quod</strong></span> <span class='ocrx_word' id='word_1_442' title='bbox 2672 2940 2920 2987; x_wconf 89' lang='lat' dir='ltr'><strong>naturam</strong></span> <span class='ocrx_word' id='word_1_443' title='bbox 2959 2942 3175 2987; x_wconf 84' lang='lat' dir='ltr'><strong>nostrae</strong></span> <span class='ocrx_word' id='word_1_444' title='bbox 3218 2936 3411 2990; x_wconf 90' lang='lat' dir='ltr'><strong>mentis</strong></span> <span class='ocrx_word' id='word_1_445' title='bbox 3457 2936 3719 2991; x_wconf 83' lang='lat' dir='ltr'><strong>bonitatis</strong></span> 
     </span>
    </p>
   </div>
   <div class='ocr_carea' id='block_1_61' title="bbox 2135 3021 3718 3091">
    <p class='ocr_par' dir='ltr' id='par_1_61' title="bbox 2135 3021 3718 3091">
     <span class='ocr_line' id='line_1_61' title="bbox 2135 3021 3718 3091; baseline 0.002 -15"><span class='ocrx_word' id='word_1_446' title='bbox 2135 3035 2265 3076; x_wconf 90' lang='lat' dir='ltr'><strong>suae</strong></span> <span class='ocrx_word' id='word_1_447' title='bbox 2302 3022 2457 3091; x_wconf 88' lang='lat' dir='ltr'><strong>copia</strong></span> <span class='ocrx_word' id='word_1_448' title='bbox 2488 3021 2789 3076; x_wconf 91' lang='lat' dir='ltr'><strong>condiderit</strong></span> <span class='ocrx_word' id='word_1_449' title='bbox 2814 3022 3147 3089; x_wconf 85' lang='lat' dir='ltr'><strong>rationalem,</strong></span> <span class='ocrx_word' id='word_1_450' title='bbox 3175 3024 3419 3090; x_wconf 85' lang='lat' dir='ltr'><strong>liberam,</strong></span> <span class='ocrx_word' id='word_1_451' title='bbox 3460 3026 3718 3081; x_wconf 86' lang='lat' dir='ltr'><strong>volunta-</strong></span> 
     </span>
    </p>
   </div>
   <div class='ocr_carea' id='block_1_62' title="bbox 456 3095 3721 3185">
    <p class='ocr_par' dir='ltr' id='par_1_62' title="bbox 456 3095 3721 3185">
     <span class='ocr_line' id='line_1_62' title="bbox 456 3095 3721 3185; baseline -0.003 -4"><span class='ocrx_word' id='word_1_452' title='bbox 456 3095 669 3181; x_wconf 75' lang='lat' dir='ltr'><strong>dientes</strong></span> <span class='ocrx_word' id='word_1_453' title='bbox 708 3121 933 3176; x_wconf 84' lang='lat' dir='ltr'><strong>liberum</strong></span> <span class='ocrx_word' id='word_1_454' title='bbox 990 3116 1280 3172; x_wconf 90' lang='lat' dir='ltr'><strong>voluntatis</strong></span> <span class='ocrx_word' id='word_1_455' title='bbox 1328 3114 1611 3169; x_wconf 87' lang='lat' dir='ltr'><strong>arbitrium</strong></span> <span class='ocrx_word' id='word_1_456' title='bbox 1635 3155 1650 3180; x_wconf 90' lang='lat'><strong>,</strong></span> <span class='ocrx_word' id='word_1_457' title='bbox 1681 3114 1784 3168; x_wconf 90' lang='lat' dir='ltr'><strong>nisi</strong></span> <span class='ocrx_word' id='word_1_458' title='bbox 1830 3112 2033 3167; x_wconf 87' lang='lat' dir='ltr'><strong>liberae</strong></span> <span class='ocrx_word' id='word_1_459' title='bbox 2060 3095 2104 3158; x_wconf 72' lang='grc' dir='ltr'>Ο</span> <span class='ocrx_word' id='word_1_460' title='bbox 2134 3113 2290 3175; x_wconf 87' lang='lat' dir='ltr'><strong>riam.</strong></span> <span class='ocrx_word' id='word_1_461' title='bbox 2319 3111 2590 3176; x_wconf 84' lang='lat' dir='ltr'><strong>mobilem,</strong></span> <span class='ocrx_word' id='word_1_462' title='bbox 2609 3112 2702 3167; x_wconf 86' lang='lat' dir='ltr'><strong>sed</strong></span> <span class='ocrx_word' id='word_1_463' title='bbox 2716 3113 2857 3181; x_wconf 90' lang='lat' dir='ltr'><strong>quod</strong></span> <span class='ocrx_word' id='word_1_464' title='bbox 2882 3113 3036 3168; x_wconf 86' lang='lat' dir='ltr'><strong>nobis</strong></span> <span class='ocrx_word' id='word_1_465' title='bbox 3058 3112 3320 3185; x_wconf 86' lang='lat' dir='ltr'><strong>largitatis</strong></span> <span class='ocrx_word' id='word_1_466' title='bbox 3343 3130 3472 3171; x_wconf 86' lang='lat' dir='ltr'><strong>suae</strong></span> <span class='ocrx_word' id='word_1_467' title='bbox 3492 3132 3721 3171; x_wconf 85' lang='lat' dir='ltr'><strong>munere</strong></span> 
     </span>
    </p>
   </div>
   <div class='ocr_carea' id='block_1_63' title="bbox 457 3205 2035 3279">
    <p class='ocr_par' dir='ltr' id='par_1_63' title="bbox 457 3205 2035 3279">
     <span class='ocr_line' id='line_1_63' title="bbox 457 3205 2035 3279; baseline -0.008 -9"><span class='ocrx_word' id='word_1_468' title='bbox 457 3216 751 3272; x_wconf 88' lang='lat' dir='ltr'><strong>voluntatis</strong></span> <span class='ocrx_word' id='word_1_469' title='bbox 772 3222 996 3275; x_wconf 91' lang='lat' dir='ltr'><strong>motum,</strong></span> <span class='ocrx_word' id='word_1_470' title='bbox 1014 3224 1153 3279; x_wconf 87' lang='lat' dir='ltr'><strong>quae</strong></span> <span class='ocrx_word' id='word_1_471' title='bbox 1178 3208 1356 3262; x_wconf 90' lang='lat' dir='ltr'><strong>omnia</strong></span> <span class='ocrx_word' id='word_1_472' title='bbox 1371 3213 1617 3260; x_wconf 89' lang='lat' dir='ltr'><strong>naturam</strong></span> <span class='ocrx_word' id='word_1_473' title='bbox 1647 3205 1915 3259; x_wconf 87' lang='lat' dir='ltr'><strong>humanae</strong></span> <span class='ocrx_word' id='word_1_474' title='bbox 1945 3218 2035 3258; x_wconf 82' lang='lat' dir='ltr'><strong>vo-</strong></span> 
     </span>
    </p>
   </div>
   <div class='ocr_carea' id='block_1_64' title="bbox 461 3294 2032 3374">
    <p class='ocr_par' dir='ltr' id='par_1_64' title="bbox 461 3294 2032 3374">
     <span class='ocr_line' id='line_1_64' title="bbox 461 3294 2032 3374; baseline -0.009 -12"><span class='ocrx_word' id='word_1_475' title='bbox 461 3308 683 3363; x_wconf 90' lang='lat' dir='ltr'><strong>luntatis</strong></span> <span class='ocrx_word' id='word_1_476' title='bbox 718 3304 1047 3374; x_wconf 78' lang='lat' dir='ltr'><strong>exprimunt.</strong></span> <span class='ocrx_word' id='word_1_477' title='bbox 1081 3299 1173 3354; x_wconf 88' lang='lat' dir='ltr'><strong>Est</strong></span> <span class='ocrx_word' id='word_1_478' title='bbox 1198 3297 1341 3353; x_wconf 92' lang='lat' dir='ltr'><strong>enim</strong></span> <span class='ocrx_word' id='word_1_479' title='bbox 1366 3295 1615 3350; x_wconf 88' lang='lat' dir='ltr'><strong>voluntas</strong></span> <span class='ocrx_word' id='word_1_480' title='bbox 1638 3294 1833 3359; x_wconf 90' lang='lat' dir='ltr'><strong>libera,</strong></span> <span class='ocrx_word' id='word_1_481' title='bbox 1864 3294 2032 3348; x_wconf 83' lang='lat' dir='ltr'><strong>ratio-</strong></span> 
     </span>
    </p>
   </div>
   <div class='ocr_carea' id='block_1_65' title="bbox 459 3382 2033 3459">
    <p class='ocr_par' dir='ltr' id='par_1_65' title="bbox 459 3382 2033 3459">
     <span class='ocr_line' id='line_1_65' title="bbox 459 3382 2033 3459; baseline -0.01 -9"><span class='ocrx_word' id='word_1_482' title='bbox 459 3396 616 3459; x_wconf 90' lang='lat' dir='ltr'><strong>nalis,</strong></span> <span class='ocrx_word' id='word_1_483' title='bbox 651 3391 944 3447; x_wconf 90' lang='lat' dir='ltr'><strong>mutabilis.</strong></span> <span class='ocrx_word' id='word_1_484' title='bbox 1000 3389 1082 3443; x_wconf 82' lang='lat' dir='ltr'><strong>An</strong></span> <span class='ocrx_word' id='word_1_485' title='bbox 1125 3386 1283 3451; x_wconf 80' lang='lat' dir='ltr'><strong>forte,</strong></span> <span class='ocrx_word' id='word_1_486' title='bbox 1334 3385 1381 3441; x_wconf 91' lang='lat' dir='ltr'><strong>si</strong></span> <span class='ocrx_word' id='word_1_487' title='bbox 1424 3383 1699 3439; x_wconf 88' lang='lat' dir='ltr'><strong>mutabilis</strong></span> <span class='ocrx_word' id='word_1_488' title='bbox 1741 3392 1842 3446; x_wconf 92' lang='lat' dir='ltr'><strong>est,</strong></span> <span class='ocrx_word' id='word_1_489' title='bbox 1891 3382 2033 3452; x_wconf 86' lang='lat' dir='ltr'><strong>quod</strong></span> 
     </span>
    </p>
   </div>
   <div class='ocr_carea' id='block_1_66' title="bbox 458 3472 2035 3545">
    <p class='ocr_par' dir='ltr' id='par_1_66' title="bbox 458 3472 2035 3545">
     <span class='ocr_line' id='line_1_66' title="bbox 458 3472 2035 3545; baseline -0.01 -4"><span class='ocrx_word' id='word_1_490' title='bbox 458 3485 680 3541; x_wconf 89' lang='lat' dir='ltr'><strong>omnino</strong></span> <span class='ocrx_word' id='word_1_491' title='bbox 726 3480 1022 3545; x_wconf 84' lang='lat' dir='ltr'><strong>fatendum,</strong></span> <span class='ocrx_word' id='word_1_492' title='bbox 1073 3478 1120 3533; x_wconf 91' lang='lat' dir='ltr'><strong>si</strong></span> <span class='ocrx_word' id='word_1_493' title='bbox 1169 3476 1314 3531; x_wconf 89' lang='lat' dir='ltr'><strong>solus</strong></span> <span class='ocrx_word' id='word_1_494' title='bbox 1358 3475 1501 3530; x_wconf 89' lang='lat' dir='ltr'><strong>Deus</strong></span> <span class='ocrx_word' id='word_1_495' title='bbox 1532 3472 1883 3528; x_wconf 87' lang='lat' dir='ltr'><strong>immutabilis</strong></span> <span class='ocrx_word' id='word_1_496' title='bbox 1915 3486 2035 3526; x_wconf 88' lang='lat' dir='ltr'><strong>esse</strong></span> 
     </span>
    </p>
   </div>
   <div class='ocr_carea' id='block_1_67' title="bbox 461 3561 2034 3638">
    <p class='ocr_par' dir='ltr' id='par_1_67' title="bbox 461 3561 2034 3638">
     <span class='ocr_line' id='line_1_67' title="bbox 461 3561 2034 3638; baseline -0.011 -7"><span class='ocrx_word' id='word_1_497' title='bbox 461 3574 762 3631; x_wconf 90' lang='lat' dir='ltr'><strong>rectissime</strong></span> <span class='ocrx_word' id='word_1_498' title='bbox 781 3570 1038 3633; x_wconf 89' lang='lat' dir='ltr'><strong>creditur,</strong></span> <span class='ocrx_word' id='word_1_499' title='bbox 1058 3567 1244 3638; x_wconf 87' lang='lat' dir='ltr'><strong>quaeri</strong></span> <span class='ocrx_word' id='word_1_500' title='bbox 1268 3574 1464 3636; x_wconf 91' lang='lat' dir='ltr'><strong>potest,</strong></span> <span class='ocrx_word' id='word_1_501' title='bbox 1481 3563 1619 3618; x_wconf 88' lang='lat' dir='ltr'><strong>unde</strong></span> <span class='ocrx_word' id='word_1_502' title='bbox 1634 3562 1905 3618; x_wconf 83' lang='lat' dir='ltr'><strong>mutabilis</strong></span> <span class='ocrx_word' id='word_1_503' title='bbox 1917 3561 2034 3617; x_wconf 90' lang='lat' dir='ltr'><strong>est?</strong></span> 
     </span>
    </p>
   </div>
   <div class='ocr_carea' id='block_1_68' title="bbox 458 3651 2035 3733">
    <p class='ocr_par' dir='ltr' id='par_1_68' title="bbox 458 3651 2035 3733">
     <span class='ocr_line' id='line_1_68' title="bbox 458 3651 2035 3733; baseline -0.009 -14"><span class='ocrx_word' id='word_1_504' title='bbox 458 3665 539 3719; x_wconf 75' lang='lat' dir='ltr'><strong>Ad</strong></span> <span class='ocrx_word' id='word_1_505' title='bbox 569 3662 710 3733; x_wconf 86' lang='lat' dir='ltr'><strong>quod</strong></span> <span class='ocrx_word' id='word_1_506' title='bbox 734 3658 1008 3714; x_wconf 90' lang='lat' dir='ltr'><strong>verissime</strong></span> <span class='ocrx_word' id='word_1_507' title='bbox 1030 3656 1404 3725; x_wconf 83' lang='lat' dir='ltr'><strong>respondetur,</strong></span> <span class='ocrx_word' id='word_1_508' title='bbox 1428 3654 1569 3708; x_wconf 90' lang='lat' dir='ltr'><strong>unde</strong></span> <span class='ocrx_word' id='word_1_509' title='bbox 1591 3661 1676 3707; x_wconf 87' lang='lat' dir='ltr'><strong>est</strong></span> <span class='ocrx_word' id='word_1_510' title='bbox 1694 3652 1881 3717; x_wconf 89' lang='lat' dir='ltr'><strong>libera,</strong></span> <span class='ocrx_word' id='word_1_511' title='bbox 1911 3651 2035 3706; x_wconf 89' lang='lat' dir='ltr'><strong>inde</strong></span> 
     </span>
    </p>
   </div>
   <div class='ocr_carea' id='block_1_69' title="bbox 461 3741 2035 3813">
    <p class='ocr_par' dir='ltr' id='par_1_69' title="bbox 461 3741 2035 3813">
     <span class='ocr_line' id='line_1_69' title="bbox 461 3741 2035 3813; baseline -0.007 -7"><span class='ocrx_word' id='word_1_512' title='bbox 461 3749 749 3805; x_wconf 91' lang='lat' dir='ltr'><strong>mutabilis.</strong></span> <span class='ocrx_word' id='word_1_513' title='bbox 776 3747 872 3802; x_wconf 88' lang='lat' dir='ltr'><strong>Est</strong></span> <span class='ocrx_word' id='word_1_514' title='bbox 899 3754 1080 3801; x_wconf 89' lang='lat' dir='ltr'><strong>autem</strong></span> <span class='ocrx_word' id='word_1_515' title='bbox 1108 3760 1170 3800; x_wconf 76' lang='lat' dir='ltr'><strong>ex</strong></span> <span class='ocrx_word' id='word_1_516' title='bbox 1200 3755 1392 3799; x_wconf 88' lang='lat' dir='ltr'><strong>natura</strong></span> <span class='ocrx_word' id='word_1_517' title='bbox 1431 3743 1617 3799; x_wconf 89' lang='lat' dir='ltr'><strong>libera.</strong></span> <span class='ocrx_word' id='word_1_518' title='bbox 1647 3741 1744 3797; x_wconf 86' lang='lat' dir='ltr'><strong>Est</strong></span> <span class='ocrx_word' id='word_1_519' title='bbox 1768 3742 1931 3813; x_wconf 89' lang='lat' dir='ltr'><strong>igitur</strong></span> <span class='ocrx_word' id='word_1_520' title='bbox 1967 3757 2035 3798; x_wconf 82' lang='lat' dir='ltr'><strong>ex</strong></span> 
     </span>
    </p>
   </div>
   <div class='ocr_carea' id='block_1_70' title="bbox 460 3835 975 3895">
    <p class='ocr_par' dir='ltr' id='par_1_70' title="bbox 460 3835 975 3895">
     <span class='ocr_line' id='line_1_70' title="bbox 460 3835 975 3895; baseline -0.012 0"><span class='ocrx_word' id='word_1_521' title='bbox 460 3849 654 3895; x_wconf 89' lang='lat' dir='ltr'><strong>natura</strong></span> <span class='ocrx_word' id='word_1_522' title='bbox 684 3835 975 3891; x_wconf 86' lang='lat' dir='ltr'><strong>mutabilis.</strong></span> 
     </span>
    </p>
   </div>
   <div class='ocr_carea' id='block_1_71' title="bbox 533 3919 2036 3995">
    <p class='ocr_par' dir='ltr' id='par_1_71' title="bbox 533 3919 2036 3995">
     <span class='ocr_line' id='line_1_71' title="bbox 533 3919 2036 3995; baseline -0.007 -10"><span class='ocrx_word' id='word_1_523' title='bbox 533 3927 640 3985; x_wconf 75' lang='lat' dir='ltr'><strong>Vll.</strong></span> <span class='ocrx_word' id='word_1_524' title='bbox 673 3925 872 3981; x_wconf 90' lang='lat' dir='ltr'><strong>Deinde</strong></span> <span class='ocrx_word' id='word_1_525' title='bbox 908 3925 1206 3995; x_wconf 88' lang='lat' dir='ltr'><strong>quaeritur,</strong></span> <span class='ocrx_word' id='word_1_526' title='bbox 1241 3922 1381 3977; x_wconf 86' lang='lat' dir='ltr'><strong>unde</strong></span> <span class='ocrx_word' id='word_1_527' title='bbox 1408 3921 1688 3976; x_wconf 86' lang='lat' dir='ltr'><strong>movetur?</strong></span> <span class='ocrx_word' id='word_1_528' title='bbox 1730 3919 1828 3975; x_wconf 92' lang='lat' dir='ltr'><strong>Cui</strong></span> <span class='ocrx_word' id='word_1_529' title='bbox 1859 3919 2036 3974; x_wconf 88' lang='lat' dir='ltr'><strong>reddi-</strong></span> 
     </span>
    </p>
   </div>
   <div class='ocr_carea' id='block_1_72' title="bbox 458 4009 2032 4087">
    <p class='ocr_par' dir='ltr' id='par_1_72' title="bbox 458 4009 2032 4087">
     <span class='ocr_line' id='line_1_72' title="bbox 458 4009 2032 4087; baseline -0.008 -11"><span class='ocrx_word' id='word_1_530' title='bbox 458 4031 549 4076; x_wconf 91' lang='lat' dir='ltr'><strong>tur</strong></span> <span class='ocrx_word' id='word_1_531' title='bbox 588 4037 603 4073; x_wconf 88' lang='lat'><strong>:</strong></span> <span class='ocrx_word' id='word_1_532' title='bbox 653 4033 684 4072; x_wconf 90' lang='lat' dir='ltr'><strong>a</strong></span> <span class='ocrx_word' id='word_1_533' title='bbox 714 4033 773 4073; x_wconf 89' lang='lat' dir='ltr'><strong>se</strong></span> <span class='ocrx_word' id='word_1_534' title='bbox 805 4018 935 4087; x_wconf 90' lang='lat' dir='ltr'><strong>ipsa,</strong></span> <span class='ocrx_word' id='word_1_535' title='bbox 968 4015 1092 4086; x_wconf 88' lang='lat' dir='ltr'><strong>quia</strong></span> <span class='ocrx_word' id='word_1_536' title='bbox 1121 4014 1288 4068; x_wconf 89' lang='lat' dir='ltr'><strong>libera</strong></span> <span class='ocrx_word' id='word_1_537' title='bbox 1314 4022 1417 4068; x_wconf 89' lang='lat' dir='ltr'><strong>est.</strong></span> <span class='ocrx_word' id='word_1_538' title='bbox 1447 4012 1632 4067; x_wconf 86' lang='lat' dir='ltr'><strong>Potest</strong></span> <span class='ocrx_word' id='word_1_539' title='bbox 1654 4009 1902 4065; x_wconf 90' lang='lat' dir='ltr'><strong>aliunde?</strong></span> <span class='ocrx_word' id='word_1_540' title='bbox 1927 4010 2032 4064; x_wconf 86' lang='lat' dir='ltr'><strong>Po-</strong></span> 
     </span>
    </p>
   </div>
   <div class='ocr_carea' id='block_1_73' title="bbox 461 4100 2035 4181">
    <p class='ocr_par' dir='ltr' id='par_1_73' title="bbox 461 4100 2035 4181">
     <span class='ocr_line' id='line_1_73' title="bbox 461 4100 2035 4181; baseline -0.008 -16"><span class='ocrx_word' id='word_1_541' title='bbox 461 4117 589 4177; x_wconf 90' lang='lat' dir='ltr'><strong>test,</strong></span> <span class='ocrx_word' id='word_1_542' title='bbox 645 4108 771 4181; x_wconf 89' lang='lat' dir='ltr'><strong>quia</strong></span> <span class='ocrx_word' id='word_1_543' title='bbox 820 4122 881 4161; x_wconf 88' lang='lat' dir='ltr'><strong>ea</strong></span> <span class='ocrx_word' id='word_1_544' title='bbox 931 4104 1105 4173; x_wconf 83' lang='lat' dir='ltr'><strong>major</strong></span> <span class='ocrx_word' id='word_1_545' title='bbox 1129 4103 1423 4171; x_wconf 88' lang='lat' dir='ltr'><strong>meliorque</strong></span> <span class='ocrx_word' id='word_1_546' title='bbox 1448 4102 1695 4155; x_wconf 88' lang='lat' dir='ltr'><strong>voluntas</strong></span> <span class='ocrx_word' id='word_1_547' title='bbox 1738 4109 1841 4163; x_wconf 90' lang='lat' dir='ltr'><strong>est,</strong></span> <span class='ocrx_word' id='word_1_548' title='bbox 1878 4115 1984 4170; x_wconf 91' lang='lat' dir='ltr'><strong>qua</strong></span> <span class='ocrx_word' id='word_1_549' title='bbox 2014 4100 2035 4131; x_wconf 87' lang='grc'><em>³</em></span> 
     </span>
    </p>
   </div>
   <div class='ocr_carea' id='block_1_74' title="bbox 459 4192 2033 4271">
    <p class='ocr_par' dir='ltr' id='par_1_74' title="bbox 459 4192 2033 4271">
     <span class='ocr_line' id='line_1_74' title="bbox 459 4192 2033 4271; baseline -0.007 -15"><span class='ocrx_word' id='word_1_550' title='bbox 459 4205 662 4258; x_wconf 86' lang='lat' dir='ltr'><strong>moveri</strong></span> <span class='ocrx_word' id='word_1_551' title='bbox 695 4206 887 4271; x_wconf 86' lang='lat' dir='ltr'><strong>potest.</strong></span> <span class='ocrx_word' id='word_1_552' title='bbox 921 4196 1067 4265; x_wconf 88' lang='lat' dir='ltr'><strong>Quae</strong></span> <span class='ocrx_word' id='word_1_553' title='bbox 1097 4205 1180 4250; x_wconf 90' lang='lat' dir='ltr'><strong>est</strong></span> <span class='ocrx_word' id='word_1_554' title='bbox 1207 4194 1336 4248; x_wconf 90' lang='lat' dir='ltr'><strong>illa?</strong></span> <span class='ocrx_word' id='word_1_555' title='bbox 1369 4193 1483 4248; x_wconf 83' lang='lat' dir='ltr'><strong>Non</strong></span> <span class='ocrx_word' id='word_1_556' title='bbox 1514 4193 1637 4258; x_wconf 91' lang='lat' dir='ltr'><strong>alia,</strong></span> <span class='ocrx_word' id='word_1_557' title='bbox 1687 4192 1791 4247; x_wconf 90' lang='lat' dir='ltr'><strong>nisi</strong></span> <span class='ocrx_word' id='word_1_558' title='bbox 1826 4208 2033 4246; x_wconf 92' lang='lat' dir='ltr'><strong>summa</strong></span> 
     </span>
    </p>
   </div>
   <div class='ocr_carea' id='block_1_75' title="bbox 459 4279 2035 4360">
    <p class='ocr_par' dir='ltr' id='par_1_75' title="bbox 459 4279 2035 4360">
     <span class='ocr_line' id='line_1_75' title="bbox 459 4279 2035 4360; baseline -0.009 -12"><span class='ocrx_word' id='word_1_559' title='bbox 459 4293 767 4360; x_wconf 86' lang='lat' dir='ltr'><strong>divinaque,</strong></span> <span class='ocrx_word' id='word_1_560' title='bbox 815 4302 952 4358; x_wconf 90' lang='lat' dir='ltr'><strong>quae</strong></span> <span class='ocrx_word' id='word_1_561' title='bbox 997 4300 1116 4340; x_wconf 89' lang='lat' dir='ltr'><strong>eam</strong></span> <span class='ocrx_word' id='word_1_562' title='bbox 1164 4283 1369 4339; x_wconf 90' lang='lat' dir='ltr'><strong>creavit</strong></span> <span class='ocrx_word' id='word_1_563' title='bbox 1429 4290 1484 4337; x_wconf 91' lang='lat' dir='ltr'><strong>et</strong></span> <span class='ocrx_word' id='word_1_564' title='bbox 1536 4288 1732 4336; x_wconf 90' lang='lat' dir='ltr'><strong>movet.</strong></span> <span class='ocrx_word' id='word_1_565' title='bbox 1783 4279 2035 4335; x_wconf 81' lang='lat' dir='ltr'><strong>Potestne</strong></span> 
     </span>
    </p>
   </div>
   <div class='ocr_carea' id='block_1_76' title="bbox 464 4370 2035 4449">
    <p class='ocr_par' dir='ltr' id='par_1_76' title="bbox 464 4370 2035 4449">
     <span class='ocr_line' id='line_1_76' title="bbox 464 4370 2035 4449; baseline -0.009 -10"><span class='ocrx_word' id='word_1_566' title='bbox 464 4382 667 4439; x_wconf 88' lang='lat' dir='ltr'><strong>moveri</strong></span> <span class='ocrx_word' id='word_1_567' title='bbox 715 4396 744 4434; x_wconf 90' lang='lat' dir='ltr'><strong>a</strong></span> <span class='ocrx_word' id='word_1_568' title='bbox 790 4379 928 4449; x_wconf 88' lang='lat' dir='ltr'><strong>pari,</strong></span> <span class='ocrx_word' id='word_1_569' title='bbox 967 4384 1059 4431; x_wconf 90' lang='lat' dir='ltr'><strong>aut</strong></span> <span class='ocrx_word' id='word_1_570' title='bbox 1110 4373 1305 4430; x_wconf 89' lang='lat' dir='ltr'><strong>minori</strong></span> <span class='ocrx_word' id='word_1_571' title='bbox 1337 4372 1394 4426; x_wconf 59' lang='grc' dir='ltr'><strong>εἳ</strong></span> <span class='ocrx_word' id='word_1_572' title='bbox 1424 4371 1539 4427; x_wconf 82' lang='lat' dir='ltr'><strong>Non</strong></span> <span class='ocrx_word' id='word_1_573' title='bbox 1571 4378 1766 4443; x_wconf 89' lang='lat' dir='ltr'><strong>potest.</strong></span> <span class='ocrx_word' id='word_1_574' title='bbox 1804 4370 1860 4427; x_wconf 89' lang='lat' dir='ltr'><strong>Si</strong></span> <span class='ocrx_word' id='word_1_575' title='bbox 1891 4372 2035 4426; x_wconf 88' lang='lat' dir='ltr'><strong>enim</strong></span> 
     </span>
    </p>
   </div>
   <div class='ocr_carea' id='block_1_77' title="bbox 2130 3203 3717 3273">
    <p class='ocr_par' dir='ltr' id='par_1_77' title="bbox 2130 3203 3717 3273">
     <span class='ocr_line' id='line_1_77' title="bbox 2130 3203 3717 3273; baseline 0.006 -17"><span class='ocrx_word' id='word_1_576' title='bbox 2130 3203 2424 3267; x_wconf 85' lang='lat' dir='ltr'><strong>concessit,</strong></span> <span class='ocrx_word' id='word_1_577' title='bbox 2448 3204 2668 3273; x_wconf 92' lang='lat' dir='ltr'><strong>proprio</strong></span> <span class='ocrx_word' id='word_1_578' title='bbox 2699 3212 2881 3258; x_wconf 89' lang='lat' dir='ltr'><strong>nostro</strong></span> <span class='ocrx_word' id='word_1_579' title='bbox 2910 3214 3042 3259; x_wconf 92' lang='lat' dir='ltr'><strong>nutu</strong></span> <span class='ocrx_word' id='word_1_580' title='bbox 3071 3206 3489 3272; x_wconf 82' lang='lat' dir='ltr'><strong>rationabiliter,</strong></span> <span class='ocrx_word' id='word_1_581' title='bbox 3517 3207 3717 3266; x_wconf 86' lang='lat' dir='ltr'><strong>libere.</strong></span> 
     </span>
    </p>
   </div>
   <div class='ocr_carea' id='block_1_78' title="bbox 2134 3291 3721 3361">
    <p class='ocr_par' dir='ltr' id='par_1_78' title="bbox 2134 3291 3721 3361">
     <span class='ocr_line' id='line_1_78' title="bbox 2134 3291 3721 3361; baseline 0.004 -18"><span class='ocrx_word' id='word_1_582' title='bbox 2134 3292 2433 3347; x_wconf 88' lang='lat' dir='ltr'><strong>voluntarie</strong></span> <span class='ocrx_word' id='word_1_583' title='bbox 2480 3306 2637 3361; x_wconf 87' lang='lat' dir='ltr'><strong>posse</strong></span> <span class='ocrx_word' id='word_1_584' title='bbox 2678 3306 2776 3346; x_wconf 89' lang='lat' dir='ltr'><strong>nos</strong></span> <span class='ocrx_word' id='word_1_585' title='bbox 2805 3308 3043 3348; x_wconf 84' lang='lat' dir='ltr'><strong>movere.</strong></span> <span class='ocrx_word' id='word_1_586' title='bbox 3084 3291 3187 3359; x_wconf 92' lang='lat' dir='ltr'><strong>Qui</strong></span> <span class='ocrx_word' id='word_1_587' title='bbox 3231 3305 3407 3350; x_wconf 90' lang='lat' dir='ltr'><strong>motus</strong></span> <span class='ocrx_word' id='word_1_588' title='bbox 3436 3294 3567 3349; x_wconf 87' lang='lat' dir='ltr'><strong>nulli</strong></span> <span class='ocrx_word' id='word_1_589' title='bbox 3600 3297 3721 3350; x_wconf 81' lang='lat' dir='ltr'><strong>ani-</strong></span> 
     </span>
    </p>
   </div>
   <div class='ocr_carea' id='block_1_79' title="bbox 2134 3379 3719 3449">
    <p class='ocr_par' dir='ltr' id='par_1_79' title="bbox 2134 3379 3719 3449">
     <span class='ocr_line' id='line_1_79' title="bbox 2134 3379 3719 3449; baseline 0.002 -15"><span class='ocrx_word' id='word_1_590' title='bbox 2134 3379 2372 3445; x_wconf 86' lang='lat' dir='ltr'><strong>malium,</strong></span> <span class='ocrx_word' id='word_1_591' title='bbox 2403 3392 2615 3449; x_wconf 88' lang='lat' dir='ltr'><strong>praeter</strong></span> <span class='ocrx_word' id='word_1_592' title='bbox 2642 3381 2936 3447; x_wconf 89' lang='lat' dir='ltr'><strong>hominem,</strong></span> <span class='ocrx_word' id='word_1_593' title='bbox 2963 3397 3259 3438; x_wconf 88' lang='lat' dir='ltr'><strong>concessus</strong></span> <span class='ocrx_word' id='word_1_594' title='bbox 3285 3384 3327 3415; x_wconf 77' lang='grc'><strong>¹⁰</strong></span> <span class='ocrx_word' id='word_1_595' title='bbox 3351 3393 3456 3439; x_wconf 89' lang='lat' dir='ltr'><strong>est.</strong></span> <span class='ocrx_word' id='word_1_596' title='bbox 3486 3383 3542 3439; x_wconf 90' lang='lat' dir='ltr'><strong>Si</strong></span> <span class='ocrx_word' id='word_1_597' title='bbox 3572 3386 3719 3439; x_wconf 89' lang='lat' dir='ltr'><strong>enim</strong></span> 
     </span>
    </p>
   </div>
   <div class='ocr_carea' id='block_1_80' title="bbox 2134 3470 3720 3541">
    <p class='ocr_par' dir='ltr' id='par_1_80' title="bbox 2134 3470 3720 3541">
     <span class='ocr_line' id='line_1_80' title="bbox 2134 3470 3720 3541; baseline 0.005 -20"><span class='ocrx_word' id='word_1_598' title='bbox 2134 3470 2628 3539; x_wconf 78' lang='lat' dir='ltr'><strong>praecipizuuream</strong></span> <span class='ocrx_word' id='word_1_599' title='bbox 2654 3470 2876 3526; x_wconf 88' lang='lat' dir='ltr'><strong>laudare</strong></span> <span class='ocrx_word' id='word_1_600' title='bbox 2896 3472 3291 3541; x_wconf 86' lang='lat' dir='ltr'><strong>pulchritudine</strong></span> <span class='ocrx_word' id='word_1_601' title='bbox 3313 3474 3353 3505; x_wconf 84' lang='lat'>“</span> <span class='ocrx_word' id='word_1_602' title='bbox 3376 3483 3720 3540; x_wconf 74' lang='lat' dir='ltr'><strong>naturarum,</strong></span> 
     </span>
    </p>
   </div>
   <div class='ocr_carea' id='block_1_81' title="bbox 2135 3560 3721 3628">
    <p class='ocr_par' dir='ltr' id='par_1_81' title="bbox 2135 3560 3721 3628">
     <span class='ocr_line' id='line_1_81' title="bbox 2135 3560 3721 3628; baseline 0.003 -16"><span class='ocrx_word' id='word_1_603' title='bbox 2135 3575 2271 3628; x_wconf 89' lang='lat' dir='ltr'><strong>quas</strong></span> <span class='ocrx_word' id='word_1_604' title='bbox 2321 3560 2436 3613; x_wconf 88' lang='lat' dir='ltr'><strong>sine</strong></span> <span class='ocrx_word' id='word_1_605' title='bbox 2488 3560 2797 3615; x_wconf 90' lang='lat' dir='ltr'><strong>rationabili</strong></span> <span class='ocrx_word' id='word_1_606' title='bbox 2853 3563 3145 3618; x_wconf 86' lang='lat' dir='ltr'><strong>voluntatis</strong></span> <span class='ocrx_word' id='word_1_607' title='bbox 3187 3562 3435 3618; x_wconf 88' lang='lat' dir='ltr'><strong>libertate</strong></span> <span class='ocrx_word' id='word_1_608' title='bbox 3489 3565 3721 3627; x_wconf 85' lang='lat' dir='ltr'><strong>creavit,</strong></span> 
     </span>
    </p>
   </div>
   <div class='ocr_carea' id='block_1_82' title="bbox 2134 3638 3724 3721">
    <p class='ocr_par' dir='ltr' id='par_1_82' title="bbox 2134 3638 3724 3721">
     <span class='ocr_line' id='line_1_82' title="bbox 2134 3638 3724 3721; baseline 0.005 -19"><span class='ocrx_word' id='word_1_609' title='bbox 2134 3661 2336 3720; x_wconf 88' lang='lat' dir='ltr'><strong>quanto</strong></span> <span class='ocrx_word' id='word_1_610' title='bbox 2364 3651 2535 3721; x_wconf 87' lang='lat' dir='ltr'><strong>magis</strong></span> <span class='ocrx_word' id='word_1_611' title='bbox 2558 3653 2626 3706; x_wconf 90' lang='lat' dir='ltr'><strong>de</strong></span> <span class='ocrx_word' id='word_1_612' title='bbox 2658 3662 2841 3707; x_wconf 88' lang='lat' dir='ltr'><strong>nostra</strong></span> <span class='ocrx_word' id='word_1_613' title='bbox 2884 3653 3205 3719; x_wconf 88' lang='lat' dir='ltr'><strong>substantia,</strong></span> <span class='ocrx_word' id='word_1_614' title='bbox 3252 3655 3338 3709; x_wconf 91' lang='lat' dir='ltr'><strong>cui</strong></span> <span class='ocrx_word' id='word_1_615' title='bbox 3384 3655 3491 3709; x_wconf 90' lang='lat' dir='ltr'><strong>tale</strong></span> <span class='ocrx_word' id='word_1_616' title='bbox 3508 3638 3724 3710; x_wconf 48' lang='lat' dir='ltr'><strong>&#39;munus</strong></span> 
     </span>
    </p>
   </div>
   <div class='ocr_carea' id='block_1_83' title="bbox 2135 3743 3723 3813">
    <p class='ocr_par' dir='ltr' id='par_1_83' title="bbox 2135 3743 3723 3813">
     <span class='ocr_line' id='line_1_83' title="bbox 2135 3743 3723 3813; baseline 0.004 -17"><span class='ocrx_word' id='word_1_617' title='bbox 2135 3743 2373 3809; x_wconf 84' lang='lat' dir='ltr'><strong>donavit,</strong></span> <span class='ocrx_word' id='word_1_618' title='bbox 2405 3751 2463 3797; x_wconf 90' lang='lat' dir='ltr'><strong>ut</strong></span> <span class='ocrx_word' id='word_1_619' title='bbox 2488 3759 2586 3798; x_wconf 90' lang='lat' dir='ltr'><strong>suo</strong></span> <span class='ocrx_word' id='word_1_620' title='bbox 2615 3743 2834 3813; x_wconf 90' lang='lat' dir='ltr'><strong>proprio</strong></span> <span class='ocrx_word' id='word_1_621' title='bbox 2862 3753 3009 3799; x_wconf 90' lang='lat' dir='ltr'><strong>motu</strong></span> <span class='ocrx_word' id='word_1_622' title='bbox 3038 3746 3305 3800; x_wconf 89' lang='lat' dir='ltr'><strong>conditori</strong></span> <span class='ocrx_word' id='word_1_623' title='bbox 3333 3760 3430 3800; x_wconf 89' lang='lat' dir='ltr'><strong>suo</strong></span> <span class='ocrx_word' id='word_1_624' title='bbox 3452 3747 3723 3803; x_wconf 86' lang='lat' dir='ltr'><strong>adhaere-</strong></span> 
     </span>
    </p>
   </div>
   <div class='ocr_carea' id='block_1_84' title="bbox 2132 3835 3725 3906">
    <p class='ocr_par' dir='ltr' id='par_1_84' title="bbox 2132 3835 3725 3906">
     <span class='ocr_line' id='line_1_84' title="bbox 2132 3835 3725 3906; baseline 0.003 -19"><span class='ocrx_word' id='word_1_625' title='bbox 2132 3843 2239 3899; x_wconf 88' lang='lat' dir='ltr'><strong>ret,</strong></span> <span class='ocrx_word' id='word_1_626' title='bbox 2268 3835 2548 3903; x_wconf 84' lang='lat' dir='ltr'><strong>ipsumque</strong></span> <span class='ocrx_word' id='word_1_627' title='bbox 2570 3844 2772 3888; x_wconf 92' lang='lat' dir='ltr'><strong>motum</strong></span> <span class='ocrx_word' id='word_1_628' title='bbox 2793 3835 3046 3891; x_wconf 86' lang='lat' dir='ltr'><strong>cohibere</strong></span> <span class='ocrx_word' id='word_1_629' title='bbox 3067 3844 3266 3906; x_wconf 89' lang='lat' dir='ltr'><strong>posset,</strong></span> <span class='ocrx_word' id='word_1_630' title='bbox 3291 3838 3336 3891; x_wconf 90' lang='lat' dir='ltr'><strong>si</strong></span> <span class='ocrx_word' id='word_1_631' title='bbox 3360 3837 3539 3901; x_wconf 87' lang='lat' dir='ltr'><strong>vellet,</strong></span> <span class='ocrx_word' id='word_1_632' title='bbox 3567 3852 3640 3892; x_wconf 89' lang='lat' dir='ltr'><strong>ne</strong></span> <span class='ocrx_word' id='word_1_633' title='bbox 3655 3838 3725 3891; x_wconf 77' lang='lat' dir='ltr'><strong>ab</strong></span> 
     </span>
    </p>
   </div>
   <div class='ocr_carea' id='block_1_85' title="bbox 2132 3908 3717 3997">
    <p class='ocr_par' dir='ltr' id='par_1_85' title="bbox 2132 3908 3717 3997">
     <span class='ocr_line' id='line_1_85' title="bbox 2132 3908 3717 3997; baseline 0.003 -19"><span class='ocrx_word' id='word_1_634' title='bbox 2132 3938 2200 3979; x_wconf 89' lang='lat' dir='ltr'><strong>eo</strong></span> <span class='ocrx_word' id='word_1_635' title='bbox 2232 3908 2537 3980; x_wconf 80' lang='lat' dir='ltr'><strong>recederet!</strong></span> <span class='ocrx_word' id='word_1_636' title='bbox 2574 3925 2675 3991; x_wconf 92' lang='lat' dir='ltr'><strong>Qui</strong></span> <span class='ocrx_word' id='word_1_637' title='bbox 2705 3925 2922 3994; x_wconf 88' lang='lat' dir='ltr'><strong>quidem</strong></span> <span class='ocrx_word' id='word_1_638' title='bbox 2964 3935 3162 3992; x_wconf 89' lang='lat' dir='ltr'><strong>motus,</strong></span> <span class='ocrx_word' id='word_1_639' title='bbox 3201 3927 3246 3982; x_wconf 91' lang='lat' dir='ltr'><strong>si</strong></span> <span class='ocrx_word' id='word_1_640' title='bbox 3277 3928 3329 3982; x_wconf 93' lang='lat' dir='ltr'><strong>in</strong></span> <span class='ocrx_word' id='word_1_641' title='bbox 3357 3930 3578 3997; x_wconf 88' lang='lat' dir='ltr'><strong>propria</strong></span> <span class='ocrx_word' id='word_1_642' title='bbox 3608 3931 3717 3984; x_wconf 85' lang='lat' dir='ltr'><strong>htt-</strong></span> 
     </span>
    </p>
   </div>
   <div class='ocr_carea' id='block_1_86' title="bbox 2135 4016 3727 4090">
    <p class='ocr_par' dir='ltr' id='par_1_86' title="bbox 2135 4016 3727 4090">
     <span class='ocr_line' id='line_1_86' title="bbox 2135 4016 3727 4090; baseline 0.004 -20"><span class='ocrx_word' id='word_1_643' title='bbox 2135 4031 2325 4071; x_wconf 91' lang='lat' dir='ltr'><strong>manae</strong></span> <span class='ocrx_word' id='word_1_644' title='bbox 2355 4016 2645 4071; x_wconf 90' lang='lat' dir='ltr'><strong>voluntatis</strong></span> <span class='ocrx_word' id='word_1_645' title='bbox 2693 4025 2960 4086; x_wconf 84' lang='lat' dir='ltr'><strong>potestate</strong></span> <span class='ocrx_word' id='word_1_646' title='bbox 3019 4033 3125 4073; x_wconf 90' lang='lat' dir='ltr'><strong>non</strong></span> <span class='ocrx_word' id='word_1_647' title='bbox 3176 4019 3351 4084; x_wconf 80' lang='lat' dir='ltr'><strong>ﬁeret,</strong></span> <span class='ocrx_word' id='word_1_648' title='bbox 3395 4021 3518 4090; x_wconf 91' lang='lat' dir='ltr'><strong>quis</strong></span> <span class='ocrx_word' id='word_1_649' title='bbox 3573 4029 3727 4076; x_wconf 85' lang='lat' dir='ltr'><strong>recte</strong></span> 
     </span>
    </p>
   </div>
   <div class='ocr_carea' id='block_1_87' title="bbox 2134 4105 3724 4178">
    <p class='ocr_par' dir='ltr' id='par_1_87' title="bbox 2134 4105 3724 4178">
     <span class='ocr_line' id='line_1_87' title="bbox 2134 4105 3724 4178; baseline 0.006 -20"><span class='ocrx_word' id='word_1_650' title='bbox 2134 4105 2315 4161; x_wconf 75' lang='lat' dir='ltr'><strong>virere</strong></span> <span class='ocrx_word' id='word_1_651' title='bbox 2348 4115 2552 4175; x_wconf 86' lang='lat' dir='ltr'><strong>posset,</strong></span> <span class='ocrx_word' id='word_1_652' title='bbox 2577 4108 2699 4176; x_wconf 90' lang='lat' dir='ltr'><strong>quis</strong></span> <span class='ocrx_word' id='word_1_653' title='bbox 2728 4108 2919 4163; x_wconf 89' lang='lat' dir='ltr'><strong>deinde</strong></span> <span class='ocrx_word' id='word_1_654' title='bbox 2942 4118 3342 4178; x_wconf 81' lang='lat' dir='ltr'><strong>peecaret,cum</strong></span> <span class='ocrx_word' id='word_1_655' title='bbox 3367 4111 3435 4165; x_wconf 88' lang='lat' dir='ltr'><strong>ad</strong></span> <span class='ocrx_word' id='word_1_656' title='bbox 3468 4110 3610 4167; x_wconf 89' lang='lat' dir='ltr'><strong>bene</strong></span> <span class='ocrx_word' id='word_1_657' title='bbox 3641 4113 3724 4167; x_wconf 88' lang='lat' dir='ltr'><strong>vi-</strong></span> 
     </span>
    </p>
   </div>
   <div class='ocr_carea' id='block_1_88' title="bbox 2132 4193 3721 4260">
    <p class='ocr_par' dir='ltr' id='par_1_88' title="bbox 2132 4193 3721 4260">
     <span class='ocr_line' id='line_1_88' title="bbox 2132 4193 3721 4260; baseline 0.007 -15"><span class='ocrx_word' id='word_1_658' title='bbox 2132 4193 2363 4248; x_wconf 89' lang='lat' dir='ltr'><strong>vendum</strong></span> <span class='ocrx_word' id='word_1_659' title='bbox 2380 4209 2410 4247; x_wconf 91' lang='lat' dir='ltr'><strong>a</strong></span> <span class='ocrx_word' id='word_1_660' title='bbox 2427 4193 2537 4249; x_wconf 88' lang='lat' dir='ltr'><strong>Deo</strong></span> <span class='ocrx_word' id='word_1_661' title='bbox 2548 4195 2705 4250; x_wconf 87' lang='lat' dir='ltr'><strong>datus</strong></span> <span class='ocrx_word' id='word_1_662' title='bbox 2716 4196 2805 4260; x_wconf 87' lang='lat' dir='ltr'><strong>sit,</strong></span> <span class='ocrx_word' id='word_1_663' title='bbox 2821 4196 3129 4252; x_wconf 89' lang='lat' dir='ltr'><strong>nullomodo</strong></span> <span class='ocrx_word' id='word_1_664' title='bbox 3143 4198 3210 4253; x_wconf 89' lang='lat' dir='ltr'><strong>ad</strong></span> <span class='ocrx_word' id='word_1_665' title='bbox 3232 4199 3371 4254; x_wconf 87' lang='lat' dir='ltr'><strong>male</strong></span> <span class='ocrx_word' id='word_1_666' title='bbox 3397 4199 3721 4256; x_wconf 78' lang='lat' dir='ltr'><strong>vivendum!</strong></span> 
     </span>
    </p>
   </div>
   <div class='ocr_carea' id='block_1_89' title="bbox 2207 4282 3727 4360">
    <p class='ocr_par' dir='ltr' id='par_1_89' title="bbox 2207 4282 3727 4360">
     <span class='ocr_line' id='line_1_89' title="bbox 2207 4282 3727 4360; baseline 0.006 -23"><span class='ocrx_word' id='word_1_667' title='bbox 2207 4282 2338 4337; x_wconf 82' lang='lat' dir='ltr'><strong>Vlll.</strong></span> <span class='ocrx_word' id='word_1_668' title='bbox 2382 4283 2516 4340; x_wconf 91' lang='lat' dir='ltr'><strong>llinc</strong></span> <span class='ocrx_word' id='word_1_669' title='bbox 2561 4294 2808 4339; x_wconf 88' lang='lat' dir='ltr'><strong>sanctum</strong></span> <span class='ocrx_word' id='word_1_670' title='bbox 2849 4286 3134 4343; x_wconf 87' lang='lat' dir='ltr'><strong>audiamus</strong></span> <span class='ocrx_word' id='word_1_671' title='bbox 3168 4288 3571 4360; x_wconf 82' lang='lat' dir='ltr'><strong>Augustinum:</strong></span> <span class='ocrx_word' id='word_1_672' title='bbox 3612 4311 3630 4342; x_wconf 75' lang='grc' dir='ltr'><strong>ι</strong></span> <span class='ocrx_word' id='word_1_673' title='bbox 3662 4291 3727 4346; x_wconf 92' lang='lat' dir='ltr'><strong>Si</strong></span> 
     </span>
    </p>
   </div>
   <div class='ocr_carea' id='block_1_90' title="bbox 2138 4374 3727 4447">
    <p class='ocr_par' dir='ltr' id='par_1_90' title="bbox 2138 4374 3727 4447">
     <span class='ocr_line' id='line_1_90' title="bbox 2138 4374 3727 4447; baseline 0.004 -18"><span class='ocrx_word' id='word_1_674' title='bbox 2138 4375 2300 4430; x_wconf 90' lang='lat' dir='ltr'><strong>homo</strong></span> <span class='ocrx_word' id='word_1_675' title='bbox 2325 4374 2538 4444; x_wconf 90' lang='lat' dir='ltr'><strong>aliquod</strong></span> <span class='ocrx_word' id='word_1_676' title='bbox 2584 4377 2780 4431; x_wconf 88' lang='lat' dir='ltr'><strong>bonum</strong></span> <span class='ocrx_word' id='word_1_677' title='bbox 2803 4386 2966 4440; x_wconf 90' lang='lat' dir='ltr'><strong>esset,</strong></span> <span class='ocrx_word' id='word_1_678' title='bbox 2996 4387 3053 4432; x_wconf 91' lang='lat' dir='ltr'><strong>et</strong></span> <span class='ocrx_word' id='word_1_679' title='bbox 3077 4394 3181 4433; x_wconf 92' lang='lat' dir='ltr'><strong>non</strong></span> <span class='ocrx_word' id='word_1_680' title='bbox 3222 4389 3425 4447; x_wconf 89' lang='lat' dir='ltr'><strong>posset,</strong></span> <span class='ocrx_word' id='word_1_681' title='bbox 3456 4382 3559 4436; x_wconf 90' lang='lat' dir='ltr'><strong>nisi</strong></span> <span class='ocrx_word' id='word_1_682' title='bbox 3594 4397 3727 4436; x_wconf 89' lang='lat' dir='ltr'><strong>cum</strong></span> 
     </span>
    </p>
   </div>
   <div class='ocr_carea' id='block_1_91' title="bbox 458 4438 3732 4539">
    <p class='ocr_par' dir='ltr' id='par_1_91' title="bbox 458 4438 3732 4539">
     <span class='ocr_line' id='line_1_91' title="bbox 458 4438 3732 4539; baseline -0.001 -12"><span class='ocrx_word' id='word_1_683' title='bbox 458 4438 639 4532; x_wconf 88' lang='lat' dir='ltr'><strong>omne,</strong></span> <span class='ocrx_word' id='word_1_684' title='bbox 668 4438 810 4539; x_wconf 81' lang='lat' dir='ltr'><strong>quod</strong></span> <span class='ocrx_word' id='word_1_685' title='bbox 852 4438 1053 4531; x_wconf 80' lang='lat' dir='ltr'><strong>movet,</strong></span> <span class='ocrx_word' id='word_1_686' title='bbox 1107 4464 1225 4535; x_wconf 87' lang='lat' dir='ltr'><strong>plus</strong></span> <span class='ocrx_word' id='word_1_687' title='bbox 1251 4472 1356 4528; x_wconf 88' lang='lat' dir='ltr'><strong>est,</strong></span> <span class='ocrx_word' id='word_1_688' title='bbox 1404 4438 1737 4533; x_wconf 46' lang='lat' dir='ltr'><strong>quam-quod</strong></span> <span class='ocrx_word' id='word_1_689' title='bbox 1768 4469 2034 4525; x_wconf 90' lang='lat' dir='ltr'><strong>movetur,</strong></span> <span class='ocrx_word' id='word_1_690' title='bbox 2063 4438 2115 4500; x_wconf 79' lang='grc' dir='ltr'><strong>Ῑ)</strong></span> <span class='ocrx_word' id='word_1_691' title='bbox 2144 4463 2322 4528; x_wconf 90' lang='lat' dir='ltr'><strong>vellet,</strong></span> <span class='ocrx_word' id='word_1_692' title='bbox 2352 4438 2497 4518; x_wconf 70' lang='lat' dir='ltr'><strong>recte</strong></span> <span class='ocrx_word' id='word_1_693' title='bbox 2525 4463 2727 4529; x_wconf 79' lang='lat' dir='ltr'><strong>facere,</strong></span> <span class='ocrx_word' id='word_1_694' title='bbox 2773 4438 2960 4520; x_wconf 81' lang='lat' dir='ltr'><strong>debuit</strong></span> <span class='ocrx_word' id='word_1_695' title='bbox 2997 4466 3195 4521; x_wconf 86' lang='lat' dir='ltr'><strong>habere</strong></span> <span class='ocrx_word' id='word_1_696' title='bbox 3220 4438 3446 4522; x_wconf 78' lang='lat' dir='ltr'><strong>liberam</strong></span> <span class='ocrx_word' id='word_1_697' title='bbox 3474 4469 3732 4523; x_wconf 87' lang='lat' dir='ltr'><strong>volunta-</strong></span> 
     </span>
    </p>
   </div>
   <div class='ocr_carea' id='block_1_92' title="bbox 459 4549 2034 4627">
    <p class='ocr_par' dir='ltr' id='par_1_92' title="bbox 459 4549 2034 4627">
     <span class='ocr_line' id='line_1_92' title="bbox 459 4549 2034 4627; baseline -0.008 -10"><span class='ocrx_word' id='word_1_698' title='bbox 459 4559 763 4618; x_wconf 89' lang='lat' dir='ltr'><strong>necessario</strong></span> <span class='ocrx_word' id='word_1_699' title='bbox 777 4557 978 4627; x_wconf 81' lang='lat' dir='ltr'><strong>majora</strong></span> <span class='ocrx_word' id='word_1_700' title='bbox 1003 4554 1334 4610; x_wconf 82' lang='lat' dir='ltr'><strong>minoribus&#39;I</strong></span> <span class='ocrx_word' id='word_1_701' title='bbox 1364 4553 1569 4609; x_wconf 89' lang='lat' dir='ltr'><strong>moveri</strong></span> <span class='ocrx_word' id='word_1_702' title='bbox 1597 4567 1701 4607; x_wconf 94' lang='lat' dir='ltr'><strong>non</strong></span> <span class='ocrx_word' id='word_1_703' title='bbox 1720 4552 1923 4607; x_wconf 90' lang='lat' dir='ltr'><strong>sinunt.</strong></span> <span class='ocrx_word' id='word_1_704' title='bbox 1949 4549 2034 4605; x_wconf 86' lang='lat' dir='ltr'><strong>Si-</strong></span> 
     </span>
    </p>
   </div>
   <div class='ocr_carea' id='block_1_93' title="bbox 462 4639 2033 4715">
    <p class='ocr_par' dir='ltr' id='par_1_93' title="bbox 462 4639 2033 4715">
     <span class='ocr_line' id='line_1_93' title="bbox 462 4639 2033 4715; baseline -0.005 -11"><span class='ocrx_word' id='word_1_705' title='bbox 462 4650 571 4704; x_wconf 88' lang='lat' dir='ltr'><strong>mili</strong></span> <span class='ocrx_word' id='word_1_706' title='bbox 596 4648 803 4703; x_wconf 90' lang='lat' dir='ltr'><strong>ratione</strong></span> <span class='ocrx_word' id='word_1_707' title='bbox 827 4646 980 4715; x_wconf 85' lang='lat' dir='ltr'><strong>paria</strong></span> <span class='ocrx_word' id='word_1_708' title='bbox 1014 4659 1119 4699; x_wconf 93' lang='lat' dir='ltr'><strong>non</strong></span> <span class='ocrx_word' id='word_1_709' title='bbox 1153 4651 1381 4714; x_wconf 89' lang='lat' dir='ltr'><strong>possunt</strong></span> <span class='ocrx_word' id='word_1_710' title='bbox 1410 4642 1563 4713; x_wconf 89' lang='lat' dir='ltr'><strong>paria</strong></span> <span class='ocrx_word' id='word_1_711' title='bbox 1604 4656 1853 4707; x_wconf 88' lang='lat' dir='ltr'><strong>movere;</strong></span> <span class='ocrx_word' id='word_1_712' title='bbox 1898 4639 2033 4696; x_wconf 90' lang='lat' dir='ltr'><strong>alio-</strong></span> 
     </span>
    </p>
   </div>
   <div class='ocr_carea' id='block_1_94' title="bbox 457 4732 2036 4811">
    <p class='ocr_par' dir='ltr' id='par_1_94' title="bbox 457 4732 2036 4811">
     <span class='ocr_line' id='line_1_94' title="bbox 457 4732 2036 4811; baseline -0.005 -17"><span class='ocrx_word' id='word_1_713' title='bbox 457 4740 589 4811; x_wconf 92' lang='lat' dir='ltr'><strong>quin</strong></span> <span class='ocrx_word' id='word_1_714' title='bbox 617 4752 723 4793; x_wconf 91' lang='lat' dir='ltr'><strong>non</strong></span> <span class='ocrx_word' id='word_1_715' title='bbox 767 4743 926 4791; x_wconf 90' lang='lat' dir='ltr'><strong>erunt</strong></span> <span class='ocrx_word' id='word_1_716' title='bbox 950 4735 1099 4805; x_wconf 90' lang='lat' dir='ltr'><strong>paria</strong></span> <span class='ocrx_word' id='word_1_717' title='bbox 1126 4733 1463 4789; x_wconf 89' lang='lat' dir='ltr'><strong>moventibus</strong></span> <span class='ocrx_word' id='word_1_718' title='bbox 1490 4740 1670 4798; x_wconf 69' lang='lat' dir='ltr'><strong>mota:</strong></span> <span class='ocrx_word' id='word_1_719' title='bbox 1712 4747 1777 4787; x_wconf 91' lang='lat' dir='ltr'><strong>ac</strong></span> <span class='ocrx_word' id='word_1_720' title='bbox 1805 4746 1902 4802; x_wconf 89' lang='lat' dir='ltr'><strong>per</strong></span> <span class='ocrx_word' id='word_1_721' title='bbox 1933 4732 2036 4787; x_wconf 92' lang='lat' dir='ltr'><strong>hoc</strong></span> 
     </span>
    </p>
   </div>
   <div class='ocr_carea' id='block_1_95' title="bbox 464 4821 2031 4897">
    <p class='ocr_par' dir='ltr' id='par_1_95' title="bbox 464 4821 2031 4897">
     <span class='ocr_line' id='line_1_95' title="bbox 464 4821 2031 4897; baseline -0.004 -14"><span class='ocrx_word' id='word_1_722' title='bbox 464 4830 671 4886; x_wconf 72' lang='lat' dir='ltr'><strong>l’ortiori</strong></span> <span class='ocrx_word' id='word_1_723' title='bbox 716 4826 741 4859; x_wconf 80' lang='lat'><strong><em>‘</em></strong></span> <span class='ocrx_word' id='word_1_724' title='bbox 771 4842 830 4882; x_wconf 88' lang='lat' dir='ltr'><strong>se</strong></span> <span class='ocrx_word' id='word_1_725' title='bbox 871 4840 1044 4881; x_wconf 86' lang='lat' dir='ltr'><strong>causa</strong></span> <span class='ocrx_word' id='word_1_726' title='bbox 1084 4833 1370 4878; x_wconf 87' lang='lat' dir='ltr'><strong>moventur</strong></span> <span class='ocrx_word' id='word_1_727' title='bbox 1413 4822 1585 4893; x_wconf 90' lang='lat' dir='ltr'><strong>paria.</strong></span> <span class='ocrx_word' id='word_1_728' title='bbox 1641 4821 1829 4897; x_wconf 80' lang='lat' dir='ltr'><strong>Restat</strong></span> <span class='ocrx_word' id='word_1_729' title='bbox 1857 4823 2031 4893; x_wconf 90' lang='lat' dir='ltr'><strong>plane,</strong></span> 
     </span>
    </p>
   </div>
   <div class='ocr_carea' id='block_1_96' title="bbox 460 4913 2035 4984">
    <p class='ocr_par' dir='ltr' id='par_1_96' title="bbox 460 4913 2035 4984">
     <span class='ocr_line' id='line_1_96' title="bbox 460 4913 2035 4984; baseline -0.006 -6"><span class='ocrx_word' id='word_1_730' title='bbox 460 4925 751 4979; x_wconf 87' lang='lat' dir='ltr'><strong>lmmanam</strong></span> <span class='ocrx_word' id='word_1_731' title='bbox 788 4917 1120 4973; x_wconf 82' lang='lat' dir='ltr'><strong>voluntatem</strong></span> <span class='ocrx_word' id='word_1_732' title='bbox 1148 4923 1241 4968; x_wconf 91' lang='lat' dir='ltr'><strong>aut</strong></span> <span class='ocrx_word' id='word_1_733' title='bbox 1289 4929 1318 4967; x_wconf 91' lang='lat' dir='ltr'><strong>a</strong></span> <span class='ocrx_word' id='word_1_734' title='bbox 1359 4928 1417 4969; x_wconf 90' lang='lat' dir='ltr'><strong>se</strong></span> <span class='ocrx_word' id='word_1_735' title='bbox 1445 4914 1559 4984; x_wconf 86' lang='lat' dir='ltr'><strong>ipsa</strong></span> <span class='ocrx_word' id='word_1_736' title='bbox 1594 4913 1821 4979; x_wconf 91' lang='lat' dir='ltr'><strong>moveri,</strong></span> <span class='ocrx_word' id='word_1_737' title='bbox 1849 4922 1941 4967; x_wconf 91' lang='lat' dir='ltr'><strong>aut</strong></span> <span class='ocrx_word' id='word_1_738' title='bbox 1967 4913 2035 4969; x_wconf 91' lang='lat' dir='ltr'><strong>ab</strong></span> 
     </span>
    </p>
   </div>
   <div class='ocr_carea' id='block_1_97' title="bbox 460 5002 2034 5080">
    <p class='ocr_par' dir='ltr' id='par_1_97' title="bbox 460 5002 2034 5080">
     <span class='ocr_line' id='line_1_97' title="bbox 460 5002 2034 5080; baseline -0.006 -13"><span class='ocrx_word' id='word_1_739' title='bbox 460 5028 544 5076; x_wconf 84' lang='lat' dir='ltr'><strong>ea,</strong></span> <span class='ocrx_word' id='word_1_740' title='bbox 562 5024 701 5080; x_wconf 88' lang='lat' dir='ltr'><strong>quae</strong></span> <span class='ocrx_word' id='word_1_741' title='bbox 728 5023 849 5063; x_wconf 88' lang='lat' dir='ltr'><strong>eam</strong></span> <span class='ocrx_word' id='word_1_742' title='bbox 876 5005 1133 5061; x_wconf 90' lang='lat' dir='ltr'><strong>condidit.</strong></span> <span class='ocrx_word' id='word_1_743' title='bbox 1162 5002 1325 5071; x_wconf 89' lang='lat' dir='ltr'><strong>Quid,</strong></span> <span class='ocrx_word' id='word_1_744' title='bbox 1348 5019 1470 5058; x_wconf 91' lang='lat' dir='ltr'><strong>cum</strong></span> <span class='ocrx_word' id='word_1_745' title='bbox 1489 5018 1520 5058; x_wconf 91' lang='lat' dir='ltr'><strong>a</strong></span> <span class='ocrx_word' id='word_1_746' title='bbox 1548 5017 1606 5059; x_wconf 90' lang='lat' dir='ltr'><strong>se</strong></span> <span class='ocrx_word' id='word_1_747' title='bbox 1627 5004 1737 5074; x_wconf 87' lang='lat' dir='ltr'><strong>ipsa</strong></span> <span class='ocrx_word' id='word_1_748' title='bbox 1768 5013 2034 5069; x_wconf 90' lang='lat' dir='ltr'><strong>movetur,</strong></span> 
     </span>
    </p>
   </div>
   <div class='ocr_carea' id='block_1_98' title="bbox 458 5092 2036 5173">
    <p class='ocr_par' dir='ltr' id='par_1_98' title="bbox 458 5092 2036 5173">
     <span class='ocr_line' id='line_1_98' title="bbox 458 5092 2036 5173; baseline -0.005 -16"><span class='ocrx_word' id='word_1_749' title='bbox 458 5109 707 5173; x_wconf 88' lang='lat' dir='ltr'><strong>potestne</strong></span> <span class='ocrx_word' id='word_1_750' title='bbox 747 5108 804 5154; x_wconf 93' lang='lat' dir='ltr'><strong>et</strong></span> <span class='ocrx_word' id='word_1_751' title='bbox 858 5104 1004 5152; x_wconf 87' lang='lat' dir='ltr'><strong>recte</strong></span> <span class='ocrx_word' id='word_1_752' title='bbox 1055 5104 1110 5149; x_wconf 91' lang='lat' dir='ltr'><strong>et</strong></span> <span class='ocrx_word' id='word_1_753' title='bbox 1143 5108 1396 5165; x_wconf 87' lang='lat' dir='ltr'><strong>perverse</strong></span> <span class='ocrx_word' id='word_1_754' title='bbox 1419 5094 1440 5125; x_wconf 88' lang='lat'><strong>&quot;</strong></span> <span class='ocrx_word' id='word_1_755' title='bbox 1469 5094 1709 5149; x_wconf 91' lang='lat' dir='ltr'><strong>moveri?</strong></span> <span class='ocrx_word' id='word_1_756' title='bbox 1738 5092 2036 5164; x_wconf 86' lang='lat' dir='ltr'><strong>Utrumque</strong></span> 
     </span>
    </p>
   </div>
   <div class='ocr_carea' id='block_1_99' title="bbox 458 5185 2034 5266">
    <p class='ocr_par' dir='ltr' id='par_1_99' title="bbox 458 5185 2034 5266">
     <span class='ocr_line' id='line_1_99' title="bbox 458 5185 2034 5266; baseline -0.006 -17"><span class='ocrx_word' id='word_1_757' title='bbox 458 5201 659 5266; x_wconf 82' lang='lat' dir='ltr'><strong>potest,</strong></span> <span class='ocrx_word' id='word_1_758' title='bbox 691 5202 750 5247; x_wconf 90' lang='lat' dir='ltr'><strong>ut</strong></span> <span class='ocrx_word' id='word_1_759' title='bbox 778 5190 923 5255; x_wconf 90' lang='lat' dir='ltr'><strong>velit,</strong></span> <span class='ocrx_word' id='word_1_760' title='bbox 953 5188 1080 5257; x_wconf 91' lang='lat' dir='ltr'><strong>quia</strong></span> <span class='ocrx_word' id='word_1_761' title='bbox 1110 5187 1339 5241; x_wconf 89' lang='lat' dir='ltr'><strong>liberum</strong></span> <span class='ocrx_word' id='word_1_762' title='bbox 1392 5185 1556 5241; x_wconf 90' lang='lat' dir='ltr'><strong>habet</strong></span> <span class='ocrx_word' id='word_1_763' title='bbox 1597 5195 1824 5241; x_wconf 91' lang='lat' dir='ltr'><strong>motum.</strong></span> <span class='ocrx_word' id='word_1_764' title='bbox 1875 5186 2034 5253; x_wconf 87' lang='lat' dir='ltr'><strong>Quid,</strong></span> 
     </span>
    </p>
   </div>
   <div class='ocr_carea' id='block_1_100' title="bbox 458 5278 2036 5349">
    <p class='ocr_par' dir='ltr' id='par_1_100' title="bbox 458 5278 2036 5349">
     <span class='ocr_line' id='line_1_100' title="bbox 458 5278 2036 5349; baseline -0.009 -4"><span class='ocrx_word' id='word_1_765' title='bbox 458 5290 503 5345; x_wconf 67' lang='lat' dir='ltr'><strong>si</strong></span> <span class='ocrx_word' id='word_1_766' title='bbox 547 5288 615 5344; x_wconf 86' lang='lat' dir='ltr'><strong>ab</strong></span> <span class='ocrx_word' id='word_1_767' title='bbox 640 5302 703 5343; x_wconf 90' lang='lat' dir='ltr'><strong>ea</strong></span> <span class='ocrx_word' id='word_1_768' title='bbox 725 5290 1024 5345; x_wconf 89' lang='lat' dir='ltr'><strong>moveatur,</strong></span> <span class='ocrx_word' id='word_1_769' title='bbox 1071 5294 1210 5349; x_wconf 91' lang='lat' dir='ltr'><strong>quae</strong></span> <span class='ocrx_word' id='word_1_770' title='bbox 1254 5293 1376 5334; x_wconf 91' lang='lat' dir='ltr'><strong>eam</strong></span> <span class='ocrx_word' id='word_1_771' title='bbox 1402 5279 1626 5345; x_wconf 88' lang='lat' dir='ltr'><strong>creavit,</strong></span> <span class='ocrx_word' id='word_1_772' title='bbox 1678 5278 1802 5334; x_wconf 92' lang='lat' dir='ltr'><strong>inde</strong></span> <span class='ocrx_word' id='word_1_773' title='bbox 1828 5288 2036 5333; x_wconf 88' lang='lat' dir='ltr'><strong>rectum</strong></span> 
     </span>
    </p>
   </div>
   <div class='ocr_carea' id='block_1_101' title="bbox 2142 4554 3727 4627">
    <p class='ocr_par' dir='ltr' id='par_1_101' title="bbox 2142 4554 3727 4627">
     <span class='ocr_line' id='line_1_101' title="bbox 2142 4554 3727 4627; baseline 0.004 -19"><span class='ocrx_word' id='word_1_774' title='bbox 2142 4565 2273 4620; x_wconf 90' lang='lat' dir='ltr'><strong>tem,</strong></span> <span class='ocrx_word' id='word_1_775' title='bbox 2306 4554 2422 4609; x_wconf 90' lang='lat' dir='ltr'><strong>sine</strong></span> <span class='ocrx_word' id='word_1_776' title='bbox 2462 4569 2567 4623; x_wconf 91' lang='lat' dir='ltr'><strong>qua</strong></span> <span class='ocrx_word' id='word_1_777' title='bbox 2615 4563 2760 4610; x_wconf 89' lang='lat' dir='ltr'><strong>recte</strong></span> <span class='ocrx_word' id='word_1_778' title='bbox 2798 4554 2978 4611; x_wconf 78' lang='lat' dir='ltr'><strong>facere</strong></span> <span class='ocrx_word' id='word_1_779' title='bbox 3002 4572 3108 4611; x_wconf 92' lang='lat' dir='ltr'><strong>non</strong></span> <span class='ocrx_word' id='word_1_780' title='bbox 3136 4568 3337 4627; x_wconf 85' lang='lat' dir='ltr'><strong>posset.</strong></span> <span class='ocrx_word' id='word_1_781' title='bbox 3385 4558 3503 4613; x_wconf 85' lang='lat' dir='ltr'><strong>Non</strong></span> <span class='ocrx_word' id='word_1_782' title='bbox 3547 4562 3727 4625; x_wconf 87' lang='lat' dir='ltr'><strong>enim,</strong></span> 
     </span>
    </p>
   </div>
   <div class='ocr_carea' id='block_1_102' title="bbox 2138 4643 3728 4715">
    <p class='ocr_par' dir='ltr' id='par_1_102' title="bbox 2138 4643 3728 4715">
     <span class='ocr_line' id='line_1_102' title="bbox 2138 4643 3728 4715; baseline 0.006 -18"><span class='ocrx_word' id='word_1_783' title='bbox 2138 4644 2262 4714; x_wconf 92' lang='lat' dir='ltr'><strong>quia</strong></span> <span class='ocrx_word' id='word_1_784' title='bbox 2316 4659 2412 4713; x_wconf 91' lang='lat' dir='ltr'><strong>per</strong></span> <span class='ocrx_word' id='word_1_785' title='bbox 2460 4643 2604 4698; x_wconf 86' lang='lat' dir='ltr'><strong>illam</strong></span> <span class='ocrx_word' id='word_1_786' title='bbox 2651 4646 2812 4699; x_wconf 85' lang='lat' dir='ltr'><strong>etiam</strong></span> <span class='ocrx_word' id='word_1_787' title='bbox 2846 4656 3120 4715; x_wconf 88' lang='lat' dir='ltr'><strong>peccatur,</strong></span> <span class='ocrx_word' id='word_1_788' title='bbox 3151 4649 3220 4701; x_wconf 86' lang='lat' dir='ltr'><strong>ad</strong></span> <span class='ocrx_word' id='word_1_789' title='bbox 3248 4648 3350 4703; x_wconf 88' lang='lat' dir='ltr'><strong>hoc</strong></span> <span class='ocrx_word' id='word_1_790' title='bbox 3385 4664 3506 4703; x_wconf 89' lang='lat' dir='ltr'><strong>eam</strong></span> <span class='ocrx_word' id='word_1_791' title='bbox 3548 4649 3728 4706; x_wconf 88' lang='lat' dir='ltr'><strong>Deum</strong></span> 
     </span>
    </p>
   </div>
   <div class='ocr_carea' id='block_1_103' title="bbox 2139 4733 3735 4804">
    <p class='ocr_par' dir='ltr' id='par_1_103' title="bbox 2139 4733 3735 4804">
     <span class='ocr_line' id='line_1_103' title="bbox 2139 4733 3735 4804; baseline 0.004 -16"><span class='ocrx_word' id='word_1_792' title='bbox 2139 4734 2352 4789; x_wconf 89' lang='lat' dir='ltr'><strong>dedisse</strong></span> <span class='ocrx_word' id='word_1_793' title='bbox 2379 4733 2702 4789; x_wconf 88' lang='lat' dir='ltr'><strong>credendum</strong></span> <span class='ocrx_word' id='word_1_794' title='bbox 2733 4745 2835 4790; x_wconf 90' lang='lat' dir='ltr'><strong>est.</strong></span> <span class='ocrx_word' id='word_1_795' title='bbox 2875 4734 3020 4790; x_wconf 90' lang='lat' dir='ltr'><strong>Satis</strong></span> <span class='ocrx_word' id='word_1_796' title='bbox 3063 4750 3193 4804; x_wconf 81' lang='lat' dir='ltr'><strong>ergo</strong></span> <span class='ocrx_word' id='word_1_797' title='bbox 3228 4753 3427 4793; x_wconf 89' lang='lat' dir='ltr'><strong>causae</strong></span> <span class='ocrx_word' id='word_1_798' title='bbox 3471 4746 3577 4803; x_wconf 89' lang='lat' dir='ltr'><strong>est,</strong></span> <span class='ocrx_word' id='word_1_799' title='bbox 3624 4755 3735 4794; x_wconf 89' lang='lat' dir='ltr'><strong>cur</strong></span> 
     </span>
    </p>
   </div>
   <div class='ocr_carea' id='block_1_104' title="bbox 2138 4829 3732 4901">
    <p class='ocr_par' dir='ltr' id='par_1_104' title="bbox 2138 4829 3732 4901">
     <span class='ocr_line' id='line_1_104' title="bbox 2138 4829 3732 4901; baseline 0.003 -18"><span class='ocrx_word' id='word_1_800' title='bbox 2138 4829 2254 4884; x_wconf 90' lang='lat' dir='ltr'><strong>dari</strong></span> <span class='ocrx_word' id='word_1_801' title='bbox 2281 4829 2546 4892; x_wconf 88' lang='lat' dir='ltr'><strong>debuerit,</strong></span> <span class='ocrx_word' id='word_1_802' title='bbox 2568 4829 2821 4898; x_wconf 87' lang='lat' dir='ltr'><strong>quoniam</strong></span> <span class='ocrx_word' id='word_1_803' title='bbox 2846 4829 2962 4883; x_wconf 89' lang='lat' dir='ltr'><strong>sine</strong></span> <span class='ocrx_word' id='word_1_804' title='bbox 2985 4829 3072 4884; x_wconf 90' lang='lat' dir='ltr'><strong>illa</strong></span> <span class='ocrx_word' id='word_1_805' title='bbox 3101 4830 3259 4885; x_wconf 86' lang='lat' dir='ltr'><strong>homo</strong></span> <span class='ocrx_word' id='word_1_806' title='bbox 3286 4842 3433 4888; x_wconf 85' lang='lat' dir='ltr'><strong>recte</strong></span> <span class='ocrx_word' id='word_1_807' title='bbox 3454 4847 3561 4886; x_wconf 92' lang='lat' dir='ltr'><strong>non</strong></span> <span class='ocrx_word' id='word_1_808' title='bbox 3598 4847 3732 4901; x_wconf 86' lang='lat' dir='ltr'><strong>pos-</strong></span> 
     </span>
    </p>
   </div>
   <div class='ocr_carea' id='block_1_105' title="bbox 2137 4919 3733 4991">
    <p class='ocr_par' dir='ltr' id='par_1_105' title="bbox 2137 4919 3733 4991">
     <span class='ocr_line' id='line_1_105' title="bbox 2137 4919 3733 4991; baseline 0.003 -18"><span class='ocrx_word' id='word_1_809' title='bbox 2137 4928 2219 4974; x_wconf 77' lang='lat' dir='ltr'><strong>set</strong></span> <span class='ocrx_word' id='word_1_810' title='bbox 2244 4919 2447 4974; x_wconf 86' lang='lat' dir='ltr'><strong>vivere.</strong></span> <span class='ocrx_word' id='word_1_811' title='bbox 2483 4920 2565 4975; x_wconf 87' lang='lat' dir='ltr'><strong>Ad</strong></span> <span class='ocrx_word' id='word_1_812' title='bbox 2595 4921 2699 4975; x_wconf 90' lang='lat' dir='ltr'><strong>hoc</strong></span> <span class='ocrx_word' id='word_1_813' title='bbox 2736 4929 2919 4974; x_wconf 91' lang='lat' dir='ltr'><strong>autem</strong></span> <span class='ocrx_word' id='word_1_814' title='bbox 2966 4920 3145 4975; x_wconf 89' lang='lat' dir='ltr'><strong>datam</strong></span> <span class='ocrx_word' id='word_1_815' title='bbox 3193 4921 3279 4975; x_wconf 91' lang='lat' dir='ltr'><strong>vel</strong></span> <span class='ocrx_word' id='word_1_816' title='bbox 3336 4922 3461 4975; x_wconf 91' lang='lat' dir='ltr'><strong>hinc</strong></span> <span class='ocrx_word' id='word_1_817' title='bbox 3492 4922 3733 4991; x_wconf 74' lang='lat' dir='ltr'><strong>intelligi</strong></span> 
     </span>
    </p>
   </div>
   <div class='ocr_carea' id='block_1_106' title="bbox 2134 5008 3736 5080">
    <p class='ocr_par' dir='ltr' id='par_1_106' title="bbox 2134 5008 3736 5080">
     <span class='ocr_line' id='line_1_106' title="bbox 2134 5008 3736 5080; baseline 0.003 -18"><span class='ocrx_word' id='word_1_818' title='bbox 2134 5017 2333 5080; x_wconf 86' lang='lat' dir='ltr'><strong>potest,</strong></span> <span class='ocrx_word' id='word_1_819' title='bbox 2361 5010 2509 5079; x_wconf 90' lang='lat' dir='ltr'><strong>quia,</strong></span> <span class='ocrx_word' id='word_1_820' title='bbox 2533 5010 2577 5064; x_wconf 92' lang='lat' dir='ltr'><strong>si</strong></span> <span class='ocrx_word' id='word_1_821' title='bbox 2606 5010 2727 5079; x_wconf 92' lang='lat' dir='ltr'><strong>quis</strong></span> <span class='ocrx_word' id='word_1_822' title='bbox 2748 5023 2810 5063; x_wconf 91' lang='lat' dir='ltr'><strong>ea</strong></span> <span class='ocrx_word' id='word_1_823' title='bbox 2833 5024 2964 5063; x_wconf 91' lang='lat' dir='ltr'><strong>usus</strong></span> <span class='ocrx_word' id='word_1_824' title='bbox 2985 5008 3146 5065; x_wconf 79' lang='lat' dir='ltr'><strong>fuerit</strong></span> <span class='ocrx_word' id='word_1_825' title='bbox 3164 5010 3231 5064; x_wconf 90' lang='lat' dir='ltr'><strong>ad</strong></span> <span class='ocrx_word' id='word_1_826' title='bbox 3253 5012 3613 5080; x_wconf 85' lang='lat' dir='ltr'><strong>peceandum,</strong></span> <span class='ocrx_word' id='word_1_827' title='bbox 3640 5012 3736 5067; x_wconf 77' lang='lat' dir='ltr'><strong>di-</strong></span> 
     </span>
    </p>
   </div>
   <div class='ocr_carea' id='block_1_107' title="bbox 2136 5098 3733 5169">
    <p class='ocr_par' dir='ltr' id='par_1_107' title="bbox 2136 5098 3733 5169">
     <span class='ocr_line' id='line_1_107' title="bbox 2136 5098 3733 5169; baseline 0.003 -17"><span class='ocrx_word' id='word_1_828' title='bbox 2136 5099 2337 5154; x_wconf 90' lang='lat' dir='ltr'><strong>vinitus</strong></span> <span class='ocrx_word' id='word_1_829' title='bbox 2368 5099 2420 5153; x_wconf 91' lang='lat' dir='ltr'><strong>in</strong></span> <span class='ocrx_word' id='word_1_830' title='bbox 2448 5114 2571 5153; x_wconf 89' lang='lat' dir='ltr'><strong>eum</strong></span> <span class='ocrx_word' id='word_1_831' title='bbox 2602 5098 2926 5163; x_wconf 88' lang='lat' dir='ltr'><strong>vindicatur,</strong></span> <span class='ocrx_word' id='word_1_832' title='bbox 2970 5098 3114 5168; x_wconf 90' lang='lat' dir='ltr'><strong>quod</strong></span> <span class='ocrx_word' id='word_1_833' title='bbox 3139 5114 3245 5154; x_wconf 89' lang='lat' dir='ltr'><strong>non</strong></span> <span class='ocrx_word' id='word_1_834' title='bbox 3266 5100 3412 5169; x_wconf 90' lang='lat' dir='ltr'><strong>juste</strong></span> <span class='ocrx_word' id='word_1_835' title='bbox 3453 5100 3638 5166; x_wconf 87' lang='lat' dir='ltr'><strong>lieret,</strong></span> <span class='ocrx_word' id='word_1_836' title='bbox 3680 5103 3733 5158; x_wconf 88' lang='lat' dir='ltr'><strong>si</strong></span> 
     </span>
    </p>
   </div>
   <div class='ocr_carea' id='block_1_108' title="bbox 2140 5187 3736 5259">
    <p class='ocr_par' dir='ltr' id='par_1_108' title="bbox 2140 5187 3736 5259">
     <span class='ocr_line' id='line_1_108' title="bbox 2140 5187 3736 5259; baseline 0.004 -18"><span class='ocrx_word' id='word_1_837' title='bbox 2140 5203 2245 5241; x_wconf 94' lang='lat' dir='ltr'><strong>non</strong></span> <span class='ocrx_word' id='word_1_838' title='bbox 2271 5187 2463 5249; x_wconf 86' lang='lat' dir='ltr'><strong>solum,</strong></span> <span class='ocrx_word' id='word_1_839' title='bbox 2496 5197 2558 5242; x_wconf 93' lang='lat' dir='ltr'><strong>ut</strong></span> <span class='ocrx_word' id='word_1_840' title='bbox 2581 5197 2729 5242; x_wconf 89' lang='lat' dir='ltr'><strong>recte</strong></span> <span class='ocrx_word' id='word_1_841' title='bbox 2758 5187 3047 5255; x_wconf 89' lang='lat' dir='ltr'><strong>viveretur,</strong></span> <span class='ocrx_word' id='word_1_842' title='bbox 3083 5189 3178 5244; x_wconf 89' lang='lat' dir='ltr'><strong>sed</strong></span> <span class='ocrx_word' id='word_1_843' title='bbox 3201 5190 3387 5255; x_wconf 90' lang='lat' dir='ltr'><strong>etiam,</strong></span> <span class='ocrx_word' id='word_1_844' title='bbox 3411 5199 3473 5244; x_wconf 89' lang='lat' dir='ltr'><strong>ut</strong></span> <span class='ocrx_word' id='word_1_845' title='bbox 3519 5205 3736 5259; x_wconf 74' lang='lat' dir='ltr'><strong>pecca-</strong></span> 
     </span>
    </p>
   </div>
   <div class='ocr_carea' id='block_1_109' title="bbox 2140 5277 3735 5346">
    <p class='ocr_par' dir='ltr' id='par_1_109' title="bbox 2140 5277 3735 5346">
     <span class='ocr_line' id='line_1_109' title="bbox 2140 5277 3735 5346; baseline 0.003 -15"><span class='ocrx_word' id='word_1_846' title='bbox 2140 5286 2312 5343; x_wconf 89' lang='lat' dir='ltr'><strong>retur,</strong></span> <span class='ocrx_word' id='word_1_847' title='bbox 2341 5277 2508 5333; x_wconf 91' lang='lat' dir='ltr'><strong>libera</strong></span> <span class='ocrx_word' id='word_1_848' title='bbox 2557 5286 2701 5334; x_wconf 89' lang='lat' dir='ltr'><strong>esset</strong></span> <span class='ocrx_word' id='word_1_849' title='bbox 2751 5277 3002 5333; x_wconf 88' lang='lat' dir='ltr'><strong>voluntas</strong></span> <span class='ocrx_word' id='word_1_850' title='bbox 3048 5278 3193 5334; x_wconf 90' lang='lat' dir='ltr'><strong>data.</strong></span> <span class='ocrx_word' id='word_1_851' title='bbox 3250 5278 3530 5346; x_wconf 86' lang='lat' dir='ltr'><strong>Quomodo</strong></span> <span class='ocrx_word' id='word_1_852' title='bbox 3572 5281 3735 5335; x_wconf 87' lang='lat' dir='ltr'><strong>enim</strong></span> 
     </span>
    </p>
   </div>
   <div class='ocr_carea' id='block_1_110' title="bbox 1736 5389 2422 5447">
    <p class='ocr_par' dir='ltr' id='par_1_110' title="bbox 1736 5389 2422 5447">
     <span class='ocr_line' id='line_1_110' title="bbox 1736 5389 2422 5447; baseline -0.003 -1"><span class='ocrx_word' id='word_1_853' title='bbox 1736 5389 1989 5446; x_wconf 83' lang='lat' dir='ltr'><strong>VARIAE</strong></span> <span class='ocrx_word' id='word_1_854' title='bbox 2025 5389 2422 5447; x_wconf 73' lang='lat' dir='ltr'><strong>LECTIONES.</strong></span> 
     </span>
    </p>
   </div>
   <div class='ocr_carea' id='block_1_111' title="bbox 534 5479 2071 5550">
    <p class='ocr_par' dir='ltr' id='par_1_111' title="bbox 534 5479 2071 5550">
     <span class='ocr_line' id='line_1_111' title="bbox 534 5479 2071 5550; baseline -0.008 -4"><span class='ocrx_word' id='word_1_855' title='bbox 534 5493 550 5523; x_wconf 80' lang='grc'>⁸</span> <span class='ocrx_word' id='word_1_856' title='bbox 591 5506 709 5545; x_wconf 77' lang='lat' dir='ltr'><strong>cum</strong></span> <span class='ocrx_word' id='word_1_857' title='bbox 748 5504 856 5545; x_wconf 90' lang='lat' dir='ltr'><strong>om.</strong></span> <span class='ocrx_word' id='word_1_858' title='bbox 894 5485 1037 5550; x_wconf 85' lang='lat' dir='ltr'><strong>cod.,</strong></span> <span class='ocrx_word' id='word_1_859' title='bbox 1083 5484 1205 5538; x_wconf 88' lang='lat' dir='ltr'><strong>add.</strong></span> <span class='ocrx_word' id='word_1_860' title='bbox 1244 5499 1311 5538; x_wconf 82' lang='lat' dir='ltr'><strong>ex</strong></span> <span class='ocrx_word' id='word_1_861' title='bbox 1338 5481 1478 5548; x_wconf 86' lang='lat' dir='ltr'><strong>conj.</strong></span> <span class='ocrx_word' id='word_1_862' title='bbox 1556 5481 1576 5511; x_wconf 83' lang='lat'>&#39;</span> <span class='ocrx_word' id='word_1_863' title='bbox 1611 5479 2071 5550; x_wconf 66' lang='lat' dir='ltr'><strong>Cod._concesum.</strong></span> 
     </span>
    </p>
   </div>
   <div class='ocr_carea' id='block_1_112' title="bbox 464 5548 2065 5625">
    <p class='ocr_par' dir='ltr' id='par_1_112' title="bbox 464 5548 2065 5625">
     <span class='ocr_line' id='line_1_112' title="bbox 464 5548 2065 5625; baseline -0.007 -10"><span class='ocrx_word' id='word_1_864' title='bbox 464 5563 485 5592; x_wconf 88' lang='lat'><strong>&#39;</strong></span> <span class='ocrx_word' id='word_1_865' title='bbox 525 5562 615 5616; x_wconf 74' lang='lat' dir='ltr'><strong>Sic</strong></span> <span class='ocrx_word' id='word_1_866' title='bbox 660 5560 804 5625; x_wconf 90' lang='lat' dir='ltr'><strong>cod.,</strong></span> <span class='ocrx_word' id='word_1_867' title='bbox 832 5556 902 5611; x_wconf 90' lang='grc' dir='ltr'><strong>Μ.</strong></span> <span class='ocrx_word' id='word_1_868' title='bbox 936 5575 966 5609; x_wconf 89' lang='lat' dir='ltr'><strong>a</strong></span> <span class='ocrx_word' id='word_1_869' title='bbox 992 5548 1311 5609; x_wconf 87' lang='lat' dir='ltr'><strong>minoribus.</strong></span> <span class='ocrx_word' id='word_1_870' title='bbox 1386 5552 1408 5583; x_wconf 79' lang='grc'>⁸</span> <span class='ocrx_word' id='word_1_871' title='bbox 1444 5548 2065 5625; x_wconf 65' lang='lat' dir='ltr'><strong>Sic_cod.,_M._[ortiore.</strong></span> 
     </span>
    </p>
   </div>
   <div class='ocr_carea' id='block_1_113' title="bbox 464 5625 1363 5686">
    <p class='ocr_par' dir='ltr' id='par_1_113' title="bbox 464 5625 1363 5686">
     <span class='ocr_line' id='line_1_113' title="bbox 464 5625 1363 5686; baseline -0.01 -1"><span class='ocrx_word' id='word_1_872' title='bbox 464 5631 803 5686; x_wconf 66' lang='lat' dir='ltr'><strong>voluntariae.</strong></span> <span class='ocrx_word' id='word_1_873' title='bbox 882 5627 923 5657; x_wconf 84' lang='grc'><strong>¹⁰</strong></span> <span class='ocrx_word' id='word_1_874' title='bbox 942 5625 1073 5681; x_wconf 91' lang='lat' dir='ltr'><strong>Cod.</strong></span> <span class='ocrx_word' id='word_1_875' title='bbox 1095 5639 1363 5679; x_wconf 72' lang='lat' dir='ltr'><strong>caucasus.</strong></span> 
     </span>
    </p>
   </div>
   <div class='ocr_carea' id='block_1_114' title="bbox 2151 5478 3729 5551">
    <p class='ocr_par' dir='ltr' id='par_1_114' title="bbox 2151 5478 3729 5551">
     <span class='ocr_line' id='line_1_114' title="bbox 2151 5478 3729 5551; baseline 0.003 -18"><span class='ocrx_word' id='word_1_876' title='bbox 2151 5480 2173 5511; x_wconf 83' lang='grc'><em>³</em></span> <span class='ocrx_word' id='word_1_877' title='bbox 2212 5478 2305 5551; x_wconf 80' lang='lat' dir='ltr'><strong>Sic</strong></span> <span class='ocrx_word' id='word_1_878' title='bbox 2328 5480 2475 5543; x_wconf 92' lang='lat' dir='ltr'><strong>cod.,</strong></span> <span class='ocrx_word' id='word_1_879' title='bbox 2528 5479 2599 5533; x_wconf 97' lang='grc' dir='ltr'><strong>Μ.</strong></span> <span class='ocrx_word' id='word_1_880' title='bbox 2631 5496 2803 5551; x_wconf 28' lang='lat' dir='ltr'><strong>quae:</strong></span> <span class='ocrx_word' id='word_1_881' title='bbox 2872 5480 2894 5512; x_wconf 74' lang='grc'>⁸</span> <span class='ocrx_word' id='word_1_882' title='bbox 2932 5480 3022 5535; x_wconf 90' lang='lat' dir='ltr'><strong>Sic</strong></span> <span class='ocrx_word' id='word_1_883' title='bbox 3044 5481 3185 5544; x_wconf 89' lang='lat' dir='ltr'><strong>cod.,</strong></span> <span class='ocrx_word' id='word_1_884' title='bbox 3221 5480 3292 5536; x_wconf 90' lang='grc' dir='ltr'><strong>Μ.</strong></span> <span class='ocrx_word' id='word_1_885' title='bbox 3315 5490 3460 5536; x_wconf 81' lang='lat' dir='ltr'><strong>auta</strong></span> <span class='ocrx_word' id='word_1_886' title='bbox 3492 5480 3729 5551; x_wconf 82' lang='lat' dir='ltr'><strong>minori.</strong></span> 
     </span>
    </p>
   </div>
   <div class='ocr_carea' id='block_1_115' title="bbox 2143 5549 3728 5617">
    <p class='ocr_par' dir='ltr' id='par_1_115' title="bbox 2143 5549 3728 5617">
     <span class='ocr_line' id='line_1_115' title="bbox 2143 5549 3728 5617; baseline 0.002 -12"><span class='ocrx_word' id='word_1_887' title='bbox 2143 5552 2163 5582; x_wconf 85' lang='lat'>&#39;</span> <span class='ocrx_word' id='word_1_888' title='bbox 2199 5549 2325 5605; x_wconf 85' lang='lat' dir='ltr'><strong>Cod.</strong></span> <span class='ocrx_word' id='word_1_889' title='bbox 2354 5549 2651 5617; x_wconf 75' lang='lat' dir='ltr'><strong>perversae.</strong></span> <span class='ocrx_word' id='word_1_890' title='bbox 2720 5551 2742 5583; x_wconf 87' lang='grc'><strong>⁸</strong></span> <span class='ocrx_word' id='word_1_891' title='bbox 2780 5550 2873 5607; x_wconf 91' lang='lat' dir='ltr'><strong>Sic</strong></span> <span class='ocrx_word' id='word_1_892' title='bbox 2892 5552 3038 5617; x_wconf 90' lang='lat' dir='ltr'><strong>cod.,</strong></span> <span class='ocrx_word' id='word_1_893' title='bbox 3074 5551 3145 5606; x_wconf 87' lang='grc' dir='ltr'><strong>Μ.</strong></span> <span class='ocrx_word' id='word_1_894' title='bbox 3166 5563 3215 5607; x_wconf 78' lang='lat' dir='ltr'><strong>et</strong></span> <span class='ocrx_word' id='word_1_895' title='bbox 3245 5567 3451 5608; x_wconf 89' lang='lat' dir='ltr'><strong>omnes.</strong></span> <span class='ocrx_word' id='word_1_896' title='bbox 3528 5550 3551 5581; x_wconf 85' lang='lat'><strong>’</strong></span> <span class='ocrx_word' id='word_1_897' title='bbox 3578 5553 3728 5608; x_wconf 82' lang='lat' dir='ltr'><strong>Cod.</strong></span> 
     </span>
    </p>
   </div>
   <div class='ocr_carea' id='block_1_116' title="bbox 1442 5618 2646 5690">
    <p class='ocr_par' dir='ltr' id='par_1_116' title="bbox 1442 5618 2646 5690">
     <span class='ocr_line' id='line_1_116' title="bbox 1442 5618 2646 5690; baseline -0.001 -15"><span class='ocrx_word' id='word_1_898' title='bbox 1442 5621 1482 5653; x_wconf 83' lang='lat'>“</span> <span class='ocrx_word' id='word_1_899' title='bbox 1524 5618 1615 5675; x_wconf 93' lang='lat' dir='ltr'><strong>Sic</strong></span> <span class='ocrx_word' id='word_1_900' title='bbox 1637 5620 1782 5685; x_wconf 91' lang='lat' dir='ltr'><strong>cod.,</strong></span> <span class='ocrx_word' id='word_1_901' title='bbox 1806 5619 1875 5675; x_wconf 84' lang='lat' dir='ltr'><strong>M.</strong></span> <span class='ocrx_word' id='word_1_902' title='bbox 1901 5619 2125 5677; x_wconf 88' lang='lat' dir='ltr'><strong>laudare</strong></span> <span class='ocrx_word' id='word_1_903' title='bbox 2147 5621 2209 5674; x_wconf 89' lang='lat' dir='ltr'><strong>de</strong></span> <span class='ocrx_word' id='word_1_904' title='bbox 2229 5618 2646 5690; x_wconf 81' lang='lat' dir='ltr'><strong>pulchritudine.</strong></span> 
     </span>
    </p>
   </div>
  </div>
