3904 6148
209 345 292 404 50
1258 339 1455 399 LIBER
1499 345 1583 399 DE
1624 344 2324 401 PRAEDliSTlNATlONE.
3320 344 3424 400 390

199 472 318 537 iuste
347 465 697 518 vindicaretur
750 464 802 518 in
851 479 997 528 eum,
1047 467 1135 533 qui
1164 467 1230 520 ad
1272 467 1414 519 hanc
1457 481 1568 519 rem
1613 479 1741 517 usus
1774 470 1822 524 Α
1851 465 1987 517 trina
2019 466 2262 520 sit—est
2287 465 2450 528 enim,
2475 464 2672 528 etvult,
2703 482 2749 517 ei
2779 466 2963 518 St'll—
2987 465 3058 518 ita
3089 478 3139 518 et
3172 464 3297 519 illud
3329 468 3425 520 tri-

203 566 323 611 rsset
355 554 635 618 voluntate,
660 554 726 606 ad
760 569 920 624 quam
957 569 1066 608 rem
1115 556 1235 609 data
1283 555 1399 610 est?
1429 555 1582 609 Nunc
1615 570 1740 608 vero
1845 569 1970 605 num
1997 553 2108 617 ﬁat,
2141 554 2294 617 liber,
2346 565 2539 618 motus,
2567 554 2872 623 intelligens
2905 573 2916 607 :
2964 566 3178 610 constat
3221 565 3421 619 tamen,

200 649 320 702 Deus
347 661 460 699 cum
488 654 798 714 peccantem
824 645 998 714 punit,
1049 647 1177 714 quid
1216 646 1360 700 aliud
1393 647 1485 700 tibi
1529 646 1740 701 videtur
1843 651 2120 708 peccatum
2149 659 2328 706 omne,
2347 659 2652 713 poenasque
2681 645 2885 713 peccati
2910 660 3164 713 perverso
3187 647 3302 717 ejus
3325 661 3424 702 usu

199 737 373 798 dicere,
402 735 522 798 nisi,
544 749 643 788 cur
673 748 776 788 non
809 734 876 788 ad
904 750 1023 788 eam
1057 750 1168 788 rem
1198 751 1326 789 usus
1349 751 1408 790 es
1443 737 1608 788 libera
1644 749 1737 788 vo-
1841 730 2104 799 originem
2135 731 2372 794 duxisse,
2403 741 2454 785 et
2482 732 2534 784 in
2587 734 2729 787 omni
2764 743 3048 802 peccatore
3078 737 3140 788 a.l
3175 736 3314 792 male
3343 738 3424 790 vi-

197 823 396 886 luntate,
424 822 488 876 ad
523 838 680 890 quam
715 821 806 875 tibi
836 836 955 875 eam
999 823 1144 887 dedi,
1196 824 1298 878 hoc
1339 833 1444 887 est,
1480 823 1544 876 ad
1593 832 1738 878 recte
1841 819 2072 873 vendum
2102 820 2299 888 vigere.

200 911 504 967 faciendum?
539 911 741 964 Deinde
767 911 893 964 illud
944 911 1166 976 bonum,
1190 927 1297 981 quo
1327 915 1738 968 commendatur
2369 978 2405 991 η

198 1003 502 1074 ipsajustitia
531 1002 583 1055 in
609 1003 928 1057 damnandis
969 975 1226 1072 peccatis:
1279 1013 1531 1073 recteque
1585 1005 1738 1059 factis
2367 975 2761 1032 CAPITULUM
2797 976 2883 1030 lx-

196 1093 512 1154 bonorandis,
543 1092 810 1160 quomodo
843 1101 1006 1156 esset,
1058 1094 1102 1147 si
1144 1095 1303 1148 homo
1332 1105 1542 1151 careret
1570 1095 1738 1150 libero

1871 1108 1916 1161 De
1950 1125 2009 1179 eo
2045 1107 2184 1178 quod
2224 1125 2326 1162 non
2350 1110 2574 1178 proprie,
2607 1109 2696 1162 sed
2735 1110 3097 1179 temporalium
3131 1127 3303 1166 rerum
3339 1115 3413 1166 si-

195 1183 451 1236 volnntatis
495 1182 759 1236 arbitrio?
795 1180 907 1234 Non
963 1183 1106 1236 enim
1137 1191 1230 1236 aut
1261 1193 1539 1252 peccatum
1568 1195 1734 1249 esset,
1909 1178 2202 1259 militudine
2222 1180 2596 1248 praedicantur
2612 1179 2676 1232 de
2702 1179 2806 1232 Deo
2827 1178 3170 1248 praescientia
3195 1192 3241 1235 et
3263 1199 3420 1252 prae-

193 1284 266 1326 aut
287 1282 416 1326 recte
448 1274 670 1333 laetum,
702 1271 842 1339 quod
874 1287 976 1324 non
1011 1272 1162 1326 ﬁeret
1200 1274 1504 1338 voluntate;
1537 1289 1598 1328 ac
1642 1288 1737 1344 per
1909 1249 2214 1301 άεδίίηαηο·

193 1364 274 1415 hoc
291 1370 338 1415 et
364 1377 530 1431 poena
560 1360 756 1427 injusta
788 1369 951 1421 esset,
974 1369 1027 1415 et
1049 1362 1368 1430 praemium,
1391 1363 1438 1416 si
1462 1363 1619 1416 homo
1647 1378 1736 1417 vo—
1910 1357 1945 1410 l.
1967 1357 2242 1413 Jamnunc
2258 1367 2435 1413 textus
2449 1359 3101 1429 principalisquaestionis
3116 1361 3306 1431 exigit,
3323 1377 3421 1418 nos

187 1454 412 1506 luntatem
443 1452 668 1505 liberam
715 1467 817 1504 non
849 1450 1092 1504 haberet.
1129 1451 1318 1506 Debuit
1369 1453 1383 1482 ¹
1413 1461 1467 1506 et
1524 1453 1576 1506 in
1613 1468 1735 1521 sup—
1837 1449 2198 1514 considerare,
2228 1459 2406 1503 utrum
2433 1450 2669 1519 proprie,
2693 1466 2760 1504 an
2791 1451 3013 1505 abusive
3049 1451 3102 1505 in
3132 1453 3302 1507 sacris
3332 1453 3420 1508 lit-

189 1541 321 1611 plicio
341 1543 458 1596 etin
487 1540 729 1611 praemio
759 1555 880 1594 esse
900 1537 1136 1609 justitia,
1161 1541 1414 1609 quoniam
1442 1540 1544 1595 hoc
1569 1557 1732 1595 unum
1839 1537 1968 1590 teris
2001 1546 2054 1590 et
2085 1547 2306 1592 sanctae
2331 1538 2662 1608 Seripturae,
2690 1549 2745 1593 et
2763 1550 3072 1617 sanctorum
3100 1540 3316 1594 Patrum
3341 1542 3422 1595 di-

187 1641 254 1685 ost
274 1631 544 1695 bonorum,
576 1647 715 1700 quae
737 1640 862 1685 sunt
891 1646 956 1685 ex
985 1630 1117 1685 Deo.
1172 1631 1363 1685 Debuit
1392 1630 1553 1701 igitur
1594 1631 1733 1685 Deus
1835 1639 1991 1682 catur
2007 1628 2147 1682 Deus
2160 1630 2480 1698 praescisse,
2501 1617 3042 1700 velpraedestinasse,
3070 1632 3184 1687 sive
3204 1648 3417 1688 omnem

187 1721 294 1776 dare
321 1722 514 1776 boani
543 1721 770 1775 liberam
796 1721 1168 1775 voluntatema
1201 1720 1318 1774 ».ln
1339 1721 1531 1789 quibus
1558 1720 1734 1776 verbis
1836 1719 2266 1785 universitatem,
2307 1736 2464 1788 quam
2520 1721 2635 1790 ipse
2683 1722 2923 1775 condidit
2968 1723 3414 1785 substantialiter,

187 1814 406 1867 debemus
453 1813 755 1876 intendere,
789 1828 855 1868 ne
887 1813 1008 1882 quis
1038 1812 1396 1867 substantiam
1441 1811 1733 1866 confundat
1766 1811 1807 1868 Β
1837 1811 1950 1865 sive
1979 1811 2236 1880 quidquid
2282 1811 2765 1866 administrationis
2793 1811 3008 1868 divinae
3048 1815 3416 1883 temporaliter

183 1917 226 1960 et
247 1915 454 1969 motum,
484 1905 710 1959 audiens
737 1904 962 1960 liberam
991 1904 1344 1965 voluntatem,
1376 1919 1516 1973 quae
1547 1906 1732 1974 procul
1833 1910 2054 1968 apparet
2082 1901 2135 1956 in
2164 1901 2272 1966 illa,
2304 1901 2356 1955 in
2403 1903 2486 1957 his
2513 1902 2782 1966 videlicet,
2815 1918 2954 1972 quae
2982 1906 3094 1972 ipse
3134 1903 3280 1969 facit,
3310 1921 3416 1960 noo

182 1993 316 2047 dubio
342 1993 714 2047 substantialis
761 2001 862 2047 est.
914 1993 990 2046 Eo
1035 1993 1218 2062 itaque
1261 1992 1544 2046 locutionis
1575 1995 1732 2048 modo
1833 2007 1972 2060 quae
2001 1991 2118 2046 ﬁeri
2140 1993 2286 2046 sinit.
2323 1991 2422 2047 Ubi
2450 1994 2625 2063 primo
2655 1994 2968 2058 notandum,
2999 1997 3256 2064 quoniam
3283 1997 3417 2050 nihil

181 2093 366 2138 sanctus
395 2094 554 2154 pater
583 2085 916 2152 Augustinus
951 2099 1079 2138 usus
1113 2094 1220 2148 est,
1248 2083 1474 2138 dicendo
1508 2084 1730 2139 liberam
1833 2080 1990 2150 digne
2019 2081 2085 2134 de
2115 2082 2224 2136 Deo
2254 2082 2472 2147 dicitur,
2509 2083 2690 2136 omnia
2723 2097 2894 2151 paene
2924 2084 2942 2114 ³
2974 2085 3086 2139 sive
3112 2085 3413 2147 nominum,

176 2171 474 2229 voluntatem
505 2191 604 2246 pro
643 2191 728 2241 eo,
759 2176 900 2245 quod
947 2185 1030 2230 est
1062 2175 1267 2231 liberae
1297 2174 1585 2231 voluntatis
1621 2192 1732 2231 mo.
1833 2168 1944 2222 sive
1966 2169 2276 2234 verborum,
2327 2171 2665 2241 aliarumque
2707 2173 2970 2228 orationis
2999 2175 3231 2243 partium
3263 2175 3412 2245 signa

186 2281 295 2332 tum,
315 2271 423 2325 sive
454 2270 762 2332 arbitrium,
793 2284 899 2338 quo
929 2268 1161 2322 solemus
1188 2268 1286 2332 uti,
1325 2269 1449 2322 dum
1480 2283 1578 2338 per
1603 2284 1728 2323 cau-

1872 2257 2048 2326 roprie
2077 2258 2144 2313 de
2173 2260 2282 2314 Deo
2306 2260 2410 2314 dici
2437 2275 2541 2314 non
2570 2276 2744 2330 posse.
2778 2262 3059 2328 Quomodo
3087 2264 3233 2318 enim
3265 2265 3414 2334 signa

179 2380 249 2416 sas
266 2363 639 2417 substantiales
676 2377 863 2416 earum
908 2362 1274 2430 signiﬁcamus
1317 2359 1559 2413 eﬂ'ectus.
1593 2359 1730 2414 Hinc
1831 2348 2126 2412 seilSibilint
2177 2349 2228 2403 id
2274 2359 2376 2415 εει»
2426 2352 2742 2419 corporibus
2773 2353 3120 2408 adilaei‘enlia
3152 2344 3414 2409 remotam

178 2464 242 2506 cst
269 2470 417 2508 verae
450 2454 674 2508 rationis
697 2454 976 2517 circuitus,
995 2469 1090 2522 pro
1116 2467 1272 2506 verae
1306 2451 1730 2506 ratiocinationis
1832 2440 1975 2494 illam
2021 2441 2166 2495 omni
2205 2457 2365 2496 $80811
2411 2457 2672 2512 corporeo
2720 2453 2966 2498 natura"!
3030 2447 3097 2500 ad
3151 2445 3413 2516 iiqUidum

175 2545 374 2597 circuitu
393 2575 466 2583 —
488 2559 614 2598 vera
655 2543 919 2611 siquidem
951 2543 1088 2596 ratio
1122 2541 1546 2596 substantialiter
1565 2550 1648 2596 est
1675 2543 1717 2595 in

1879 2528 2135 2600 gniﬁcare
2185 2543 2418 2600 possent,
2463 2547 2598 2601 quae
2659 2533 2745 2585 vix
2802 2535 3182 2604 purgatissima
3237 2545 3415 2590 mente

177 2633 759 2700 homine,cujnsmotus
787 2633 1398 2686 ratiocinatio—manus
1425 2648 1522 2702 pro
1542 2648 1724 2703 opere,
1830 2622 2110 2690 θιιίηὲίῑυΐ
2136 2662 2151 2686 9
2208 2637 2423 2676 omnem
2477 2623 2864 2679 ll‘ansceildelis
2913 2625 3280 2680 intellectum?
3322 2627 3414 2681 Eis

173 2737 249 2789 pes
289 2737 377 2791 pro
431 2723 728 2785 ambulato,
771 2722 948 2792 lingua
978 2737 1076 2791 pro
1117 2722 1318 2785 verbis,
1349 2729 1635 2790 ceteraque
1675 2722 1727 2776 id
1832 2724 2008 2766 tamen
2064 2713 2233 2768 utitur
2285 2716 2552 2769 humanae
2598 2716 3028 2771 ratiocinationis
3073 2727 3194 2787 post
3226 2734 3416 2788 pecea-

173 2828 332 2880 εεηυε,
1831 2810 1942 2855 tum
1995 2803 2155 2871 primi
2184 2802 2416 2858 hominis
2464 2803 2733 2859 laboriosa
2775 2815 3008 2872 egestas,
3061 2815 3118 2860 ut
3159 2808 3415 2874 quodam-

229 2899 307 2957 ιχ,
355 2904 468 2960 Hoc
509 2920 660 2975 ergo,
695 2905 796 2959 nisi
823 2903 995 2971 fauor,
1026 2904 1269 2974 prolixae
1299 2904 1726 2960 ηιίοοίηοιίοηίε
1829 2890 1987 2946 modo
2010 2891 2263 2943 credatur
2288 2889 2625 2946 et'innuatur
2667 2893 2887 2962 copiosa
2920 2895 3216 2949 conditoris
3247 2897 3413 2952 subli-

175 2994 348 3048 ambitu
379 2995 685 3050 confectum
734 3001 840 3061 est,
873 3010 1066 3049 causas
1112 2995 1354 3049 omnium
1384 3003 1531 3050 recte
1561 2995 1717 3050 facto-

1868 2983 2010 3036 aitas.
2059 2981 2299 3050 Amplius
2343 2983 2388 3036 si
2438 2985 2616 3036 omnia
2678 2999 2868 3038 vocum
2910 2986 3064 3056 signa
3118 2991 3409 3043 secundum

175 3101 291 3150 rum,
319 3089 510 3158 quibus
556 3088 624 3141 ad
649 3103 901 3142 coronam
939 3085 1119 3154 justae
1149 3086 1494 3142 beatitudinis
1529 3101 1717 3156 perve-

1867 3085 2076 3130 aturam
2135 3091 2241 3131 non
2301 3085 2446 3140 sunt,
2507 3079 2600 3131 sed
2646 3092 2713 3131 ex
2767 3079 3088 3148 complacito
3132 3081 3408 3136 hominum

176 3178 314 3238 nitur,
333 3153 400 3232 vin
425 3178 596 3232 libero
627 3179 895 3231 humanae
910 3176 1200 3231 voluntatis
1221 3176 1467 3240 arbitrio,
1498 3153 1722 3247 piraepa-
1752 3153 1794 3212 (ἶ
1829 3169 2065 3232 inventa.
2091 3166 2219 3238 quid
2249 3167 2472 3233 mirum.
2503 3169 2548 3224 Si
2578 3184 2684 3223 ηοιι
2711 3169 2778 3223 ad
2800 3168 2944 3223 illam
2973 3180 3242 3236 ﬂaturam.
3273 3188 3412 3241 quae

175 3280 302 3321 mne
355 3271 552 3340 ipsum,
595 3269 801 3338 ipsique
853 3282 1179 3339 cooperante
1227 3269 1462 3338 gratuito
1513 3269 1726 3323 divinae
1828 3259 1939 3314 sola
1969 3273 2094 3313 vere
2124 3258 2321 3312 dicitur
2348 3273 2488 3323 esse,
2526 3257 3264 3330 sulliciantexprimendam?

173 3362 348 3427 εηιίεε
372 3360 762 3429 ηιυιιίριίρίφιε
785 3359 948 3425 dono,
973 3360 1296 3415 ωηειίιυιεε
1317 3375 1468 3425 esse;
1499 3359 1724 3414 malem-
1895 3348 1956 3402 ll.
2003 3349 2231 3404 Proinde
2253 3349 2528 3419 signorum
2555 3349 2870 3415 verbalium,
2900 3351 3096 3420 quibus
3140 3353 3408 3407 humanae

175 3461 351 3502 ctorum
376 3467 527 3515 vero,
569 3451 762 3520 quibus
785 3452 838 3504 in
868 3451 1245 3506 contumeliam
1266 3450 1446 3519 justae
1474 3453 1717 3508 miseriae

1865 3441 2120 3495 tcutionis
2177 3440 2564 3495 consuetudine
2621 3440 2689 3494 ad
2746 3439 3160 3510 signiﬁcandum
3233 3441 3407 3512 ipsum

175 3543 337 3605 min",
361 3544 410 3596 in
449 3558 706 3612 perverso
737 3552 884 3598 moi“
911 3543 1066 3599 uberi
1094 3544 1307 3598 “bimi
1333 3544 1592 3599 suadente
1613 3544 1725 3599 dia.
1826 3532 1994 3585 Deum
2025 3539 2118 3584 aut
2143 3531 2258 3601 ejus
2285 3530 2808 3584 administrationem
2866 3531 2918 3584 in
2969 3531 3220 3586 universa
3259 3549 3410 3588 erea-

175 3627 273 3682 bolo
295 3633 644 3701 principalem
676 3633 907 3687 radicem
932 3647 1054 3688 esse
1095 3632 1278 3686 ﬁxam.
1325 3632 1538 3699 Quanta
1564 3633 1726 3705 igitur
1829 3631 1946 3676 tura
2003 3623 2170 3676 utitur
2217 3621 2401 3674 divina
2449 3621 2792 3689 humanaque
2828 3621 3116 3686 industria,
3143 3625 3408 3691 quaedam

174 3718 408 3774 dementia
438 3731 751 3786 esteorum,
803 3723 894 3791 qui
937 3722 1122 3776 talium
1155 3737 1347 3777 causas
1387 3723 1716 3779 inevitabiles

1867 3721 1952 3767 unt
2003 3713 2158 3782 quasi
2199 3712 2441 3782 propria,
2474 3726 2703 3781 quorum
2743 3711 2988 3782 exempla
3041 3722 3165 3768 sunt
3205 3714 3257 3767 in
3292 3731 3409 3768 ver-

174 3813 518 3884 coactivasque
547 3813 896 3869 necessitates
931 3815 982 3868 in
1014 3815 1508 3884 praedestinatione
1545 3816 1724 3869 divina
1825 3802 1910 3857 bis
1938 3803 2155 3872 (ιυὶιιυιη
2187 3817 2326 3868 sum.
2357 3817 2432 3865 es,
2479 3812 2616 3866 eral.
2648 3816 2788 3866 esse.
2841 3803 2894 3856 ill
2943 3805 3251 3858 nominibus
3283 3819 3411 3860 veno

174 3900 428 3960 falsissime
481 3907 710 3976 “nsum,
748 3906 1209 3974 impudentissime
1263 3907 1574 3972 adstruunt,
1625 3921 1722 3976 ρο-
1824 3896 2080 3959 essentia,
2113 3895 2334 3958 veritas,
2357 3893 2550 3958 virtus,
2583 3893 2868 3962 sapientia,
2900 3895 3146 3957 scientia,
3171 3896 3412 3951 destina-

173 4002 362 4060 ιιι-(ιωο,
395 3999 542 4067 quod
574 3997 726 4053 valde
753 3999 1067 4063 dolendum,
1105 4014 1165 4054 se
1207 4000 1352 4070 ipsos
1382 4001 1723 4055 consentien-
1827 3988 1901 4040 ιίο
1938 3995 2225 4055 Ciliciaque
2273 3983 2606 4052 liuiusmmli»
2637 3999 2776 4054 quae
2804 3986 3061 4056 quoniam
3111 3987 3166 4041 ili
3213 3997 3406 4042 ηθῑυτίι

172 4093 328 4154 tesque
347 4088 451 4142 sibi
482 4089 548 4142 ad
564 4097 854 4157 perpetuae
883 4091 1074 4143 mortis
1101 4090 1376 4144 interitum
1407 4091 1601 4144 merito
1631 4107 1720 4144 er-
1825 4088 2006 4133 "05ml
2039 4077 2299 4147 quidquid
2343 4077 2579 4146 Primum
2625 4078 2997 4146 Optimumque
3052 4080 3140 4141 Silo
3193 4079 3407 4150 signiﬁ-

173 4178 288 4229 roris
305 4178 770 4232 detrudunt!Sive
794 4177 974 4248 itaque
1006 4178 1128 4233 talis
1150 4178 1450 4233 differentia
1481 4179 1721 4234 iuvenia.
1823 4180 1969 4234 Canis.
1997 4170 2047 4223 id
2073 4177 2158 4224 εει
2199 4169 2371 4239 ipsam
2403 4168 2782 4233 SilliSlaﬂliamo
2815 4179 2870 4222 ει
2894 4168 3011 4237 eius
3041 4169 3263 4238 οριίηιίι.
3291 4170 3409 4224 Sine

173 4275 241 4317 tur
260 4267 638 4323 interliberum
660 4268 943 4324 arbitrium
966 4269 1200 4325 hominis
1238 4277 1291 4325 et
1333 4268 1450 4338 ejus
1475 4271 1721 4325 substano
1821 4262 2016 4331 QUihUS
2063 4260 2382 4315 immorlalis
2445 4274 2566 4314 esse
2621 4275 2726 4314 ηοη
2777 4269 2972 4329 Pomm.
3020 4260 3320 4316 aCCideﬂlia
3361 4260 3404 4328 ⁸ο

172 4357 294 4416 tiam.
339 4360 410 4413 ita
448 4367 506 4413 ut
545 4368 737 4413 natura
775 4361 828 4413 in
859 4359 1132 4415 voluntate
1173 4361 1442 4426 rationali,
1491 4361 1714 4417 liberum

1862 4367 1929 4405 on
1951 4352 2183 4407 absurde
2215 4351 2522 4406 referuntur
2558 4351 2625 4404 ad
2674 4366 2838 4404 unmn
2866 4353 3236 4420 optimumque
3258 4352 3404 4422 prin-

172 4462 276 4504 νοιηο
289 4453 565 4507 arbitrium
593 4452 647 4505 in
669 4450 784 4520 ejus
806 4451 877 4506 sit
901 4451 1144 4506 libertate
1160 4453 1510 4507 constitutum
1529 4453 1577 4517 δ,
1604 4453 1718 4507 sive
1751 4503 1794 4520 η
1823 4443 2020 4510 civium
2060 4443 2300 4497 omnium
2331 4441 2597 4495 bonorum
2627 4441 2771 4510 (Ιιιοά
2799 4450 2882 4496 εει
2915 4442 3088 4506 υθυεῖ
3139 4443 3404 4512 quaedam

171 4537 354 4594 inmolu
381 4542 584 4596 liberae
605 4541 927 4594 naturaliter
946 4539 1256 4605 voluntatis,
1280 4541 1392 4596 sive
1412 4541 1465 4594 in
1495 4555 1718 4596 munere
1750 4503 1796 4560 D
1830 4548 1956 4587 vero
1983 4532 2179 4597 aliena,
2213 4533 2315 4586 hoc
2352 4540 2436 4586 est
2473 4531 2755 4598 translata,
2786 4547 2924 4601 quae
2967 4533 3141 4588 tribus
3189 4535 3406 4589 SCdiblls

170 4626 541 4700 iazclligentiae,
579 4631 724 4700 quod
769 4630 1020 4685 omnibus
1045 4631 1097 4684 in
1137 4645 1421 4685 commune
1459 4630 1714 4684 donatum
1829 4625 2015 4679 venire
2045 4623 2250 4688 solent,
2291 4639 2320 4675 a
2351 4622 2704 4678 similitudine
2749 4623 3015 4688 videlicet,
3045 4639 3074 4677 a
3105 4625 3403 4687 contrario.

168 4730 254 4782 est,
281 4725 408 4788 sive,
440 4734 499 4779 ut
547 4722 880 4794 probabilius
923 4722 1258 4787 aestimatur,
1317 4722 1450 4776 haec
1505 4721 1608 4775 tria
1662 4721 1715 4774 in
1825 4732 1853 4767 a
1892 4713 2216 4770 dilferentia.
2239 4713 2454 4769 Primae
2474 4714 2619 4770 sedis
2648 4714 2891 4784 exempla
2923 4724 3047 4770 sunt
3080 4715 3404 4770 :Brachium

168 4824 306 4864 unum
330 4813 644 4877 collecta,id
659 4820 762 4876 est,
786 4811 954 4866 liber'
974 4820 1152 4865 motus
1175 4809 1560 4880 intelligentiae
1586 4809 1716 4865 libc-
1822 4812 2054 4874 Domini,
2083 4811 2166 4863 cui
2195 4808 2476 4864 revelatum
2504 4819 2579 4863 est
2611 4810 2704 4874 ‘c;
2733 4809 2860 4864 item
2892 4827 2903 4862 :
2937 4808 3130 4863 Manus
3168 4819 3288 4865 tuae
3327 4809 3405 4880 fe-

167 4912 262 4950 rum
284 4901 562 4956 arbitrium
589 4901 732 4954 inter
752 4915 810 4955 se
836 4907 1183 4968 componunt,
1231 4913 1294 4952 ea
1327 4898 1579 4953 videlicet
1624 4913 1714 4952 ra-
1823 4910 2002 4955 rerum
2029 4898 2188 4964 med;
2219 4898 2503 4953 similiter:
2531 4897 2683 4952 Oculi
2711 4899 2922 4952 Domini
2944 4915 3101 4970 super
3130 4898 3324 4968 justas,
3353 4908 3401 4952 et

165 4985 304 5048 tione.
333 5000 410 5055 ut,
441 4991 892 5061 quemadrnodnm
915 4990 1213 5046 substantia
1245 4990 1380 5060 ipsa,
1406 4991 1460 5044 in
1491 5004 1595 5060 qua
1611 4999 1714 5053 est,
1824 5007 1977 5044 aures
1993 4990 2042 5060 ej
2049 5006 2106 5043 us
2129 4990 2180 5042 in
2201 5005 2376 5060 preces
2396 5005 2575 5042 eorum
2595 4999 2639 5041 θ.
2659 4988 2808 5055 Quae
2824 4989 3016 5044 merito
3029 4988 3199 5043 aliena
3215 4987 3398 5044 dicun-

1443 5107 1528 5163 VA
1540 5109 1695 5163 RIAE
1733 5105 2130 5162 LECTIONES.

219 5219 234 5248 ⁸
252 5217 344 5288 Sic
369 5223 509 5280 cod.,
546 5221 613 5274 Μ.
639 5221 815 5275 debuit
845 5232 1019 5275 autem
1046 5230 1100 5276 et
1124 5230 1230 5276 etc.
1309 5223 1329 5251 ²
1353 5222 1443 5276 Sic
1464 5221 1608 5285 cod.,
1640 5222 1708 5274 Μ.
1737 5221 1889 5285 liber,
1913 5231 2085 5282 notus,
2107 5215 2468 5286 intelligentia.
2547 5218 2567 5247 ³
2605 5216 2738 5274 Cod.
2763 5235 2946 5288 poene.
3025 5217 3046 5248 δ
3067 5217 3246 5282 Com,
3274 5217 3398 5272 cod.

158 5295 202 5340 et
223 5287 286 5342 ﬂ.
314 5292 631 5345 accedentia.
708 5293 729 5322 ⁸
758 5293 848 5345 Sic
876 5292 1021 5357 cod.,
1051 5302 1126 5345 est
1157 5306 1266 5344 om.
1295 5291 1363 5344 Μ.

1673 5399 1920 5454 NOTAE.

214 5526 237 5553 ι
285 5517 562 5579 Augustin.
605 5518 670 5571 de
690 5516 850 5570 libero
871 5517 1036 5570 Arbit.
1064 5515 1126 5579 Il,
1161 5517 1210 5568 l.
1824 5522 1928 5568 tas.
1965 5513 2046 5566 Cf.
2091 5513 2345 5567 Prmlent.

216 5585 240 5622 δ
297 5583 441 5640 Talis
463 5588 763 5642 differentia
797 5588 971 5640 minus
1007 5601 1133 5639 vera
1165 5600 1284 5640 esse
1316 5585 1547 5640 videtur.
1576 5584 1711 5638 Nam
1896 5595 1917 5621 ε
1967 5583 2086 5636 lsai.
2119 5583 2247 5644 Llll,
2281 5583 2330 5633 l.

155 5652 390 5724 voluums
423 5657 695 5712 rationalis
720 5671 905 5724 reapse
947 5657 1110 5710 libera
1154 5665 1256 5719 est,
1306 5655 1531 5710 liberum
1581 5669 1708 5708 vero
1894 5653 1920 5692 τι
1960 5651 2077 5724 θοι).
2113 5653 2356 5724 Χηδῇμζ

159 5720 424 5778 arbitrium
449 5728 576 5781 nihil
608 5727 758 5780 aliud
787 5717 887 5780 nisi
915 5727 1036 5778 boui
1069 5717 1262 5778 malive
1284 5725 1511 5795 eligendi
1539 5725 1704 5778 facul-
1895 5736 1916 5762 ο
1959 5722 2154 5777 Psalm.
2190 5719 2427 5786 XXXIII,
2469 5717 2555 5773 IG.
