3904 6148
414 236 547 298 Ὓῦἷὶι
1290 276 1315 297 κ

1786 228 2106 293 ε’]ΟΑΝΝΙΒ
2143 232 2337 295 SCOTI

3560 246 3704 302 392

405 358 429 367 “’
455 366 562 419 tur,
589 368 707 406 cum
734 350 907 404 divina
933 342 1231 403 substantia
1256 346 1447 401 talibus
1471 334 1830 416 cerporahum
1858 364 2022 403 mem—
2056 356 2096 410 Α
2130 348 2439 404 Maledicta:
2482 350 2649 406 omnis
2694 352 2783 421 qui
2829 353 3061 422 pependit
3111 354 3163 408 in
3207 348 3346 423 ligno
3367 352 3420 407 ἀ.
3467 346 3575 410 Hoc
3628 356 3708 411 de

459 445 675 501 brorum
722 439 1027 496 omnimodo
1068 443 1249 492 careat
1274 435 1633 491 lineamentis.
1662 436 2023 492 Similitudine

458 544 634 589 tamen
657 531 883 601 quadam
912 531 975 582 de
995 542 1058 581 ea
1083 541 1187 580 non
1215 525 1506 595 incongrue
1535 527 1929 595 praedicantur.
1964 529 2020 582 in

418 623 689 679 rhrachiis
726 622 921 690 quippe
976 618 1118 672 vires
1161 630 1471 687 corporum,
1508 617 1561 669 in
1608 617 1854 671 manibus
1898 632 2025 686 ope—

434 715 737 773 'rationem,
794 711 846 763 in
901 708 1070 763 oculis
1128 708 1331 770 visum,
1386 707 1623 761 auditum
1688 710 1741 761 in
1807 709 2025 763 auribus

457 816 708 873 tanquam
732 802 783 855 in
805 800 1022 855 sedibus
1052 798 1161 851 suis
1186 806 1378 850 natura
1407 797 1823 866 locavit.ltaque
1845 797 2024 853 divina

454 896 626 949 virtus
664 900 720 947 et
763 891 1024 960 Operatio,
1059 889 1198 943 visio
1247 903 1459 957 quoque
1532 888 1647 958 ejus
1698 897 1753 942 et
1808 889 2027 960 largitas

455 983 733 1055 aptissime
788 981 994 1036 sedium
1049 979 1258 1032 illarum
1331 979 1640 1033 nominibus
1694 980 2021 1035 vocitantur.

459 1074 676 1129 Tertiae
704 1071 847 1126 sedis
894 1068 1137 1137 exemplo
1167 1067 1317 1133 titmt,
1347 1084 1484 1137 quae
1510 1069 1581 1123 ab
1604 1069 1907 1124 animorum
1934 1086 2028 1125 no-

416 1173 687 1218 strorum
745 1158 1235 1231 perturbationibus
1292 1167 1579 1212 sumuntur
1602 1159 1682 1213 ad
1723 1159 2028 1228 significau—

455 1254 576 1309 dant
609 1249 1094 1307 incommutabilem
1155 1249 1171 1278 ι
1218 1247 1592 1309 substantiam.
1637 1252 1697 1302 nt
1748 1259 1875 1304 sunt
1926 1251 2023 1311 ira,

452 1345 626 1407 furor,
644 1340 955 1411 indignatio,
982 1340 1161 1401 timor,
1180 1338 1421 1402 tristitia,
1446 1346 1755 1407 ceteraQue,
1798 1354 1937 1408 quae
1964 1340 2029 1393 de

457 1435 792 1490 diderentiae
823 1433 939 1486 loco
970 1432 1272 1492 trahuntur,
1307 1446 1534 1499 quorum
1564 1431 1705 1485 nulla
1737 1433 2029 1486 similitudo

457 1543 579 1581 cum
610 1526 788 1579 divina
813 1532 1001 1578 natura
1026 1523 1313 1587 invenitur,
1343 1523 1434 1576 sed
1462 1522 1569 1576 sola
1605 1524 1926 1577 necessitate
1957 1524 2030 1578 si-

457 1615 816 1687 gniﬁcationis
830 1612 1188 1668 remotissimo
1209 1612 1480 1667 abusionis
1495 1613 1650 1666 modo
1663 1611 1832 1666 solent
1854 1620 2023 1668 trans-

460 1708 609 1762 ferri.

530 1797 613 1851 Ill.
651 1797 871 1850 Restant
890 1810 972 1856 ea,
999 1808 1137 1863 quae
1160 1792 1558 1848 contrarietatis
1581 1792 1699 1848 loco
1719 1802 2022 1848 sumuntur.

458 1887 661 1953 Quibus
689 1893 833 1939 tanta
858 1885 937 1937 vis
962 1885 1099 1938 inest
1129 1882 1493 1952 signiﬁcandi,
1522 1891 1576 1934 ut
1605 1883 1835 1952 quodam
1866 1883 2029 1952 privi-

460 1974 598 2044 legio
626 1973 977 2028 excellentiae
1025 1987 1153 2026 suae
1195 1970 1386 2025 merito
1419 1986 1449 2023 a
1488 1970 1709 2025 Graecis
1750 1972 2030 2043 enthyme-

460 2072 602 2116 mata
673 2064 694 2093 ²
743 2051 1024 2125 dicantur,
1078 2062 1179 2115 hoc
1224 2067 1344 2123 est,
1395 2061 1774 2129 conceptiones
1811 2061 2024 2115 mentis.

460 2155 717 2222 Quamvis
763 2155 906 2208 enim
951 2168 1112 2207 omne
1137 2194 1149 2215 ,
1184 2152 1505 2221 quod‘voce
1550 2149 1843 2220 profertur,
1882 2153 2030 2222 prius

462 2254 640 2299 mente
669 2244 1005 2313 concipiatur
1028 2283 1042 2305 ,
1085 2259 1190 2297 non
1244 2250 1419 2295 tamen
1464 2256 1648 2306 omne,
1675 2241 1820 2312 quod
1851 2250 2030 2297 mente

458 2334 779 2402 concipitur,
809 2332 1035 2386 eandem
1089 2332 1195 2385 vim
1249 2331 1677 2400 signiﬁcationis,
1705 2331 1830 2385 dum
1867 2332 2032 2386 sensi-

461 2425 571 2476 bus
588 2421 802 2477 fervore
828 2420 849 2451 ³
873 2418 1193 2482 infunditur,
1219 2418 1420 2472 habere
1470 2419 1699 2472 videtur.
1736 2418 2032 2490 Sicutetgo

462 2520 897 2583 argumentorum
927 2509 1167 2565 omnium
1203 2506 1558 2563 fortissimum
1586 2516 1670 2562 est
1710 2507 1857 2573 illud,
1891 2509 2032 2578 quod

462 2604 692 2658 sumitur
713 2617 743 2655 a
765 2600 1057 2663 contrario,
1084 2599 1155 2653 ita
1185 2597 1425 2652 omnium
1457 2596 1737 2665 signorum
1764 2598 2031 2652 vocalium

462 2693 800 2762 aptissimum
821 2701 923 2753 est,
950 2689 1092 2759 quod
1115 2688 1328 2742 ducitur
1349 2687 1418 2740 ab
1446 2688 1632 2742 eodem
1648 2717 1655 2720 ο
1671 2689 2032 2743 contrarieta-

465 2785 531 2837 tis
562 2783 698 2836 loco.
728 2781 965 2849 Quorum
1004 2778 1266 2849 quaedam
1301 2776 1545 2832 absolute
1573 2767 1843 2843 dicuntur,
1871 2794 2033 2848 quae-

464 2874 584 2927 dam
615 2871 916 2942 conjuncte.
942 2866 1321 2923 Absolntorum
1351 2866 1522 2921 ferina
1545 2876 1626 2921 est
1653 2886 1664 2921 :
1698 2867 1924 2922 Perdam
1948 2885 2032 2922 sa-

462 2964 710 3032 pientiam
745 2962 1059 3030 sapientum,
1086 2969 1131 3013 et
1150 2958 1817 3027 prudentiamprudentum
1857 2976 2032 3029 repro-

2122 439 2336 496 Christo
2367 436 2550 510 procul
2575 442 2738 497 dubio
2766 444 2963 497 dictum
2994 444 3214 514 estaqui
3241 454 3315 498 est
3339 456 3494 514 super
3517 447 3707 499 omnia

2130 531 2424 586 benedictus
2452 532 2505 585 in
2535 530 2709 585 secula
2775 531 2814 585 ί.
2862 531 2973 587 Nos
2998 533 3165 594 enirn,
3210 534 3299 603 qui
3329 534 3380 587 in
3414 535 3571 603 primi
3598 534 3707 588 ho-

2125 621 2284 676 ninis
2308 630 2529 692 peccato
2554 623 2744 678 mortis
2768 632 2821 678 et
2850 623 3123 677 servitutis
3148 624 3443 678 meruimus
3470 625 3702 679 maledi.

2124 711 2375 776 ctionem,
2412 713 2463 766 in
2508 714 2725 768 secundi
2758 714 2993 768 hominis
3014 713 3221 781 justitia
3267 716 3406 769 vitae
3435 723 3489 769 et
3528 716 3704 769 liber-

2126 801 2252 856 tatis
2279 802 2584 872 accepimus
2610 803 3054 858 benedictionem.
3087 802 3219 856 Nam
3260 804 3401 871 quod
3443 805 3705 873 pendenti

2125 890 2341 969 Christo
2372 892 2425 945 in
2463 906 2626 947 cruce
2657 891 2843 946 Judaei
2875 892 3285 957 maledixerunt,
3323 893 3442 961 plus
3471 894 3704 947 benedi-

2125 982 2319 1037 ctionis
2350 981 2625 1047 insinuat,
2671 998 2833 1052 quam
2880 982 3290 1037 maledictionis.
3341 982 3484 1037 Ilaec
3534 983 3708 1054 igitur

2127 1070 2626 1126 lorma’locutionis
2661 1072 2905 1127 absolute
2946 1072 3350 1127 eontrarietatis
3394 1071 3513 1127 loco
3541 1073 3707 1127 dedu-

2102 1172 2209 1216 vcta
2251 1173 2353 1226 est,
2396 1177 2502 1231 quo
2536 1163 2699 1216 etiam
2727 1160 3012 1230 Apostolus
3058 1163 3322 1231 sumpsit,
3354 1162 3516 1230 quod
3564 1163 3644 1215 ait
3687 1179 3702 1214 :

2100 1254 2103 1255 ⁷
2130 1252 2287 1318 Eum,
2319 1254 2408 1322 qui
2437 1267 2539 1306 non
2566 1261 2773 1305 noverat
2804 1253 2825 1282 ⁸
2854 1261 3139 1321 peccatum,
3176 1269 3269 1321 pro
3311 1253 3462 1307 nobis
3517 1264 3707 1321 pecca-

2124 1350 2235 1394 tum
2268 1341 2388 1410 fecit
2424 1340 2468 1394 ί.
2505 1339 2633 1408 Quis
2660 1340 2801 1395 enim
2832 1342 3060 1407 dubitat,
3089 1341 3316 1396 hostiam
3339 1350 3393 1397 et
3419 1348 3705 1411 peccatum

2131 1428 2356 1482 inter‘se
2374 1442 2494 1483 esse
2522 1429 2813 1490 contraria,
2847 1444 2967 1484 cum
2994 1429 3168 1484 hostia
3195 1430 3329 1484 nihil
3354 1439 3571 1500 agatur,
3598 1428 3706 1483 nisi

2107 1527 2185 1573 “ut
2208 1528 2486 1588 peccatum
2518 1520 2777 1574 deleatur.
2816 1519 3063 1575 Christus
3102 1520 3276 1575 hostia
3307 1522 3581 1592 generalis
3626 1537 3684 1577 es

2128 1625 2225 1681 pro
2249 1621 2469 1680 peccato
2515 1610 2680 1664 totius
2721 1610 2925 1664 mundi.
2961 1609 3123 1665 [tecte
3164 1610 3327 1681 igitur
3364 1626 3394 1665 e
3421 1614 3667 1666 contrari

2061 1691 2102 1749 Β
2131 1716 2225 1771 per
2255 1711 2533 1771 peccatum
2564 1701 2918 1771 signiﬁcatur.

2205 1794 2263 1848 V.
2308 1792 2509 1848 Deinde
2533 1792 2803 1861 conjuncti
2824 1794 3079 1847 contrarii
3108 1790 3511 1849 consideremus
3524 1806 3711 1850 exem-

2129 1882 2236 1953 pla.
2291 1882 2440 1949 Quae
2490 1883 2705 1952 quidem
2758 1883 3042 1954 conjuncta
3087 1893 3372 1953 propterea
3429 1885 3709 1948 dicuntur,

2110 1973 2271 2043 ‘quod
2301 1974 2509 2028 duobus
2539 1972 2670 2028 locis
2698 1972 3046 2040 conveniant,
3069 1974 3403 2029 similitudini
3434 1975 3711 2039 videlicet,

2079 2136 2086 2142 θ
2129 2070 2291 2131 atque
2338 2063 2730 2117 contrarietati.
2771 2063 2972 2118 Partim
3023 2065 3218 2134 quippe
3263 2064 3450 2119 eadem
3487 2065 3712 2121 nomina

2130 2167 2223 2208 seu
2249 2153 2411 2208 verba
2442 2150 2812 2218 similitudine,
2841 2154 3037 2223 partim
3072 2163 3359 2209 sumuntur
3403 2158 3715 2210 contrarie-

2132 2252 2261 2310 tate,
2296 2260 2521 2313 quorum
2554 2253 2832 2316 pragmata
2856 2254 2979 2300 sunt
3003 2246 3355 2316 praescientia
3395 2256 3450 2300 et
3482 2249 3716 2317 praede-

2131 2336 2372 2401 stinatio,
2410 2336 2626 2405 quando
2652 2337 2718 2390 de
2766 2337 2876 2392 Deo
2916 2339 3311 2406 praedicantur.
3363 2340 3427 2393 Et
3471 2342 3714 2408 primum

2131 2425 2346 2495 quidem
2375 2426 2847 2488 considerandum.
2881 2428 3011 2480 haec
3042 2436 3095 2481 et
3122 2427 3421 2495 hnjusmodi
3475 2443 3575 2482 sea
3614 2445 3713 2482 no-

2131 2514 2309 2579 mina,
2363 2530 2458 2568 seu
2497 2514 2659 2569 verba
2706 2514 2772 2569 de
2822 2514 2930 2569 Deo
2981 2516 3196 2585 proprie
3243 2516 3547 2584 praedicari
3607 2532 3712 2571 non

2131 2617 2309 2672 posse.
2356 2600 2470 2668 Qua
2511 2604 2655 2657 enim
2702 2603 2911 2657 ratione
2955 2602 3227 2657 diceretur
3261 2603 3399 2658 Deus
3432 2605 3719 2673 praescire

2133 2694 2332 2765 aliquid
2364 2695 2746 2765 praescientia,
2774 2694 2865 2749 vel
2899 2696 3301 2765 praedestinare
3341 2696 3719 2765 praedestina»

2133 2786 2298 2849 tione,
2329 2785 2415 2839 cui
2464 2785 2594 2839 nihil
2633 2784 2890 2848 futurum,
2931 2783 3056 2854 quia
3103 2786 3232 2839 nihil
3260 2794 3527 2854 expectat,
3580 2786 3719 2840 nihil

2132 2874 2506 2944 praeteritum,
2538 2874 2660 2942 quia
2700 2873 2831 2927 nihil
2856 2875 2903 2927 ei
2944 2882 3197 2927 transeat.
3233 2875 3288 2927 lu
3316 2888 3381 2927 eo
3402 2875 3548 2928 enim
3572 2876 3721 2927 sicut

2135 2962 2280 3016 nulla
2301 2962 2540 3017 locorum
2569 2963 2739 3030 spatia
2771 2970 2914 3027 sunt,
2946 2961 3014 3014 ita
3052 2962 3193 3015 nulla
3222 2970 3517 3031 temporum
3546 2963 3721 3016 inter-

464 3028 594 3108 ttabo
623 3066 669 3107 ι.
699 3028 853 3120 Quod
894 3061 1041 3107 recte
1072 3050 1405 3122 intelligitur
1449 3066 1479 3104 a
1525 3052 1797 3105 contrario
1821 3092 1835 3116 ,
1876 3028 1940 3107 ac
1989 3053 2033 3106 si
2063 3028 2105 3089 C
2136 3052 2293 3106 valla.
2329 3054 2408 3107 Ac
2430 3068 2526 3121 per
2548 3028 2649 3107 hoc
2673 3052 2813 3105 milia
2839 3061 2980 3105 recta
3010 3053 3148 3106 ratio
3177 3028 3456 3121 permittit,
3491 3051 3629 3106 talia
3656 3053 3723 3106 de

463 3155 647 3217 aperte
689 3145 891 3199 diceret
935 3162 947 3197 :
996 3142 1220 3197 Perdam
1255 3140 1616 3210 insipientiam
1669 3141 2029 3210 insipientum,

467 3237 882 3306 imprudentiam
913 3235 1307 3303 imprudentum
1328 3233 1646 3302 reprobabo.
1676 3232 1826 3299 Quod
1853 3242 2037 3302 aperte

466 3327 779 3395 intelligitur
821 3342 885 3379 ex
940 3325 1116 3378 verbis
1158 3323 1395 3393 Apostoli
1446 3323 1674 3377 dicentis
1716 3338 1730 3375 :
1764 3322 2038 3393 Sapientia

465 3417 624 3486 hujus
655 3415 834 3467 utundi
856 3413 1075 3466 stultitia
1100 3423 1173 3467 est
1203 3415 1342 3485 apud
1366 3412 1533 3467 Deum
1562 3413 1611 3466 δ.
1645 3410 1701 3467 Si
1745 3414 1889 3467 enim
1920 3429 2038 3467 om~

469 3506 552 3559 nis
585 3503 845 3572 sapientia
868 3518 897 3555 a
928 3502 1151 3556 Domino
1183 3503 1289 3556 Deo
1332 3511 1436 3568 est,
1466 3518 1571 3571 qua
1608 3503 1814 3557 ratione
1844 3503 2040 3557 intelli-

469 3606 624 3664 gt,‘llll'
663 3595 803 3649 Deus
832 3594 1130 3655 destruere,
1159 3592 1301 3662 quod
1324 3594 1393 3648 ab
1423 3607 1488 3648 eo
1522 3592 1643 3648 est?
1677 3592 1828 3660 Quod
1857 3603 2038 3647 autem

468 3688 534 3740 de
562 3684 823 3754 sapientia
855 3682 1113 3747 creditur,
1149 3682 1214 3736 de
1243 3683 1518 3751 prudentia
1539 3682 1790 3737 similiter
1815 3684 2040 3739 creden-

467 3778 615 3832 dum.
652 3775 861 3830 Nullam
898 3774 1093 3844 quippe
1118 3776 1369 3849 virtutem
1403 3776 1455 3829 iu
1497 3766 1712 3830 homine
1741 3774 1883 3833 Deus
1912 3791 2037 3846 per-

467 3868 563 3933 dit,
612 3867 765 3938 cujus
792 3867 996 3921 formae
1023 3865 1353 3921 absolutivae
1396 3867 1699 3938 exemplum
1733 3882 1836 3922 non
1884 3867 2040 3923 facile

467 3961 535 4017 de
567 3959 676 4014 Deo
704 3958 929 4013 inveniri
961 3965 1152 4027 potest.

537 4049 624 4104 IV.
666 4048 774 4105 Nec
814 4049 1033 4112 mirum,
1085 4062 1207 4102 cum
1252 4047 1383 4102 nihil
1429 4048 1538 4102 Deo
1585 4048 1916 4102 contrarium
1948 4049 2038 4113 sit,

468 4138 572 4194 nisi
596 4152 699 4193 non
724 4152 864 4203 esse,
891 4136 1145 4206 quoniam
1169 4137 1281 4206 ipse
1303 4136 1449 4191 solus
1469 4147 1575 4203 est,
1602 4135 1693 4206 qui
1721 4135 1894 4191 dixit:
1929 4136 2040 4208 Ego

465 4248 583 4286 sum
602 4231 692 4303 qui
722 4247 838 4285 sum
870 4241 918 4295 ο,
946 4238 1121 4284 cetera
1149 4243 1298 4294 vero,
1334 4243 1472 4297 quae
1500 4228 1753 4283 dicuntur
1772 4240 1911 4294 esse,
1942 4242 2041 4283 nec

468 4322 687 4376 omnino
710 4331 856 4385 sunt,
886 4320 1009 4389 quia
1041 4333 1146 4374 non
1174 4326 1321 4384 sunt,
1354 4318 1495 4386 quod
1519 4318 1633 4387 ipse
1660 4325 1761 4381 est,
1794 4331 1894 4371 nec
1921 4331 2041 4371 om-

2140 3143 2248 3198 Deo
2297 3140 2418 3208 jure
2477 3142 2824 3212 proprietatis
2887 3141 3133 3212 intelligi.
3187 3142 3464 3208 Quomoio
3512 3144 3723 3213 quippe

2132 3234 2489 3303 praescientia
2518 3235 2634 3302 ejus
2655 3233 2870 3297 dicitur,
2900 3233 2985 3288 cui
3012 3232 3154 3286 nulla
3170 3233 3345 3287 futura
3373 3233 3536 3286 sunt?
3558 3233 3724 3288 Sicut

2139 3324 2281 3378 enim
2314 3322 2456 3377 nulla
2499 3323 2614 3391 ejus
2655 3321 2913 3376 memoria
2955 3321 3169 3392 proprie
3197 3320 3413 3384 dicitur,
3456 3320 3545 3374 cui
3584 3320 3723 3374 nihl

2138 3421 2222 3469 est
2248 3413 2620 3484 praeteritum,
2650 3414 2720 3466 ita
2750 3411 2892 3465 nulla
2929 3412 3308 3481 praescientia,
3344 3410 3469 3480 quia
3500 3410 3716 3463 nullum

2141 3502 2398 3558 futurum.
2440 3503 2504 3556 Et
2532 3513 2708 3556 tamen
2738 3503 2973 3557 dicitur:
3008 3501 3076 3554 In
3099 3502 3348 3555 memoria
3375 3511 3593 3554 aeterna
3623 3500 3725 3553 erit

2132 3596 2310 3665 justus
2340 3597 2383 3647 ⁸.
2417 3593 2612 3649 Eodem
2645 3609 2875 3663 namque
2901 3594 3062 3648 modo
3083 3592 3221 3647 Deus
3248 3592 3396 3655 vidit,
3421 3592 3722 3660 praevidit,

2140 3686 2319 3748 scivit,
2356 3684 2645 3753 praescivit
2667 3685 2845 3738 omnia
2869 3681 3131 3747 facienda,
3161 3683 3474 3752 priusquam
3502 3680 3726 3748 ﬁerent,

2141 3794 2249 3850 quo
2279 3780 2422 3832 videt
2453 3786 2505 3833 et
2536 3778 2639 3833 scit
2680 3778 2886 3842 eadem,
2927 3785 3214 3845 postquam
3241 3774 3380 3829 facta
3403 3781 3551 3835 sunt,
3587 3789 3729 3844 quo-

2142 3871 2309 3934 niam,
2338 3869 2477 3923 sicut
2504 3869 2615 3937 ipse
2640 3881 2853 3938 semper
2877 3877 3127 3920 aeternus
3148 3873 3249 3927 cst,
3268 3865 3338 3918 ita
3365 3864 3727 3932 universitas,

2140 3974 2300 4028 quam
2328 3957 2476 4022 fecit,
2507 3972 2720 4026 semper
2751 3958 2804 4010 in
2837 3957 2954 4025 ipso
2983 3964 3204 4011 aeterna
3238 3962 3337 4009 est.

2216 4048 2299 4105 Vl.
2338 4049 2414 4103 De
2439 4046 2927 4118 praedestinatione
2958 4060 3171 4115 quoque
3196 4042 3312 4111 ejus
3352 4044 3545 4099 eadem
3598 4059 3727 4097 sen-

2144 4140 2323 4194 tienda
2362 4146 2507 4202 sunt,
2558 4137 2871 4207 praesertim
2916 4152 3045 4191 eum
3080 4136 3254 4190 omnis
3301 4134 3730 4203 praedestinatio

2140 4227 2499 4295 praescientia
2524 4215 2614 4281 sit.
2647 4225 2763 4292 Quo
2784 4224 2906 4293 jure
2935 4234 3110 4295 potest
3136 4224 3239 4278 diei
3275 4223 3727 4293 praedestinatio,

2146 4321 2199 4375 id
2219 4329 2321 4385 est,
2348 4320 2689 4389 praeparatio
2737 4320 2788 4373 in
2822 4334 2908 4384 eo,
2949 4320 3039 4388 qui
3073 4318 3214 4373 nullo
3246 4316 3507 4387 temporis
3552 4316 3729 4370 inter-

468 4412 599 4465 nino
626 4425 732 4465 non
759 4419 904 4470 sunt.
932 4411 1057 4480 quia
1088 4410 1156 4464 ab
1183 4410 1300 4479 ipso
1326 4418 1473 4475 suut,
1508 4408 1602 4478 qui
1627 4410 1773 4464 solus
1793 4416 2036 4464 estesse.
2071 4389 2117 4451 ί)
2143 4410 2281 4466 vallo
2314 4411 2610 4480 praecessit
2654 4411 2696 4475 ⁸,
2728 4425 2834 4479 quo
2859 4410 3169 4479 diSponeret
3197 4423 3282 4473 ea,
3312 4423 3451 4477 quae
3476 4406 3733 4463 facturus

468 4500 582 4554 Nisi
613 4499 749 4555 forte
768 4502 1028 4569 dicamus,
1056 4516 1142 4566 ea,
1172 4514 1314 4570 quae
1341 4500 1408 4555 de
1436 4500 1663 4555 Domino
1702 4508 1889 4556 nostro
1910 4499 2040 4556 Jesu

471 4588 687 4643 Christo
724 4590 863 4643 dicta
894 4597 1017 4642 sunt
1043 4591 1334 4645 secundum
1365 4589 1718 4645 humanitatis
1750 4605 1881 4645 suae
1917 4578 2047 4660 pro-5

470 4680 754 4749 prietatem
780 4720 795 4744 ,
839 4682 904 4734 de
962 4680 1239 4737 divinitate
1286 4680 1536 4737 similiter
1576 4682 1694 4752 ejus
1737 4683 1841 4737 dici
1885 4697 2042 4753 posse

472 4778 694 4839 propter
716 4769 871 4823 unius
893 4785 1154 4840 personae
1178 4771 1231 4826 in
1254 4772 1461 4827 duabus
1484 4772 1798 4827 substantiis
1823 4774 2040 4844 insepa-

473 4854 702 4913 rabilem
730 4857 1012 4914 unitatem.
1043 4859 1102 4913 Si
1142 4867 1324 4914 autem
1370 4859 1501 4914 illud
1527 4876 1632 4915 non
1669 4861 1897 4917 absurde
1924 4879 2041 4919 cre-

474 4947 619 5002 ditur
659 4948 796 5014 ﬁeri,
834 4948 1125 5014 videamus,
1171 4952 1313 5020 quod
1348 4950 1610 5019 scriptum
1654 4959 1740 5007 est
1777 4952 1833 5007 in
1882 4953 2035 5024 lege:

2144 4501 2326 4557 esset?
2353 4499 2506 4569 cujus
2528 4500 2895 4570 operationem
2917 4516 3023 4554 non
3055 4499 3327 4570 praecedit
3353 4501 3730 4568 praeparatio.

2142 4593 2259 4648 Non
2282 4594 2424 4647 enim
2446 4592 2589 4646 aliud
2625 4595 2675 4646 ei
2704 4602 2788 4647 est
2831 4608 3154 4664 praeparare
3185 4601 3239 4648 et
3277 4592 3529 4661 operari;
3563 4602 3734 4661 utque

2143 4683 2417 4753 proprium
2447 4682 2679 4738 hominis
2703 4692 2788 4738 est
2809 4698 3154 4754 praeparare,
3184 4697 3324 4751 quae
3344 4680 3622 4747 facturus,
3660 4683 3733 4736 ita

2145 4773 2255 4827 Deo
2284 4773 2519 4826 alienum
2548 4782 2654 4838 est,
2682 4775 3110 4843 praedestinare,
3145 4786 3285 4842 quae
3330 4787 3620 4840 nunquam
3653 4772 3733 4825 τε-

2147 4870 2352 4918 cturus.
2384 4864 2662 4931 Quomodo
2690 4872 2869 4920 autem
2907 4864 3149 4919 facturus
3192 4874 3338 4920 esset
3368 4848 3609 4932 aliquid,
3641 4864 3733 4933 qni

2146 4955 2325 5015 omnia
2355 4955 2377 4987 ⁸
2398 4955 2566 5010 semel
2596 4964 2651 5010 et
2674 4956 2835 5011 simul
2862 4955 3025 5010 fecit?
3050 4957 3157 5010 Aut
3176 4955 3444 5025 quomodo
3470 4970 3586 5010 non
3619 4971 3736 5010 om-

1745 5062 2000 5118 VARIAE
2031 5063 2433 5124 LECTIONES.

547 5146 575 5227 _‘_
605 5148 736 5227 God:
773 5150 1259 5227 incommotabilem.
1318 5151 1504 5227 _'_Cod.
1533 5155 1882 5208 eutimemata.
1958 5153 1980 5184 ³
2013 5153 2103 5211 Sic
2129 5155 2200 5219 Μ.
2231 5158 2353 5214 cod.
2387 5158 2616 5227 femori.
2696 5160 2718 5191 δ
2746 5159 2877 5215 Cod.
2901 5177 2966 5216 uo
3001 5177 3063 5215 ue
3099 5177 3176 5214 ra.

474 5222 496 5254 ⁸
521 5217 610 5275 Sic
636 5220 784 5284 cod,
828 5235 926 5289 pro
963 5223 1053 5290 qui
1081 5222 1278 5286 omnia,
1318 5219 1385 5275 Μ,
1410 5238 1674 5292 quamam.

3276 5158 3299 5194 ⁸
3322 5158 3453 5214 Cod.
3482 5162 3735 5231 praesit.

1986 5313 2235 5372 NOTAE.

546 5419 571 5446 ι
608 5404 629 5459 l
657 5404 784 5459 Cor.
815 5404 853 5462 ἰ,
884 5404 967 5459 l9.

550 5475 578 5515 δ
615 5475 634 5528 ι
660 5473 785 5529 Cor.
815 5474 905 5539 lll,
924 5473 1006 5529 19.

548 5554 571 5583 °
615 5545 786 5599 Exod.
826 5545 906 5611 Ill,
934 5545 1019 5599 M.

545 5610 574 5650 ⁴
614 5614 827 5668 Denter.
859 5610 999 5673 XXI.
1031 5614 1118 5668 23.

2224 5422 2243 5442 '
2266 5409 2383 5463 Gal.
2403 5408 2492 5471 Ill,
2512 5406 2598 5471 13,
2624 5405 2678 5458 4.

2233 5482 2253 5519 τ
2284 5479 2441 5533 Rom.
2480 5475 2571 5538 IX,
2604 5478 2661 5528 9.

2226 5551 2256 5588 ⁸
2284 5549 2325 5602 ll
2346 5548 2471 5603 Cor.
2505 5545 2566 5607 γ,
2588 5543 2678 5600 ﬁt.

2132 5648 2137 5653 -
2228 5617 2255 5655 ³³
2282 5616 2480 5673 Psalm.
2512 5612 2651 5678 CXI.
2685 5619 2735 5671 7.
