3904 6148
207 289 279 345 393
1246 282 1444 336 ῐᾸΒΕΞι
1489 281 1579 334 Dii
1614 281 1735 334 rm

1844 282 2317 340 ESTINATIONE.
2347 332 2359 337 -

3294 282 3399 339 δατ
3415 299 3422 306 ·

199 402 264 455 aia
278 397 405 460 fecit,
432 411 519 464 qui
550 410 762 464 semper
776 396 955 449 omnia
978 395 1199 465 habuit?
1222 397 1311 466 qui
1335 411 1548 465 semper
1562 411 1719 450 suum
1747 399 1796 455 Α
1828 410 1947 449 nem
1994 407 2048 450 et
2092 396 2396 466 huiusmodi
2444 398 2758 454 translative
2791 401 2863 454 de
2922 399 3032 454 Deo
3074 401 3400 469 praedicari,

200 488 377 542 verbum
402 484 652 538 habuisse
679 483 939 548 creditur,
980 500 1075 553 per
1115 486 1255 553 quod
1286 484 1424 539 facta
1455 494 1579 539 sunt
1609 500 1723 539 om-

196 580 282 642 nia,
304 586 350 630 et
377 577 427 630 in
467 589 575 644 quo
618 575 1138 629 incommutabiliter
1166 576 1351 630 vivunt
1378 575 1582 640 omnia,
1614 590 1721 630 non

195 667 332 720 selum
357 678 488 734 quae
524 664 764 728 fuerunt,
795 664 889 719 sed
912 666 1073 718 etiam
1098 681 1237 733 quae
1265 665 1464 720 futura.
1501 665 1610 721 Nec
1649 676 1723 720 ta-

194 772 290 810 men
314 754 357 807 in
387 753 471 806 illo
498 752 739 816 fuerunt,
762 769 865 809 nec
890 752 1065 807 futura
1093 763 1236 816 sunt,
1272 755 1368 809 sed
1396 765 1724 809 tantummo—

193 852 248 903 do
264 854 384 909 sunt,
408 855 459 899 et
487 845 668 898 omnia
694 861 857 899 unum
882 854 1029 899 sunt.
1048 845 1279 900 Proinde
1303 847 1554 915 quoniam
1568 846 1723 900 aliter

194 946 271 993 sub
290 938 366 991 illo
385 946 507 990 sunt
538 952 624 999 ea,
648 951 786 1005 quae
818 952 913 1004 per
945 937 1093 990 illum
1126 936 1265 991 facta
1306 946 1453 1002 sunt,
1486 937 1642 991 aliter
1669 938 1722 991 in

195 1039 365 1084 eosunt
389 1043 470 1087 ea.
497 1043 637 1098 quae
668 1029 781 1098 ipsa
816 1039 895 1082 est
930 1029 981 1082 in
1015 1029 1112 1092 eis,
1160 1045 1299 1098 quae
1326 1030 1425 1084 sub
1454 1029 1543 1083 illo
1573 1038 1718 1093 sunt,

194 1136 292 1185 quia
318 1119 440 1173 locis
487 1117 927 1187 temporibusque
957 1118 1072 1172 suis
1115 1129 1171 1173 et
1195 1130 1375 1174 creata
1404 1129 1457 1174 et
1479 1120 1729 1174 ordinata

194 1220 305 1269 sunt,
335 1207 543 1277 proprie
574 1207 707 1261 ﬁunt
727 1208 889 1262 verba
917 1207 1157 1263 locorum
1200 1218 1610 1280 temporumque
1656 1211 1727 1265 si-

193 1302 481 1369 gniﬁcatita,
506 1300 561 1354 in
583 1300 662 1355 eis
691 1316 840 1367 vero,
861 1316 999 1369 quae
1022 1301 1363 1356 aeternaliter
1385 1301 1438 1356 in
1468 1301 1559 1356 illo
1580 1312 1733 1365 sunt,

194 1396 469 1450 translative
514 1394 748 1465 proferri
780 1404 1026 1465 possunt.
1063 1396 1142 1450 Ac
1175 1410 1271 1465 per
1309 1396 1412 1451 hoc
1457 1395 1598 1451 sicut
1642 1395 1731 1450 ab-

198 1485 321 1539 usive
348 1485 406 1540 de
431 1486 542 1540 Deo
559 1484 757 1539 dicitur
770 1484 985 1549 fecisse,
1009 1484 1093 1538 vel
1117 1484 1387 1540 facturum
1410 1500 1553 1552 esse,
1569 1484 1640 1540 ita
1666 1486 1732 1541 de

194 1589 251 1632 eo
269 1577 443 1631 dicitur
470 1577 693 1630 abusive
745 1576 1065 1646 praesciisse
1098 1577 1137 1642 ³,
1171 1577 1462 1645 praescire,
1494 1578 1731 1648 praesri-

200 1676 343 1718 turum
365 1679 501 1724 esse.
545 1664 708 1719 simili
755 1664 916 1719 modo
957 1664 1406 1733 pracdestinasse,
1435 1665 1731 1736 praedesti-

191 1766 306 1816 usre,
336 1754 857 1824 praedestinaturum
885 1768 1023 1809 esse.

251 1842 344 1897 Vn.
381 1841 678 1897 Conﬁcitur
714 1856 861 1913 ergo,
908 1842 1326 1914 praescientiam
1354 1853 1408 1900 et
1436 1845 1735 1915 praedesti-

196 1930 425 1986 nationem
458 1930 812 1986 similitudine
842 1947 1022 1986 rerum
1054 1935 1426 2005 temporalium
1461 1934 1526 1989 ad
1563 1936 1731 1991 Deum

197 2021 459 2076 transferri.
499 2023 601 2090 Qui
633 2024 781 2080 locus
807 2042 836 2079 a
870 2028 1144 2082 contrario
1180 2029 1470 2095 videretur,
1518 2031 1563 2085 si
1596 2040 1731 2086 tem-

196 2112 362 2178 poralia
407 2118 723 2173 aeternitati
782 2121 1204 2177 contradictorie
1245 2122 1265 2152 ‘
1308 2132 1729 2193 opponerentur.

197 2205 292 2262 iam
341 2224 495 2278 vero,
546 2213 806 2282 quoniam
865 2214 1202 2269 aeternitatis
1256 2216 1521 2284 quaedam
1587 2214 1735 2269 simi-

197 2297 336 2355 litudo
360 2302 750 2371 temporalibus
785 2313 869 2359 est
894 2304 1078 2370 insita,
1103 2320 1208 2360 non
1240 2306 1434 2371 solum,
1480 2307 1625 2376 quod
1667 2307 1736 2363 ab

197 2401 246 2440 ea
268 2388 391 2444 facta
415 2402 570 2459 sunt,
592 2396 689 2448 sed
716 2395 885 2448 etiam
904 2396 1047 2465 quod
1070 2396 1441 2466 temporalium
1473 2395 1561 2451 illa
1591 2412 1734 2466 pars,

198 2477 365 2550 dequa
388 2496 683 2540 sumuntur
730 2487 866 2542 haec
910 2488 1131 2542 nomina
1155 2528 1170 2553 ,
1218 2487 1465 2543 videlicet
1503 2490 1739 2543 humana

197 2574 375 2638 nauita,
402 2574 455 2630 in
493 2576 901 2632 similitudinem
928 2578 1200 2649 quandam
1224 2594 1387 2636 verae
1401 2580 1744 2635 aeternitatis

200 2665 459 2720 transitura
490 2668 562 2721 sit
593 2686 606 2721 :
640 2670 910 2738 quomodo
939 2686 969 2725 a
1009 2670 1284 2726 contrario
1330 2671 1578 2734 sumitur,
1612 2672 1738 2727 dum

198 2759 497 2826 ateuiporali
533 2761 601 2813 ad
639 2761 993 2832 intemporale
1020 2763 1122 2817 alia
1140 2764 1402 2834 quaedam
1422 2764 1744 2832 signiﬁcatio

197 2846 563 2904 transferatur?
596 2851 739 2907 Loco
768 2854 933 2922 igitur
954 2856 1324 2911 similitudinis
1352 2857 1598 2911 veniunt.
1635 2856 1744 2912 Sed

1824 485 2139 556 duabusque
2175 488 2394 544 sedibus
2416 487 2871 559 signiﬁcationum
2906 504 3062 558 posse
3089 490 3399 557 transferri,

1826 577 2127 646 meritoque
2152 578 2436 648 conjuncta
2468 580 2593 644 dici,
2638 580 2894 650 quoniam
2920 591 2974 636 et
3001 582 3121 637 loco
3151 583 3403 637 similitu-

1824 666 1982 729 dinis,
2008 677 2067 721 et
2097 666 2236 733 loco,
2266 668 2361 738 ,qui
2392 669 2591 723 dicitur
2638 685 2667 724 a
2715 672 3012 733 contrario,
3061 673 3246 726 venire
3278 689 3400 741 pro-

1824 755 2038 812 bantur.
2072 756 2171 815 Dbi
2200 760 2539 829 apertissime
2568 761 2882 831 intelligitur
2905 774 2960 817 et
2981 764 3289 819 ﬁrmissime
3325 773 3403 818 te-
3494 780 3499 785 ‘

1826 856 2007 912 netnr,
2036 850 2089 904 in
2128 851 2213 905 his
2238 852 2434 913 verbis,
2468 854 2685 921 quando
2714 853 3063 908 similitudine
3088 864 3405 917 sumuntur,

1826 938 1958 992 nihil
2002 939 2146 994 aliud
2189 940 2480 1011 signiﬁcari
2510 951 2725 1011 praeter
2769 944 2790 974 ⁸
2831 945 2974 1012 quod
3024 945 3137 1013 ipse
3179 944 3406 999 Creator

1825 1030 2063 1084 omnium
2097 1030 2336 1086 facturus
2371 1041 2479 1096 est,
2505 1040 2561 1086 et
2614 1032 2727 1087 sive
2753 1034 2805 1087 in
2831 1035 3206 1089 constituenda
3237 1035 3260 1066 ⁸
3286 1035 3406 1089 uni-

1826 1121 2099 1176 versitatis
2113 1122 2433 1186 substantia,
2453 1122 2889 1192 naturalibusque
2903 1123 3019 1192 ejus
3030 1124 3402 1194 qualitatibus,

1827 1208 1940 1262 sive
1983 1209 2036 1262 in
2077 1210 2193 1278 ejus
2246 1210 2734 1276 administratione,
2786 1213 2838 1266 in
2886 1213 2969 1266 his
3013 1215 3406 1278 tantummodo,

1827 1316 1957 1368 quos
1979 1300 2275 1366 praescivit,
2312 1310 2359 1354 et
2405 1301 2808 1371 praedestinavit
2857 1302 3141 1356 secundum
3166 1306 3409 1373 proposi-

1828 1398 1939 1442 tum
1967 1389 2167 1458 gratiae
2192 1406 2341 1455 suae,
2364 1391 2654 1460 conformes
2695 1391 2938 1461 imaginis
2970 1389 3100 1445 Filii
3123 1393 3207 1446 sui
3230 1404 3257 1433 ι
3288 1407 3415 1451 esse

1831 1478 2076 1545 futuros;
2107 1482 2323 1550 quando
2352 1496 2479 1537 vero
2524 1482 2589 1537 de
2618 1482 2756 1547 loco,
2798 1483 2891 1551 qui
2920 1491 3006 1537 est
3039 1497 3073 1536 a
3105 1492 3414 1548 contrario,

1833 1570 2236 1627 transferuntur
2268 1575 2456 1628 eadem
2486 1574 2599 1643 ipsa
2630 1575 2819 1641 verba,
2846 1574 3001 1629 nihil
3020 1575 3076 1630 in
3109 1575 3191 1629 eis
3215 1574 3415 1630 intelli-

1831 1662 2084 1733 gendum,
2112 1663 2215 1719 nisi
2245 1664 2387 1733 quod
2403 1664 2543 1719 Deus
2567 1664 2619 1718 in
2646 1672 2919 1728 creatura,
2949 1680 3112 1733 quam
3144 1664 3259 1735 ipse
3284 1679 3414 1716 con-

1758 1737 1805 1795 Β
1834 1753 1987 1818 didit,
2028 1752 2147 1807 ﬁeri
2186 1754 2319 1808 sinit
2360 1764 2506 1809 motu
2552 1754 2773 1825 proprio
2804 1754 3083 1824 liberoque
3131 1753 3427 1810 rationalis

1832 1851 2059 1897 naturae
2083 1857 2340 1913 perverse
2365 1844 2566 1900 utentis
2594 1845 2931 1900 naturalibus
2959 1846 3136 1909 bonis,
3159 1860 3300 1917 quae
3327 1844 3411 1900 sul

1832 1932 2107 1989 Creatoris
2145 1933 2392 2006 largitate
2430 1935 2684 2006 suscepit.
2714 1935 2779 1990 Et
2807 1937 2909 1991 hoc
2932 1944 3018 1991 est
3045 1945 3237 2001 totum,
3270 1936 3411 2006 quod

1834 2025 2029 2080 dicitur
2054 2024 2274 2091 malum,
2312 2034 2367 2080 et
2398 2041 2567 2097 poena
2594 2025 2711 2094 ejus
2757 2028 2901 2080 varia
2924 2068 2937 2092 ,
2989 2027 3413 2096 niultimodaque

1835 2116 2073 2169 miseria.

1904 2205 1968 2260 ll.
2010 2205 2146 2262 Cum
2169 2221 2301 2278 ergo
2330 2209 2579 2264 audimus
2609 2228 2620 2261 ε
2652 2210 2941 2278 praescivit
2967 2209 3124 2273 Deus,
3151 2209 3233 2262 vel
3260 2223 3413 2279 prae-

1836 2296 2163 2363 destinavit,
2203 2298 2287 2352 vel
2332 2303 2677 2369 praeparavit
2716 2309 2969 2369 peccata,
3020 2315 3112 2354 seu
3164 2310 3413 2365 mortem,

1838 2389 1950 2443 sive
1974 2404 2177 2458 poenas
2203 2405 2414 2456 eorum,
2454 2406 2590 2458 quos
2614 2390 2759 2460 juste
2791 2391 3048 2455 deseruit,
3084 2391 3133 2445 id
3185 2400 3288 2455 est,
3321 2408 3417 2446 sua

1838 2478 2052 2548 propria
2074 2480 2425 2548 perversitate
2446 2480 2623 2549 puniri
2670 2479 2916 2549 permisit
2942 2479 2986 2543 ',
3002 2479 3222 2533 omnino
3238 2495 3267 2533 e
3288 2494 3417 2534 con-

1841 2567 2011 2620 trario
2032 2566 2329 2638 intelligere
2355 2568 2634 2632 debemus,
2667 2583 2732 2622 ne
2755 2584 2852 2622 nos
2883 2569 3155 2623 haeretica
3182 2568 3418 2639 pravitas

1842 2658 2094 2723 seducat,
2127 2673 2266 2727 quae
2310 2658 2503 2713 talibus
2534 2658 2711 2712 verbis
2762 2657 2901 2712 male
2953 2667 3110 2711 utens
3155 2657 3417 2724 originem

1843 2749 2089 2819 sumpsit.
2128 2740 2243 2804 Non
2270 2750 2414 2803 enim
2455 2749 2634 2803 vident
2680 2748 2856 2802 lumen
2887 2748 3167 2802 oculorum
3198 2748 3421 2802 interio—

1845 2856 1963 2894 rum
1991 2839 2312 2909 pendentes,
2336 2838 2477 2907 quod
2508 2853 2667 2893 omne
2702 2838 2900 2892 malum
2935 2853 3186 2908 perversa
3231 2839 3427 2897 volun-.

195 2938 295 3002 quis
320 2949 397 2993 ρει
421 2941 510 2996 me
534 2943 905 2999 similitudinis
930 2945 1140 3009 modus,
1179 2946 1366 3015 quaeri
1410 2955 1644 3016 οροηει,
1680 2946 1754 3002 Et
1848 2941 1959 2986 tate
1984 2932 2312 2986 descendens
2341 2931 2473 2984 nihil
2505 2931 2592 2985 sit.
2626 2930 2697 2986 Ut
2725 2932 2970 2984 omittam
2998 2930 3124 2984 illud
3157 2931 3422 2986 malorum

195 3026 380 3091 quidem
401 3031 635 3087 dicimus
648 3042 774 3088 ante
789 3041 1044 3103 quattuor
1059 3035 1261 3101 modis;
1286 3051 1515 3105 quorum
1539 3035 1745 3106 primus

195 3114 362 3172 dicitur
388 3134 515 3178 ante
547 3125 827 3193 temporis,
852 3127 1115 3181 secundus
1154 3137 1280 3181 ante
1308 3127 1604 3197 dignitatis,
1637 3136 1741 3182 ter-

197 3204 282 3258 tius
311 3216 430 3264 ante
471 3211 725 3282 originis,
762 3223 986 3283 quartus
1007 3198 1129 3269 ante
1150 3216 1508 3270 aeternitatis.
1533 3215 1743 3270 Illorum

193 3300 405 3370 exempla
427 3302 567 3358 ﬁunt
592 3304 727 3359 haec
753 3323 766 3358 :
796 3304 1059 3375 Tempore
1074 3307 1349 3375 praecedit
1365 3304 1463 3362 llos
1489 3306 1743 3373 fructum,

196 3387 422 3458 dignitate
446 3396 730 3465 praecedit
756 3396 966 3453 fructus
996 3397 1202 3462 ﬁerem,
1236 3413 1335 3452 vox
1362 3400 1571 3470 origine
1593 3415 1745 3470 prae-

194 3480 575 3550 ceditverbum,
607 3486 749 3541 Deus
779 3488 1103 3543 aeternitate
1126 3497 1430 3543 creaturam
1457 3490 1745 3545 antecedit.

197 3567 271 3622 Illo
292 3572 445 3643 igitur
473 3579 662 3642 modo,
693 3594 799 3647 qno
832 3578 970 3634 Deus
994 3580 1200 3644 omnia,
1240 3595 1381 3650 quae
1409 3579 1560 3646 fecit,
1588 3590 1741 3639 ante-

195 3655 330 3725 cedit,
372 3662 423 3717 id
452 3676 562 3729 est,
612 3669 959 3733 aeternitate,
1003 3684 1069 3724 eo
1111 3670 1317 3725 scilicet
1369 3671 1660 3741 praescivit
1693 3680 1746 3726 et

197 3752 697 3821 praedestinavitea,
739 3773 879 3828 quae
926 3758 1168 3815 facturus
1210 3769 1373 3816 esset.
1420 3760 1557 3818 Hinc
1598 3763 1745 3818 colli-

195 3834 331 3907 gitur,
363 3844 485 3900 talia
516 3847 686 3902 verba
719 3848 999 3905 transferri
1030 3865 1060 3904 a
1094 3852 1271 3920 primo
1298 3853 1457 3912 modo
1482 3854 1551 3907 ad
1583 3869 1744 3924 quar-

195 3935 317 3997 ιιιιιι,
353 3951 381 3990 a
421 3938 545 3995 loco
593 3940 846 3997 videlicet
893 3944 1151 4014 temporis
1180 3945 1246 3999 ad
1288 3944 1464 4000 locum
1511 3948 1744 4002 aeterni-

195 4021 313 4079 tatis.

701 4123 1103 4183 CAPITULUM
1141 4126 1209 4180 Χ.

190 4216 355 4311 οιΑ-ες
388 4232 530 4311 quot!
568 4250 601 4285 a
641 4236 907 4311 contrario
955 4237 1350 4311 intelligendum
1397 4239 1484 4303 sit,
1532 4243 1742 4311 quando

244 4298 427 4379 dicitur
477 4301 623 4357 Deus
654 4307 934 4379 praescire.
954 4298 1482 4379 Aautpi‘aedestinare
1507 4298 1739 4379 pZ'ccata,

1847 3037 2048 3094 genus,
2095 3022 2237 3091 quod
2283 3021 2469 3076 eadem
2514 3021 2912 3077 contrarietatis
2955 3022 3135 3093 regula
3177 3021 3373 3076 malum
3400 3024 3423 3055 ⁸

1772 3075 1817 3137 c
1848 3075 2064 3180 dicitur,
2093 3131 2215 3170 cum
2251 3114 2570 3169 naturaliter
2594 3115 2664 3169 sit
2686 3113 2914 3177 bonum;
2945 3127 3003 3167 ut
3046 3090 3130 3169 est
3157 3115 3297 3184 ignis
3336 3114 3423 3169 ille

1846 3216 2118 3273 aeternus,
2155 3208 2244 3277 qni
2282 3214 2649 3277 praeparatus
2676 3216 2765 3261 est
2805 3204 3015 3260 diabolo
3048 3204 3425 3273 ministrisque

1845 3299 1981 3369 ejus.
2024 3299 2214 3354 Cetera
2265 3298 2467 3362 omnia,
2524 3312 2662 3366 quae
2708 3296 2924 3366 proprie
2954 3304 3215 3350 vocantur
3255 3295 3420 3359 mala,

1846 3404 2059 3459 unaque
2114 3388 2179 3444 de
2224 3403 2387 3444 causa
2434 3389 2749 3452 nascentia,
2806 3377 3335 3457 perversoscilicet,
3367 3396 3418 3441 ut

1845 3496 2006 3551 saepe
2025 3480 2227 3536 dictum
2258 3491 2357 3543 est,
2387 3489 2533 3535 motu
2550 3480 2759 3536 liberae
2790 3479 3102 3543 voluntatis,
3130 3478 3421 3537 mutabilis.

1845 3576 2143 3632 avertentis
2174 3592 2233 3633 se
2262 3592 2291 3630 a
2316 3574 2598 3640 Creatore,
2631 3574 2878 3644 maleque
2908 3573 3111 3628 utentis
3142 3581 3417 3636 creatura,

1845 3668 1986 3722 inter
2014 3667 2147 3722 duos
2177 3665 2434 3721 terminos
2460 3664 2817 3734 colliguntur;
2858 3676 3088 3731 quorum
3134 3678 3272 3715 unus
3302 3677 3424 3731 pec-

1844 3767 2046 3822 catum,
2078 3756 2216 3811 alter
2243 3770 2412 3826 poena
2438 3754 2553 3824 ejus
2580 3764 2682 3809 est.

1913 3847 1998 3903 lll.
2040 3846 2212 3903 Omne
2266 3848 2429 3918 igitur
2474 3846 2671 3901 malum
2719 3855 2812 3900 aut
2855 3854 3134 3916 peccatum
3183 3851 3286 3908 est,
3334 3852 3430 3895 aut

1843 3953 2014 4007 poena
2039 3938 2266 4009 peccati.
2315 3936 2465 4005 Quae
2506 3938 2611 3993 duo
2659 3937 2704 3991 si
2751 3934 2894 3990 nulla
2939 3934 3080 3989 ratio
3126 3948 3251 3988 vera
3299 3931 3429 3985 sinit

1846 4032 2012 4086 Deum
2057 4029 2352 4100 praescire,
2395 4036 2595 4097 quanto
2643 4027 2810 4097 magis
2857 4025 3263 4094 praedestinare
3306 4020 3428 4089 quis

1843 4122 2040 4176 audeat
2062 4120 2261 4185 dicere,
2291 4120 2391 4174 nisi
2421 4135 2450 4174 e
2471 4118 2779 4173 contrario?
2804 4115 2942 4184 Quid
2969 4115 3149 4170 enim?
3174 4111 3428 4181 Nunquid

1841 4226 2129 4281 possumus
2170 4219 2317 4266 recte
2358 4211 2560 4267 sentire
2611 4210 2678 4263 de
2703 4208 2837 4273 Deo,
2865 4208 2957 4276 qui
2998 4207 3143 4261 solus
3188 4214 3271 4261 est
3298 4218 3425 4260 vera

1840 4303 2096 4367 essentia,
2149 4302 2241 4372 qui
2288 4301 2418 4356 fecit
2470 4300 2671 4364 omnia,
2720 4313 2858 4368 quae
2883 4306 3029 4361 sunt,
3078 4297 3131 4350 in
3160 4303 3424 4365 quantum

246 4366 312 4416 re!
338 4382 579 4437 mortem,
612 4366 689 4427 rel
722 4390 917 4442 poenas
943 4366 1235 4439 hominum,
1268 4377 1344 4431 vel
1374 4366 1698 4449 angelorum.
1727 4366 1735 4375 ’

1849 4402 1993 4459 sunt,
2020 4408 2227 4457 eorum,
2257 4407 2396 4461 quae
2418 4407 2527 4446 nec.
2547 4391 2660 4460 ipse
2689 4398 2793 4454 est,
2816 4403 2913 4443 nec
2940 4389 3009 4442 ab
3036 4402 3100 4441 eo
3124 4396 3267 4453 sunt,
3301 4387 3425 4455 quia

243 4470 278 4525 L
312 4473 489 4531 Restat
518 4483 869 4537 considerare
897 4483 1094 4549 iocum,
1126 4486 1239 4555 qui,
1268 4496 1327 4542 ut
1354 4489 1741 4557 praediximus,

189 4572 210 4608 ο
241 4560 535 4625 Dialecticis
579 4587 641 4624 ac
666 4570 975 4628 Rhetoricis
996 4576 1338 4645 enthymema
1367 4578 1388 4609 ³
1433 4589 1678 4646 vocatur,
1706 4598 1736 4636 a

185 4648 544 4716 Granunaticis
578 4678 707 4716 vero
735 4668 1151 4743 καταιτίηρασις,
1182 4676 1233 4722 et
1263 4678 1348 4724 est
1373 4672 1612 4726 omnium
1658 4690 1743 4727 ar-

100 4766 101 4769 ‘
186 4757 536 4809 gumentomm
591 4756 976 4826 signorumque
1016 4759 1310 4814 verbalium
1354 4760 1739 4817 nobilissimus.

184 4828 416 4893 Indicium
445 4841 468 4872 δ
491 4853 581 4896 est
609 4854 812 4909 autem,
846 4848 1287 4914 praescientiam,
1334 4859 1391 4904 et
1437 4854 1741 4922 praedesti-

184 4924 451 4995 nationem,
483 4934 647 4988 sicuti
687 4944 745 4990 et
788 4938 1261 5008 praeparationem
1286 4980 1301 5005 ,
1346 4950 1401 4995 et
1445 4944 1740 5011 praevisio-

1849 4484 1982 4539 nihil
2004 4493 2149 4549 sunt,
2181 4484 2590 4553 praescientiam
2629 4496 2722 4535 seu
2749 4480 3292 4551 praedestinatiouem
3323 4479 3423 4533 ha-

1847 4576 1978 4630 bere
2006 4574 2067 4628 b?
2097 4574 2154 4628 Si
2185 4574 2328 4629 enim
2366 4565 2498 4626 nihil
2528 4572 2669 4625 aliud
2697 4580 2780 4625 est
2809 4570 3052 4633 scientia,
3084 4570 3187 4624 nisi
3220 4585 3423 4636 rerum,

1848 4682 1986 4735 Quae
2014 4674 2161 4727 sunt,
2188 4663 2556 4735 intelligentia,
2576 4678 2680 4732 qua
2716 4662 2926 4717 ratione
2958 4660 3011 4713 in
3042 4660 3146 4723 his,
3164 4675 3303 4729 quae
3319 4676 3423 4715 non

1846 4765 1994 4821 sunt,
2039 4755 2263 4810 scientia
2291 4753 2376 4808 vel
2424 4753 2780 4823 praescientia
2812 4750 3036 4806 dicenda
3087 4750 3204 4803 est?
3250 4748 3424 4803 Simili

1847 4850 2025 4911 modo,
2066 4848 2127 4901 si-
2152 4845 2284 4901 nihil
2316 4845 2458 4899 aliud
2488 4853 2571 4898 est
2602 4842 3044 4914 praedestinatio,
3073 4840 3175 4895 nisi
3210 4854 3423 4901 eorum,

1847 4953 1986 5010 quae
2012 4938 2154 4993 Deus
2186 4936 2425 4991 facienda
2457 4934 2743 5004 praevidit,
2768 4933 3135 5003 praeparatio:
3154 4934 3422 5004 quomoda

1457 5073 1711 5129 VARIAE
1751 5072 2150 5130 LECTIONES.

231 5176 244 5206 '
271 5175 397 5235 Cod.
429 5184 703 5250 presciise.
733 5183 804 5237 Μ.
844 5184 1147 5254 praescisse.
1224 5185 1244 5215 ⁸
1269 5184 1401 5241 Cod.
1430 5187 1889 5242 contradictoriae.
1968 5187 1988 5218 ³
2012 5186 2142 5242 Cod.
2172 5188 2469 5240 entimema.

231 5247 302 5312 d.,
332 5249 402 5304 ιι.
427 5263 621 5312 potest.
692 5255 714 5285 ‘
744 5253 835 5308 Sic
858 5254 1003 5312 cod.,
1033 5253 1103 5307 Μ.
1126 5255 1490 5308 construenda.
1573 5258 1592 5287 '
1620 5256 1751 5312 Cod.
1785 5257 2064 5312 nermissit.
2143 5258 2165 5289 '
2192 5256 2347 5312 Corr.
2377 5256 2449 5312 Μ.

1663 5266 1751 5312 od.
1784 5266 2064 5327 permissit.

178 5247 302 5313 cod.,
332 5249 402 5304 ιι.
427 5247 621 5316 potest.
692 5255 714 5285 ⁸
744 5247 1003 5318 8ἰοέοό.,
1033 5253 1103 5307 Μ.
1126 5255 1490 5308 construenda.

2550 5185 2569 5216 ⁸
2599 5185 2689 5241 Sic
2725 5186 2871 5249 cod.,
2901 5185 2970 5238 Μ.
2996 5185 3214 5239 dictum.
3287 5178 3307 5208 '
3331 5174 3425 5232 Sic

2143 5258 2165 5289 '
2192 5256 2347 5312 Corr.
2377 5256 2449 5321 Μ,
2481 5257 2599 5311 cod.
2627 5256 2905 5310 malorum.

1692 5371 1941 5426 NOTAE.

237 5466 256 5494 ε
295 5453 454 5512 Rom.
486 5458 625 5521 VIII,
656 5459 747 5514 29.

179 5526 261 5600 Hb
293 5525 537 5584 Pessime
567 5530 746 5591 docet,
782 5538 1059 5600 peccatum
1090 5540 1143 5585 et
1172 5545 1396 5600 poenam
1439 5530 1572 5586 nihil
1597 5547 1738 5593 esse.

178 5594 381 5665 ideoque
394 5615 498 5653 nec
515 5600 775 5667 praesciri
785 5594 895 5654 ἠας
906 5594 1248 5716 praedestina
1258 5603 1321 5656 ri.
1341 5602 1480 5656 Dens
1508 5604 1743 5671 praescit

178 5674 219 5713 ιιι
245 5679 530 5716 peccatum
565 5679 860 5716 utimelius-
905 5708 916 5716 Α
948 5685 1084 5716 enun
1113 5687 1281 5716 noenu
1325 5673 1453 5716 nihil
1498 5682 1598 5716 ρςι-
1647 5672 1739 5716 ςριΙ

177 5674 219 5713 εἰ
244 5679 531 5734 peccatum
565 5679 615 5724 et
640 5686 860 5738 poenas.
903 5672 1084 5739 Aeque
1113 5687 1281 5741 poena
1325 5673 1456 5727 nihil
1498 5682 1600 5737 cst,
1647 5672 1740 5727 sed

1850 5464 2050 5532 aliquid
2093 5475 2195 5524 est,
2225 5466 2277 5519 id
2304 5474 2387 5520 est
2415 5476 2694 5521 creaturae
2726 5463 2838 5526 Dei,
2877 5477 3012 5531 quae
3044 5462 3429 5532 peccatoribus

1848 5534 2100 5601 poenales
2123 5533 2691 5604 eilicinntnr,exeeptis
2709 5536 2774 5587 iis
2799 5533 3054 5603 peccatis,
3069 5548 3208 5659 quae
3220 5547 3424 5604 poenae

1849 5604 2099 5659 dicuntur
2128 5606 2560 5659 praecedentium
2590 5614 2947 5659 peccatorum.
2980 5602 3063 5657 Cf.
3141 5605 3259 5659 rud.

1849 5604 2099 5660 dicuntur
2127 5606 2560 5674 praecedentium
2590 5602 2947 5673 peccatorum.
2980 5602 3063 5657 Cf.
3090 5602 3259 5661 Prud.
