3904 6148
237 288 337 344 597.
1076 356 1079 361 ⁴
1282 283 1485 339 LIBER
1524 284 1614 339 DE
1651 279 2361 375 PllAldDES'l‘lNATIONE.

3366 276 3475 337 538'

236 398 433 461 nolunt,
472 395 517 448 si
560 394 779 465 quando
819 394 873 450 in
904 396 1104 462 divina,
1144 413 1240 453 seu
1280 400 1512 455 humana
1562 400 1790 471 legerint
1818 408 1867 468 Α
1891 399 2304 471 praescientiam
2345 405 2404 454 et
2444 396 2994 468 praedestinationem
3025 394 3241 468 proprie
3268 395 3385 452 ﬁeri
3415 398 3469 453 in

237 488 562 551 auctoritate,
576 487 744 541 Deum
760 488 1082 557 praesciisse
1096 489 1182 544 vel
1209 492 1640 560 praedestinasse
1667 506 1792 561 pec-

235 589 365 644 cata,
413 588 658 642 mortem,
709 579 992 648 supplicia,
1028 593 1166 648 quae
1212 582 1424 650 penitus
1472 582 1605 637 nihil
1644 590 1792 644 sunt,

234 673 346 742 quia
373 673 612 727 defectus
657 673 814 726 sunt!
866 671 1005 739 Quid
1037 673 1183 728 enim
1231 683 1315 728 est
1358 683 1642 744 peccatum
1688 673 1790 728 nisi

235 762 458 817 deiectus
475 759 752 828 iustitiae?
779 764 906 831 quid
924 778 1067 818 mors
1106 764 1209 819 nisi
1238 764 1414 820 vitae?
1441 763 1569 834 quid
1584 761 1790 833 suppli-

235 854 362 909 cium
409 852 511 907 nisi
564 853 950 909 beatitudinis?
995 852 1097 921 Qui
1138 855 1182 910 si
1209 855 1515 925 diligentitrs
1557 854 1794 909 attende-

238 945 580 1008 reut,onmia,
610 957 748 1013 quae
780 953 935 1009 sunt,
967 959 1074 999 non
1089 944 1159 999 ob
1184 946 1329 1000 aliud
1360 960 1501 1010 esse,
1537 945 1642 1000 nisi
1668 945 1792 1014 quia

236 1033 483 1102 praescita
513 1043 570 1086 et
614 1035 1012 1102 praedestinata
1058 1044 1215 1101 sunt,
1251 1037 1433 1092 omnia
1473 1052 1622 1101 vero,
1656 1050 1796 1107 quae

238 1137 329 1175 non
342 1131 485 1185 sunt,
510 1137 617 1177 non
642 1123 710 1178 ob
737 1123 881 1178 aliud
911 1140 1016 1180 non
1044 1139 1185 1190 esse,
1213 1126 1317 1180 nisi
1340 1127 1483 1196 quod
1512 1141 1613 1181 nec
1638 1140 1792 1196 prae-

237 1210 377 1275 scita,
399 1225 499 1266 nec
526 1213 923 1281 praedestinata
945 1223 1093 1281 sunt,
1110 1215 1354 1271 fortassis
1381 1216 1589 1286 seipsos
1616 1230 1794 1271 emen-

236 1300 429 1366 darent,
453 1310 509 1356 et
536 1302 935 1372 resipiscerent,
965 1305 1313 1376 animumque
1341 1322 1496 1361 suum
1526 1307 1592 1360 ad
1617 1305 1792 1360 lucem

238 1390 460 1448 veritatis
485 1404 881 1462 converterent,
909 1406 968 1451 ut
994 1397 1048 1451 in
1075 1413 1159 1463 ea,
1187 1406 1243 1452 et
1279 1413 1377 1468 per
1400 1397 1556 1452 eam‘
1573 1409 1794 1452 cernere

234 1495 435 1553 possent
460 1485 527 1539 in
557 1486 705 1540 omni
734 1501 915 1541 rerum
944 1496 1160 1552 natura,
1191 1488 1453 1558 quidquid
1503 1500 1633 1543 vere
1657 1488 1679 1517 ¹
1710 1486 1792 1541 in-

235 1575 430 1630 venitur
472 1591 614 1642 esse,
661 1593 767 1631 non
798 1576 940 1633 aliud
976 1578 1030 1634 id
1064 1593 1206 1645 esse,
1237 1579 1340 1633 nisi
1367 1593 1554 1644 unam,
1583 1591 1796 1632 veram-

236 1684 327 1739 que
352 1669 667 1735 essentiam,
708 1685 847 1739 quae
883 1670 1083 1740 ubique
1122 1671 1177 1725 in
1211 1685 1270 1726 se
1310 1671 1423 1740 ipsa
1454 1679 1566 1725 tota
1592 1677 1698 1724 est.
1725 1668 1795 1723 Et

1894 491 2010 557 his,
2040 506 2180 561 quae
2218 491 2412 547 ordine
2447 499 2746 561 temporum
2783 489 3113 561 praecedunt
3136 502 3225 554 ea,
3249 502 3390 558 quae
3418 497 3473 544 et

1895 582 2202 653 praescium
2227 591 2284 637 et
2308 582 2715 652 praedestinant
2763 581 2808 646 ',
2850 578 3074 636 abusive
3109 593 3247 634 vero
3264 578 3373 634 dici
3418 579 3470 632 in

1894 686 1978 736 eo,
2007 672 2097 727 cui
2124 670 2271 726 nulla
2294 672 2317 705 ⁸
2339 669 2519 725 futura
2567 680 2714 737 sunt,
2741 670 2995 741 quoniam
3028 668 3175 725 nullo
3207 679 3466 739 tempore.

1894 760 1989 815 sed
2001 775 2098 815 sua
2111 759 2431 816 aeternitate
2452 760 2725 830 praecedit
2739 760 2943 825 omnia,
2967 772 3106 829 quae
3134 758 3202 813 ab
3227 772 3297 813 eo
3310 757 3474 813 sinit?

1894 851 2003 906 Aut
2031 850 2302 921 quomodo
2342 866 2374 905 a
2398 851 2627 907 veritate
2670 851 2976 914 abhorreat,
3016 849 3061 904 si
3091 849 3302 905 dicatur
3342 863 3377 902 a
3401 848 3473 904 si-

1894 943 2005 998 mili
2023 983 2040 1009 ,
2069 942 2357 1012 praescivit
2384 942 2526 998 Deus
2552 942 2756 1007 omnia,
2787 956 2926 1011 quae
2958 940 3199 996 facturus
3221 949 3385 1003 esset,
3415 948 3474 993 ct

1895 1034 2107 1090 dicatur
2153 1049 2185 1089 a
2229 1033 2503 1090 contrario
2527 1031 2877 1105 ,praescivit,
2912 1045 3050 1101 quae
3097 1030 3337 1085 facturus
3364 1042 3475 1082 non

1893 1133 2057 1191 esset,
2082 1140 2181 1195 pro
2205 1125 2468 1181 nescivit?
2502 1123 2764 1180 Similiter
2792 1122 2858 1178 de
2887 1119 3472 1192 praedestinatiouein-

1895 1214 2478 1284 telligendumasimili.
2513 1212 2935 1269 Praedcstinavit
2965 1210 3126 1272 Deus,
3153 1227 3288 1279 quos
3318 1224 3470 1279 prae-

1894 1306 2105 1376 paravit
2153 1306 2220 1360 ad
2270 1320 2422 1363 suam
2469 1304 2759 1376 gratuitam
2804 1303 3032 1374 gratiam
3083 1300 3475 1369 accipiendam.

1892 1395 1935 1449 Α
1964 1388 2240 1451 contrario
2269 1394 2693 1466 praedestinavit
2738 1392 2931 1462 impios
2964 1390 3030 1446 ad
3062 1389 3361 1455 interitum,
3394 1389 3479 1441 ενι

1893 1486 2212 1556 supplicium
2225 1496 2525 1551 aeternum,
2550 1499 2688 1557 quos
2713 1495 2891 1541 tamen
2908 1499 3014 1540 non
3036 1480 3470 1553 praedestinavit.
3508 1534 3509 1537 η

1894 1580 1951 1636 Si
1994 1581 2136 1637 enim
2169 1580 2549 1651 praedestinati
2597 1589 2722 1636 sunt
2755 1619 2771 1641 ,
2817 1577 3124 1634 necessario
3165 1575 3495 1646 peribunt',

1895 1688 2206 1744 poenasque
2233 1673 2509 1743 patientur
2536 1671 2876 1728 inevitabiles
2903 1670 2969 1725 ".
3007 1668 3160 1737 Quod
3188 1667 3232 1722 si
3273 1667 3343 1722 ita
3371 1681 3475 1726 est.

234 1774 356 1829 quae
378 1758 708 1824 estilla,nisi
721 1761 960 1815 omnium
986 1771 1299 1816 naturarum
1312 1761 1620 1833 praesciens
1643 1775 1798 1831 prae-
1826 1743 1875 1805 Β
1903 1743 2173 1836 qttmnodo
2201 1764 2347 1835 juste
2388 1765 2719 1834 iudicabitur
2747 1764 2999 1827 mundus,
3037 1776 3199 1833 quem
3243 1761 3478 1815 necessi-

234 1852 524 1916 dcstinatio,
567 1861 623 1908 et
658 1854 1014 1923 praescientia
1041 1854 1488 1924 praedestinans?
1515 1852 1572 1909 Si
1614 1863 1795 1908 autem

232 1946 557 2015 apertissime
623 1945 959 2017 intelligitur,
1022 1948 1263 2001 omnium
1320 1955 1637 2001 naturarum
1686 1960 1793 1999 non

232 2049 337 2089 esse
366 2050 636 2090 summam
671 2038 1133 2108 principalemque
1160 2040 1543 2105 substantiam,
1574 2048 1796 2109 praeter

234 2124 447 2180 divinam
477 2129 893 2197 praescientiam
920 2130 941 2161 ³
968 2140 1021 2184 et
1046 2131 1591 2199 praedestinationem
1618 2148 1632 2184 :
1656 2145 1792 2199 quo-

236 2217 373 2271 modo
404 2218 736 2272 credendum
773 2228 873 2285 est,
904 2220 957 2273 in
992 2221 1072 2275 eis
1097 2236 1236 2286 esse,
1269 2236 1407 2291 quae
1439 2222 1658 2275 omnino
1687 2237 1792 2275 non

232 2309 372 2362 sunt?
397 2307 453 2363 Si
487 2311 635 2364 enim
681 2311 732 2365 in
758 2311 837 2367 eis
862 2321 1066 2378 essent,
1094 2313 1279 2382 procul
1310 2313 1469 2367 dubio
1500 2327 1604 2368 non
1636 2312 1791 2377 nihil,

234 2400 314 2452 sed
346 2399 549 2470 aliquid
581 2401 974 2457 substitissent.
1012 2401 1081 2456 At
1110 2418 1238 2457 vero
1265 2402 1398 2456 nihil
1425 2411 1570 2456 sunt.
1626 2402 1682 2457 ln
1715 2402 1795 2456 cis

231 2490 374 2559 igitur
423 2506 529 2547 nec
573 2492 966 2564 praescientia,
1011 2508 1111 2548 nec
1155 2491 1577 2565 praedestinatio
1614 2492 1791 2547 divina

229 2589 363 2635 sont.

728 2676 1123 2734 CAPITULUM
1172 2677 1262 2734 XI.

230 2768 365 2858 Quod
392 2785 578 2839 divina
609 2788 942 2858 humanaque
974 2787 1288 2841 auctoritate
1326 2787 1651 2858 contprobari
1676 2805 1795 2858 pose

287 2854 367 2917 sit,
393 2872 500 2909 non
531 2873 644 2909 esse
672 2857 765 2910 Dei
795 2854 1341 2927 praedestinatiouem,
1360 2854 1464 2911 nisi
1486 2857 1551 2911 de
1572 2854 1685 2923 his,
1705 2857 1797 2927 qui

284 2927 580 2989 praeparati
602 2936 723 2980 sunt
744 2926 811 2980 ad
834 2937 1098 2981 aeternam
1125 2926 1444 2996 felicitatem.

282 3030 321 3084 l.
354 3032 625 3100 Quoniam
654 3051 782 3092 vero
811 3038 969 3108 hujus
994 3047 1215 3094 nostrae
1241 3038 1470 3094 actionis
1483 3037 1793 3111 principalis

226 3127 453 3192 quaestio
500 3130 774 3199 proposita
823 3139 907 3186 est
952 3132 1018 3186 de
1062 3132 1242 3186 divina
1295 3130 1694 3201 praescientia‘
1736 3140 1792 3187 et

226 3218 723 3285 praedestinatioue,
770 3230 991 3291 propter
1024 3237 1186 3292 quam
1216 3222 1521 3278 necessario
1561 3222 1790 3293 diligen-

230 3305 320 3360 tius
344 3308 364 3339 ⁸
391 3311 731 3380 tractandam
760 3312 1056 3367 incidentes
1090 3313 1793 3383 quaestionesintroductae

228 3404 352 3475 sunt,
387 3399 584 3454 eadem
617 3401 775 3469 paulo
802 3403 1041 3472 apertius
1068 3403 1438 3472 exemplorum
1495 3403 1790 3461 luminibus

229 3484 543 3544 discutienda
554 3530 566 3541 .
584 3489 693 3545 Sed
704 3492 851 3561 prius
865 3501 1169 3548 nostrarum
1187 3494 1484 3549 litterarum
1500 3493 1792 3552 lectoribus

228 3578 433 3634 suadere
464 3581 801 3646 curavimus,
833 3583 879 3638 si
915 3592 1095 3638 tamen
1123 3585 1263 3651 sint,
1292 3585 1383 3655 qui
1407 3600 1501 3640 eas
1539 3585 1792 3656 legendas

221 3662 567 3731 iudicaverint
596 3712 612 3736 ,
664 3682 828 3741 atque
871 3674 1078 3728 utinam
1131 3690 1316 3730 eorum
1352 3677 1553 3731 caritas
1592 3677 1661 3731 ad
1699 3692 1793 3732 eas

227 3758 559 3829 perlegendas
585 3763 824 3825 accedat,
841 3762 961 3834 plus
988 3763 1042 3817 in
1073 3764 1203 3834 ipsis
1228 3775 1442 3820 nostrae
1453 3766 1791 3823 obedientiae

229 3843 549 3903 devotionem
580 3850 993 3915 consideraturi,
1018 3868 1181 3921 quam
1212 3854 1788 3926 utilissimaedisputa-

228 3938 386 4007 tionis,
418 3943 465 3997 si
500 3952 683 3999 tamen
714 3944 890 4015 aliqua
926 3946 1129 4002 utilitas
1168 3947 1222 4002 in
1249 3962 1312 4003 ea
1339 3950 1430 4013 sit,
1463 3949 1785 4020 despecturi,

227 4041 284 4084 ne
317 4030 450 4087 forte
487 4035 643 4104 quasi
682 4038 936 4091 commoti
983 4038 1036 4091 in
1071 4053 1168 4093 nos
1207 4038 1418 4093 irruant
1445 4027 1661 4107 dicturi,
1691 4056 1789 4097 nos

224 4133 327 4176 esse
341 4123 706 4181 destructores
719 4137 772 4181 et
784 4128 1196 4197 praeseientiae,
1217 4136 1271 4183 et
1284 4131 1788 4198 praedestinationis

230 4205 444 4270 divinae.
474 4213 629 4281 quia,
663 4213 708 4268 si
748 4216 1042 4271 studiosius
1088 4216 1439 4285 inspexerint,
1472 4218 1786 4275 assertionis

222 4308 389 4352 earum
418 4300 713 4370 plurimum
740 4303 792 4358 in
821 4304 901 4360 eis
928 4305 1222 4372 invenient,
1252 4305 1632 4363 destru'ctionis
1657 4322 1787 4364 vero

1901 1866 1982 1911 tas
2002 1856 2513 1926 praedestinationis
2549 1856 2695 1928 cogit
2733 1854 2948 1927 perire?
2980 1853 3133 1921 Quod
3187 1851 3478 1920 impietatis

1896 1948 2171 2017 proprium
2200 1958 2281 2003 est
2309 1948 2608 2003 aestimari.

1966 2038 2029 2094 ll.
2071 2038 2303 2096 Proinde
2351 2055 2418 2095 ne
2471 2051 2651 2097 nostra
2706 2041 2806 2095 ista
2857 2040 3201 2097 ratiocinatio
3228 2044 3479 2098 videatur

1896 2131 2039 2186 nulla
2071 2132 2286 2187 divinae
2314 2146 2408 2188 seu
2442 2132 2707 2186 humanae
2730 2131 3071 2188 auctoritatis
3102 2133 3329 2187 lornmla
3358 2149 3478 2187 es~e

1894 2221 2133 2287 aull‘ulta,
2160 2223 2289 2294 quid
2305 2224 2518 2279 divinae
2547 2222 2860 2294 Scripturae
2889 2224 3118 2293 paginis,
3147 2226 3274 2295 quid
3305 2226 3476 2280 satu-ti

1896 2313 2071 2382 patris
2094 2313 2380 2384 AuguStini
2409 2313 2571 2368 dictis
2602 2322 2779 2382 potest
2825 2313 2988 2376 edici.
3035 2314 3359 2384 investigare
3387 2318 3478 2369 do-
3576 2322 3583 2327 '

1896 2402 2103 2468 bemus,
2133 2419 2238 2459 non
2272 2403 2415 2473 quod
2466 2403 2503 2435 "
2547 2403 2773 2458 aliorum
2822 2403 3210 2460 catholicorum
3258 2404 3477 2461 Patrum
3548 2395 3552 2398 ’

1892 2493 2153 2563 exemplis
2183 2496 2316 2549 haec
2347 2495 2533 2550 eadem
2560 2495 2882 2550 concludere
2912 2509 3014 2549 non
3046 2498 3341 2566 possimus.
3383 2499 3476 2553 sed

1893 2582 2039 2653 quod
2091 2583 2456 2640 necessarium
2488 2583 2761 2647 duximus,
2795 2592 2848 2638 et
2883 2583 3090 2640 utiliter
3118 2586 3184 2639 ad
3217 2600 3328 2640 rem
3358 2601 3478 2655 per~

1895 2673 2066 2729 linere
2114 2674 2357 2731 videmus
2386 2676 2452 2739 “,
2486 2676 2629 2732 illius
2654 2675 2894 2731 auctoris
2925 2676 3066 2731 dicta
3119 2690 3335 2747 ponere.
3389 2677 3476 2732 cui

1896 2764 2130 2819 maxime
2144 2763 2541 2838 t‘.[otesealeus]
2558 2765 2864 2821 haereticus
2877 2764 2958 2821 sui
2976 2763 3189 2820 nefandi
3209 2767 3477 2837 dogmatis

1894 2866 2085 2907 causas
2114 2852 2250 2908 solet
2288 2853 2509 2909 referre.
2540 2853 2693 2908 Nulla
2723 2855 2923 2909 etenim
2963 2855 3232 2926 scriptura
3267 2866 3376 2922 est,
3410 2857 3475 2911 de

1893 2957 1998 3011 qua
2031 2958 2136 2997 non
2168 2944 2328 2999 facile
2371 2960 2474 2998 non
2527 2944 2887 3015 intelligentes
2925 2960 3045 3001 eam
3072 2961 3235 3016 prava
3268 2947 3476 3016 possint

1894 3034 2116 3090 sentire.
2144 3030 2278 3090 llinc
2299 3045 2404 3099 est,
2431 3036 2573 3106 quod
2594 3036 2899 3106 praedictus
2917 3046 3227 3093 sanctorum
3254 3037 3475 3094 Patrum

1897 3125 2185 3180 mendosus
2217 3125 2548 3181 adulterator
2594 3126 2820 3191 merito,
2851 3127 2978 3182 dum
3011 3127 3255 3183 veritatis
3299 3143 3474 3199 neque

1892 3215 1963 3269 sit
1994 3214 2365 3284 investigatur,
2396 3230 2569 3286 neque
2598 3216 2868 3281 inventor,
2896 3232 3001 3271 non
3032 3230 3096 3271 ea
3117 3256 3133 3283 ,
3151 3232 3294 3289 quae
3322 3229 3476 3287 pater

1890 3305 2219 3377 Augustinus
2266 3307 2379 3363 suis
2422 3307 2600 3364 verbis
2648 3307 2925 3362 insinuare
2954 3307 3144 3367 voluit.
3183 3308 3473 3371 intellexit,

1891 3398 1984 3452 sed
2011 3408 2171 3461 utea,
2197 3413 2339 3469 quae
2358 3398 2470 3468 ipse
2497 3415 2527 3452 ει
2556 3413 2614 3454 se
2641 3399 2758 3468 ipso
2781 3409 2944 3468 atque
2973 3398 3188 3455 diabolo
3221 3400 3263 3432 "
3292 3400 3470 3458 ﬁll‘til.

1892 3491 2430 3560 suaderet,praedicti
2456 3489 2634 3546 Patris
2657 3505 2761 3545 non
2790 3490 3005 3561 quidem
3032 3492 3192 3546 verba
3221 3491 3277 3547 in
3301 3492 3411 3547 sibi
3432 3493 3473 3522 ¹⁶

1891 3580 2264 3636 convenientia
2292 3623 2307 3647 ,
2361 3582 2455 3636 sed
2511 3581 2668 3651 plane
2723 3582 3029 3637 resistentia
3077 3580 3341 3637 violenter
3391 3597 3473 3638 reo

1892 3669 2067 3725 torsit.

1959 3760 2046 3816 lli.
2083 3759 2185 3816 Ubi
2210 3761 2716 3832 primonotandum,
2739 3761 2880 3832 quod
2906 3771 3126 3819 sanctae
3154 3762 3476 3834 Scripturae

1888 3853 2514 3910 auctoritasinconcussa
2547 3853 2591 3887 ⁸⁸
2620 3855 3032 3925 praescientiam
3054 3855 3214 3911 simul
3238 3865 3291 3911 et
3305 3870 3465 3926 prae—

1889 3945 2327 4012 destinationem,
2375 3957 2471 4002 aut
2522 3947 2689 4003 solam
2745 3946 2989 4002 absolute
3017 3947 3466 4018 praedestinatio—

1889 4051 2031 4101 nem,
2065 4052 2172 4091 non
2202 4038 2306 4093 nisi
2343 4038 2397 4094 in
2425 4039 2528 4104 his,
2558 4053 2694 4108 quos
2722 4039 2865 4094 Deus
2893 4037 3055 4110 elegit
3083 4038 3151 4094 ad
3188 4047 3467 4094 aeternam

1889 4126 2278 4183 beatitudinem
2324 4128 2724 4198 possidendam,
2771 4127 3079 4183 inveniatur
3130 4127 3464 4198 posuisse“.

1887 4215 1967 4271 Ad
1993 4218 2134 4286 quod
2163 4219 2498 4289 probandum
2526 4218 2765 4289 Apostoli
2795 4219 2936 4273 dicta
2968 4217 3256 4274 sufﬁciunt.
3287 4217 3466 4288 Agens

1888 4307 2086 4378 quippe
2112 4309 2179 4363 ad
2213 4307 2488 4365 Romanos
2509 4326 2526 4365 :
2550 4308 2782 4373 Scimus,
2834 4310 3028 4379 inquit,
3053 4311 3301 4381 quoniam
3338 4310 3464 4364 dili-

224 4386 361 4494 uihil.
389 4392 529 4459 Quid
583 4396 771 4449 enim?
815 4394 1066 4467 Nunquid
1111 4396 1195 4451 vel
1243 4397 1658 4467 praescientiam
1688 4399 1783 4456 Dei
1819 4434 1863 4494 υ
1890 4400 2126 4470 gentibus
2150 4400 2314 4454 Deum
2338 4400 2513 4455 omnia
2551 4410 2902 4470 cooperantur
2930 4402 2985 4455 in
3009 4400 3220 4466 bonum,
3245 4400 3349 4467 his,
3376 4403 3465 4473 qui

224 4475 455 4548 destruit,
500 4484 588 4539 vel
622 4483 738 4553 ejus
766 4485 1316 4554 praedestinationem
1344 4488 1659 4554 contemnit,
1690 4490 1785 4560 qui

225 4579 307 4623 eas
341 4574 597 4629 translate
626 4575 693 4631 de
721 4574 833 4630 Deo
856 4576 1159 4646 praedicari
1188 4576 1605 4644 asseritiQuasi
1627 4579 1649 4611 ⁸
1672 4594 1780 4635 non

220 4661 373 4727 possit
416 4678 448 4718 a
497 4665 886 4735 temporalibus
935 4667 1003 4722 ad
1051 4675 1269 4722 aeterna
1339 4667 1626 4723 translatio
1664 4668 1778 4725 fieri

224 4753 367 4810 modo
390 4757 627 4825 quodam
671 4758 1062 4826 similitudinis,
1091 4769 1185 4816 aut
1212 4762 1281 4816 ab
1309 4762 1414 4827 his,
1446 4776 1586 4831 quae
1630 4772 1778 4829 sunt,

220 4855 281 4898 ad
308 4862 389 4913 ea,
420 4865 563 4919 quae
589 4865 699 4906 non
723 4860 874 4915 sunt,
909 4854 1070 4908 modo
1093 4854 1458 4925 pulcherrimo
1484 4857 1782 4912 contrarie-

219 4936 366 4992 tatis?
398 4940 511 4996 Aut
547 4943 702 5012 quasi
736 4952 915 5000 rectae
939 4943 1064 5000 ﬁdei
1110 4946 1350 5013 resistat,
1383 4947 1427 5002 si
1458 4948 1580 5018 quis
1612 4947 1787 5008 dicat.

1889 4491 2174 4545 secundum
2218 4492 2539 4561 propositum
2582 4492 2749 4546 vocati
2795 4501 2957 4558 sunt;
3005 4493 3286 4563 quoniam,
3334 4511 3463 4566 quos

1888 4592 2008 4635 ante
2020 4582 2292 4650 praesciuit
2310 4622 2326 4647 ,
2355 4592 2401 4636 et
2431 4582 2833 4651 praedestinavit
2854 4583 3148 4652 conformes
3170 4584 3287 4652 ﬁeri
3323 4589 3460 4641 ima-

1887 4672 2023 4741 ginis
2049 4668 2175 4724 Filii
2203 4672 2307 4736 sui,
2327 4681 2380 4731 ut
2401 4672 2464 4727 sit
2486 4672 2595 4742 ipse
2612 4674 2986 4743 primogenitus
3008 4674 3066 4728 in
3086 4674 3263 4729 multis
3284 4676 3465 4746 fratri-

1889 4765 2003 4825 bus.
2049 4764 2195 4832 Quos
2232 4774 2407 4821 autem
2429 4766 2852 4836 praedestinavit,
2900 4765 3019 4821 illos
3057 4775 3104 4821 et
3147 4768 3381 4833 meavit;
3415 4776 3463 4821 et

1887 4871 2016 4926 quos
2050 4865 2269 4921 vacavit,
2307 4857 2448 4926 ipsos
2478 4866 2525 4910 ct
2545 4855 2898 4927 justiﬁcavit;
2931 4870 3065 4925 quos
3100 4866 3274 4912 autent
3299 4857 3460 4928 justi-

1887 4949 2094 5017 ﬁcavit,
2133 4949 2273 5020 ipsos
2316 4960 2364 5005 et
2407 4949 2717 5022 gloriﬁcavit
2745 4961 2795 5002 ι.
2842 4948 2971 5004 Item
3014 4950 3082 5006 ad
3112 4950 3456 5022 Ephesios":

1442 5081 1695 5137 VARIAE
1729 5082 2125 5142 LECTIONES.

279 5188 409 5272 18ic
429 5192 576 5272 cod.,
696 5208 800 5272 ξιτ..
853 5195 873 5224 ¹¹
900 5193 990 5249 Sic
1019 5192 1262 5272 codrnh‘l.
1286 5209 1424 5272 vero.
1471 5192 1524 5272 _
1554 5191 1707 5248 Corr.
1734 5193 1829 5272 Μ.)
1855 5196 1976 5250 cod.
2005 5200 2362 5272 presentiama
2413 5198 2436 5231 ⁵
2460 5198 2618 5272 corr.
2648 5197 2744 5272 at,
2779 5200 2903 5272 eod.
2929 5200 3205 5272 presentia.
3261 5199 3452 5272 [ϐοὰ.

215 5256 525 5315 delimtius.

220 5394 271 5471 Ἶ-
292 5397 473 5471 (Ioni.
517 5401 640 5456 cod.
658 5470 671 5471 γ
690 5404 945 5471 nunquid.

213 5468 303 5521 sibi
323 5470 549 5541 quidem.
630 5470 676 5502 ¹⁸
694 5468 825 5526 ϐοά.
863 5472 1161 5530 inconcusa.
1242 5474 1286 5506 ¹⁶
1308 5468 1440 5530 Cod.
1471 5472 1749 5535 possuisse.

275 5658 300 5687 ι
330 5648 487 5705 Rom.
511 5651 642 5717 Vill,
672 5653 743 5707 28
770 5669 918 5723 seqq.

628 5261 651 5293 ‘
681 5261 829 5337 ‘Co‘d‘.
851 5266 1050 5332 quassi.
1126 5262 1258 5337 [Sic
1288 5265 1434 5327 cod.,
1471 5261 1541 5337 ΜΔ.
1567 5265 1841 5337 praesciuit
1890 5275 1939 5320 et
1979 5261 2403 5337 praedestinavit.

373 5330 496 5410 dem
527 5339 622 5410 aut
651 5330 926 5410 simillima
956 5333 1199 5410 aequalis
1238 5346 1442 5410 t_natius_
1463 5333 1530 5388 ad
1563 5330 1733 5410 marg.
1764 5335 1943 5390 adscr.
1971 5330 2085 5410 :llic
2127 5337 2254 5410 dicit
2284 5340 2820 5410 gpraedestinationent
2860 5330 3212 5410 necessitatem
3249 5337 3458 5410 inferre

1069 5404 1109 5435 ¹²
1158 5401 1261 5459 Sed
1303 5403 1442 5474 quod
1463 5433 1529 5442 -—
1559 5401 1790 5474 videmus
1827 5419 1938 5459 om.
1969 5406 2038 5461 M.

1831 5476 1872 5507 ¹⁷
1899 5475 2032 5535 Cod.
2062 5478 2275 5549 efesios.

1689 5583 1939 5643 NOTAE.

2497 5269 2519 5302 ⁸
2548 5269 2679 5325 Cod.
2712 5270 2861 5325 stula.
2931 5268 2974 5304 ’⁸
2997 5268 3129 5325 Cod.
3158 5269 3451 5339 per/tilium.

2118 5408 2161 5441 ¹³
2186 5406 2323 5465 Cod.
2348 5410 2584 5466 diabulo.
2665 5409 2710 5441 "
2737 5409 2828 5466 Sic
2857 5410 3003 5475 cod.,
3045 5407 3115 5462 Μ.
3148 5406 3311 5463 verba
3348 5423 3455 5463 non
