3904 6148
388 240 519 305 599·

1756 254 2036 313 IOANNIS
2076 257 2271 315 SCOTI

3523 258 3620 310 illd

390 360 698 418 Benedictus
729 365 863 420 Deus
895 378 939 419 et
973 364 1129 421 Pater
1154 367 1359 420 Domini
1391 379 1550 421 nostri
1579 369 1704 422 Jesu
1733 366 1946 433 Christi,
1980 373 2022 430 Α
2061 389 2077 421 ι
2117 370 2211 424 Est
2235 360 2449 440 quidam
2473 367 2698 437 populus
2720 376 3069 438 praeparatus
3096 366 3310 421 adiram
3335 367 3450 434 Dei,
3473 369 3622 421 dam-

390 454 478 521 qui
512 453 767 509 benedixit
802 473 893 510 nos
933 459 987 510 in
1028 459 1167 511 omni
1203 458 1554 513 benedictione
1598 461 1857 529 spirituali
1898 462 1951 514 in

393 544 698 598 caelestibus
726 546 778 598 in
803 543 1006 600 Christo
1027 546 1153 601 Jesu
1188 548 1319 603 sicut
1344 549 1489 619 elegit
1515 568 1607 606 nos
1629 552 1681 605 in
1705 555 1814 620 ipso
1837 562 1956 606 ante

395 636 811 689 constitutionem
840 639 1040 701 mundi,
1098 650 1152 691 ut
1186 657 1411 694 essemus
1435 645 1600 695 sancti
1629 652 1677 694 ct
1702 643 1812 695 sine
1841 659 1956 695 ma-

395 723 517 778 cula
563 726 616 778 in
639 737 910 795 conspectu
935 728 1050 796 ejus
1078 729 1131 781 in
1158 731 1415 795 caritate;
1444 732 1834 799 praedestinans
1865 747 1957 785 nos

395 814 446 867 in
470 814 795 881 adoptionem
822 815 1053 882 ﬁliorum
1080 833 1172 886 per
1191 816 1223 870 J
1230 834 1372 871 esum
1395 818 1657 872 Christum
1687 822 1739 873 in
1765 798 1957 888 ipsum,

333 943 353 993 ὲ
393 905 672 957 secundum
704 904 951 974 placitum
981 906 1259 964 uoluntatis
1274 911 1504 974 suae,ad
1534 911 1740 964 laudem
1761 912 1960 981 gloriae

307 1046 357 1089 ,λ’
393 996 592 1063 gratiae
612 1011 773 1061 suae,
811 998 866 1049 in
907 1014 1009 1069 qua
1051 1000 1363 1068 grati/ienuit
1383 1018 1474 1055 nos
1514 1002 1568 1053 in
1601 1001 1788 1056 dilecto
1817 1001 1961 1056 Filio

393 1100 511 1147 suo,
558 1085 610 1137 in
639 1102 739 1155 quo
782 1087 1030 1142 [tabernas
1079 1089 1478 1155 redemptionem
1523 1109 1615 1159 per
1651 1094 1960 1163 sanguinem

308 4745 363 4821 ⁸)

393 1176 528 1241 ejus,
558 1178 910 1231 remissionem
930 1190 1255 1247 peccatorum
1294 1183 1577 1236 secundum
1609 1184 1817 1237 divitias
1842 1201 1963 1254 gra-

393 1270 495 1322 tiae
523 1271 1248 1344 ejus,quaesuperabundavit
1275 1280 1327 1332 in
1342 1296 1430 1333 nos
1449 1283 1499 1334 in
1525 1281 1665 1334 omni
1687 1280 1961 1348 sapientia,

393 1373 439 1416 et
460 1365 767 1431 prudentia;
799 1368 1071 1423 ostendens
1100 1371 1245 1424 nobis
1276 1382 1658 1426 sacramentum
1684 1371 1964 1425 voluntatis

393 1471 540 1516 suae,
567 1455 850 1510 secundum
877 1457 1067 1511 bonum
1094 1458 1345 1528 placitum
1373 1461 1510 1529 ejus,
1537 1462 1676 1531 quod
1700 1459 1965 1529 proposuit

394 1547 447 1598 in
469 1562 549 1608 eo,
574 1546 642 1598 ad
677 1547 1070 1616 dispositionem
1106 1549 1442 1619 plenitudinis
1473 1561 1778 1620 temporum,
1804 1559 1858 1603 ut
1881 1565 1964 1603 re—

395 1639 876 1692 stanrrnturomnia
891 1640 944 1692 in
961 1639 1187 1701 Christo,
1204 1657 1339 1710 quae
1358 1652 1474 1694 sunt
1497 1643 1547 1694 in
1564 1640 1744 1704 caelis,
1765 1650 1810 1692 et
1832 1655 1965 1708 quae

2056 464 2265 517 nandus
2286 478 2407 516 cum
2431 462 2643 516 diabolo
2664 464 2683 492 ¹
2707 479 2753 525 »ς
2786 462 2914 515 item
2942 461 3008 515 de
3026 460 3281 516 Judaeis‘
3307 479 3320 514 :
3342 483 3358 511 ι
3379 461 3467 515 Isti
3493 460 3625 515 indi-

2059 561 2284 621 gnantes
2311 552 2506 605 mortui
2533 561 2585 605 et
2607 553 2764 606 morti
2793 550 3153 620 sempiternae
3167 551 3542 620 praedestinati
3578 570 3621 603 ρ.

2058 643 2189 700 Item
2217 662 2231 698 :
2261 664 2279 695 ι
2310 646 2485 710 Quare
2522 645 2653 697 dixit
2677 644 2933 697 Dominus
2951 639 3188 703 Judaeis,
3218 658 3307 694 vos
3339 657 3438 694 non
3470 638 3630 693 credi-

2058 734 2143 794 tis,
2176 734 2298 805 quia
2327 749 2429 786 non
2451 734 2572 786 estis
2595 748 2658 785 ex
2680 731 2858 785 ovibus
2879 732 3005 783 meis
3038 733 3084 794 ⁸,
3128 729 3380 797 nisiquia
3419 728 3631 782 videbat

2064 838 2158 877 eos
2225 823 2291 876 ad
2338 822 2723 891 sempiternum
2761 822 3036 875 interitum
3063 820 3490 890 praedestinatos
3515 819 3541 859 ιι
3573 834 3626 881 »ς

2062 913 2373 978 identidem,
2403 913 2544 982 quod
2583 913 2835 967 Dominus
2866 912 3036 966 dicit:
3068 927 3216 964 nemo
3253 921 3418 979 potest
3454 915 3631 978 rd‘pere

2062 1005 2127 1058 de
2168 1021 2327 1057 manu
2370 1004 2532 1070 patris
2570 1004 2670 1057 mei
2713 1005 2759 1066 ί,
2790 1002 3124 1072 cxplanando
3177 1001 3516 1070 persequitur
3559 999 3635 1053 di-

2063 1110 2192 1149 cens
2223 1113 2236 1148 :
2267 1115 2287 1146 ‹
2322 1094 2457 1160 Quid
2498 1101 2675 1163 potest
2700 1092 2876 1161 lupus,
2903 1091 3031 1160 quid
3066 1098 3242 1159 potest
3263 1089 3349 1143 fur
3381 1100 3434 1143 et
3461 1086 3634 1141 latro?

2065 1185 2179 1239 Non
2201 1186 2445 1255 perdunt,
2474 1183 2576 1237 nisi
2609 1183 2674 1236 ad
2697 1182 2970 1236 interitum
2995 1179 3419 1250 praedestinatos
3445 1180 3459 1225 i
3508 1198 3547 1228 ι.
3577 1177 3633 1230 In

2065 1276 2220 1338 libro,
2249 1290 2407 1345 quem
2440 1282 2593 1328 vocat
2623 1272 2964 1328 Enchiridion
3001 1272 3020 1302 ³
3052 1289 3066 1324 :
3098 1291 3116 1322 ι
3152 1270 3293 1326 llaec
3326 1279 3449 1324 sunt
3479 1289 3524 1333 ι,
3558 1271 3635 1322 in-

2067 1367 2202 1434 quit,
2228 1385 2246 1416 ‹
2275 1381 2465 1434 magna
2488 1380 2643 1429 opera
2668 1362 2875 1416 Domini
2894 1362 3150 1431 exquisita
3176 1365 3229 1414 in
3257 1376 3428 1414 omnes
3449 1361 3637 1412 volun-

2067 1467 2199 1510 tates
2231 1456 2344 1524 ejus
2377 1455 2425 1517 ιε,
2455 1462 2507 1508 et
2531 1464 2639 1506 tam
2668 1453 2938 1521 sapienter
2958 1450 3245 1519 exquisita,
3280 1457 3367 1510 ut,
3401 1464 3521 1503 cum
3547 1462 3639 1500 an-

2068 1548 2238 1619 gelica
2285 1555 2341 1600 et
2366 1546 2600 1600 humana
2652 1553 2898 1598 creatura
2945 1548 3240 1612 peccasset,
3294 1540 3344 1594 id
3374 1547 3488 1603 est,
3533 1553 3639 1591 non

2072 1642 2213 1712 quod
2261 1640 2371 1705 ille,
2401 1641 2493 1694 sed
2518 1638 2661 1708 quod
2691 1636 2858 1691 voluit
2905 1635 3041 1703 ipsa,
3074 1632 3309 1696 fecisset,
3338 1632 3501 1687 etiam
3545 1645 3643 1699 per

395 1742 551 1794 super
579 1736 793 1792 (errant,
839 1729 893 1783 in
941 1731 1069 1799 ipso,
1117 1731 1171 1783 in
1199 1748 1299 1800 quo
1333 1742 1379 1784 et
1403 1742 1539 1784 sorte
1569 1732 1734 1784 vocati
1760 1747 1960 1795 sumus,
1995 1735 2040 1794 B
2067 1732 2290 1789 eandem
2327 1740 2611 1786 creaturae
2632 1729 2979 1791 voluntatem,
3010 1739 3114 1793 qua
3143 1723 3339 1776 factum
3368 1730 3472 1781 est,
3497 1719 3644 1788 quod

396 1819 766 1883 praedestinati
820 1821 1102 1875 secundum
1153 1825 1473 1891 pr0positum
1513 1821 1604 1877 Dei
1646 1823 1709 1877 ab
1743 1840 1840 1886 co,
1875 1825 1964 1892 qui

398 1909 572 1963 omnia
595 1920 838 1981 operatur
858 1912 1139 1964 secundum
1165 1914 1436 1967 consilium
1465 1912 1744 1966 uoluntatis
1773 1926 1961 1967 suaet.

397 2000 596 2054 Contra
641 2001 797 2055 istam
823 2003 1064 2057 veritatis
1087 2012 1192 2057 tam
1221 2003 1418 2057 claram
1445 2004 1626 2058 tubam
1657 2002 1777 2072 quis
1809 2002 1968 2057 homo

400 2089 610 2146 sobriae
636 2092 1013 2163 vigilantisque
1053 2094 1172 2148 ﬁdei
1204 2109 1366 2148 voces
1402 2094 1649 2148 admittat
1674 2094 1969 2148 humanas?

399 2182 531 2250 Quis
563 2184 614 2239 in
647 2200 708 2239 ea
737 2201 841 2240 non
878 2186 1056 2240 audiat
1090 2188 1631 2255 praedestinanonem
1662 2187 1970 2242 omnimodo

400 2289 521 2329 esse
570 2284 878 2332 sanctorum
911 2318 926 2343 ,
989 2277 1133 2333 nullo
1191 2279 1345 2334 modo
1397 2294 1558 2350 posse
1612 2279 1729 2335 ﬁeri
1783 2295 1970 2350 repro-

400 2366 588 2421 borum
605 2368 628 2423 τ

473 2455 557 2509 ιν.
589 2457 850 2524 Quoniam
902 2474 1030 2514 vero
1073 2468 1292 2515 sanctus
1319 2469 1472 2531 pater
1514 2460 1765 2515 Aurelius
1797 2460 1976 2531 Augu-

406 2547 606 2610 stinus,
623 2548 963 2617 eloquentiae
988 2549 1327 2604 Christianae
1342 2550 1745 2620 copiosissimus
1766 2560 1975 2615 auctor,

405 2638 791 2695 solertissimus
810 2641 1054 2694 veritatis
1070 2641 1372 2709 inquisitor,
1396 2643 1645 2712 propriae
1661 2641 1981 2696 translatae-

404 2745 510 2798 que
536 2729 835 2790 locutionis,
878 2733 943 2785 ad
964 2732 1284 2786 exercitium
1310 2746 1518 2797 eorum,
1545 2733 1635 2803 qui
1663 2747 1785 2786 eum
1814 2732 1981 2787 lectu-

404 2818 449 2871 ri
483 2826 685 2883 essent,
709 2819 1070 2875 nobilissimus
1094 2821 1642 2891 doctor,aliquotiens
1673 2822 1725 2876 in
1760 2835 1980 2876 suorum

404 2909 663 2965 librorum
694 2911 711 2943 ¹
742 2912 882 2966 serie
924 2913 1194 2967 invenitur
1217 2912 1449 2978 dixisse,
1490 2912 1656 2967 Deum
1692 2910 1985 2982 praedesti-

406 3018 564 3056 nasse
596 3002 790 3073 impios
836 3004 903 3057 ad
944 3004 1219 3059 interitum
1272 3019 1367 3059 seu
1398 3020 1621 3075 poenas,
1649 3002 1723 3059 ac'
1757 3020 1853 3074 per
1881 3004 1984 3058 hoc

2066 1825 2288 1880 Creator
2308 1821 2498 1884 noluit,
2521 1819 2764 1889 impleret
2783 1817 2916 1887 ipse,
2943 1815 3083 1886 quod
3112 1812 3296 1875 voluit,
3319 1811 3455 1865 bene
3476 1818 3638 1864 utens

2068 1925 2124 1971 et
2150 1913 2334 1977 malis,
2362 1920 2611 1980 tanquam
2635 1923 2844 1963 summe
2871 1907 3066 1968 bonus,
3100 1903 3165 1957 ad
3210 1916 3393 1958 eorum
3420 1901 3648 1955 damna-

2073 2008 2293 2070 tionem,
2320 2019 2454 2074 quos
2474 2001 2617 2069 juste
2640 1997 3062 2071 praedestinavit
3097 1995 3164 2049 ad
3206 2006 3452 2064 poenam,
3485 1999 3540 2045 et
3578 1988 3648 2042 ad

2071 2114 2256 2153 eorum
2281 2095 2528 2157 salutem,
2558 2106 2693 2160 quos
2736 2089 2964 2159 benigne
2994 2084 3410 2157 praedestinavit
3432 2082 3498 2135 ad
3523 2095 3649 2151 gra-

2076 2187 2203 2241 tiam
2240 2184 2257 2223 ι
2303 2205 2347 2237 ι.
2398 2184 2527 2238 Item
2571 2197 2635 2236 ex
2664 2181 2850 2235 eodem
2888 2178 3025 2232 libro
3069 2192 3083 2229 :
3131 2196 3149 2227 ι
3192 2175 3452 2229 Dicuntur
3481 2172 3648 2223 etiam

2073 2276 2170 2346 ﬁlii
2197 2276 2477 2346 gehennae,
2505 2288 2608 2326 non
2629 2285 2694 2324 ex
2724 2270 2811 2324 illa
2842 2270 2973 2333 nati,
3009 2266 3102 2322 sed
3126 2266 3179 2319 in
3204 2265 3344 2319 illam
3362 2256 3651 2332 praepara-

2079 2366 2136 2431 ti,
2168 2366 2307 2420 sicut
2337 2362 2599 2430 liliirregni
2622 2365 3011 2429 praeparantur
3033 2356 3084 2410 in
3111 2368 3332 2424 regnum
3360 2363 3400 2391 ω
3422 2370 3467 2403 ι.
3501 2350 3557 2403 ιιι
3587 2348 3650 2401 Ιί-

2074 2455 2172 2510 bro
2199 2455 2262 2508 de
2283 2451 2611 2523 perfectione
2629 2448 2869 2517 iustitiae
2904 2445 3134 2501 hominis
3163 2461 3174 2495 :
3208 2462 3224 2493 ι
3254 2441 3309 2498 ιη
3330 2453 3395 2494 eo
3433 2459 3451 2490 ι
3482 2479 3495 2502 ,
3534 2438 3649 2500 ait,

2082 2563 2101 2596 ι
2126 2558 2323 2613 genere
2344 2542 2642 2604 hominum,
2665 2537 2803 2608 quod
2821 2536 3269 2606 praedestinatum
3295 2538 3377 2585 est
3395 2529 3461 2583 ad
3485 2529 3649 2581 inter-

2078 2635 2211 2689 itum
2240 2643 2267 2672 ιι
2305 2652 2349 2686 ι.
2394 2633 2449 2687 In
2474 2631 2625 2685 libris
2654 2630 2717 2685 de
2740 2628 2967 2684 Civitate
2998 2627 3086 2681 Dei
3116 2645 3130 2679 :
3166 2643 3186 2675 ε
3220 2622 3357 2689 Quid
3376 2620 3524 2675 dabit
3547 2618 3650 2684 eis,

2081 2741 2218 2796 quos
2240 2722 2659 2794 praedestinavit
2682 2721 2747 2775 ad
2764 2720 2947 2785 vitam,
2967 2718 3056 2788 qui
3079 2719 3211 2773 haec
3234 2714 3376 2769 dedit
3394 2712 3495 2776 eis,
3515 2725 3654 2780 quos

2080 2813 2500 2887 praedestinavit
2533 2811 2597 2865 ad
2627 2820 2851 2865 mortem
2881 2817 2904 2844 ο
2934 2829 2980 2863 ι.

2158 2906 2240 2961 Vl.
2277 2906 2372 2960 His
2412 2913 2467 2960 et
2505 2902 2806 2972 huiusmodi
2855 2900 3033 2956 verbis
3076 2896 3325 2953 catholici
3363 2895 3381 2926 ⁵
3414 2891 3657 2948 auctoris

2086 2998 2224 3054 solet
2260 2998 2529 3052 haeretica
2568 2995 2805 3050 insanire
2834 2992 3113 3055 vecordia,
3163 2989 3427 3068 ﬁdemque
3475 2984 3658 3038 minus

407 3092 830 3161 intelligentibus
852 3109 996 3157 eum,
1024 3103 1081 3146 ut
1110 3094 1187 3148 ait
1210 3074 1520 3163 ApostOlus,
1547 3094 1717 3163 factus
1747 3102 1821 3147 est
1849 3092 1979 3145 odor
2007 3081 2050 3143 C
2082 3088 2413 3144 eruditorum
2437 3085 2633 3155 lupinis
2661 3083 2909 3138 dentibus
2934 3082 3155 3134 laniare.
3179 3078 3311 3146 Quis
3335 3077 3473 3132 enim
3503 3074 3658 3145 igno-

405 3186 538 3236 uitae
566 3186 618 3236 in
642 3185 818 3246 vitam,
845 3200 949 3238 non
972 3183 1393 3255 iulelligentibus
1414 3197 1545 3238 vero
1570 3183 1699 3236 odor
1718 3183 1898 3236 mortis
1925 3182 1979 3235 in

408 3286 622 3327 mortem
645 3274 668 3312 ι»
680 3314 692 3334 .
716 3275 1015 3342 praesentis
1039 3288 1236 3329 causae
1251 3274 1388 3328 ratio
1402 3272 1657 3343 postulat,
1673 3271 1839 3341 ipsius
1856 3286 1977 3325 ver-

407 3367 473 3419 ba
506 3366 654 3433 quasi
703 3366 917 3420 sibimet
971 3366 1318 3436 repugnantia
1368 3379 1649 3443 ponamus,
1687 3364 1763 3418 uti
1812 3361 1981 3418 lector

409 3454 711 3527 intelligens
754 3455 966 3511 facilius
995 3456 1273 3522 intendat,
1303 3472 1411 3527 quo
1456 3471 1653 3525 genere
1695 3454 1982 3510 locutionis

410 3548 627 3610 dixerit,
650 3546 1187 3615 praedestinationem
1209 3547 1443 3603 divinam
1465 3548 1677 3616 utrique
1703 3546 1980 3600 hominum

411 3637 591 3704 generi
635 3637 942 3702 convenire,
974 3637 1223 3692 videlicet
1260 3637 1448 3693 electis
1475 3653 1574 3708 per
1615 3636 1862 3708 gratiam,
1903 3652 1983 3691 re-

410 3725 661 3794 lictisque
727 3741 823 3795 per
865 3727 1148 3796 justitiam,
1204 3728 1502 3797 eademque
1570 3728 1732 3790 dicta,
1790 3727 1982 3797 quibus

415 3817 553 3871 male
580 3818 779 3872 utendo
797 3817 1102 3873 haereticus
1125 3819 1329 3874 erroris
1353 3820 1433 3874 sni
1458 3818 1738 3888 perﬁdiam
1759 3827 1984 3873 conatur

412 3918 676 3973 astruere,
726 3910 969 3980 ponemla
996 3925 1116 3967 esse
1147 3910 1527 3978 indicavimus,
1556 3921 1615 3967 ut
1644 3912 1846 3968 eisdem
1891 3926 1980 3967 sa-

413 4004 581 4072 gittis,
612 4017 748 4074 quas
777 4004 829 4058 in
855 4005 1016 4059 corda
1046 4004 1367 4074 simplicium
1392 4005 1642 4059 incautus
1661 4012 1978 4065 extorserat.

416 4095 726 4149 vulneratus
757 4095 990 4149 recedat.

488 4195 550 4249 γ.
590 4193 681 4248 Ait
703 4208 833 4264 ergo
856 4194 1185 4264 Augustinus
1208 4194 1258 4247 in
1280 4194 1512 4264 quadam
1545 4191 1764 4248 humilia
1793 4192 1859 4246 ad
1885 4206 1982 4262 po-

413 4284 597 4353 pulum
653 4298 929 4352 exponens
984 4282 1110 4337 illud
1153 4282 1425 4352 Evangelii
1477 4301 1490 4336 :
1534 4279 1785 4350 Princeps
1827 4280 1985 4350 hujus

416 4374 596 4427 mundi
603 4373 719 4443 jam
727 4373 1086 4442 judicatusest
1110 4383 1157 4436 ε,
1182 4391 1199 4422 ι
1227 4373 1277 4426 id
1297 4380 1378 4426 est
1392 4369 1596 4439 judicio
1617 4370 1755 4441 ignis
1779 4370 1983 4424 aeterni

2085 3178 2317 3233 rantium
2347 3176 2533 3231 modos
2559 3175 2909 3237 locutionum,
2941 3171 3140 3241 quibus
3164 3168 3333 3225 sancti
3358 3167 3548 3221 Patres
3576 3164 3659 3217 uti

2061 3268 2277 3332 .soleut,
2306 3282 2411 3320 non
2440 3264 2597 3319 facile
2627 3263 2792 3333 possit
2821 3261 3022 3325 seduci,
3062 3256 3328 3314 audiendo
3353 3252 3659 3325 praedesti-

2085 3372 2241 3416 natos
2255 3370 2478 3414 aeterno
2500 3358 2608 3427 igni
2631 3398 2644 3419 ,
2670 3363 3016 3425 praeparatos
3036 3352 3103 3405 ad
3118 3351 3253 3404 iram
3275 3347 3401 3411 Dei,
3429 3344 3665 3415 praede.

2085 3453 2312 3506 stinatos
2336 3448 2497 3504 morti
2520 3447 2899 3514 sempiternae,
2928 3440 3353 3514 praedestinatos
3380 3438 3446 3489 ad
3490 3433 3666 3487 inter-

2086 3543 2238 3604 itum,
2272 3542 2337 3595 ad
2365 3553 2590 3609 poenam
2609 3579 2622 3603 ,
2653 3545 2940 3605 ceteraque
2982 3534 3035 3587 id
3061 3544 3260 3601 genus,
3315 3534 3375 3580 ut
3406 3524 3524 3578 sine
3553 3523 3665 3576 ulli

2087 3633 2440 3688 haesitatione
2486 3629 2764 3693 concedat,
2795 3636 2888 3680 aut
2926 3626 3061 3679 duas
3112 3616 3667 3692 praedestinationes,

2087 3741 2247 3780 unam
2290 3723 2444 3794 plane
2473 3731 2805 3784 sanctorum,
2835 3718 3059 3772 alteram
3091 3712 3375 3783 impiorum
3396 3748 3411 3772 ,
3444 3706 3669 3760 sibimet

2087 3833 2185 3888 per
2237 3816 2415 3870 omnia
2451 3812 2773 3875 contrarias,
2821 3817 2914 3863 aut
2942 3822 3102 3861 unam
3151 3802 3482 3867 eandemque
3526 3796 3669 3850 divi-

2088 3923 2209 3962 nam
2251 3903 2795 3976 praedesunationem
2842 3906 3169 3965 sanctosque
3207 3890 3508 3962 impiosque
3545 3901 3668 3939 am-

2084 3975 2265 4068 plecti,
2305 4009 2532 4063 eamque
2560 3991 2721 4047 simul
2766 3988 3182 4048 contrariorum,
3216 3980 3356 4051 quod
3392 3977 3533 4032 ratio
3575 3975 3673 4029 de-

2087 4067 2268 4157 negat,
2296 4100 2415 4141 esse
2435 4070 2708 4154 capacem.
2726 4081 2823 4138 Cui
2852 4077 3114 4135 delendae
3144 4073 3393 4129 miseriae
3433 4067 3670 4123 utillime

2087 4177 2421 4235 succurritur
2433 4177 2475 4242 ',
2500 4176 2717 4245 quando
2736 4173 2922 4228 eadem
2939 4163 3359 4240 praedestinatio
3374 4159 3673 4216 secundum

2087 4267 2312 4323 eundem
2359 4266 2714 4334 Augustinum
2759 4260 3013 4316 delinitur
3054 4256 3108 4321 ⁸,
3162 4253 3384 4322 ejusque
3425 4247 3673 4336 deﬁnitio

2090 4359 2203 4413 suis
2254 4356 2577 4411 dictionibus
2618 4352 2939 4408 defenditur.
2978 4347 3107 4404 Esto
3137 4344 3332 4415 igitur,
3372 4339 3669 4401 haeretica,

418 4429 845 4517 irrevocabilimr
891 4429 1187 4517 destinatus
1233 4469 1316 4516 est
1361 4429 1475 4514 δ’».
1530 4460 1589 4514 In
1636 4429 1982 4529 expositione
2018 4430 2332 4521 Dparatus.
2370 4455 2462 4499 aut
2509 4454 2562 4500 te
2595 4442 2906 4505 defendere.
2932 4437 3075 4508 quod
3105 4435 3251 4490 nullo
3300 4432 3458 4488 mmlo
3495 4429 3666 4529 vales,

417 4568 631 4621 quoque
677 4554 949 4622 Evangelii
977 4554 1267 4609 secundum
1294 4552 1576 4617 Joannem,
1616 4552 1704 4609 ubi
1742 4551 1986 4607 testium-

420 4661 565 4696 Itlttm
601 4644 969 4712 praecursoris
993 4645 1073 4699 sui
1103 4644 1170 4698 de
1193 4644 1406 4699 Christo
1439 4642 1707 4711 explanat,
1759 4641 1889 4696 dicit
1913 4651 1936 4679 ο
1972 4655 1987 4692 :

1696 4751 1951 4808 VARIAE
1986 4745 2384 4809 LECTIONES.

1594 4847 1613 4876 '
1668 4846 1796 4899 Cod.
1842 4843 2074 4897 diabulo.
2150 4842 2170 4872 ³
2198 4839 2327 4895 Cod.
2369 4834 2716 4892 encheiridou.

489 4864 503 4895 ι
545 4855 653 4908 Sic.
690 4852 833 4914 cud.,
876 4848 924 4903 M
990 4848 1240 4903 librorum
1282 4863 1517 4899 suorum.

2094 4555 2186 4602 aut
2211 4553 2265 4599 te
2282 4542 2594 4606 emendare,
2622 4539 2764 4609 quod
2794 4546 2962 4607 potes,
2990 4534 3033 4588 si
3053 4529 3265 4586 veritati
3292 4523 3668 4581 contradicere

2100 4637 2333 4694 desinas.
2359 4632 2491 4687 Audi
2523 4623 3021 4700 praedestinationis
3040 4621 3254 4677 divinae
3284 4613 3546 4670 terminos
3566 4609 3663 4663 de-

2793 4830 2814 4860 δ
2841 4826 2973 4883 Cod.
3030 4820 3291 4885 catoloci;
3366 4818 3446 4873 sie
3476 4827 3671 4882 saepe.

428 4964 444 4985 ι
477 4950 585 5003 Sic.
627 4947 694 5000 Μ.
716 4988 729 5008 ,
790 4948 911 4999 cod.
959 4936 1353 5000 sucrurenntur.
1431 4941 1453 4973 ⁸
1480 4942 1609 4996 Cod.
1643 4941 1911 5009 diﬁnitur,
1937 4938 2014 4993 sic
2041 4937 2257 5005 ubique.

1911 5051 2163 5111 NOTAE.

490 5170 512 5197 ’π
549 5159 739 5227 Εριιος.
776 5157 813 5217 l,
847 5157 879 5208 3
909 5170 1059 5223 seqq.

494 5231 517 5268 ι’
546 5229 583 5283 ll
605 5228 729 5284 Cor.
763 5227 821 5280 Il.
848 5227 927 5281 16.

494 5317 513 5337 ο
536 5300 690 5354 Joau.
726 5297 861 5357 λνι,
904 5298 983 5352 ll.

488 5371 512 5409 ά
550 5370 828 5436 Augustin.
861 5368 1076 5423 humilia
1107 5367 1174 5421 95
1199 5367 1252 5436 in
1279 5365 1506 5436 littange.
1564 5356 1802 5411 Joannis.

496 5456 515 5477 ἐ
549 5441 827 5509 Augustin.
853 5438 981 5492 ibid.
1009 5447 1105 5492 lrat
1127 5445 1162 5488 ι.
1200 5435 1279 5490 Η.

498 5510 514 5549 ί
549 5511 807 5581 Augustin
860 5509 985 5562 ibid.

496 5582 519 5621 ε
546 5578 698 5633 Ιυτιῖι.
733 5580 795 5638 Χ,
821 5582 907 5635 26.

495 5651 520 5693 δ
549 5650 830 5722 Augustin.
860 5647 983 5701 ibid.
1014 5654 1167 5699 tract.
1199 5644 1285 5698 48.

2172 5143 2185 5180 ί
2220 5138 2372 5194 Joan.
2409 5135 2480 5200 Χ,
2503 5137 2590 5191 29.

2170 5208 2182 5259 i
2218 5208 2498 5277 Augustin.
2531 5205 2565 5277 ι,
2601 5205 2637 5255 l.

2168 5281 2189 5318 ιι
2222 5276 2362 5333 Psal.
2396 5276 2507 5339 CX,
2534 5276 2589 5327 ἓ.

2171 5347 2186 5384 ι
2221 5335 2502 5416 Augustin:
2530 5339 2875 5416 Encltiruliou
2914 5354 2961 5389 r.
2992 5335 3108 5388 100.

2166 5427 2202 5447 "
2223 5413 2503 5483 AuQUstiIi.
2532 5413 2656 5466 ibid.
2716 5481 2720 5483 Α
2860 5477 2871 5483 Α
3102 5470 3158 5483 __

2172 5497 2196 5523 π
2227 5472 2505 5557 Augustin.
2532 5483 2594 5557 de
2614 5477 3067 5557 periret...itts‘tv._c..
3098 5472 3184 5557 l3:

2177 5564 2198 5590 ο
2226 5539 2505 5623 Augustin.
2540 5539 2782 5603 (le-Cirit.
2815 5539 2904 5600 (lci
2930 5543 3091 5599 XXII.
3118 5539 3211 5594 2L
