3904 6148
268 245 349 297 ua
1324 256 1521 310 nam
1565 259 1647 313 DE
1687 219 2384 339 l’R.tEDﬁS't‘tN.»\TtONE.

3348 268 3464 332 'tzrz

266 356 511 420 ﬁnitionis,
562 372 697 426 quos
729 360 902 416 nullus
945 373 1088 419 rette
1130 368 1462 422 credentium
1495 379 1589 424 aut
1619 373 1794 427 minus
1824 376 1868 431 Α
1898 387 2082 427 verum
2126 385 2232 438 est,
2276 392 2393 442 sua,
2444 393 2580 446 quae
2627 380 2733 435 falli
2780 383 3082 451 lltlll.tt‘iqttc
3130 402 3233 438 non
3265 397 3456 455 potest,

262 455 441 508 artare,
470 457 552 501 aut
589 449 707 519 plus
736 452 897 507 audet
942 457 1247 518 extendere,
1283 460 1459 515 nullus
1497 465 1795 518 contentio—

261 550 343 589 sus
370 544 532 604 potest
558 538 849 595 inﬁrmare.
879 542 934 595 ln
962 543 1102 599 libro
1130 547 1195 600 ad
1223 546 1543 619 Prosperum
1571 562 1621 605 et
1649 552 1793 608 Hila-

264 627 382 679 rium
403 645 416 679 :
436 646 453 677 ι
473 626 894 687 Praedestinatio
907 642 991 688 est
1012 654 1059 699 ι,
1076 636 1266 705 inquit,
1292 658 1311 689 ι
1334 654 1471 707 quae
1491 640 1607 696 sine
1638 658 1796 710 prae-

258 716 456 770 scientia
481 733 581 771 non
610 727 782 788 potest
800 736 940 777 esse.
966 723 1150 780 Potest
1176 738 1489 784 autemcsse
1506 731 1622 785 sine
1651 748 1800 801 prae-

256 805 588 861 destinatione
625 813 1004 879 praescientia.
1050 815 1548 874 Praedestinatioue
1599 821 1796 890 quippe

257 894 381 951 Deus
404 913 461 951 ea
491 902 806 967 praeseivlt,
834 919 973 972 quae
1005 904 1180 960 fuerat
1208 908 1320 976 ipse
1348 908 1585 966 facturus
1611 930 1625 966 :
1658 914 1799 967 unde

256 985 433 1040 dictum
464 998 543 1041 est
573 990 721 1057 fecit,
748 1008 887 1061 quae
913 994 1090 1049 futura
1121 1008 1263 1050 sunt.
1306 997 1587 1055 Praeseire
1617 1010 1796 1056 autem

255 1085 407 1144 potest
429 1079 443 1108 '
477 1080 662 1144 etiam,
683 1097 818 1152 quae
848 1085 959 1153 ipse
987 1100 1091 1140 non
1109 1085 1256 1152 facit,
1280 1089 1420 1143 sicut
1448 1105 1801 1162 quaecunque

255 1176 446 1233 peccata
468 1181 490 1207 ι
532 1188 577 1223 ι.

319 1256 412 1310 Vll.
463 1258 717 1323 Attende,
770 1262 947 1331 qualis
1000 1267 1073 1320 sit
1114 1266 1215 1321 ista
1269 1269 1529 1336 deﬁnitio,
1578 1288 1716 1342 quae
1767 1290 1797 1329 a

254 1343 526 1401 differentis
550 1358 633 1404 est
663 1362 935 1422 assumpta
962 1356 1005 1408 ¹.
1032 1355 1126 1410 Est
1158 1358 1322 1428 igitur
1351 1361 1474 1417 talis
1496 1363 1795 1419 diﬁ‘erentia

254 1435 924 1506 interpraedestinationem
939 1453 992 1498 et
1004 1448 1439 1516 praescientiam,
1460 1453 1602 1522 quod
1624 1455 1800 1508 omnis

253 1528 647 1596 praedestinatio
676 1535 1032 1602 praescientia
1052 1578 1066 1601 ,
1091 1554 1195 1593 non
1226 1550 1405 1596 autem
1434 1544 1610 1599 omnis
1641 1559 1800 1614 prae-

253 1619 446 1673 scicntia
478 1623 919 1691 praedestinatio.
974 1628 1339 1687 Praescienlia
1375 1650 1608 1704 namque
1660 1639 1797 1708 ipsa,

1898 469 2249 535 praescientia
2278 484 2441 539 opera
2470 487 2564 525 sua
2599 473 2774 527 futura
2810 475 3111 543 disponere,
3139 478 3188 530 id
3219 480 3461 539 omnino,

1898 575 1997 613 nec
2024 560 2163 613 aliud
2193 562 2483 630 quidquam
2506 572 2589 617 est
2613 565 3012 633 praedestinare
3045 585 3057 619 :
3090 583 3271 620 verum
3303 580 3383 622 est
3412 570 3462 623 id

1898 652 2260 706 unmiuoznee
2274 652 2415 706 aliud
2437 655 2724 723 quidquam
2746 670 2828 710 est
2856 658 3275 725 praedestinare,
3301 675 3462 728 quam

1899 741 1952 794 in
1980 755 2098 805 sua,
2132 759 2271 811 quae
2303 744 2410 797 falli
2441 747 2740 815 mutarique
2758 762 2858 800 non
2887 755 3082 816 potest.
3110 748 3463 815 praescieiitia

1897 846 2059 900 Opera
2087 848 2183 886 sua
2209 832 2386 887 futura
2410 834 2711 902 disponere.
2745 834 2880 889 Hinc
2906 836 3187 889 conﬁcitur
3206 836 3308 889 alia
3337 853 3467 891 coa-

1897 921 2094 976 versio.
2130 920 2186 977 Si
2231 924 2407 978 omnis
2456 925 2827 991 praescientia,
2861 942 2965 994 qua
2998 929 3137 980 Deus
3176 942 3338 996 opera
3367 942 3464 980 sua

1899 1012 2077 1067 futura
2122 1013 2397 1081 disposuit,
2432 1014 2608 1067 divina
2650 1015 3064 1083 praedestinatio
3092 1027 3176 1071 est
3221 1034 3234 1069 :
3288 1017 3471 1071 omnis

1900 1104 2339 1172 praedestinatio,
2368 1120 2471 1173 qua
2507 1105 2645 1159 Deus
2672 1122 2834 1174 Opera
2854 1123 2944 1160 sua
2976 1106 3151 1161 futura
3182 1106 3472 1177 disposuit.

1900 1194 2077 1248 divina
2102 1195 2454 1263 praeseieutia
2473 1206 2555 1250 est
2580 1214 2594 1250 :
2618 1198 2899 1252 conﬁcitur
2923 1214 3067 1266 ergo,
3093 1199 3464 1268 praedestina-

1900 1288 2099 1341 tiouem
2127 1288 2219 1342 Dei
2268 1303 2373 1343 non
2417 1305 2537 1344 esse
2576 1291 2675 1344 nisi
2712 1290 2765 1344 in
2804 1292 3056 1360 operibus
3087 1292 3221 1360 ejus,
3253 1306 3471 1360 quando

1902 1378 2033 1432 nihil
2064 1380 2260 1440 minus,
2294 1379 2425 1433 nihil
2472 1380 2700 1449 amplius
2725 1381 3033 1435 continetur
3056 1381 3105 1433 iu
3131 1377 3245 1448 ejus
3276 1379 3467 1435 deﬁni-

1900 1467 2043 1522 tione
2069 1476 2282 1536 praeler
2307 1469 2606 1524 divinorum
2621 1483 2841 1537 operum
2873 1469 3295 1537 dispositionem.

1970 1559 2033 1613 ll.
2066 1559 2171 1614 Sed
2200 1561 2265 1615 ad
2295 1560 2429 1614 haec
2449 1560 2690 1613 dicturus
2719 1574 2777 1613 es
2809 1577 2821 1612 :
2854 1558 2931 1612 Ad
2981 1559 3071 1612 Dei
3104 1573 3264 1627 opera
3303 1556 3470 1624 perti-

1901 1665 2054 1714 nere,
2080 1650 2225 1720 juste
2259 1650 2591 1705 damnandos
2642 1649 3052 1717 praedestinare
3097 1648 3164 1701 ad
3212 1661 3465 1717 poenam,

250 1723 340 1779 qua
383 1711 522 1767 Deus
547 1715 833 1781 praeseivit
878 1734 963 1785 ea,
993 1736 1134 1790 quae
1164 1722 1334 1777 fuerat
1381 1727 1494 1793 ipse
1533 1727 1794 1795 facturus,
1830 1720 1872 1778 Β
1900 1711 2050 1797 sicut
2080 1711 2149 1796 ad
2184 1741 2300 1811 ejus
2324 1757 2484 1811 opera
2513 1711 2761 1809 pertinet,
2788 1741 2957 1808 gratia
2985 1735 3269 1793 salvandos
3313 1751 3469 1806 prac-

251 1805 647 1873 praedestiaatio
689 1826 814 1866 vere
861 1814 1272 1887 specialiterque
1314 1820 1527 1877 dicitur.
1563 1823 1634 1877 Ea
1670 1840 1800 1882 vero

249 1897 608 1964 praeseientia,
622 1915 724 1969 qua
738 1917 824 1966 ea,
838 1920 977 1974 quae
995 1922 1098 1960 non
1120 1907 1273 1974 facit,
1289 1913 1497 1979 praesci
1507 1914 1599 1977 vit,
1625 1916 1796 1984 idest,

250 1995 443 2055 peccata
468 2006 770 2063 eorumque
794 2010 1015 2064 poenas,
1032 2002 1386 2068 praesciontia
1418 2006 1661 2063 absolute
1688 2009 1799 2078 pla-

251 2074 345 2129 cuit
363 2081 564 2142 vocari,
583 2080 676 2145 ita,
705 2092 759 2137 ut
789 2100 851 2140 ea
871 2091 1236 2145 tantummodo
1254 2096 1632 2161 praescientia,
1662 2074 1800 2167 quae

251 2167 421 2257 dicitur
456 2175 904 2242 praedestinatio,
931 2178 986 2234 in
1016 2181 1156 2237 bono
1187 2199 1404 2254 semper
1432 2188 1795 2257 intelligatur;

252 2256 344 2313 sola
370 2276 495 2316 vero
526 2266 879 2333 praescientia
910 2267 1026 2325 sine
1050 2274 1544 2346 praedestinatione
1575 2283 1799 2339 omnino

251 2349 485 2406 malorum
518 2363 623 2417 est,
654 2371 794 2424 quae
824 2355 967 2414 Deus
994 2376 1099 2415 non
1141 2361 1287 2418 facit.
1320 2366 1384 2419 Et
1409 2383 1477 2420 ne
1506 2368 1644 2424 ullus
1676 2372 1800 2428 inde

250 2438 513 2501 dubitaret.
549 2446 745 2514 adjecit
797 2468 809 2502 :
870 2470 889 2501 ‹
933 2449 1194 2517 Quocirca
1233 2460 1653 2525 praetlestinatio
1681 2462 1794 2524 Dei,

250 2546 368 2598 quae
387 2535 435 2588 in
451 2536 598 2589 bono
618 2547 721 2598 est,
742 2540 947 2608 gratiae
976 2552 1058 2598 est
1087 2550 1459 2615 praeparatio;
1484 2553 1653 2621 gratia
1673 2570 1798 2610 vero

249 2634 316 2676 est
344 2626 507 2691 ipsius
526 2631 1029 2696 praedestinationis
1043 2635 1265 2691 etl‘eetus
1292 2639 1319 2678 ιι
1350 2660 1393 2695 r.
1420 2641 1562 2709 Idem
1583 2644 1634 2697 in
1660 2644 1798 2700 libro

249 2712 304 2767 de
328 2716 465 2769 Dono
495 2724 930 2786 perseverantiae
952 2727 1138 2781 eadem
1157 2728 1364 2796 planius
1383 2734 1555 2800 aperit
1582 2736 1796 2791 dicens:

254 2822 270 2853 ι
298 2806 387 2860 Ista
434 2810 604 2879 igitur
633 2827 728 2866 sua
760 2814 918 2878 dona,
969 2818 1377 2890 quibuseunque
1430 2823 1567 2879 Deus
1617 2826 1797 2891 donat,

248 2899 409 2959 procul
458 2901 629 2955 dubio
656 2919 715 2958 se
746 2906 996 2961 daturum
1037 2925 1157 2966 esse
1207 2915 1515 2982 praeseivit,
1541 2926 1594 2971 et
1624 2919 1674 2971 in
1706 2935 1799 2974 sua

249 2992 584 3054 praescientia
619 2999 976 3063 praeparavit.
1010 2998 1152 3065 Quos
1209 3017 1338 3074 ergo
1377 3007 1799 3073 praedestinavit,

249 3077 368 3143 ipso:
393 3091 437 3133 et
465 3087 667 3137 vocavit
693 3096 741 3150 θ,
769 3089 1051 3144 vocatione
1080 3091 1185 3155 illa,
1210 3094 1275 3147 de
1296 3110 1401 3163 qua
1431 3096 1631 3152 dictum
1674 3109 1758 3154 est
1785 3116 1799 3154 :
1831 3082 1874 3143 (ἶ

250 3166 360 3223 Sine
402 3175 719 3240 poenitentia
747 3188 868 3232 sunt
897 3181 1035 3234 dona
1061 3192 1109 3236 et
1146 3185 1344 3239 vacatio
1370 3185 1467 3240 Dei
1488 3188 1533 3241 ά.
1562 3188 1803 3260 Namque

250 3258 295 3311 in
319 3276 425 3328 sua,
454 3279 598 3333 quae
625 3265 735 3322 falli
762 3272 1064 3340 mutarique
1089 3288 1193 3327 non
1219 3284 1416 3344 potest,
1448 3258 1803 3347 praescientia

251 3364 391 3417 opera
440 3370 540 3411 sua
565 3355 769 3412 't‘utura
802 3360 1110 3431 disponere,
1152 3364 1202 3418 id
1257 3368 1503 3433 omnino,
1534 3385 1631 3426 nec
1662 3373 1804 3427 aliud

251 3443 521 3514 quidquam
563 3461 646 3504 est
680 3454 1084 3520 praedestinare
1132 3468 1155 3496 ο
1210 3478 1254 3512 ι.
1308 3460 1444 3516 lluie
1475 3462 1807 3522 clarissimae

253 3533 389 3589 tubae
416 3545 582 3608 atque
615 3543 990 3611 apertissimae
1025 3546 1456 3606 Christianorum
1503 3565 1804 3610 castrorum

252 3623 354 3686 quis
382 3626 664 3685 dissonare
690 3631 712 3663 ³
739 3638 1088 3701 praesumat?
1118 3637 1268 3704 Quae
1294 3643 1629 3710 apertissima
1677 3659 1807 3701 voce

253 3727 484 3773 resonare
537 3736 644 3775 non
677 3722 888 3789 desinit,
942 3726 997 3780 id
1043 3728 1282 3793 omnino,
1332 3746 1432 3786 nec
1475 3732 1616 3788 aliud
1665 3749 1804 3802 esse,

254 3802 399 3860 Deum
441 3811 877 3878 praedestinare,
907 3829 1066 3883 quam
1109 3820 1463 3886 praescientia
1497 3838 1590 3877 sua
1620 3838 1806 3892 opera,

251 3911 370 3964 quae
416 3901 528 3968 ipse
571 3900 815 3957 facturus
841 3904 1038 3971 fuerat,
1075 3908 1382 3977 disponere.
1434 3910 1551 3976 Die,
1583 3928 1807 3981 quaeso,

252 3996 408 4042 utrum
438 3993 541 4045 ista
575 3993 820 4051 deﬁnitio
864 4000 1374 4066 praedestinationis
1411 4019 1537 4058 vera
1587 4006 1695 4070 sit,
1739 4022 1806 4061 an

253 4078 408 4133 falsa?
437 4082 492 4136 Si
529 4083 664 4153 falsa
692 4093 797 4149 est,
848 4089 1177 4158 reprehende
1202 4092 1577 4161 Augustinum;
1607 4096 1651 4150 si
1682 4111 1807 4151 vera

252 4178 341 4231 est,
372 4173 490 4229 talis
520 4174 636 4230 ﬁeri
676 4191 898 4232 necesse
921 4188 1021 4244 est,
1051 4182 1227 4248 qualis
1256 4182 1369 4252 ipse
1400 4185 1475 4239 ait
1503 4186 1554 4239 in
1583 4185 1721 4242 libro
1743 4189 1809 4241 de

250 4258 444 4316 animae
474 4266 782 4332 quantitate
832 4281 846 4319 :
899 4285 917 4318 ι
954 4269 1204 4325 Deﬁnitio
1227 4270 1249 4303 ⁸
1281 4273 1417 4327 nihil
1446 4275 1641 4339 minus,
1677 4276 1811 4330 nihil

254 4352 464 4419 amplius
492 4357 754 4422 continet,
782 4374 944 4428 quam
981 4361 1054 4426 id,
1097 4365 1237 4431 quod
1272 4376 1582 4436 susceptum
1611 4377 1693 4423 est
1716 4384 1811 4423 ex-

253 4439 572 4509 plicandum;
598 4447 758 4503 aliter
784 4450 1005 4504 omnino
1032 4452 1222 4508 vitiosa
1252 4464 1334 4510 est
1364 4456 1383 4495 τ
1427 4476 1469 4510 ι.
1499 4457 1690 4512 Utrum
1713 4475 1809 4513 au-

254 4538 348 4584 tem
386 4534 688 4605 bujusmodi
722 4539 868 4593 vitiis
895 4551 1098 4607 careat,
1136 4542 1486 4602 conversione
1515 4548 1535 4578 ⁸
1565 4547 1811 4618 explora-

258 4626 347 4674 tur.

743 4698 1139 4756 CAPITULUM
1179 4701 1286 4757 XII.

557 4788 631 4840 De
655 4788 957 4856 deﬁnitione
979 4794 1486 4860 pracdestiuationia.

322 4892 359 4946 l.
386 4893 688 4967 Fiatigitur
736 4897 895 4967 hujus
930 4901 1257 4957 deﬁnitionis
1294 4906 1577 4960 conversio
1616 4907 1715 4961 sic.
1750 4908 1808 4962 Si

1903 1834 2172 1889 destinare
2187 1834 2253 1888 ad
2276 1833 2685 1897 beatitudinem,
2704 1841 2757 1886 et
2778 1834 2881 1887 hoc
2896 1831 3215 1887 testimoniis
3230 1830 3473 1897 ejusdem

1902 1926 2071 1982 sancti
2097 1926 2376 1995 Augustini
2404 1924 2617 1978 ﬁrmare
2644 1924 2944 1977 conaberis.
2969 1922 3117 1988 Quae
3145 1936 3230 1983 eo,
3254 1934 3360 1987 quo
3383 1933 3478 1987 po-

1903 2017 2075 2076 suisti,
2106 2016 2293 2070 ordine
2330 2016 2626 2085 posuimus,
2656 2024 2716 2067 ut
2746 2014 2798 2067 iu
2824 2014 2925 2073 eis,
2955 2029 3058 2065 non
3094 2011 3233 2082 quo]
3270 2019 3345 2075 tu,
3381 2010 3473 2062 sel

1902 2109 2044 2179 quod
2085 2108 2171 2162 ille
2218 2108 2405 2173 voluit,
2453 2106 2748 2161 videamus.
2782 2104 3018 2172 Quorum
3055 2104 3099 2157 si
3136 2118 3298 2155 unum
3331 2109 3478 2155 recte

1902 2200 2062 2253 interit
2102 2200 2436 2269 expositum,
2487 2196 2711 2251 suﬁieiet
2762 2197 2827 2249 ad
2880 2205 3058 2249 cetera
3114 2193 3473 2263 intelligenda.

1902 2288 2170 2343 Ponamus
2196 2303 2322 2359 ergo
2349 2286 2474 2341 illud
2492 2307 2536 2338 τ(
2560 2286 2752 2356 Magna
2775 2303 2929 2355 opera
2965 2284 3188 2347 Domini,
3220 2281 3476 2351 exquisita

1900 2382 1955 2433 in
1992 2396 2169 2433 omnes
2200 2361 2484 2433 voluntates
2511 2379 2624 2441 eius
2652 2378 2698 2440 ⁸,
2728 2386 2783 2431 et
2809 2385 2916 2429 tam
2949 2374 3215 2443 sapienter
3242 2372 3476 2440 exquisi-

1903 2481 1979 2536 ta,
2005 2477 2081 2532 ut,
2105 2486 2226 2524 cum
2252 2469 2487 2538 angelica
2511 2477 2561 2522 et
2583 2469 2813 2521 humana
2837 2476 3079 2519 creatura
3104 2460 3430 2531 peecassrt,i
3457 2460 3468 2511 l

1903 2571 2006 2622 est,
2062 2576 2168 2614 non
2199 2560 2339 2628 quod
2367 2558 2453 2612 ille
2476 2600 2489 2621 ,
2520 2557 2613 2612 sed
2668 2555 2808 2625 quod
2839 2552 3004 2607 voluit
3052 2552 3162 2621 ipsa
3188 2593 3201 2607 .
3238 2550 3469 2612 fecisset,

1903 2652 2064 2706 etiam
2082 2665 2176 2719 per
2200 2650 2425 2704 eandem
2451 2657 2731 2703 creaturae
2752 2645 3080 2699 voluntatem
3105 2682 3119 2705 ,
3143 2657 3245 2710 qua
3272 2641 3471 2694 factum

1904 2741 2166 2810 est,quod
2194 2740 2418 2795 Creator
2445 2738 2614 2793 noluit
2637 2777 2651 2801 ,
2685 2736 2931 2806 impleret
2956 2734 3089 2802 ipse,
3120 2733 3257 2791 quod
3284 2730 3476 2793 voluit,

1903 2837 2041 2891 bene
2093 2843 2249 2889 utens
2291 2840 2345 2887 et
2397 2832 2593 2895 malis,
2650 2838 2902 2897 tanquam
2934 2841 3142 2882 summe
3171 2828 3360 2886 bonus,
3409 2824 3474 2876 ad

1904 2941 2090 2980 eorum
2120 2925 2537 2985 damnationem,
2575 2935 2709 2990 quos
2749 2921 2893 2986 juste
2939 2916 3360 2987 praedestinavit
3408 2912 3476 2966 ad
3514 2918 3519 2931 '

1906 3030 2162 3086 poenam,
2195 3014 2326 3068 etad
2351 3027 2539 3067 eorum
2570 3010 2821 3069 salutem,
2850 3021 2986 3076 quos
2999 3008 3228 3072 benigne
3247 3010 3475 3071 praode-
3522 3044 3529 3055 .

1907 3107 2126 3162 stinavit
2151 3106 2217 3159 ad
2264 3104 2492 3176 gratiam
2516 3103 2545 3141 ιι
2578 3120 2621 3155 ι.
2654 3100 2790 3154 Ecce
2820 3098 2873 3151 in
2900 3111 3005 3150 una
3036 3094 3334 3160 eademque
3357 3105 3478 3145 sen-

1909 3198 2071 3253 tentia
2090 3214 2103 3249 :
2123 3215 2142 3247 ι
2166 3193 2644 3255 Praedestinaviti,
2665 3191 2885 3259 inquit,¢
2908 3187 2971 3241 ad
2993 3200 3302 3255 poenamm
3316 3197 3475 3252 prae-

1907 3288 2194 3344 destinavit
2218 3286 2284 3340 ad
2312 3284 2540 3353 gratiam
2561 3302 2603 3335 ι.
2641 3281 2764 3343 Ubi,
2781 3290 3128 3348 quaesumus,
3152 3271 3479 3342 respondeas

1907 3378 1972 3431 ad
1997 3392 2080 3440 ea,
2098 3390 2235 3444 quae
2258 3376 2668 3442 interrogamus,
2690 3377 2870 3423 utrum
2902 3367 2966 3420 ad
2978 3364 3240 3433 justitiam
3266 3362 3375 3423 Dei,
3407 3376 3475 3414 an

1907 3468 1973 3522 ad
2017 3467 2133 3537 ejus
2173 3465 2400 3536 gratiam
2445 3461 2713 3532 pertineat
2748 3456 3164 3550 praedestinare.
3187 3451 3377 3550 impios
3413 3450 3480 3550 ad

1906 3554 2183 3624 poenam?
2244 3550 2630 3622 Respondebis,
2689 3547 2882 3611 credo,
2943 3545 3008 3597 ad
3038 3542 3341 3611 justitiam;
3408 3542 3483 3592 ait

1907 3646 2073 3708 enim,
2092 3660 2228 3715 quos
2244 3642 2385 3712 juste
2407 3638 2827 3713 praedestinavit
2848 3637 2912 3691 ad
2928 3648 3177 3704 poenam,
3204 3645 3308 3685 non
3325 3629 3487 3700 igitur

1910 3736 1975 3791 ad
1997 3737 2244 3807 gratiam.
2262 3735 2339 3790 Ae
2362 3748 2457 3804 per
2485 3732 2610 3797 hoc,
2637 3731 2682 3785 si
2705 3743 2911 3799 poenae
2939 3722 3361 3796 praedestinatio
3388 3721 3486 3823 do-

1909 3844 2035 3882 num
2080 3826 2172 3880 Dei
2202 3841 2305 3880 non
2336 3833 2441 3888 est,
2488 3822 2583 3879 sed
2623 3820 2832 3892 peccati
2855 3817 3134 3886 judicium,
3179 3817 3487 3868 necessario

1910 3919 2175 3988 sequitur,
2207 3923 2388 3971 utaut
2439 3914 2631 3969 falsum
2660 3912 2750 3976 sit,
2804 3909 2948 3980 quod
2997 3908 3109 3977 ipse
3160 3903 3489 4002 Augustinus

1910 4011 1986 4063 ait
2021 4027 2034 4062 :
2075 4026 2093 4059 ι
2122 4004 2548 4062 Praedestinatio
2579 4002 2704 4067 Dei,
2732 4015 2871 4071 quae
2908 4000 2964 4052 in
2988 3999 3131 4052 bono
3150 4003 3252 4058 est,
3285 3999 3490 4063 gratiae

1911 4113 1991 4159 est
2013 4100 2350 4172 praeparatio
2377 4101 2391 4139 ί
2434 4118 2453 4150 ι
2475 4115 2489 4163 ;
2514 4104 2605 4151 aut
2626 4111 2657 4151 e
2681 4092 2953 4151 contrario
2974 4088 3236 4157 accipitur
3262 4082 3488 4155 praede-

1912 4194 2130 4248 stinatio
2158 4204 2479 4261 poenarum.
2518 4189 2611 4243 Est
2640 4195 2819 4240 autem
2844 4196 3029 4237 verum
3055 4187 3107 4234 et
3131 4173 3484 4236 immutabile,

1911 4283 2051 4352 quod
2070 4282 2226 4344 dixit,
2255 4276 2672 4348 praedestinatio
2700 4275 2813 4337 Dei,
2839 4286 2978 4341 quae
3006 4270 3061 4364 in
3074 4269 3214 4364 bono
3235 4273 3339 4364 est,
3362 4277 3489 4364 gra-

1915 4373 2022 4426 tiae
2041 4381 2122 4425 est
2141 4368 2500 4439 praeparatio.
2520 4366 2560 4419 E
2573 4363 2847 4420 contrario
2860 4362 3023 4431 igitur
3051 4355 3273 4426 intelligi
3296 4352 3486 4415 voluit,

1914 4463 2056 4532 quod
2084 4461 2278 4530 posuit,
2309 4455 2731 4529 praedestinavit
2753 4454 2819 4507 ad
2848 4465 3096 4522 poenam.

1986 4551 2068 4606 Ill.
2100 4545 2207 4606 Sed
2230 4565 2297 4605 ne
2325 4548 2461 4603 [orte
2482 4546 2704 4615 objieias
2727 4544 2749 4575 ⁸
2773 4561 2787 4597 :
2810 4543 2924 4597 Non
2950 4541 3107 4605 dixit,
3122 4536 3493 4608 praedestina-

1915 4644 1989 4698 tio
2019 4644 2111 4698 Dei
2141 4653 2221 4697 est
2248 4641 2454 4712 gratiae
2506 4636 2883 4709 praeparatio,
2939 4634 3033 4689 sed
3071 4629 3486 4702 praedestinatio
3520 4708 3525 4715 ι

1918 4734 2034 4794 Dei,
2080 4746 2217 4799 quae
2246 4732 2297 4784 in
2327 4730 2465 4785 bono
2495 4737 2598 4789 est,
2628 4726 2832 4795 gratiae
2872 4732 2956 4778 est
2994 4720 3351 4792 praeparatio.
3384 4715 3504 4772 Ubi

1915 4822 2123 4875 videtur
2137 4821 2284 4875 locus
2313 4819 2541 4889 relinqui
2566 4816 2789 4871 alterius
2808 4810 3329 4885 praedestinationis,
3348 4822 3488 4874 quae

1914 4919 2167 4980 tanquam
2195 4911 2247 4965 in
2276 4910 2418 4965 malo
2467 4909 2569 4971 sit;
2620 4913 2714 4960 aut
2759 4905 2945 4960 eadem
2973 4897 3409 4975 p'aedestinatio,
3438 4896 3483 4951 si

1536 5020 1789 5077 VARIAE
1830 5023 2226 5082 LECTIONES.

319 5122 332 5148 ¹
365 5119 433 5173 al.
475 5132 652 5190 potem
677 5135 772 5177 est.

882 5127 902 5156 ¹
931 5126 1061 5182 Cod.
1110 5140 1368 5198 asttmpta.

255 5190 457 5244 obicias.

1469 5130 1491 5163 ⁸
1542 5130 1675 5186 Cod.
1727 5133 1990 5188 disonare.

2096 5136 2116 5165 ⁸
2156 5110 2287 5191 Cod.
2325 5133 2541 5203 diﬁim‘o.
2618 5129 2639 5163 ⁵
2664 5131 2794 5186 Cod.
2827 5143 3193 5185 converteram.
3299 5123 3320 5153 ⁸
3350 5120 3479 5177 Cod.

1748 5265 1997 5323 NOTAE.

321 5355 648 5426 fAugustin.
677 5357 743 5410 de
770 5353 958 5409 Praed.
986 5354 1302 5410 Sanctorum
1333 5372 1381 5412 e.
1408 5357 1490 5411 lO.

322 5423 347 5461 δ
366 5422 652 5489 Αηξιιειὶη.
685 5426 725 5478 ι.
741 5426 777 5478 ι.

319 5501 341 5528 ε
370 5488 525 5549 Rom.
566 5493 693 5557 Vll.,
731 5491 817 5547 50.

320 5559 345 5598 ἀ
374 5563 525 5618 Rom.
565 5565 657 5627 XI,
677 5563 767 5619 29.

324 5640 347 5667 ε
378 5633 660 5702 Augustin.
692 5635 757 5687 de
783 5634 926 5689 Dono
953 5650 1205 5704 pcuever.
1234 5649 1280 5687 r.
1307 5635 1385 5688 l7.

1996 5359 2015 5397 ί
2050 5360 2331 5429 Augustin.
2359 5366 2424 5417 de

1996 5431 2020 5467 ³
2048 5428 2183 5484 Psal.
2217 5431 2329 5496 CX,
2367 5433 2423 5486 2.

1994 5500 2016 5537 ιι
2045 5500 2325 5571 Augustin.
2358 5501 2701 5556 Enchiridion
2725 5515 2773 5553 c.
2808 5497 2924 5571 100.

2001 5582 2013 5606 ι
2049 5566 2274 5640 August.
2308 5573 2369 5625 dc
2395 5571 2587 5626 Praed.
2615 5580 2780 5625 sanct.
2805 5584 2854 5622 c.
2887 5566 2966 5621 ιο.

2454 5363 2694 5430 Quantit.
2727 5360 2954 5413 animae.
