3904 6148
351 241 454 294 41ὲῦ

1723 237 2008 294 JOANNIS
2048 237 2242 294 SCOTI

3496 236 3592 294 401

354 373 456 409 una
487 356 707 424 solaque
738 364 838 417 est,
872 355 923 408 in
960 356 1097 409 bono
1126 363 1178 408 et
1210 355 1261 407 in
1295 355 1433 407 ntalo
1464 353 1578 409 ﬁeri
1619 371 1776 423 posse
1821 373 1926 410 non
1959 367 2001 418 Α
2034 354 2332 424 Scriptura,
2365 353 2799 423 quemadmodum
2847 355 2991 422 inter,
3013 354 3134 407 ellat
3167 353 3328 409 Deum
3356 358 3600 412 adversus

357 456 602 516 negatur.
651 445 887 500 Primum
933 445 1356 507 attende,unam
1402 444 1768 500 definitionem
1799 447 1933 503 duas

358 535 874 599 praedestinationes
924 533 1144 586 omnino
1179 549 1283 586 non
1311 549 1466 601 posse
1491 535 1804 598 continere;
1844 536 1934 588 de-

359 626 499 687 i‘tde,
536 625 707 692 quod,
744 623 790 676 si
825 621 966 674 nulla
1009 621 1111 673 alia
1155 621 1396 676 definitio
1426 623 1934 690 praedestinationis

358 714 538 766 verior
578 713 859 780 aptiorque
884 710 1206 771 inveniatur,
1239 727 1398 778 quam
1433 710 1540 770 illa,
1572 728 1710 779 quae
1725 712 1935 780 praedi-

357 817 443 854 eta
470 809 570 861 est,
601 807 654 852 et
678 799 808 852 nihil
831 799 1109 868 nisiopera
1136 797 1313 851 divina
1345 801 1774 868 comprehcndit,
1796 813 1936 868 quae

361 891 506 944 nullo
531 891 616 958 pie
646 889 976 942 credentium
1004 888 1283 943 dubitante
1314 891 1452 942 bona
1481 901 1604 943 sunt
1634 908 1644 941 :
1679 890 1806 958 quid
1837 905 1936 943 nos

361 981 520 1051 cogit,
549 979 692 1034 aliud
721 979 920 1048 aliquid
952 979 1264 1044 subaudire,
1295 980 1574 1033 audientes
1593 1020 1607 1043 ,
1639 981 1936 1048 praedesti-

361 1072 631 1126 nationem
661 1071 774 1131 Dei,
805 1085 941 1138 quae
973 1071 1024 1124 in
1056 1071 1197 1125 bono
1215 1078 1317 1136 est,
1363 1071 1468 1124 nisi
1501 1085 1711 1138 semper
1735 1087 1854 1124 eam
1881 1078 1935 1123 et

360 1163 556 1217 bonam
586 1171 641 1215 et
678 1163 730 1216 in
761 1161 900 1215 bono
920 1162 1080 1215 esse?

430 1251 520 1304 IV.
563 1250 619 1305 Si
673 1261 849 1304 autem
901 1251 1058 1316 dicis,
1102 1252 1303 1305 bonum
1354 1261 1474 1317 est,
1529 1253 1935 1321 praedestinare

365 1344 562 1412 impios
594 1345 658 1396 ad
687 1359 936 1412 poenam,
969 1352 1022 1397 et
1049 1343 1169 1398 ideo
1200 1344 1339 1398 inter
1365 1359 1525 1413 opera
1559 1345 1653 1400 Dei
1682 1357 1934 1415 reputan-

361 1435 509 1498 dum,
541 1434 946 1503 respondemus,
989 1435 1214 1500 bonum,
1257 1434 1631 1503 quiajustum.
1668 1436 1775 1490 Sed
1803 1453 1938 1506 quo-

361 1521 504 1574 niam
539 1536 642 1575 non
682 1531 762 1575 est
810 1523 902 1575 Dei
949 1524 1179 1584 domtm,
1225 1538 1347 1577 cum
1394 1523 1511 1591 ejus
1555 1525 1932 1594 sitjudicium,

361 1612 536 1664 omnis
561 1622 736 1664 autem
771 1613 1187 1680 praedestinalio
1217 1613 1310 1666 Dei
1341 1615 1560 1666 omnino
1603 1622 1685 1666 est
1712 1629 1936 1683 praepa-

2038 443 2206 497 Israel
2232 455 2254 482 ε
2282 453 2336 498 et
2363 452 2563 497 cetera.
2597 442 2701 497 Sed
2729 445 2854 513 quid
2899 445 3020 498 dicit
3055 444 3148 506 illi,
3180 447 3372 515 inquit,
3401 464 3604 516 respon-

2035 549 2146 585 sum
2177 533 2407 586 divinum
2427 534 2451 584 ?
2473 531 2677 601 Reliqui
2700 533 2825 584 mihi
2849 544 3040 602 septem
3065 533 3230 586 millia
3256 535 3602 603 virorum,qui

2035 639 2139 674 non
2186 632 2524 676 curvaverant
2547 639 2714 692 genua
2744 626 2763 656 ⁵
2792 635 2912 677 ante
2948 623 3084 677 Baal
3116 624 3159 678 τ.
3190 624 3306 679 Non
3332 627 3474 679 enim
3507 627 3598 687 ait,

2036 714 2219 764 relicta
2246 721 2372 766 sunt
2398 713 2549 777 mihi,
2577 723 2670 766 aut
2693 713 3026 781 reliquerunt
3047 731 3105 768 se
3131 715 3281 778 mihi,
3309 718 3399 769 sed
3424 715 3600 784 reliqui

2035 802 2180 852 milii.
2207 799 2296 854 Sic
2323 817 2465 870 ergo,
2493 802 2686 869 inquit,
2720 814 2766 854 et
2792 803 2847 854 in
2875 802 2971 855 hoc
2996 812 3223 873 tempore
3250 804 3496 871 reliquiae
3517 821 3606 872 per

2033 891 2329 943 electionem
2367 892 2566 960 gratiae
2597 890 2816 962 [salvae]
2849 891 2891 921 ¹⁰
2919 892 3091 960 factae
3136 903 3274 946 sunt.
3326 891 3383 947 Si
3433 905 3603 946 autem

2034 980 2224 1048 gratia,
2248 979 2363 1048 jam
2397 995 2500 1032 non
2528 995 2591 1031 ex
2615 980 2873 1048 operibus,
2904 981 3136 1051 alioquin
3164 984 3332 1051 gratia
3352 983 3466 1052 jam
3505 1000 3607 1038 non

2034 1079 2107 1121 est
2130 1069 2296 1136 gratia
2323 1069 2367 1121 ε.
2389 1067 2454 1121 Ει
2475 1077 2802 1123 conuertens
2825 1069 2931 1130 illa,
2951 1085 3092 1139 quae
3114 1070 3226 1139 jam
3253 1087 3414 1141 supra
3443 1074 3607 1127 inter-

2035 1161 2184 1230 posui
2206 1179 2217 1213 :
2249 1159 2388 1225 Quid
2408 1177 2528 1230 ergo
2544 1161 2568 1213 ?
2587 1161 2652 1216 Et
2673 1162 2797 1215 huic
2820 1163 3220 1232 interrogationi
3247 1167 3602 1234 respondens:

2033 1251 2171 1318 quod
2194 1249 2494 1319 quaerebat,
2519 1250 2714 1318 inquit,
2729 1251 2920 1317 Israel,
2943 1253 3040 1306 hoc
3062 1271 3164 1308 non
3185 1265 3256 1307 est
3280 1267 3604 1320 consecutus,

2033 1336 2211 1389 electio
2233 1348 2402 1390 autent
2422 1349 2693 1392 consecuta
2709 1349 2803 1403 est,
2835 1343 2988 1394 ceteri
3014 1358 3132 1395 vero
3145 1345 3538 1397 excaecatiasunt
3554 1346 3603 1397 ιι.

2034 1426 2090 1481 In
2122 1428 2220 1481 hac
2253 1443 2382 1497 ergo
2415 1429 2698 1495 electione,
2729 1439 2784 1485 et
2827 1432 2880 1485 in
2927 1432 3011 1486 liis
3047 1433 3320 1504 reliquiis.
3354 1450 3492 1504 quae
3517 1452 3608 1504 per

2034 1520 2330 1575 electionem
2353 1526 2554 1592 gratiae
2599 1524 2772 1580 salvae
2799 1526 2970 1595 [actae
2998 1539 3118 1581 sunt
3140 1569 3155 1592 ,
3185 1529 3354 1582 voluit
3382 1530 3605 1599 intelligi

2035 1611 2242 1679 plebem
2271 1653 2285 1678 ,
2333 1630 2496 1682 quam
2533 1624 2814 1684 propterea
2869 1618 3006 1672 Deus
3054 1635 3159 1673 non
3212 1623 3440 1691 repulit,
3481 1623 3605 1692 quia

365 1703 500 1755 ratio
544 1705 767 1772 gratiae,
818 1705 1100 1772 otnnisque
1150 1706 1324 1774 gratia
1355 1707 1586 1771 donum,
1635 1708 1942 1761 necessario
1974 1697 2016 1753 Β
2045 1704 2353 1770 praesciVil.
2374 1703 2611 1759 Haecesl
2637 1706 2723 1758 illa
2745 1707 2958 1770 ειθοῑίο,
2983 1725 3086 1778 qua
3114 1724 3227 1770 etis.
3257 1726 3391 1778 quos
3419 1710 3609 1773 νοιυίι.

362 1789 634 1858 ιοΙΙίεἰιυΓ
659 1793 831 1844 oinnis
872 1793 1050 1844 divina
1089 1794 1514 1860 praetlestinatio
1537 1795 1796 1848 donorum
1823 1793 1940 1863 ejus

361 1881 723 1947 praeparatio.
741 1879 917 1934 Poena
934 1882 1118 1950 procul
1137 1883 1296 1936 dubio
1326 1883 1514 1952 impios
1529 1882 1676 1950 juste
1704 1894 1936 1954 torquet,

320 1959 335 2020 ἰ
363 1969 501 2036 quod
529 1971 724 2024 donum
754 1989 857 2025 non
885 1983 998 2036 est;
1035 1973 1296 2042 alioquin,
1326 1975 1371 2028 si
1405 1986 1548 2030 esset
1575 1976 1802 2041 donum,
1833 1995 1936 2032 non

365 2070 680 2128 torqueret,
738 2063 828 2116 sed
901 2065 1085 2132 uiiqne
1141 2065 1417 2120 liberaret.
1473 2065 1590 2122 Non
1643 2076 1726 2122 est
1779 2069 1939 2139 igitur

362 2151 780 2216 [raetlestinatio
809 2168 1002 2220 poena.
1027 2153 1175 2218 Quod
1200 2155 1242 2208 si
1268 2163 1430 2220 esset,
1455 2171 1562 2209 non
1589 2167 1732 2211 esset
1742 2173 1936 2227 poena,

363 2243 456 2298 sed
483 2245 672 2314 gratia.
697 2245 790 2298 Est
818 2256 995 2300 autem
1016 2262 1204 2315 poena.
1225 2246 1339 2302 Non
1361 2257 1444 2303 est
1466 2249 1630 2318 igitur
1650 2250 1940 2319 praedesti-

362 2333 510 2391 natio
523 2335 654 2403 ejus.
677 2339 904 2393 Proinde
924 2341 1465 2408 praelustinationem
1487 2341 1539 2395 in
1559 2342 1712 2396 donis
1728 2343 1938 2398 divinae

363 2426 632 2498 largitatis
664 2448 876 2500 semper
905 2431 1308 2500 intelligendam
1343 2449 1482 2498 esse,
1517 2435 1562 2488 si
1602 2434 1725 2504 quis
1757 2437 1938 2490 adhuc

363 2519 590 2585 dubitat,
623 2521 814 2577 librum
841 2525 1302 2594 sanctiAugustini
1329 2526 1394 2578 de
1418 2527 1567 2580 Dono
1582 2521 1936 2596 perseverari-

367 2607 470 2666 tiae
489 2611 725 2667 intentus
741 2615 1046 2684 perspiciat,
1065 2618 1116 2670 in
1135 2634 1199 2673 eo
1212 2619 1347 2682 loco,
1367 2619 1455 2674 ubi
1471 2620 1576 2672 ait:
1598 2639 1616 2670 ‹
1640 2621 1784 2676 llaec
1799 2641 1841 2684 ι,
1859 2623 1939 2674 in-

363 2718 553 2771 quam,
581 2724 597 2754 ι
633 2706 722 2758 Dei
756 2706 924 2770 dona,
949 2706 994 2761 si
1024 2707 1168 2762 nulla
1192 2719 1274 2762 est
1307 2711 1746 2779 prae-destinatio,
1776 2729 1937 2781 quam

363 2794 720 2858 defendimus.
737 2815 841 2851 non
862 2801 1234 2868 praesciuntur
1250 2819 1277 2854 a
1296 2802 1424 2856 Deo.
1442 2801 1824 2858 Praesciuntur
1839 2821 1936 2857 au-

363 2901 492 2946 tem.
517 2891 660 2946 llaec
679 2903 760 2946 est
776 2893 936 2962 igitur
950 2895 1388 2962 praedestinatio,
1403 2911 1561 2964 quam
1579 2896 1932 2950 defendimus.

366 2982 514 3038 Unde
561 2983 847 3053 aliquando
895 2987 1080 3040 eadem
1132 2987 1552 3056 praedestinatio
1599 2987 1937 3057 signiﬁcatur

2039 1791 2187 1859 elegit
2237 1793 2292 1845 in
2343 1793 2545 1846 Clu-isto
2600 1805 2719 1848 ante
2765 1799 3183 1852 constitutionem
3235 1799 3411 1852 mundi
3441 1799 3507 1864 “,
3555 1811 3608 1851 ut

2039 1894 2204 1936 essent
2241 1887 2408 1938 sancti
2434 1895 2482 1938 et
2510 1887 2834 1941 iittntaculati
2884 1891 2938 1942 in
2977 1901 3247 1959 conspectu
3294 1892 3406 1961 ejus
3445 1894 3499 1946 in
3523 1909 3613 1946 ca-

2040 1974 2229 2039 ritate,
2278 1977 2669 2042 praedestinuns
2714 1994 2800 2034 eos
2837 1979 2891 2033 in
2931 1979 3256 2051 adoptionem
3301 1982 3532 2050 ﬁliorum
3565 1985 3607 2035 ί.

2039 2061 2227 2117 Nullus
2263 2065 2444 2136 igitur,
2477 2069 2568 2135 qui
2591 2069 2723 2122 haec
2746 2069 3230 2142 inte‘.ligit,negare
3255 2072 3337 2127 vel
3365 2073 3614 2127 dubitare

2039 2157 2389 2224 permittitur,
2443 2158 2532 2212 ubi
2581 2160 2656 2213 ait
2703 2160 3040 2230 Apostolus:
3075 2163 3197 2217 Non
3240 2165 3424 2234 repulit
3473 2164 3613 2218 Deus

2037 2245 2233 2314 plebem
2261 2265 2428 2311 suam,
2457 2266 2614 2319 quam
2641 2250 2933 2333 praesciuit,
2966 2253 3510 2320 praetlestinationem
3540 2257 3582 2308 si
3601 2284 3618 2294 -

2039 2336 2297 2404 gnilicare
2342 2337 2595 2392 voluisse.
2645 2338 2942 2395 Praescivit
2988 2343 3131 2396 enim
3177 2343 3450 2412 reliquias,
3479 2356 3611 2414 quas

2040 2429 2338 2482 secundum
2390 2429 2709 2484 electionem
2757 2433 2962 2501 gratiae
3007 2431 3182 2487 fuerat
3213 2435 3324 2504 ipse
3344 2433 3609 2496 facturus.

2042 2519 2142 2572 hoc
2169 2528 2250 2573 est
2269 2535 2397 2587 ergo
2413 2522 2864 2590 praedestinavit;
2895 2524 3009 2578 sine
3033 2525 3193 2578 dubio
3205 2525 3346 2579 enim
3371 2541 3547 2594 praes,
3570 2527 3610 2578 i-

2040 2610 2147 2674 vit,
2197 2611 2240 2664 si
2272 2611 2710 2680 praedestinavit.
2761 2613 2867 2668 Sed
2908 2615 3337 2684 prae-destinasse
3382 2626 3463 2669 est
3510 2617 3610 2669 hoc

2040 2701 2357 2769 praescisse,
2388 2703 2526 2770 quod
2555 2702 2730 2757 fuerat
2761 2704 2874 2772 ipse
2896 2703 3153 2758 facturus.
3188 2703 3324 2770 Quid
3353 2721 3482 2775 ergo
3513 2724 3610 2760 nos

2040 2791 2308 2858 prohibet,
2341 2793 2557 2858 quando
2580 2793 2720 2861 apud
2745 2793 2956 2863 aliquos
2980 2794 3127 2848 verbi
3171 2794 3262 2848 Dei
3291 2803 3610 2849 traetatores

2041 2877 2271 2946 legimus
2302 2879 2396 2932 Dei
2428 2880 2843 2948 praescientiam
2869 2920 2882 2946 ,
2915 2891 2970 2934 et
2998 2881 3176 2950 agitur
3215 2881 3282 2936 de
3329 2883 3609 2937 vocatione

2041 2968 2370 3033 electorum,
2418 2969 2644 3023 eandem
2687 2970 3228 3039 praedestinatiouem
3275 2970 3605 3041 intelligere;

360 3075 520 3128 etiam
545 3077 762 3130 nomine
783 3078 1189 3145 praescientiae,
1213 3079 1781 3148 sicutaitApostolus:
1812 3078 1936 3134 Non
1964 3048 2006 3109 C
2039 3059 2209 3128 magis
2235 3059 2376 3113 θηίίη
2407 3059 2449 3090 ﬂ
2480 3059 2708 3114 Γονίθδεθ
2735 3059 3020 3115 “merum
3047 3062 3150 3116 hoc
3189 3061 3351 3116 verbo
3374 3061 3426 3115 ίη
3457 3076 3520 3115 ea
3553 3077 3608 3114 re

361 3168 544 3238 repulit
596 3167 738 3222 Deus
787 3170 983 3238 plebem
1011 3187 1192 3233 suam,
1222 3187 1379 3240 quam
1407 3172 1682 3238 praesciuit
1709 3183 1756 3223 ι.
1791 3170 1888 3224 Hic
1915 3171 1931 3200 ί

359 3259 500 3325 quod
535 3259 603 3310 ait
633 3261 944 3328 praescivit,
969 3275 1072 3314 non
1105 3269 1250 3314 recte
1286 3259 1620 3327 intelligitur,
1649 3259 1750 3313 nisi
1775 3275 1934 3329 prae-

357 3349 670 3412 destinavit,
697 3350 836 3417 quod
867 3351 1266 3404 circumstantia
1293 3351 1459 3420 ipsius
1485 3350 1730 3405 lectionis
1750 3362 1932 3405 osten-

358 3437 456 3491 dit.
489 3437 828 3505 Loquebatttr
853 3440 994 3492 enim
1019 3440 1084 3494 de
1108 3439 1348 3507 reliquiis
1389 3437 1714 3493 Judacorum
1739 3479 1753 3504 ,
1791 3455 1932 3508 quae

359 3525 534 3580 salvae
560 3527 729 3596 factae
756 3537 874 3580 sunt
910 3530 1260 3596 pereuntibus
1290 3529 1502 3584 ceteris.
1529 3528 1657 3582 Nam
1683 3530 1932 3598 superius

358 3617 567 3670 dixerat
612 3619 677 3670 ad
734 3618 961 3683 lsrael',
991 3619 1192 3672 dixisse
1241 3618 1559 3688 Propltetam
1605 3637 1618 3671 :
1672 3618 1800 3672 Tota
1847 3620 1932 3673 die

355 3709 566 3760 extendi
593 3708 611 3738 ³
647 3725 833 3761 manus
865 3726 1005 3762 meas
1027 3711 1094 3762 ad
1122 3709 1369 3778 populant
1407 3727 1509 3763 non
1541 3710 1850 3772 credentem,
1881 3719 1931 3762 et

355 3797 787 3849 contradicentem
837 3798 884 3850 δ.
931 3798 994 3851 Et
1040 3807 1290 3866 tanquam
1341 3799 1785 3868 responderetur,
1841 3797 1930 3851 tibi

354 3895 622 3955 Sttttlet'go
646 3885 817 3940 factae
839 3887 1224 3958 promissiones
1253 3887 1348 3941 Dei
1372 3889 1437 3942 ad
1463 3887 1646 3949 Israel,
1674 3887 1929 3941 continuo

354 3973 631 4042 subjunxit
657 3994 670 4028 :
706 3976 832 4030 Dico
861 3995 1002 4047 ergo,
1033 3978 1269 4048 nunquid
1295 3977 1476 4045 repulit
1507 3977 1526 4007 "
1561 3977 1698 4030 Deus
1730 3975 1927 4046 plebem

351 4069 542 4120 suum?
575 4069 755 4132 Absit;
787 4087 907 4122 nam
952 4080 998 4122 et
1034 4087 1127 4139 ego
1175 4068 1417 4122 Israelita
1446 4084 1593 4131 sum,
1627 4083 1690 4119 ea:
1735 4064 1928 4118 semine

351 4159 617 4212 Abraham
645 4160 685 4224 ⁸,
727 4160 864 4213 tribu
893 4161 912 4190 ⁸
951 4161 1228 4230 Benjamin
1260 4172 1307 4212 ο.
1351 4159 1633 4228 Tanquam
1678 4157 1882 4210 diceret
1911 4173 1922 4208 :

352 4249 486 4303 Nam
515 4259 570 4305 et
596 4267 694 4318 ego
721 4269 788 4306 ex
813 4253 924 4320 ipsa
954 4251 1106 4320 plebe
1135 4268 1276 4306 sum.
1308 4251 1509 4305 Deinde
1534 4248 1760 4312 addidit,
1787 4246 1926 4300 unde

351 4355 494 4392 nunc
533 4342 740 4411 agimus
771 4359 783 4394 :
812 4359 915 4396 non
943 4343 1128 4410 repulit
1161 4343 1300 4396 Deus
1331 4341 1527 4412 plebem
1562 4357 1735 4404 suam,
1769 4354 1926 4408 quant

2038 3149 2136 3213 uti,
2171 3148 2313 3218 quod
2359 3158 2416 3203 et
2455 3147 2669 3204 facilius
2707 3150 3048 3221 intelligitur,
3093 3162 3148 3206 et
3187 3167 3292 3206 non
3323 3160 3604 3220 repugnat,

2040 3241 2146 3294 imo
2193 3249 2248 3294 et
2294 3241 2546 3310 congruit
2578 3241 2790 3294 veritati
2811 3281 2826 3305 ,
2859 3256 2999 3310 quae
3029 3243 3093 3295 de
3118 3242 3606 3312 praedestinatione

2035 3330 2240 3399 gratiae
2265 3329 2622 3398 praedicatur.
2657 3329 2767 3384 lloc
2797 3331 2931 3396 scio,
2956 3331 3222 3386 neminem
3237 3340 3422 3385 contra
3449 3331 3606 3386 istam

2035 3417 2782 3486 praetlestinationem,quam
2813 3420 3109 3473 secundum
3147 3419 3454 3488 Scripturas
3479 3435 3608 3473 san-

2035 3516 2152 3559 ctas
2176 3504 2529 3569 defendimus,
2561 3505 2661 3560 nisi
2693 3507 2924 3561 errando
2953 3508 3228 3578 disputare
3255 3509 3495 3579 potuisse
3519 3507 3532 3558 i
3557 3529 3606 3563 ι.

2104 3612 2168 3666 ν.
2197 3611 2253 3665 Si
2285 3625 2412 3680 ergo
2440 3613 2610 3666 sancti
2643 3610 2926 3682 Augustini
2955 3614 3280 3669 credendum
3311 3624 3396 3670 est
3417 3623 3606 3668 aucto-

2032 3701 2197 3762 ritati,
2227 3702 2390 3754 immo
2424 3715 2518 3769 per
2551 3715 2670 3754 eam
2701 3702 2950 3767 veritati,
2987 3703 3306 3758 inconcusse
3349 3704 3609 3758 debemus

2033 3791 2172 3844 hanc
2196 3790 2431 3859 regulam
2461 3801 2666 3854 tenere,
2689 3799 2746 3844 ut
2770 3791 3198 3862 quotiescunque
3219 3808 3314 3848 seu
3341 3793 3392 3846 in
3415 3803 3602 3848 sancta

2032 3882 2306 3951 Scriptura
2317 3921 2330 3944 ,
2348 3897 2440 3936 seu
2459 3882 2510 3935 in
2528 3884 2906 3938 tractatoribus
2921 3883 3038 3953 ejus
3051 3885 3460 3952 praescientiam
3476 3886 3610 3939 divi-

2031 3987 2154 4025 nam
2173 3973 2524 4041 reperiamus,
2542 3973 2585 4026 si
2599 3975 2664 4026 de
2678 3981 2985 4028 sanctorum
3009 3973 3268 4030 electione
3293 3989 3470 4029 sermo
3487 3972 3609 4028 itte-

2031 4063 2122 4127 rit,
2163 4062 2464 4117 nullatenus
2491 4077 2586 4130 per
2611 4078 2731 4117 eam
2757 4064 2855 4118 nisi
2877 4065 3420 4133 praedestinationem
3438 4065 3607 4134 signi-

2031 4149 2180 4204 ﬁcari
2197 4150 2542 4219 accipiamus.
2561 4149 2629 4204 Et
2641 4150 2686 4204 si
2707 4151 2786 4205 sic
2802 4152 3032 4220 est,quis
3048 4168 3152 4206 non
3173 4153 3373 4216 videat,
3388 4167 3605 4206 omnem

2029 4239 2124 4293 Dei
2142 4240 2558 4309 praescientiam
2583 4240 2650 4294 ad
2674 4249 2888 4295 sanctos
2915 4241 3272 4310 pertinentem
3297 4242 3428 4295 nihil
3457 4242 3606 4295 aliud

2029 4346 2171 4396 esse,
2204 4331 2309 4386 nisi
2360 4346 2546 4386 eorum
2592 4331 3170 4400 praedestinationem.
3202 4332 3435 4388 Proinde
3480 4349 3605 4388 con-
3641 4331 3644 4368 τ

351 4410 642 4498 praesum,
688 4432 862 4501 Atque
913 4442 970 4486 ιιι
1022 4410 1354 4498 ostenderet,
1383 4433 1475 4488 Dei
1531 4431 1705 4500 gratia
1761 4428 1928 4484 fuisse
1957 4410 2007 4469 D
2031 4421 2264 4476 nexione
2305 4435 2465 4475 verae
2495 4421 2920 4478 ratiocinationis
2947 4423 3125 4493 colligi
3153 4432 3328 4492 potest
3361 4439 3374 4474 :
3421 4423 3604 4476 omnis

355 4520 572 4574 relictas
598 4522 874 4590 reliquias,
910 4540 1015 4576 non
1048 4523 1256 4577 meritis
1285 4538 1507 4592 operum
1537 4535 1747 4583 eorum,
1776 4534 1927 4573 secu-

353 4623 441 4668 tus
488 4614 728 4683 adjunxit
753 4615 771 4644 ⁷
803 4631 816 4667 :
849 4615 929 4668 An
962 4616 1168 4670 nescitis
1217 4617 1272 4669 in
1326 4614 1479 4669 Helia
1527 4613 1666 4684 quod
1694 4611 1715 4643 ⁸
1737 4611 1862 4664 dicit
1895 4609 1924 4650 ἀ

2031 4510 2392 4582 praescientia
2416 4510 2692 4579 pertinens
2717 4512 2785 4566 ad
2809 4512 3010 4566 electos
3023 4513 3446 4582 praedestiuatio
3476 4521 3557 4566 est
3585 4530 3599 4566 :

2032 4601 2178 4656 nulla
2201 4601 2646 4670 praedestinatio.
2667 4602 2767 4656 nisi
2795 4602 3086 4657 electorum
3118 4612 3202 4658 est
3228 4620 3241 4656 :
3271 4603 3413 4656 nulla
3441 4603 3607 4673 igitur

1627 4742 1876 4800 \‘ARIAE
1916 4735 2316 4794 LECTIONES.

423 4863 440 4893 ‘
474 4860 566 4915 Sic
599 4862 742 4922 cod.,
777 4861 844 4914 M.
871 4859 1008 4915 Hoc.
1061 4861 1081 4890 ’
1110 4859 1240 4914 Cod.
1273 4858 1494 4920 israltel,
1528 4858 1604 4910 sic
1631 4856 1844 4924 ultiquej

350 4931 658 4985 Imbro/tam.
733 4930 857 4984 ‘Sic
885 4931 1027 4994 cod.,
1051 4929 1120 4982 M.
1149 4931 1211 4983 de
1243 4931 1401 4983 tribu.

354 5002 392 5032 ¹¹
425 4999 517 5056 Sic
547 5001 687 5059 cod..
715 5000 781 5054 M.
814 5000 995 5053 mundi
1017 4999 1452 5053 constitutionem.
1497 4997 1540 5028 "
1624 4994 1695 5050 al.
1729 5007 1920 5048 autem.

1945 4850 1966 4880 ³
1998 4849 2071 4922 _a_l.
2123 4847 2372 4922 εδιτραῃιιὶἶ
2440 4845 2462 4876 ⁵
2497 4846 2929 4922 _(}od._reppulit,
2971 4853 3048 4922 sic
3095 4851 3315 4922 ubique.

1474 4928 1494 4959 "
1524 4926 1615 4981 Sic
1642 4919 1788 4987 cod.,
1839 4922 1909 4976 Μ.
1939 4919 2200 4988 adjungit.

3421 4858 3441 4889 ⁸
3463 4853 3595 4910 Cod.

2276 4921 2297 4950 ⁸
2325 4917 2394 4970 al.
2420 4917 2566 4986 quid.
2661 4917 2683 4947 ⁹
2713 4917 2785 4971 al.
2811 4936 2962 4990 genu.
3035 4921 3076 4953 ⁸ο
3113 4917 3286 4975 saluae
3334 4936 3443 4977 om.
3473 4924 3598 4978 cod.

1832 5099 2078 5158 NOTAE.

423 5242 446 5267 ⁸
481 5229 634 5282 Rom.
679 5230 742 5281 Χῖ
797 5231 852 5282 ‘2.

427 5300 451 5338 δ
483 5302 602 5352 lsai.
634 5293 791 5360 LXV,
815 5295 872 5350 2.

427 5380 447 5406 τ
483 5369 634 5422 Rom.
669 5369 757 5430 ΧΙ,
791 5373 840 5423 I.

421 5438 444 5476 δ
480 5438 632 5491 Rom.
665 5438 752 5501 XI,
782 5441 835 5492 2.

433 5519 454 5546 ο
486 5507 642 5562 Rom.
676 5508 764 5568 XI.
797 5510 846 5563 4.

430 5577 447 5617 ί
482 5577 544 5632 lll
577 5577 703 5649 Reg.
741 5579 876 5644 χιχ,
917 5581 994 5636 l8.

2101 5203 2125 5239 ε
2165 5198 2322 5251 Rom.
2359 5197 2450 5264 XI,
2482 5200 2536 5262 ι.
2563 5198 2618 5265 5,
2648 5201 2702 5253 6.

2097 5266 2125 5305 Ιι
2163 5267 2321 5320 Rom.
2351 5265 2443 5330 XI,
2473 5270 2528 5324 7.

2097 5340 2107 5367 '
2163 5336 2367 5404 Epltes.
2399 5336 2442 5400 I,
2469 5340 2523 5399 4.
2557 5338 2608 5392 5.

2101 5406 2113 5454 i
2163 5408 2447 5525 Aiusgustin.
2483 5409 2545 5462 de
2594 5408 2740 5463 Dono
2765 5412 3168 5477 perseverantia:
3200 5425 3250 5468 c.
3283 5411 3347 5466 ΓΙ
3385 5414 3438 5466 in
3478 5415 3591 5469 fine

2110 5490 2159 5525 e.
2266 5512 2279 5525 .

2023 5485 2159 5530 etc.
2197 5485 2279 5526 Ιδ.
