3904 6148
281 239 381 294 407

1660 264 1890 322 JOALVNI

1993 265 2171 322 SCOTI
3314 301 3318 304 ι
3414 263 3518 322 408

296 380 555 437 Dicuntur
603 379 694 434 ﬁlii
740 379 850 443 Dei,
892 397 1010 435 cum
1056 382 1159 435 sint
1208 380 1300 433 ﬁlii
1339 379 1681 448 perditionis,
1721 394 1856 448 quos
1886 381 1930 437 Λ
1961 376 2120 431 modo
2145 375 2403 430 vacillat:
2441 376 2485 431 si
2533 391 2719 430 omnes
2753 375 3134 445 praedestinati
3176 383 3297 433 sunt
3342 374 3517 438 electi,

294 484 483 523 omnes
513 469 565 522 in
600 470 872 537 proditore
921 471 937 499 ’
971 484 1068 522 suo
1107 468 1358 521 Dominus
1401 467 1650 538 signavit.
1687 467 1859 522 Orans

294 559 492 626 quippe
535 558 748 611 Patrem
782 574 877 626 pro
920 558 1104 613 electis
1150 559 1297 611 suis:
1334 557 1496 621 Quos,
1538 558 1642 620 ait,
1673 558 1860 610 dedisti

294 649 445 715 mihi,
476 650 758 709 custodiri,
786 658 830 700 et
861 663 1007 700 nemo
1042 664 1105 701 ea;
1138 649 1217 699 Itis
1244 648 1418 716 periit,
1455 649 1554 701 nisi
1581 647 1720 715 ﬁlius
1747 664 1863 717 per-

297 741 509 793 ditionis
535 753 579 792 ει.
618 739 832 792 Electus
875 739 1037 806 igitur
1078 739 1355 793 dicebatur
1381 738 1578 802 Iudas,
1610 738 1733 808 quia
1771 754 1861 792 vo-

299 840 452 881 catus
497 837 572 881 est
624 829 762 880 inter
804 827 1037 892 electos;
1073 827 1213 881 ﬁlius
1241 829 1539 892 dicebatur,
1572 830 1694 896 quia
1728 829 1865 880 inter

302 918 496 970 fratres
518 917 714 971 Christi
740 933 768 969 a
794 918 1157 972 nescientibus
1177 920 1680 972 connumerabatur.
1716 918 1867 972 Sicut

301 1015 478 1057 autem
496 1005 672 1058 nullus
694 1006 935 1074 ambigit,
959 1021 989 1060 e
1012 1008 1285 1059 contrario
1303 1006 1481 1060 vocari
1501 1004 1636 1059 ﬁlios
1655 1016 1868 1074 praeter

303 1110 415 1155 eos,
446 1095 639 1162 quibus
670 1095 976 1149 haereditas
999 1105 1226 1163 paterna
1257 1097 1585 1160 destinatur;
1616 1097 1868 1150 itaecon-

305 1185 469 1237 trario
509 1185 688 1238 vocari
723 1185 952 1246 electos,
985 1186 1085 1239 nisi
1126 1187 1250 1255 quia
1294 1179 1569 1240 consortio
1613 1187 1869 1249 aliorum,

303 1290 439 1343 quos
484 1276 629 1342 justc
677 1291 851 1328 massa
889 1276 1138 1328 damnata
1185 1276 1237 1329 in
1287 1277 1500 1329 miseria
1547 1276 1770 1340 detinet,
1804 1276 1872 1330 ad

307 1366 654 1419 beatitudinis
677 1366 927 1435 gaudium
951 1375 1316 1438 segregantur.
1340 1367 1405 1421 Et
1424 1367 1868 1435 quemadmodum

309 1469 412 1505 non
466 1460 592 1506 sunt
638 1453 761 1515 lilii,
792 1454 835 1507 si
868 1470 969 1507 non
1004 1454 1113 1507 sint
1137 1454 1427 1519 haeredes,
1469 1457 1547 1508 sic
1576 1454 1731 1508 electi
1765 1470 1871 1507 non

308 1550 433 1594 sunt
455 1581 469 1605 ,
513 1542 555 1594 si
602 1557 708 1596 non
741 1542 847 1596 sint
876 1542 1077 1597 dilecti.
1107 1543 1384 1609 Quomodo
1409 1560 1537 1616 ergo
1561 1544 1720 1617 ni‘si_e
1746 1560 1874 1598 con-

308 1632 480 1685 trario
495 1633 764 1687 diceretur
776 1632 802 1687 J
810 1633 940 1687 udas
955 1633 1055 1689 elei
1074 1643 1176 1701 tus,
1196 1635 1319 1689 dum
1335 1650 1437 1690 non
1455 1644 1599 1691 esset
1617 1636 1889 1690 dilectus?”

1962 465 2103 519 unde
2148 479 2306 518 nemo
2355 463 2588 519 ﬁdelium
2637 465 2878 528 dubitat;
2910 478 3098 517 omnes
3144 473 3318 517 autem
3366 463 3554 529 electil

1960 556 2181 609 omnino
2209 554 2330 608 Filii
2365 555 2459 608 Dei
2499 564 2659 620 sunt;
2697 569 2885 608 omnes
2939 554 3099 624 igitur
3144 551 3523 623 praedestinati

1961 642 2079 696 Filii
2141 643 2233 697 Dei
2278 653 2421 697 sunt.
2474 644 2620 709 Quae
2673 643 2936 696 connexio
2985 654 3130 697 stare
3173 643 3316 697 nullo
3371 643 3528 697 modo

1964 743 2170 801 posset,
2214 735 2256 785 si
2301 733 2353 786 hi
2403 743 2511 787 tres
2560 733 2772 787 termini
2805 732 3055 800 aequales
3103 748 3208 785 non
3248 740 3450 794 essent,
3476 729 3522 785 id

1965 832 2044 876 est
2075 820 2326 886 ﬁliolitas,
2369 822 2581 885 electio,
2626 821 3058 891 praedestinatio.
3086 821 3354 888 Quantum
3386 821 3526 872 enim

1966 915 2378 982 comprehentit
2430 914 2687 977 ﬁliulitas,
2724 923 2929 968 tantum
2964 914 3175 977 electio,
3224 921 3279 968 et
3325 921 3528 967 tantum

1968 1005 2183 1068 electio,
2208 1013 2467 1074 quantum
2503 1006 2945 1075 praedestinatio.
2984 1006 3215 1079 Ideoque
3247 1013 3356 1058 tres
3379 1017 3531 1073 pares

1970 1096 2184 1150 termini
2235 1096 2353 1150 sine
2396 1095 2503 1150 ullo
2555 1097 2686 1150 vitio
2729 1106 2974 1156 currunt,
3021 1108 3182 1164 atque
3227 1104 3530 1149 recurrunt.

1972 1189 2123 1245 Sicut
2157 1204 2286 1259 ergo
2314 1188 2521 1243 frustra
2539 1198 2871 1258 quaeruntur
2898 1187 3019 1241 Filii
3058 1188 3150 1241 Dei
3179 1198 3397 1257 praeter
3425 1185 3536 1255 ejus

1970 1278 2193 1336 electos.
2224 1279 2296 1331 ita
2328 1277 2526 1332 frustra
2572 1286 2832 1346 putantur
2875 1274 2988 1343 ejus
3025 1276 3180 1330 electi
3227 1284 3446 1344 praeter
3473 1273 3537 1327 ab

1971 1383 2038 1424 eo
2072 1368 2518 1438 praedestinatns.
2580 1367 2647 1420 Et
2705 1365 3079 1436 reeiprocatim
3128 1380 3141 1418 :
3187 1364 3343 1419 Sicut
3384 1359 3540 1433 impie

1973 1470 2234 1531 putantur
2257 1458 2640 1530 praedestinati
2684 1472 2713 1511 a
2751 1459 2861 1512 Deo
2908 1467 3120 1527 praeter
3157 1453 3275 1522 ejus
3321 1453 3537 1515 electos,

1976 1555 2051 1608 ita
2094 1567 2429 1623 supervacuo
2478 1550 2832 1605 aestimantur
2870 1549 3020 1603 electi
3048 1547 3141 1601 Dei
3174 1555 3392 1617 praeter
3432 1542 3542 1612 ejus

1977 1644 2137 1698 ﬁlios.
2189 1641 2303 1696 Non
2357 1649 2484 1696 sunt
2532 1641 2695 1710 igitur
2741 1637 3145 1708 praedestinati,
3194 1636 3238 1690 si
3276 1651 3386 1689 non
3424 1647 3542 1688 sunt

312 1723 366 1776 Si
416 1724 558 1777 enim
607 1723 937 1794 diligeretur,
968 1725 1153 1794 utique
1198 1740 1305 1780 non
1356 1727 1719 1798 repelleretur.
1767 1728 1874 1780 Aut
1901 1721 1949 1781 B
1982 1736 2073 1790 Dei
2104 1734 2246 1788 Filii.
2276 1733 2348 1793 Ut
2371 1734 2512 1787 enim
2543 1730 2700 1786 simul
2741 1746 2845 1783 non
2876 1736 3041 1797 potest
3073 1743 3212 1792 esse,
3242 1734 3302 1780 nt
3334 1734 3389 1780 et
3430 1724 3542 1779 Filii

314 1813 583 1877 qutmtodo
613 1813 816 1867 electus
852 1816 916 1867 ad
953 1813 1213 1882 judicium
1262 1815 1401 1885 ignis
1425 1818 1662 1883 aeterni,
1692 1817 1805 1885 qui,
1834 1818 1889 1871 si

314 1914 453 1955 esset
489 1901 712 1968 electus,
743 1903 1106 1974 proculdubio
1130 1906 1196 1959 ad
1219 1906 1380 1959 vitam
1409 1906 1700 1976 pertineret
1717 1916 1882 1961 aeter-

317 1992 480 2044 nam?

387 2081 448 2134 ll.
480 2080 631 2148 Quod
656 2083 698 2136 si
721 2082 785 2135 ad
812 2083 943 2137 haec
969 2082 1306 2152 impudenter
1326 2083 1612 2147 resistitur,
1630 2084 1889 2138 debemus

318 2169 563 2238 accipere
600 2186 698 2240 per
724 2170 892 2225 Judae
920 2173 1212 2241 proditoris
1237 2173 1509 2227 abusivam
1542 2173 1884 2235 electionem,

313 2258 513 2328 justam
549 2258 665 2327 ejus
698 2262 1165 2330 reprobatiuncm;
1197 2276 1292 2331 per
1332 2261 1447 2330 ejus
1483 2276 1634 2325 vero,
1661 2275 1763 2329 qua
1818 2259 1884 2312 ad

319 2360 530 2420 tempus
574 2359 821 2413 vocatus,
851 2349 1189 2415 tiliolitatem,
1216 2349 1417 2419 justam
1445 2349 1559 2417 ejus
1590 2351 1887 2418 meritoque

320 2452 593 2496 aeternam
627 2441 1039 2506 abdicationem,
1070 2442 1193 2511 quia
1228 2457 1498 2511 nunquam
1530 2442 1735 2496 electus
1769 2440 1884 2505 fuit,

321 2536 459 2589 sicut
479 2550 750 2604 nunquam
770 2536 1029 2604 reprobus
1054 2532 1285 2587 nonfuit
1311 2534 1364 2584 "z
1391 2533 1639 2588 similiter
1661 2532 1885 2595 amicus,

322 2626 419 2694 qui
443 2640 658 2695 Semper
694 2633 810 2677 erat
848 2624 1117 2677 inimicus.
1149 2622 1380 2676 Proinde
1427 2638 1531 2676 non
1576 2624 1762 2686 video,
1795 2636 1890 2674 cur

322 2712 495 2766 sancti
528 2712 715 2766 Patres
746 2711 1092 2774 dubitarent,
1133 2710 1358 2779 pulchro
1397 2710 1682 2765 locutionis
1730 2709 1890 2763 modo

328 2801 649 2856 ﬁducialiter'
673 2802 956 2855 enuntiare
985 2800 1410 2870 praedestinatos
1439 2801 1503 2854 ad
1532 2815 1778 2869 poenam,
1806 2800 1903 2854 vel

328 2891 599 2944 interitum
622 2931 636 2956 ,
682 2899 965 2959 ceteraque
993 2890 1323 2959 hujusmodi,
1356 2891 1569 2959 quoties
1617 2891 1696 2944 eis
1727 2891 1779 2943 iu
1823 2890 1890 2944 li-

325 2978 544 3033 brorum
564 2972 804 3033 'suorum
853 2980 991 3032 serie
1026 2978 1224 3048 placuit
1270 2995 1503 3049 ponere,
1554 2993 1675 3033 cum
1721 2979 1890 3047 ipsam

328 3070 608 3125 veritatem
631 3086 736 3125 non
753 3071 1249 3125 dubitariuteodem
1272 3072 1429 3125 modo
1444 3070 1677 3126 locutam
1703 3071 1886 3135 fuisse,
1916 3064 1960 3126 C

333 3166 595 3226 quatenus
611 3166 665 3212 et
688 3174 930 3212 summae
962 3160 1274 3228 sapientiae,
1302 3176 1441 3228 quae
1464 3161 1514 3213 in
1544 3160 1623 3213 eis
1641 3160 1892 3229 loqueba-

336 3260 444 3312 tur,
476 3249 700 3317 vestigia
736 3263 839 3300 non
887 3250 1217 3310 desererent,
1262 3259 1315 3302 et
1354 3266 1504 3303 suam
1535 3250 1892 3318 eloquentiam

332 3337 555 3390 lecturis
614 3337 860 3404 exemplo
915 3338 1148 3391 futuram
1207 3339 1611 3406 prttiosissimis
1639 3339 1912 3408 ﬁguratae-

331 3425 786 3492 pronuntiationis
816 3426 1377 3494 lapidibusornareut.
1405 3430 1460 3482 Si
1484 3446 1612 3499 ergo
1644 3429 1899 3483 Dominus

333 3516 659 3583 proditorem
683 3532 837 3569 suum
869 3532 973 3570 non
998 3518 1211 3571 erubuit
1236 3520 1506 3588 appellare
1527 3522 1779 3583 electum,
1803 3536 1904 3574 cur

333 3605 448 3667 ejus
476 3605 712 3658 imitator
740 3614 959 3659 sanctus
992 3607 1321 3675 Augustinus
1363 3607 1725 3669 erubesceret,
1752 3623 1901 3661 cum-
1940 3622 1945 3628 '

336 3695 455 3745 dem
478 3733 491 3756 ,
542 3693 749 3748 scilicet
778 3695 1148 3763 proditorem,
1183 3711 1378 3750 vocare
1408 3698 1903 3765 praedestinatum?

338 3784 704 3853 Similiterque
716 3784 994 3840 Iudaicum
1012 3786 1283 3856 populum,
1302 3788 1515 3842 invidae
1530 3789 1782 3857 perﬁdiae
1797 3789 1904 3844 're-

341 3876 559 3941 fertum,
594 3876 802 3931 Domini
836 3888 1005 3933 nostri
1036 3879 1160 3933 Jesu
1205 3878 1406 3934 Christi
1455 3881 1789 3946 lraditorem,
1840 3897 1904 3937 ac

336 3982 434 4034 per
448 3967 547 4020 hoc
562 3967 1020 4037 interemptorem,
1035 3986 1132 4025 cur
1150 3971 1437 4024 haesitaret
1451 3971 1902 4039 praedestinatum

339 4057 517 4110 dicere
570 4057 635 4110 ad
686 4059 995 4114 interitum?
1044 4060 1151 4115 Cur
1196 4075 1299 4113 non
1352 4059 1543 4113 deinde
1588 4060 1908 4129 generaliter

338 4162 524 4204 onmes
550 4148 697 4218 impii
725 4152 791 4204 ad
816 4151 1132 4221 supplicium
1158 4152 1533 4221 praedestinati
1563 4153 1907 4206 enuntiaren-

340 4245 447 4300 tur,
476 4254 598 4291 cum
636 4247 689 4292 et
733 4241 1013 4294 verissima
1045 4242 1182 4294 ratio
1211 4241 1455 4304 suadeat,
1487 4249 1541 4294 et
1573 4241 1905 4307 apertissima

342 4328 655 4396 comprobet
704 4332 998 4385 auctoritas
1025 4371 1039 4395 ,
1072 4345 1175 4384 non
1221 4345 1341 4384 esse
1379 4328 1544 4384 Filios
1577 4330 1667 4384 Dei
1692 4337 1908 4398 praeter

1980 1825 2074 1881 Dei
2098 1825 2250 1879 electi
2292 1823 2419 1888 sint,
2456 1832 2507 1877 et
2550 1820 2932 1892 praedestinati
2980 1836 3082 1872 non
3112 1818 3236 1881 sint,
3267 1816 3339 1870 ita
3390 1824 3544 1870 simul

1980 1932 2088 1971 non
2119 1923 2295 1986 potest
2323 1930 2465 1980 esse,
2516 1923 2575 1967 ut
2627 1921 2681 1967 et
2730 1910 3114 1981 praedestinati
3146 1929 3175 1962 a
3204 1910 3311 1964 Deo
3341 1912 3469 1966 sint.
3496 1915 3547 1961 et

1982 2007 2136 2062 electi
2197 2005 2290 2059 ﬁlii
2324 2002 2439 2072 ejus
2495 2021 2598 2057 non
2650 2003 2777 2056 sint.
2827 2001 3057 2056 Proinde
3102 2001 3543 2069 quemadmodum

1982 2095 2170 2151 Judaei
2200 2096 2409 2165 perﬁdi,
2426 2098 2621 2167 quibus
2639 2097 2889 2151 Salvator
2914 2097 2989 2150 ait
3018 2111 3031 2148 :
3064 2112 3146 2148 ros
3172 2111 3234 2148 ea?
3258 2104 3412 2162 patre
3435 2094 3545 2144 iliu-

1985 2189 2099 2243 bolo
2137 2192 2258 2243 estis
2290 2191 2339 2255 ιι,
2377 2207 2407 2244 a
2446 2192 2554 2245 Deo
2588 2189 2967 2260 praedestinati
2996 2197 3119 2243 sunt
3147 2188 3210 2241 ad
3252 2187 3549 2241 interitum.

1986 2295 2109 2334 cum
2140 2280 2316 2335 omnis
2343 2296 2372 2333 a
2400 2280 2509 2335 Deo
2539 2280 2971 2349 praedestinatus
3011 2293 3228 2333 necesse
3259 2285 3364 2336 est,
3404 2287 3459 2328 ut
3483 2276 3550 2327 sit

1986 2370 2102 2438 ejus
2144 2372 2368 2435 electus,
2397 2387 2460 2426 ac
2500 2387 2595 2442 per
2635 2372 2739 2426 hoc
2786 2372 2902 2438 ejus
2934 2371 3096 2435 ﬁlius,
3143 2368 3387 2423 invenire.
3435 2365 3548 2436 quis

1987 2469 2183 2529 potest,
2215 2462 2257 2514 si
2289 2476 2391 2513 non
2439 2460 2490 2514 in
2519 2460 2701 2523 illum,
2724 2475 2883 2530 quem
2917 2473 3074 2527 saepe
3114 2457 3372 2520 diximus,
3399 2468 3549 2526 oppo«

1988 2552 2223 2607 sitorum
2244 2552 2420 2606 locum
2454 2553 2792 2621 respiciatur,
2830 2566 2937 2623 quo
2969 2550 3195 2606 sumitur
3233 2548 3359 2603 talis
3384 2563 3413 2601 a
3435 2563 3550 2601 cou-

1991 2641 2157 2695 trario
2183 2639 2352 2695 forma
2380 2640 2628 2697 dicendi?

2058 2731 2146 2785 ιν.
2171 2730 2357 2786 Jaceat
2395 2747 2523 2804 ergo
2550 2732 2942 2787 haereticorum
2974 2730 3183 2802 garrula
3231 2728 3553 2799 procacitas,

1991 2830 2170 2876 teneat
2196 2838 2325 2876 sana
2370 2821 2502 2877 ﬁdes
2541 2823 3080 2892 praedestinatorum,
3126 2818 3552 2883 electorum,["i-

1991 2912 2183 2966 liorum
2211 2912 2303 2966 Dei
2347 2913 2484 2967 hanc
2512 2913 2833 2967 inconcusse
2854 2911 3183 2984 regulam,ut
3210 2909 3552 2979 quotiescun-

1993 3018 2098 3075 que
2147 3002 2227 3057 vel
2281 3002 2569 3067 audierint,
2621 3002 2703 3058 vel
2745 3001 2971 3070 legerint
3014 2999 3442 3070 praedestinatos
3494 2990 3594 3050 adi

1991 3096 2210 3159 malum,
2258 3097 2323 3150 ad
2374 3111 2593 3165 poenas,
2642 3095 2709 3149 ad
2752 3095 3049 3159 interitum,
3081 3109 3176 3148 seu
3220 3090 3555 3161 supplicium,

1994 3188 2130 3243 nilul
2155 3186 2297 3240 aliud
2347 3188 2581 3241 sentiant
2633 3187 2734 3239 nisi
2783 3201 2889 3252 non
2931 3184 3378 3255 praedestinatos,
3413 3180 3503 3234 sed
3532 3195 3556 3229 a

1996 3294 2175 3333 massa
2227 3276 2518 3331 damnabili
2580 3276 2771 3330 merito
2824 3274 3030 3344 peccati
3080 3270 3360 3343 originalis
3408 3281 3558 3337 atque

1997 3367 2199 3439 proprii
2252 3383 2354 3419 non
2404 3382 2523 3420 esse
2571 3374 2872 3435 separatos,
2923 3365 3147 3433 ideoque
3180 3362 3343 3430 impie
3388 3360 3561 3413 vivere

1998 3458 2291 3529 permissos
2324 3455 2556 3521 relictos,
2593 3455 2817 3510 subinde
2850 3463 3069 3509 aeterno
3097 3452 3202 3523 igni
3231 3448 3559 3521 plectendos.

2501 3582 2896 3640 CAPITULUM
2933 3580 3071 3637 XIV.

2006 3700 2320 3755 Testimonia
2365 3701 2532 3753 sancti
2568 3698 2846 3767 Augustini
2896 3695 3052 3767 simul
3098 3690 3560 3767 collecta,_quibus

2075 3781 2249 3838 aperte
2275 3769 2570 3836 conﬁcitur,
2598 3762 2703 3842 non
2739 3783 2849 3842 esse
2876 3766 2976 3842 nisi
3012 3781 3169 3818 unam
3213 3762 3566 3842 praedestina-

2076 3836 2289 3902 tionem,
2318 3854 2533 3909 eamque
2552 3837 2877 3893 solummodo
2903 3836 2970 3889 ad
2994 3844 3200 3888 sanctos
3223 3836 3496 3902 pertinere.

2075 3971 2115 4025 l.
2141 3970 2207 4024 Et
2228 3985 2297 4025 ne
2319 3969 2441 4039 quis
2468 3968 2604 4023 forte
2626 3981 2723 4021 nos
2754 3967 3001 4022 aestimet
3034 3971 3218 4019 nostro
3255 3975 3418 4016 sensu
3442 3972 3569 4028 pro-

2009 4062 2126 4133 prio
2168 4060 2296 4115 talia
2352 4060 2588 4121 dixisse,
2635 4059 2833 4113 nullius
2907 4054 3244 4110 auctoritatis
3310 4051 3579 4122 gravitate

2009 4153 2227 4217 snti'ulti,
2254 4153 2450 4222 placuit
2472 4152 2642 4214 nobis,
2675 4149 2976 4206 testimonia
3007 4147 3029 4179 ⁸
3072 4146 3239 4201 sancti
3274 4145 3446 4214 patris
3469 4142 3568 4196 Au-

2010 4242 2208 4311 gustini
2243 4241 2401 4297 simul
2440 4241 2709 4311 colligere,
2740 4249 2799 4293 ut
2842 4237 3077 4308 prudens
3108 4237 3331 4305 quisque
3378 4246 3573 4303 cogno-

2013 4343 2148 4398 scat,
2167 4333 2309 4387 nullo
2320 4332 2478 4386 modo
2496 4346 2617 4386 eum
2629 4330 2763 4384 duas
2775 4328 3292 4400 praedestinationes
3306 4325 3569 4383 docuisse,

342 4417 545 4472 electos
570 4418 715 4487 ejus,
742 4436 916 4489 neque
944 4422 1143 4478 electos
1185 4421 1300 4491 ejus
1322 4431 1539 4493 praeter
1575 4422 1645 4476 ab
1667 4437 1734 4477 eo
1754 4438 1911 4491 prae-
1940 4402 1988 4461 ί)
2013 4439 2113 4478 nec
2150 4438 2309 4477 unam
2354 4422 2659 4491 bipertitam
2677 4461 2693 4485 ,
2724 4435 2826 4475 nec
2868 4418 3080 4489 duplam
3101 4459 3116 4483 ,
3140 4425 3197 4471 ut
3227 4415 3573 4471 Gotescalcus

341 4506 669 4575 destinatos;
711 4518 767 4562 et
815 4513 1114 4566 conversim
1163 4527 1267 4566 non
1319 4527 1438 4567 esse
1482 4511 1910 4581 praedestinatos

342 4607 560 4663 praeter
579 4597 799 4662 electos,
829 4616 1001 4668 neque
1026 4602 1225 4657 electos
1248 4611 1463 4672 praeter
1490 4601 1644 4656 ﬁlios.

412 4687 494 4740 lll.
528 4687 661 4742 lline
691 4690 976 4744 conﬁcitur
1018 4693 1437 4749 incommutabili
1477 4692 1838 4756 conclusione,
1867 4694 1909 4746 si

344 4792 532 4832 omnes
554 4778 675 4831 Filii
704 4778 795 4833 Dei
828 4780 983 4835 electi
1009 4792 1157 4845 sunt,
1180 4785 1321 4853 quod
1343 4783 1564 4852 impium
1587 4790 1670 4836 est
1691 4797 1907 4852 negare,

342 4881 531 4920 oinnes
561 4877 738 4923 autem
768 4869 921 4923 electi
953 4872 1138 4940 procul
1160 4873 1320 4926 dubio
1364 4870 1770 4940 praedestinati,
1794 4884 1911 4923 om-

345 4968 444 5008 nes
475 4955 637 5024 igitur
683 4956 800 5011 Filii
858 4960 949 5013 Dei
994 4959 1375 5028 praedestinati
1408 4966 1552 5012 sunt.
1583 4957 1731 5023 Quae
1778 4971 1909 5028 conh-

347 5046 507 5101 nexio
545 5049 891 5103 conversione
920 5050 999 5103 sui
1036 5050 1218 5103 vitium
1249 5065 1352 5103 non
1402 5046 1613 5116 recipit,
1663 5061 1762 5100 nec
1803 5046 1912 5100 ulli)

2009 4513 2213 4577 edocet,
2234 4520 2288 4566 et
2315 4510 2460 4565 illam
2488 4525 2647 4563 unam
2670 4509 2918 4564 videlicet
2947 4509 3183 4563 divinam
3200 4508 3220 4539 ⁸
3236 4521 3338 4560 non
3380 4505 3484 4558 nisi
3510 4502 3572 4555 ad

2010 4615 2226 4659 sanctos
2254 4604 2545 4673 pertinere,
2585 4602 2868 4671 impiorum
2909 4616 3039 4656 vero
3065 4600 3207 4654 nullo
3235 4598 3392 4652 modo
3421 4607 3575 4666 posse

2011 4711 2150 4752 esse.
2186 4695 2244 4749 In
2273 4696 2410 4750 libro
2438 4695 2508 4749 de
2533 4693 2779 4764 Corrept.
2809 4693 3061 4748 etGratia
3086 4710 3098 4745 :
3130 4709 3149 4742 ι
3182 4689 3396 4744 Sanctis
3417 4708 3435 4741 ι
3461 4728 3474 4751 ,
3494 4688 3573 4740 in-

2013 4786 2183 4856 quit,«
2205 4786 2257 4841 in
2275 4800 2502 4856 regnum
2532 4785 2623 4839 Dei
2654 4800 2749 4855 per
2775 4784 3004 4854 gratiam
3035 4782 3129 4837 Dei
3158 4776 3573 4852 praedestinatis

2019 4875 2216 4929 donum
2243 4875 2675 4945 perseverantiae
2701 4874 2855 4929 datur
2879 4889 2982 4928 non
3022 4873 3215 4934 solum,
3252 4880 3311 4925 ut
3337 4870 3455 4924 sine
3477 4867 3578 4922 isto

2019 4964 2159 5019 dono
2181 4973 2588 5033 perseverantes
2617 4978 2737 5017 esse
2771 4978 2875 5016 non
2899 4961 3132 5031 possint;
3165 4974 3350 5014 verum
3394 4956 3572 5013 etiam.

2017 5060 2072 5104 ut
2099 5067 2194 5121 per
2220 5055 2322 5108 hoc
2350 5053 2551 5108 donum
2573 5067 2679 5107 non
2704 5053 2804 5106 nisi
2841 5058 3251 5121 perseverantes
3296 5047 3405 5100 sint
3428 5042 3455 5078 ⁵
3476 5056 3500 5083 ε
3532 5061 3574 5108 ι,

1630 5139 1884 5194 VABIAE
1920 5140 2316 5200 LECTIONES.

422 5231 450 5304 ἦ
471 5231 562 5288 Sic
587 5234 732 5304 cod.,
757 5234 827 5288 Μ.
861 5236 1137 5304 perditore.
1216 5235 1235 5264 ²
1260 5234 1439 5304 Cum,
1472 5232 1588 5304 cod.
1616 5247 1880 5304 nunquam
1910 5248 2015 5304 non
2041 5236 2419 5304 reprobusnon
2446 5232 2564 5304 fuit,
2604 5231 2672 5286 ll.
2708 5244 3118 5304 nunquam__non
3181 5226 3423 5304 reprobus
3458 5220 3571 5304 fuit.

351 5300 489 5371 §Sic
509 5304 651 5369 cod.,
679 5294 727 5357 Μ
777 5294 1000 5361 tnridzae
1037 5303 1274 5371 perfidia.
1353 5303 1372 5333 ’⁵
1394 5294 1522 5358 Cod.
1552 5294 1832 5356 testimoni.
1910 5300 1932 5332 '
1960 5299 2052 5357 Sic
2080 5294 2228 5367 cod,
2263 5303 2331 5358 M.
2376 5314 2423 5356 et
2446 5294 2713 5356 "divinam.
2787 5294 2905 5354 "al.
2954 5297 3075 5352 Non
3124 5294 3325 5351 tantum
3350 5294 3449 5347 tale
3482 5298 3547 5347 ad

344 5370 604 5440 jntorium
642 5370 1052 5442 perseverantiae
1086 5373 1260 5435 datur,
1294 5373 1383 5426 sed
1411 5377 1513 5426 tale
1541 5381 1595 5425 ut
1635 5373 1709 5425 eis
1741 5374 2120 5439 perseverantia
2142 5375 2256 5442 ipsa
2278 5374 2521 5427 donetur.

1872 5464 2121 5522 NOTAE.

428 5566 449 5590 η
479 5554 630 5607 Joan.
659 5554 819 5618 XVII,
854 5557 931 5611 l2.

428 5623 454 5661 ³*
488 5624 642 5680 ἑιιιιιι.
675 5627 806 5685 Vill.
844 5629 931 5685 Η.

2092 5569 2111 5595 ο
2143 5558 2427 5626 Augustin.
2457 5560 2520 5612 de
2545 5555 2779 5625 Corrept.
2805 5566 2849 5609 et
2879 5554 3026 5609 Crat.
3053 5569 3080 5607 c
3143 5552 3223 5608 l2.
