3834 6152
256 312 343 369 ως

1300 296 1502 357 Lmen
1547 303 1633 357 ma
1671 260 2376 357 reasons-namnam.

3381 303 3486 359 “0

253 434 295 481 et
329 429 438 494 post
470 418 769 487 aliquanta:
801 436 818 467 ι
850 415 966 484 ipse
994 414 1156 487 igitur
1170 425 1268 469 eos
1288 413 1416 469 facit
1448 428 1793 483 perseverare
1825 417 1866 473 Λ
1896 412 2146 494 bipertita
2178 410 2394 475 divisio,
2422 409 2474 463 in
2498 423 2590 463 eos
2620 408 3014 478 proculdubio,
3047 410 3137 481 qui
3167 411 3220 465 in
3245 427 3466 469 numeri:

253 516 298 570 iu
332 515 475 574 bono,
521 508 613 577 qui
672 505 799 560 fecit
828 507 846 541 ⁸
877 505 1078 571 bonos;
1127 504 1218 575 qui
1265 514 1447 559 autem
1488 504 1706 570 cadunt,
1736 512 1791 558 et

247 607 483 674 pereunt,
536 598 587 651 in
651 595 1169 667 praedestinatorum
1230 607 1455 647 numero
1511 607 1615 646 non
1680 592 1793 645 τηο-

251 702 402 749 ηιιιιι
435 709 478 743 ι.
508 687 756 746 Attende,
784 700 945 756 quam
991 683 1237 739 absolute
1263 684 1421 749 dixit,
1455 683 1544 752 qui
1589 682 1793 737 cadunt

248 796 292 840 et
308 786 535 853 pereunt,
556 778 610 832 in
631 775 1149 847 praedestinatorum
1177 786 1400 827 numero
1423 787 1526 826 non
1552 769 1789 825 filerunt.

247 874 495 946 Quomodo
518 872 653 926 haec
686 870 906 934 diceret,
937 867 981 922 si
1005 866 1090 921 vel
1112 866 1244 921 duas
1270 863 1792 935 praedeStinationes

244 969 381 1024 vellet
423 975 688 1025 asserere,
739 958 825 1014 vel
872 973 1031 1013 unam
1074 957 1126 1011 in
1155 958 1290 1010 duas
1330 964 1513 1026 partes
1539 954 1788 1020 divisam,

244 1061 311 1115 vel
336 1058 559 1128 duplam,
590 1069 750 1109 unam
796 1052 1012 1123 quidem
1043 1060 1374 1115 sanctorum,
1406 1050 1631 1104 alteram
1661 1064 1791 1104 vero

245 1151 398 1220 impiis
438 1134 769 1216 deputatam.
822 1138 879 1196 Si
907 1143 927 1173 '
956 1140 1099 1196 enim
1148 1140 1286 1195 duae
1324 1134 1530 1204 essent,
1570 1154 1790 1194 necesse

239 1250 381 1307 esset,
408 1255 567 1293 unam
588 1236 688 1301 eis,
710 1234 906 1305 quibus
930 1233 1088 1287 datur
1109 1232 1307 1285 donum
1333 1230 1787 1301 perseverantiae,

238 1334 459 1396 alteram,
488 1331 689 1401 quibus
735 1325 1057 1383 cadentibus
1090 1334 1146 1379 et
1176 1323 1526 1395 pereuntibus
1567 1338 1673 1377 non
1702 1322 1792 1375 da-

239 1436 331 1489 tur,
357 1420 627 1484 d;stribui,
651 1417 828 1472 nullus
874 1426 1054 1470 tamen
1099 1413 1373 1469 hominum
1416 1411 1791 1468 excluderetur

240 1525 437 1569 nurnero
454 1507 1011 1580 praedestinatorum.
1051 1502 1184 1558 Nam
1210 1504 1261 1559 si
1302 1502 1661 1573 expelleretur
1692 1517 1790 1555 nu-

238 1618 366 1657 mero
389 1598 933 1672 praedestinatorum,
973 1594 1063 1664 qui
1111 1593 1304 1649 stando
1346 1594 1553 1658 vivunt,
1584 1593 1788 1662 recipe-

238 1701 364 1745 retur
381 1703 604 1743 numero
631 1686 842 1742 illorum
866 1683 1406 1754 praedestinatorum,
1432 1681 1523 1752 qui
1547 1682 1789 1736 cadendo

1895 484 2417 577 praedestinatorum
2442 512 2589 569 sunt,
2630 512 2686 559 et
2729 504 2781 558 in
2815 519 2928 570 eos,
2959 504 3050 577 qui
3093 515 3244 561 extra
3286 522 3466 563 nume—

1893 610 2010 648 rum
2039 594 2559 663 praedestinatorum
2591 602 2736 649 sunt.
2772 613 2791 645 ‹
2820 594 3133 652 Nescientes
3162 598 3305 652 enim
3330 599 3476 661 »Λιι-

1891 682 2026 751 quit,
2050 701 2069 732 ‹
2091 683 2212 752 quis
2234 683 2501 751 pertineat
2524 683 2590 736 ad
2621 684 3143 751 praedestinatorum
3167 702 3471 745 numerum.

1891 772 2013 841 quis
2040 787 2143 826 non
2168 773 2436 842 pertineat
2470 791 2518 827 ι.
2544 772 2611 826 Ει
2636 773 2828 828 iterum
2865 792 2878 828 :
2916 793 2935 826 r
2969 775 3068 841 Qui
3100 777 3469 844 praedestina-

1895 874 1976 916 tos
2011 877 2039 915 a
2069 863 2484 931 praedestinatis
2513 863 2822 919 discernere
2850 880 2956 919 non
2986 864 3228 921 valemus
3260 886 3304 919 ι.
3335 866 3473 923 llinc

1892 955 2095 1008 texitur
2135 954 2523 1026 quadrifariam
2576 957 2852 1025 inquisitio
2896 959 3140 1013 veritatis
3183 974 3279 1028 per
3312 968 3473 1015 tetra-

1891 1060 2088 1116 gonum
2123 1065 2136 1099 ε
2167 1043 2356 1102 Omnis
2397 1047 2558 1102 homo
2603 1055 2696 1101 aut
2717 1046 2898 1115 justus
2945 1058 3050 1115 est,
3105 1061 3197 1104 aut
3244 1049 3476 1119 injustns

1890 1147 1991 1192 est.
2023 1139 2176 1203 ltem,
2220 1139 2399 1193 omnis
2442 1140 2605 1194 homo
2638 1150 2731 1195 aut
2770 1142 3201 1211 pracdestiuatus
3239 1150 3347 1206 est,
3383 1156 3476 1200 aut

1893 1230 2325 1298 praedestinatus
2370 1246 2477 1283 non
2519 1238 2623 1285 est.
2656 1229 2713 1284 Si
2746 1246 2928 1284 verum
2959 1241 3063 1296 est,
3107 1234 3283 1286 omnis
3312 1235 3473 1286 boum.

1886 1316 2066 1386 justus
2094 1317 2527 1386 praedestinatus
2573 1327 2676 1380 est,
2718 1317 2911 1371 falsum
2944 1328 3050 1383 est,
3089 1321 3269 1375 omnis
3314 1321 3474 1375 homo

1885 1406 2065 1477 justus
2109 1409 2538 1477 praedestinatus
2588 1424 2692 1462 non
2744 1418 2847 1463 est.
2879 1409 3031 1474 Item,
3062 1409 3107 1464 si
3151 1425 3337 1464 verum
3368 1420 3468 1465 est.

1891 1499 2069 1554 omnis
2099 1500 2258 1553 homo
2290 1500 2521 1571 injuslns
2560 1501 2992 1569 praedestinatus
3015 1516 3117 1555 non
3142 1509 3243 1565 est,
3277 1500 3469 1556 falsum

1890 1598 1995 1654 est,
2025 1590 2201 1645 omnis
2244 1592 2404 1644 homo
2435 1592 2665 1659 injustns
2696 1592 3129 1661 praedestinatus
3160 1604 3260 1648 est.
3294 1594 3427 1651 Vide
3454 1594 3475 1625 '

1892 1680 1998 1733 vim
2026 1681 2268 1735 rationis.
2298 1670 2409 1735 Duo
2431 1681 2747 1736 aliivmativa
2771 1682 3094 1739 universalia
3118 1685 3219 1740 sibi
3243 1686 3472 1742 invicen:

234 1777 739 1852 pereunt.Similiter
759 1775 804 1830 si
826 1789 931 1828 una
957 1780 1101 1828 esset
1123 1770 1321 1842 partita
1345 1772 1397 1825 in
1425 1772 1559 1826 duas
1580 1778 1784 1840 partes,
1823 1767 1864 1825 Β
1894 1771 2238 1841 resp'mdent.
2272 1771 2421 1826 Sicut
2449 1772 2593 1826 enim
2639 1773 2814 1828 omnis
2848 1774 3010 1830 homo
3044 1773 3225 1844 justus
3246 1779 3468 1848 praede.

237 1874 303 1926 \el
330 1870 500 1942 dupla,
553 1866 859 1922 necessario
893 1865 946 1920 in
978 1879 1082 1919 una
1132 1864 1213 1919 sui
1242 1872 1394 1934 parte
1439 1865 1702 1934 perditos,
1737 1864 1790 1919 in

233 1963 379 2035 altera
418 1961 680 2015 liberatos
724 1956 1088 2013 concluderet.
1142 1955 1277 2023 Quis
1304 1971 1434 2028 ergo
1486 1956 1786 2022 hominum,

233 2067 313 2106 seu
352 2050 663 2122 angelorum
702 2048 965 2103 bonorum
1015 2046 1100 2101 vel
1142 2046 1432 2113 malorum,
1476 2062 1582 2103 non
1629 2049 1701 2103 sit
1733 2049 1788 2102 in

233 2154 434 2194 numero
500 2136 1069 2208 praedestinatorum?
1127 2136 1208 2190 An
1283 2135 1424 2192 forte
1476 2137 1790 2195 haereticus

232 2231 365 2286 docet
382 2231 602 2285 tertium
624 2243 794 2300 genus
813 2238 865 2281 et
887 2227 1164 2282 hominum
1187 2236 1243 2283 et
1264 2229 1594 2299 angelorum,
1623 2231 1786 2301 quod,

229 2321 338 2389 quia
362 2335 455 2375 nec
506 2319 715 2374 bonum
745 2331 846 2372 nec
885 2316 1085 2370 malum
1133 2317 1222 2381 sit,
1264 2319 1787 2387 praedestinatorum

232 2426 484 2464 numerum
530 2407 769 2463 excedit.
803 2405 955 2474 Quod
985 2407 1029 2461 si
1077 2408 1546 2463 mendosissimum
1572 2421 1673 2476 est,
1705 2428 1789 2467 re-

230 2499 525 2569 linquuntur
565 2499 672 2551 dua
704 2506 910 2550 tantum
954 2510 1152 2565 genera
1182 2510 1303 2551 esse
1330 2507 1384 2551 et
1429 2497 1707 2554 hominum
1734 2508 1789 2556 et

231 2592 544 2662 angelorum.
571 2588 664 2645 Sic
694 2589 839 2645 enim
873 2588 1013 2643 ratio
1041 2588 1251 2653 dividit,
1288 2589 1467 2644 omnis
1492 2590 1655 2647 homo
1695 2602 1789 2646 aut

231 2682 378 2738 born-3
401 2694 489 2738 aut
513 2680 691 2737 malus
713 2689 826 2746 est;
856 2680 1107 2735 similiter
1134 2681 1200 2735 de
1224 2681 1435 2752 angelo.

286 2770 342 2825 ll.
369 2772 422 2826 Si
451 2772 621 2842 igitur
658 2769 1100 2839 praedestinatio,
1134 2778 1192 2823 ut
1218 2771 1418 2827 dictum
1442 2781 1547 2838 est,
1589 2773 1788 2828 divide-

229 2872 359 2916 retur
382 2863 435 2916 iu
466 2862 607 2916 duas
628 2859 836 2930 species
859 2867 951 2913 aut
972 2871 1175 2928 partes,
1207 2877 1433 2930 quarum
1462 2879 1565 2917 una
1593 2865 1783 2931 bonos,

229 2953 375 3009 altera
400 2953 572 3008 malos
595 2951 913 3016 includeret,
938 2952 1059 3020 quis
1079 2960 1232 3006 extra
1262 2953 1782 3021 praedestinatorum

228 3059 483 3100 numerum
534 3042 765 3113 reperiri
791 3043 1015 3112 posset?
1038 3042 1105 3097 Et
1133 3043 1280 3098 sisic
1319 3052 1483 3110 esset,
1515 3048 1784 3115 quomodo

1894 1859 2126 1914 stinatns
2161 1869 2263 1924 est,
2302 1861 2374 1915 ita
2409 1862 2585 1917 omnis
2636 1863 2798 1918 homo
2826 1866 3263 1934 praedestinatus
3292 1868 3472 1937 justus

1892 1959 1992 2007 est.
2027 1950 2202 2006 Simili
2234 1955 2393 2009 modo
2436 1953 2540 2009 duo
2573 1954 2896 2011 universalia
2927 1960 3174 2029 negativa
3200 1963 3301 2015 sibi
3333 1964 3469 2016 invi-

1891 2057 2009 2097 cem
2038 2044 2401 2098 consentiunt.
2429 2042 2890 2111 Quemadmodum
2919 2049 3062 2104 enim
3101 2052 3278 2105 omnis
3313 2054 3474 2106 homo

1891 2134 2125 2203 injustus
2146 2135 2580 2203 praedestinatus
2608 2152 2714 2191 non
2741 2146 2844 2202 est,
2878 2140 2949 2192 ita
2976 2154 3151 2194 omnis
3179 2143 3336 2196 homo
3362 2159 3466 2196 non

1888 2223 2327 2294 praedestinatus
2352 2224 2585 2292 injustus
2625 2235 2726 2280 est.
2755 2225 2908 2292 item,
2936 2240 2995 2281 ut
3020 2227 3204 2283 verbis
3251 2238 3471 2285 utamur

1891 2315 2057 2385 ipsius
2085 2317 2392 2385 Augustini,
2416 2317 2594 2372 omnis
2618 2318 2778 2372 homo
2802 2328 2892 2372 aut
2918 2320 2985 2374 ad
3013 2336 3293 2375 numerum
3317 2335 3476 2390 prae—

1887 2404 2280 2459 destinatorum
2330 2403 2581 2473 pertinet,
2632 2415 2726 2460 aut
2769 2422 2874 2460 non
2922 2411 3173 2477 pertinet.
3212 2409 3467 2465 Omnium

1888 2503 2069 2549 autem
2121 2495 2397 2549 hominum
2429 2495 2535 2549 duo
2562 2511 2761 2566 genera
2799 2507 2939 2562 esse,
2988 2500 3109 2567 quis
3143 2500 3467 2568 sapientium

1887 2584 2118 2651 dubitat,
2149 2584 2274 2638 dum
2302 2586 2506 2640 veritas
2551 2586 2667 2641 sine
2707 2586 2936 2658 caligine
2962 2588 3180 2654 clamet,
3211 2606 3315 2645 non
3349 2607 3469 2646 esse

1888 2674 2104 2730 humani
2129 2677 2343 2746 generis
2383 2676 2484 2731 nisi
2513 2677 2646 2732 duos
2675 2676 2830 2744 lines,
2863 2695 3028 2733 unum
3057 2681 3272 2750 quidem
3299 2684 3467 2753 perti-

1888 2768 2128 2818 nentium
2184 2765 2251 2819 ad
2301 2765 2624 2835 supplicium
2676 2776 2995 2834 aeternum,
3051 2770 3283 2825 alterum
3338 2788 3469 2827 vero

1886 2850 2316 2907 fruentium'vita
2350 2853 2607 2907 acterna?
2643 2854 2755 2909 Duo
2786 2855 2965 2925 itaque
2996 2868 3120 2912 sunt
3146 2860 3248 2915 sibi
3279 2860 3468 2916 adver-

1886 2945 2083 3007 santia,
2100 2945 2206 2997 vita
2230 2954 2474 3009 aeterna,
2501 2952 2554 2999 et
2572 2944 2890 3015 supplicium
2912 2956 3214 3004 aeternum.
3238 2950 3470 3007 Proinde

1883 3036 2270 3106 pertinentium
2316 3037 2383 3090 ad
2438 3051 2720 3090 numerum
2768 3039 3295 3106 praedestinatorum
3344 3041 3466 3097 linis

228 3137 507 3204 praedictus
526 3110 722 3191 au—clor
740 3110 1132 3204 pponunliaret’
1152 3110 1792 3209 quicadunlet‘perelmtl
1812 3110 1856 3171 C
1887 3133 1970 3178 est
1997 3125 2104 3177 vita
2126 3132 2370 3187 aeterna,
2394 3140 2496 3178 non
2521 3124 2901 3195 pertinentium
2934 3142 3059 3180 vero
3081 3129 3147 3181 ad
3176 3144 3461 3184 numerum

228 3227 273 3281 in
294 3228 807 3297 praedestinatorum
836 3240 1061 3280 numero
1084 3240 1188 3280 nou
1220 3225 1455 3281 fuerunt.
1490 3226 1606 3283 Non
1639 3231 1782 3284 enim

227 3321 308 3384 ait,
337 3320 385 3374 in
411 3319 935 3392 praedestinatorum
979 3318 1047 3372 ad
1083 3317 1246 3370 vitam
1274 3334 1498 3374 numero
1534 3335 1639 3374 non
1665 3320 1785 3375 fue-

227 3417 352 3472 runt,
381 3409 473 3464 sed
485 3407 757 3473 absolute,
778 3408 860 3461 «in
882 3407 1407 3478 praedestinatorum
1431 3425 1656 3466 numero
1680 3427 1784 3466 non

226 3499 421 3556 luerunt
441 3521 484 3555 ι.
516 3499 577 3556 Si
621 3516 751 3570 ergo
783 3501 836 3554 in
871 3514 1097 3555 numero
1126 3499 1642 3569 praedestinatorum
1678 3519 1785 3558 non

229 3588 441 3656 luerunt,
468 3601 625 3646 extra
650 3605 837 3645 eorum
868 3605 1152 3645 numerum
1196 3589 1432 3646 fuerunt.
1463 3591 1580 3659 Quo
1622 3594 1790 3649 conli-

226 3680 366 3745 citur,
409 3682 668 3735 cadentes
724 3687 778 3733 et
838 3686 1128 3749 pereuntes
1173 3694 1279 3735 non
1343 3694 1463 3736 esse
1517 3681 1787 3738 ullomodo

228 3775 659 3840 praedestinatos.
719 3771 873 3839 Quod
934 3773 1275 3842 apertissime
1329 3774 1382 3828 in
1440 3775 1788 3844 sequentibus

226 3866 464 3932 aperitur,
507 3864 605 3919 ubi
642 3864 718 3917 ait
750 3878 766 3917 :
803 3882 821 3914 ι
851 3861 1147 3918 Pastoralis
1182 3864 1479 3919 necessitas
1506 3864 1687 3929 habet,
1720 3881 1788 3921 ne

227 3971 308 4025 per
332 3957 510 4027 plures
540 3965 766 4027 serpant
791 3956 906 4010 dira
933 3956 1206 4027 contagia,
1228 3971 1481 4026 separare
1510 3957 1578 4013 ab
1597 3958 1788 4015 ovibus

226 4048 355 4103 sanis
394 4048 725 4114 morbidam,
757 4047 826 4103 ab
869 4047 981 4116 illo,
1004 4051 1092 4104 cui
1120 4048 1257 4102 nihil
1294 4057 1379 4104 est
1432 4050 1785 4120 impossibile,

229 4136 326 4208 ipsa
387 4140 615 4196 forsitan
677 4141 1015 4211 separatione
1089 4141 1407 4196 sanandam.
1478 4140 1791 4198 Nescientes

224 4228 375 4294 enim,
399 4231 523 4301 quis
550 4230 819 4300 pertineat
838 4231 905 4285 ad
932 4230 1450 4299 praedestinatorum
1482 4245 1787 4298 numerum,

225 4317 336 4385 quis
366 4336 471 4374 non
508 4320 814 4390 pertineat,
849 4318 927 4373 sic
970 4316 1107 4373 allici
1138 4317 1443 4391 [debemus]
1470 4318 1492 4350 ³
1544 4320 1791 4377 caritatis

225 4405 498 4476 alfectu,ut
523 4424 717 4465 omnes
734 4409 958 4463 velimus
997 4408 1173 4463 salvos
1215 4408 1330 4463 lleri
1356 4408 1385 4449 ιι
1416 4428 1462 4462 i.
1507 4428 1527 4461 ι
1554 4408 1789 4467 Proinde

1885 3213 2411 3280 praedestinatorum
2474 3214 2595 3268 linis
2648 3224 2732 3269 est
2787 3217 3105 3287 supplicium
3159 3229 3461 3273 aeternum.

1887 3301 1993 3357 Sed
2047 3304 2302 3374 quoniam
2356 3304 2723 3373 promisimus,
2782 3321 2880 3361 nos
2927 3308 3234 3362 testimonia
3290 3311 3462 3364 sancti

1884 3392 2170 3464 Augustini
2198 3393 2538 3459 collecturos,
2565 3394 2765 3464 placuit
2802 3411 2863 3450 ea
2908 3405 3114 3451 tantum
3163 3414 3464 3466 assumere,

1885 3484 2082 3553 quibus
2111 3484 2227 3539 luce
2249 3484 2451 3539 clarius
2495 3486 2813 3556 perhibetur
2833 3485 3014 3541 divina
3043 3490 3469 3558 praedestinatio

1888 3589 1993 3651 non
2018 3574 2120 3629 nisi
2149 3574 2216 3628 ad
2246 3578 2713 3645 praeparationem
2741 3578 3003 3632 donorum
3033 3578 3154 3644 Det,
3189 3596 3326 3650 quae
3357 3582 3470 3636 suis

1887 3664 2071 3720 electis
2101 3664 2419 3736 largiturus,
2451 3668 2743 3735 pertinere,
2770 3684 2835 3723 ac
2873 3684 2966 3739 per
2994 3670 3097 3726 hoc
3120 3670 3185 3723 ad
3220 3686 3305 3736 ea,
3330 3687 3470 3741 quae

1888 3774 1994 3812 non
2050 3759 2117 3812 ad
2171 3757 2287 3828 ejus
2324 3759 2473 3815 'dona
2532 3761 3057 3827 misericordissima,
3105 3764 3198 3819 sed
3238 3762 3307 3817 ad
3354 3763 3470 3833 ejus

1883 3845 2085 3916 judicia
2101 3847 2403 3917 justissima
2426 3834 2920 3920 occul‘tissimaque,
2944 3851 3090 3905 nullo
3117 3836 3276 3907 modo
3301 3853 3470 3922 respi-

1891 3954 2033 3994 cere.
2065 3938 2344 4006 Quamvis,
2378 3947 2436 3993 ut
2460 3954 2623 4009 saepe
2656 3941 2881 4005 dictum,
2909 3941 3254 3996 inveniantur
3284 3953 3470 4012 aucto-

1890 4047 1978 4087 res
2016 4042 2168 4102 tropo
2207 4032 2297 4087 illo
2337 4032 2497 4087 solito
2543 4032 2946 4088 contrarietatis
2990 4033 3274 4088 enuntiare
3310 4050 3467 4104 prae-

1891 4123 2188 4178 destinatos
2243 4123 2310 4178 ad
2345 4139 2569 4194 poenas.
2618 4123 2672 4177 In
2722 4124 2859 4179 libro
2908 4124 2973 4179 de
3030 4126 3179 4180 Dono
3220 4141 3509 4195 perseve-.

1892 4217 2098 4271 rantiae
2129 4236 2142 4271 :
2171 4236 2188 4269 ι
2218 4216 2295 4271 Ex
2321 4217 2530 4271 duobus
2559 4215 2797 4287 parvulis
2825 4236 2844 4267 ι
2866 4256 2882 4279 ,
2913 4216 3083 4286 inquit
3107 4256 3122 4277 ,
3161 4235 3178 4266 ι
3212 4216 3463 4286 originali

1890 4316 2115 4380 peccato
2156 4307 2361 4377 pariter
2395 4305 2693 4369 obstrictis,
2729 4320 2825 4360 cur
2870 4305 3353 4372 iste—adsumatur,
3379 4308 3466 4361 ill:

1893 4398 2248 4467 relinquatur,
2303 4404 2358 4451 et
2407 4410 2475 4450 ex
2525 4395 2734 4450 duobus
2789 4403 2965 4449 aetate
3007 4393 3118 4462 jam
3174 4397 3468 4466 grandibus

224 4475 467 4567 quantum
495 4501 566 4555 ad
594 4516 693 4555 nos
730 4500 985 4570 pertinet,
1018 4500 1106 4569 qui
1153 4485 1582 4570 praedestinatbs
1616 4517 1647 4556 ε
1678 4517 1786 4557 non
1816 4475 1868 4533 ο
1894 4489 2074 4558 impiis
2104 4503 2201 4543 cur
2230 4486 2331 4542 iste
2357 4487 2429 4541 ita
2472 4494 2717 4550 vocetur,
2750 4494 2809 4540 ut
2856 4497 3140 4540 vocantem
3184 4501 3464 4557 sequatur,

222 4591 626 4658 praedestinatis
675 4591 984 4647 discernere
1029 4607 1133 4646 non
1185 4591 1444 4657 valemus,
1489 4602 1544 4649 et
1589 4595 1658 4650 ob
1686 4595 1790 4651 hoc

221 4695 392 4739 omnes
436 4683 620 4738 salvos
675 4681 790 4736 lieri
848 4681 986 4736 velle
1048 4681 1328 4749 debemus,
1384 4683 1667 4749 omnibus,
1719 4699 1790 4739 ne

222 4783 452 4840 pereant,
477 4772 567 4829 vel
597 4787 664 4828 ne
683 4771 818 4827 alios
844 4772 1099 4843 perdant,
1123 4772 1427 4828 adhibenda
1458 4781 1543 4828 est
1573 4789 1605 4828 a
1633 4774 1789 4830 nobis

222 4864 607 4920 medicinaliter
633 4879 821 4920 severa
847 4864 1139 4934 correptio.
1173 4862 1269 4918 Dei
1315 4868 1399 4918 est
1444 4872 1647 4928 autem,
1679 4864 1789 4920 illis

223 4964 329 5007 eam
371 4951 554 5010 facere
594 4953 800 5015 utilem,
831 4953 956 5023 quia
980 4952 1001 4984 ⁸
1052 4953 1166 5023 ipse
1203 4953 1497 5023 praescivit
1539 4961 1594 5008 et
1638 4967 1796 5024 prae-

221 5041 501 5098 destinavit
519 5043 826 5099 conformes
850 5043 1100 5114 imaginis
1138 5042 1234 5098 lilii
1268 5043 1351 5097 sui
1377 5053 1399 5083 ο
1424 5063 1469 5096 ι.

210 5128 221 5141 “
284 5134 365 5189 lll.
395 5135 501 5194 Ubi
533 5138 693 5192 datur
723 5135 949 5207 intelligi
991 5134 1153 5191 totius
1183 5134 1461 5192 rationalis
1505 5118 1790 5190 creaturae

1891 4581 1979 4637 ille
2025 4588 2204 4635 autem
2252 4588 2345 4634 aut
2375 4595 2481 4634 non
2525 4587 2767 4643 vocetur,
2802 4586 2894 4633 aut
2942 4594 3047 4632 non
3096 4578 3167 4633 ita
3223 4587 3465 4648 vocetur,

1892 4671 1975 4746 [ut
1997 4678 2277 4727 vocantem
2304 4668 2582 4742 sequatur]
2611 4669 2661 4734 °,
2716 4668 3085 4724 inscrutabilia
3115 4679 3239 4724 sunt
3262 4667 3465 4738 judicia

1890 4766 2005 4823 Dei.
2035 4764 2114 4819 Ex
2161 4764 2368 4819 duobus
2392 4770 2571 4817 autem
2605 4762 2706 4832 piis
2734 4777 2832 4818 cur
2859 4761 2985 4817 huic
3027 4762 3257 4817 donetur
3280 4777 3467 4833 pet-se-

1888 4857 2130 4914 verantia
2161 4871 2332 4926 usque
2360 4855 2414 4909 in
2440 4854 2622 4920 linem,
2640 4854 2713 4909 illi
2746 4869 2853 4910 non
2884 4854 3043 4910 detur
3068 4856 3111 4917 '-',
3142 4855 3467 4910 inscrutalzi-

1890 4949 2026 5006 liora
2068 4955 2203 5007 sunt,
2227 4944 2431 5014 judicia
2459 4944 2576 5000 Dei.
2610 4944 2743 4999 Illud
2789 4953 2968 4999 tamen
3018 4944 3264 4999 fidelibus
3303 4943 3467 4999 debet

1889 5023 2010 5097 esse
2036 5038 2425 5103 certissimum,
2452 5037 2597 5091 hunc
2622 5051 2744 5092 esse
2765 5053 2828 5091 ex
2856 5036 3288 5107 praedestinatis,
3315 5035 3463 5089 illum

1889 5148 1995 5187 non
2021 5128 2182 5188 cssed
2205 5149 2251 5183 ι.
2282 5127 2339 5182 lu
2368 5128 2592 5184 eodem:
2625 5146 2643 5180 ι
2678 5127 2760 5183 Au
2791 5129 3077 5199 quisquam
3097 5129 3276 5182 dicere
3301 5127 3468 5180 audc-

1490 5244 1745 5301 VARIAE
1781 5239 2184 5303 LECTIONES.

289 5334 305 5367 ⁸
328 5336 402 5391 al.
449 5337 600 5407 facit.
676 5337 698 5369 ²
719 5337 876 5401 Cod.,
913 5337 983 5392 Μ.
1028 5337 1152 5407 sive.
1227 5337 1516 5407 {debemus
1560 5351 1672 5392 om.
1699 5336 1846 5407 cod.,
1870 5335 1990 5389 add.
2026 5332 2096 5388 M.
2132 5403 2143 5407 Α
2171 5331 2194 5365 ⁵
2223 5330 2316 5388 Sic
2340 5330 2486 5399 cod.,
2518 5329 2588 5385 Μ.
2615 5347 2764 5399 quos.
2837 5328 2975 5385 'Ste
3004 5327 3102 5393 M.,
3136 5326 3255 5383 cod.
3290 5324 3415 5379 Uml

222 5404 307 5462 ‘nt
331 5404 603 5464 oceanum
631 5410 882 5478 sequitur
905 5422 1013 5462 om.
1051 5406 1195 5473 cod.,
1217 5408 1340 5463 add.
1372 5405 1443 5461 Μ.

1518 5408 1538 5438 "
1564 5407 1636 5461 al.
1668 5405 1748 5460 illi
1776 5416 1951 5461 autem
1976 5421 2081 5460 non
2108 5403 2351 5458 donetur.

1739 5515 1988 5574 NOTAE.

285 5625 311 5683 ξ
340 5609 626 5683 Augustin.
659 5612 723 5683 de
749 5610 984 5683 Currant.
1013 5620 1061 5664 et
1085 5607 1235 5665 Grut.
1262 5627 1311 5665 c.
1337 5610 1425 5666 η.

286 5679 314 5719 δ
335 5679 621 5751 Augustin.
650 5681 779 5735 ibid.
811 5696 859 5734 c.
894 5679 981 5735 15.

1968 5617 1991 5678 ς
2019 5607 2302 5678 Augustin.
2326 5604 2457 5678 ἱιρὶιιΔ
2483 5620 2532 5659 c.
2566 5601 2651 5658 16.

1966 5676 1992 5717 δ
2022 5667 2306 5752 Augustin.
2332 5676 2395 5731 de
2421 5673 2567 5729 Dono
2591 5679 2999 5741 perseverantes:
3032 5684 3085 5725 c.
3107 5667 3165 5723 8.
