3904 6148
374 347 473 403 ιη

1735 332 2015 392 JOANNIS
2055 330 2249 389 ΜῖοῊ

3498 337 3603 397 ιη

369 458 470 521 ἒιὶι,
504 455 668 511 Deum
701 470 804 507 non
843 451 1181 524 praesciisse,
1211 448 1407 519 quibus
1434 456 1575 503 esset
1600 448 1845 513 daturus,
1875 456 1932 500 ut
1962 454 2008 506 Λ
2037 444 2267 499 fatemur
2286 444 2309 483 ἀ
2338 465 2356 496 ι
2408 465 2424 496 ι
2446 444 2697 500 'l'enenda
2717 455 2799 501 est
2822 444 2986 515 igitur
3008 445 3418 506 inconcussae"
3448 448 3604 520 hujus

369 545 671 607 crederent,
707 550 801 596 aut
820 556 955 610 quos
980 542 1203 595 daturus
1224 546 1367 593 esset
1392 535 1501 591 filio
1521 552 1638 601 suo,
1663 545 1723 590 ut
1752 552 1818 591 ex
1855 535 1934 589 eis

369 652 476 692 non
501 635 751 706 perderet
791 645 1113 700 quemquam
1144 629 1167 682 ?
1222 629 1369 696 Quae
1413 628 1600 697 utique
1626 627 1671 681 si
1700 625 1932 696 praesci-

366 727 465 788 vit,
515 723 754 794 profecto
808 719 1066 775 beneficia
1122 732 1238 778 sua,
1285 718 1481 786 quibus
1538 731 1639 771 nos
1681 716 1935 785 dignatur

367 817 616 877 liberare,
658 811 964 880 praeseivit.
999 809 1141 862 llaec
1167 816 1249 862 est
1273 806 1694 877 praedestinatio
1716 814 1934 860 sancto-

365 920 506 966 rum,
539 911 593 955 et
620 900 753 955 nihil
782 899 927 954 aliud
958 898 1010 961 ις
1070 895 1423 967 praescientia
1448 894 1654 949 scilicet
1685 904 1739 948 et
1772 908 1934 963 prae-

364 994 573 1064 paratio
598 992 980 1045 beneﬁciorum
1007 989 1119 1050 Dei,
1150 988 1347 1056 quibus
1375 986 1675 1040 certissime
1697 984 1935 1039 liberan-

366 1094 472 1145 tttr,
511 1082 820 1152 quicunque
869 1080 1184 1134 liberantur.
1247 1076 1423 1131 Ceteri
1476 1084 1677 1138 autem,
1709 1074 1795 1127 ubi
1831 1073 1930 1126 nisi

366 1177 417 1229 in
450 1190 625 1228 massa
656 1170 1140 1241 perditionisjusto
1183 1168 1366 1222 divino
1388 1166 1592 1235 judicio
1621 1165 1935 1233 relinquun-

366 1276 469 1328 tur,
495 1263 584 1318 ubi
610 1262 755 1332 Tyrii
786 1260 952 1313 relicti
976 1268 1098 1314 sunt
1123 1266 1177 1311 et
1221 1257 1462 1327 Sydonii,
1498 1256 1588 1325 qui
1630 1257 1791 1311 etiam
1822 1270 1935 1309 creo

364 1355 494 1408 dere
521 1360 807 1422 potuerant
836 1350 937 1414 ',si
969 1349 1103 1403 mira
1133 1347 1219 1401 illa
1247 1347 1444 1401 Christi
1472 1346 1622 1415 signa
1647 1344 1934 1399 vidissent?

363 1445 474 1500 Sed
521 1444 795 1513 quoniam,
829 1451 885 1495 ut
912 1441 1212 1503 crederent,
1244 1454 1348 1492 non
1382 1437 1463 1491 eis
1515 1436 1554 1485 ³.
1578 1446 1697 1490 erat
1722 1437 1927 1500 datum,

359 1534 524 1587 etiam
557 1532 695 1585 unde
720 1531 1026 1593 crederent,
1045 1536 1129 1582 est
1156 1535 1425 1597 negatum.
1457 1527 1528 1579 Ex
1556 1541 1663 1594 quo
1688 1536 1930 1594 apparet,

361 1624 565 1676 habere
587 1618 845 1690 quosdam
876 1618 927 1671 in
961 1618 1076 1687 ipso
1105 1617 1319 1685 ingenio
1347 1615 1584 1669 divinum
1616 1614 1934 1667 naturaliter

360 1727 554 1764 munus
605 1707 1007 1778 intelligentiae,
1048 1721 1153 1775 quo
1200 1714 1520 1759 moveantur
1567 1704 1633 1758 ad
1674 1706 1853 1768 tidem,
1886 1704 1931 1758 si

2039 533 2416 604 diSputationis
2445 535 2806 606 regula,quae
2832 536 3025 591 divinis
3040 539 3362 596 testimoniis
3388 542 3601 610 claruit,

2035 633 2350 693 peccatores
2378 625 2431 680 in
2465 625 2617 681 malis
2654 626 2885 697 propriis
2916 643 3035 683 esse
3062 630 3103 662 ¹¹
3135 631 3186 684 in
3221 632 3423 689 mundo
3452 650 3605 704 prae—

2036 714 2199 769 scitos
2226 724 2451 781 tantum,
2483 732 2588 769 non
2615 717 3069 786 praedestinatos;
3102 734 3329 787 poenam
3356 734 3533 778 autem
3561 725 3605 757 ¹²

2035 807 2513 874 praedestinatum,
2544 807 2835 862 secundum
2864 808 3003 876 quod
3034 811 3289 878 praesciti
3321 819 3445 865 sunt
3480 824 3559 866 ε».

2110 896 2173 948 ν.
2215 895 2309 950 His
2338 904 2392 951 et
2425 896 2726 963 huiusmodi
2764 898 3090 953 sanctissimi
3127 900 3297 969 patris
3323 902 3601 971 Augustini

2034 986 2362 1041 dictionibus
2388 988 2542 1052 satis,
2574 997 2633 1042 ut
2659 989 2870 1058 opinor,
2904 989 2991 1060 pie
3015 992 3359 1049 credentibus
3388 1010 3604 1064 persua-

2034 1073 2147 1126 deri
2176 1082 2367 1142 potest,
2417 1076 2558 1144 qnod
2589 1092 2711 1130 vera
2743 1078 2882 1132 ratio
2905 1080 3268 1144 commendat,
3317 1083 3484 1138 Deum
3522 1085 3601 1139 νὶ-

2034 1161 2228 1215 deliret
2265 1160 2331 1215 ad
2367 1163 2410 1193 ¹³
2440 1178 2666 1231 poenam
2698 1166 2842 1220 nullo
2880 1166 3037 1221 modo
3067 1180 3350 1237 peccantes
3381 1175 3597 1239 ;>..-.ede-

2035 1254 2268 1308 stiuasse
2288 1293 2304 1319 ,
2336 1255 2429 1308 sed
2459 1255 2571 1309 suis
2601 1257 2810 1312 meritis
2844 1260 3104 1329 supplicia
3137 1262 3399 1332 condigna
3447 1279 3600 1333 prae-

2032 1345 2300 1401 destinata
2325 1346 2405 1401 eis
2427 1347 2495 1401 ab
2517 1362 2581 1401 eo
2601 1362 2741 1401 esse.
2761 1348 2913 1416 Quod
2942 1351 3103 1404 etiam
3132 1352 3336 1423 legibus
3359 1356 3600 1412 humanis

2031 1450 2316 1505 possumus
2345 1437 2633 1508 conjicere.
2659 1437 2812 1493 Nulla
2850 1440 2991 1493 enl...
3026 1444 3339 1512 temporalia
3364 1443 3485 1513 jura
3512 1447 3597 1501 ho-

2033 1527 2233 1582 minem
2261 1528 2525 1583 definiunt
2548 1530 2614 1583 ad
2654 1535 3014 1600 peccandum;
3045 1549 3246 1602 poenas
3277 1545 3457 1591 autem
3480 1551 3600 1606 pec-

2036 1618 2243 1673 caturis
2290 1618 2594 1674 deﬁniendo
2647 1621 2778 1675 nihil
2832 1621 2977 1676 aliud
3028 1624 3280 1679 videntur
3328 1636 3597 1696 appetere,

2032 1722 2193 1776 quam
2230 1722 2431 1777 pronos
2454 1710 2519 1763 ad
2551 1712 2879 1780 peccandum
2910 1713 3291 1783 suppliciorum
3321 1718 3599 1772 atrocitate

359 1822 595 1878 congrua
624 1805 735 1860 suis
761 1803 1031 1859 mentibus
1060 1800 1144 1854 vel
1189 1800 1409 1854 audiant
1440 1799 1623 1862 verba,
1647 1797 1731 1851 vel
1776 1798 1927 1866 signa
1960 1790 2003 1848 Β
2033 1798 2253 1852 territos
2283 1799 2568 1865 cohibere,
2605 1815 2669 1856 ac
2710 1816 2806 1871 per
2832 1803 2935 1857 hoc
2964 1819 3067 1858 non
3100 1806 3275 1861 minus
3299 1808 3601 1864 miserimu-

359 1896 712 1967 conspiciant,
742 1904 795 1950 et
825 1903 1002 1947 tamen
1031 1890 1075 1946 si
1129 1890 1222 1944 Dei
1264 1890 1452 1943 altiore
1473 1889 1494 1919 ⁸
1516 1889 1720 1958 judicio
1748 1903 1777 1941 a
1806 1902 1929 1957 pcr-

360 1989 582 2044 ditionis
625 2000 803 2040 massa
863 1998 968 2036 non
1018 1989 1143 2035 sunt
1183 1978 1388 2050 gratiae
1436 1977 1928 2047 praedestinatione

358 2078 600 2137 discreti,
633 2075 888 2142 necipsa
933 2072 1013 2126 eis
1042 2071 1367 2125 adhibentur
1407 2069 1491 2122 vel
1534 2067 1674 2122 dicta
1720 2068 1923 2131 divina,

358 2169 439 2222 vel
465 2170 625 2226 facta,
654 2181 747 2235 per
769 2177 905 2232 quae
926 2161 1131 2231 possint
1154 2160 1374 2213 credere
1403 2170 1429 2198 ει
1456 2178 1503 2213 ι.
1528 2159 1593 2213 Et
1615 2157 1773 2227 paulo
1798 2164 1926 2209 ante

362 2260 519 2314 linem
546 2257 782 2326 ejusdem
810 2272 822 2307 :
853 2272 870 2304 ι
897 2251 1107 2306 Nullum
1128 2259 1210 2305 est
1230 2269 1277 2315 ι,
1311 2249 1553 2319 inquam,
1583 2268 1599 2299 ι
1622 2248 1883 2302 illustrius
1904 2245 1928 2279 ⁸

357 2344 865 2419 praedestinationis
906 2341 1232 2413 exemplum,
1275 2355 1437 2409 quam
1476 2340 1590 2409 ipse
1639 2339 1922 2392 mediator.

359 2439 615 2510 Quisquis
655 2435 827 2491 ﬁdelis
856 2433 967 2486 vult
992 2447 1112 2487 eam
1144 2429 1640 2496 beneintelligere,
1684 2427 1926 2481 attendat

355 2534 550 2603 ipsum,
583 2539 743 2598 atque
768 2526 820 2578 in
862 2523 950 2578 illo
989 2522 1226 2577 inveniat
1274 2527 1329 2574 et
1374 2519 1605 2589 seipsum
1637 2518 1665 2558 ι)
1697 2538 1741 2583 ι,
1769 2531 1926 2587 prae-

354 2621 497 2676 clare
519 2617 843 2672 concludens
878 2628 1068 2667 omnes
1111 2609 1542 2682 praedestinatos
1588 2609 1639 2662 in
1681 2608 1920 2673 Christo,

353 2721 505 2763 extra
539 2721 718 2777 quem,
747 2702 993 2774 quisquis
1020 2708 1123 2763 est,
1150 2698 1580 2768 praedestinatus
1610 2714 1715 2751 non
1746 2706 1849 2752 est.

424 2800 511 2854 ιγ.
547 2797 698 2863 Quod
728 2804 904 2848 autem
935 2792 1078 2846 Deus
1104 2790 1371 2845 neminem
1401 2791 1825 2859 praedestinavit
1853 2788 1921 2843 ad

351 2904 602 2960 poenam,
626 2900 851 2956 poenam
885 2897 1009 2937 vero
1040 2896 1390 2951 praeparasse
1415 2922 1430 2946 ,
1471 2882 1574 2936 hoc
1613 2890 1728 2945 est,
1767 2896 1923 2951 prae-

354 2979 653 3033 destinasse
692 2975 883 3028 merito
936 2972 1294 3036 damnandis,
1346 2970 1539 3026 talibus
1598 2970 1714 3041 ejus
1767 2972 1925 3027 dictis

351 3067 683 3124 lucidissime
722 3065 1051 3120 declaratur.
1084 3064 1169 3118 Ait
1203 3063 1343 3117 enim
1368 3102 1382 3126 ,
1415 3081 1433 3113 ι
1468 3062 1592 3132 quia
1640 3063 1820 3133 justus
1870 3071 1925 3118 et

2031 1887 2362 1957 diae,-quam
2392 1890 2666 1946 vindictae
2713 1895 3203 1963 transgressoribus
3233 1898 3345 1951 suis
3371 1897 3596 1956 efﬁcere.

2029 1975 2313 2046 Nunquam
2345 1977 2487 2032 enim
2526 1981 2824 2048 respublica
2856 1982 3103 2038 homines
3139 1985 3379 2040 decrevit
3406 2002 3597 2056 pecca-

2029 2080 2122 2132 re;
2156 2067 2395 2122 decrevit
2424 2078 2603 2123 autem
2638 2085 2758 2125 reos
2777 2068 2921 2139 justa
2955 2087 3123 2142 poena
3142 2075 3431 2146 corrigere.
3450 2077 3597 2144 Quod

2029 2157 2073 2211 si
2116 2159 2187 2211 ita
2214 2166 2297 2213 est
2326 2159 2379 2212 in
2427 2160 2633 2231 legibus
2667 2163 3024 2217 mutabilitate
3073 2171 3371 2234 temporum
3403 2169 3595 2223 transi-

2028 2250 2203 2310 toriis,
2238 2251 2364 2319 quid
2394 2253 2688 2317 putandum
2722 2253 2837 2307 lieri
2868 2254 2921 2308 in
2949 2256 3188 2309 aeternis
3210 2258 3423 2326 pietatis
3443 2258 3598 2327 justi.

2031 2338 2242 2407 tiaeque
2266 2340 2585 2393 immutabili
2615 2342 2752 2411 t‘igo:
2766 2358 2796 2396 e
2827 2341 3076 2398 refertis?

2537 2450 2736 2506 CAPIT
2746 2451 2934 2507 ULUM
2975 2452 3090 2509 XV.

2035 2539 2152 2606 Qua
2190 2556 2372 2610 genere
2420 2539 2739 2615 locutionum
2786 2543 2982 2595 dicitur
3011 2545 3272 2615 praescire
3314 2542 3455 2599 Dens
3482 2560 3598 2615 pec-

2100 2620 2238 2683 cata,
2270 2627 2388 2663 cum
2419 2610 2549 2683 nihil
2574 2621 2712 2683 sunt,
2746 2622 2837 2683 ait!
2856 2610 3243 2683 praedestinare
3269 2630 3446 2669 eorum
3475 2610 3596 2683 iup-

2097 2679 2276 2749 plicia,
2308 2696 2443 2749 quae
2466 2680 2706 2733 similiter
2734 2679 2865 2734 nihil
2887 2691 3029 2735 sunt.

2104 2790 2144 2844 l.
2175 2789 2373 2860 Majore
2399 2799 2576 2844 autem
2615 2790 3047 2847 consideratione
3093 2792 3311 2862 indiget,
3343 2795 3483 2863 quod
3512 2794 3595 2849 di—

2028 2884 2152 2937 vina
2184 2883 2527 2952 humanaque
2562 2884 2804 2939 doctrina
2835 2886 3149 2955 saepissime
3171 2886 3323 2941 nobis
3344 2887 3594 2949 inculcat,

2029 2974 2197 3029 Deum
2230 2975 2479 3029 videlicet
2511 2983 2564 3029 et
2609 2977 2884 3044 praescire
2927 2987 3209 3031 creaturae
3254 2993 3382 3032 suae
3414 2977 3596 3032 illicita

2029 3075 2272 3137 peccata,
2323 3076 2380 3121 et
2420 3081 2606 3121 eorum
2644 3067 2787 3137 justa
2838 3068 3245 3138 praedestinare
3297 3067 3594 3139 supplicia,

351 3162 660 3216 misericors
698 3160 859 3221 Deus,
900 3158 1281 3227 praesciusquc
1327 3155 1665 3219 futurorum,
1714 3170 1779 3210 ex
1821 3156 1922 3212 hac
1953 3125 1999 3187 ϐ
2028 3172 2147 3212 cum
2184 3158 2321 3211 ratio
2350 3159 2697 3227 pronuntiare
2731 3173 2837 3212 non
2874 3159 3103 3224 dubitet,
3132 3168 3349 3227 peccata
3378 3175 3601 3214 eorum-‘

353 3251 641 3306 damnabili
690 3266 864 3303 massa
900 3263 1001 3302 non
1031 3262 1379 3315 personarum
1426 3246 1735 3314 acceptione
1764 3286 1778 3311 ,
1828 3247 1922 3301 sed

345 3342 551 3412 judicio
567 3338 851 3406 aequitatis
868 3351 995 3390 suae
1018 3335 1498 3405 irreprehensihili,
1516 3351 1652 3404 quos
1668 3336 1918 3405 praescii,

352 3431 721 3487 misericordia
748 3429 980 3499 gratuita
1006 3435 1313 3498 praeparat,
1344 3427 1393 3481 id
1421 3436 1521 3487 est,
1554 3429 1924 3498 praedestinat

349 3524 418 3576 ad
452 3533 724 3576 aeternam
762 3520 923 3572 vitam
946 3560 960 3585 ,
995 3528 1203 3572 ceteros
1248 3527 1424 3573 autem
1455 3534 1650 3589 poena,
1681 3529 1738 3573 ut
1767 3536 1923 3589 prae-

349 3613 461 3667 dixi
488 3652 503 3677 ,
540 3612 717 3666 debita
756 3610 927 3679 punit.
990 3609 1135 3675 Quos
1186 3609 1304 3664 ideo
1344 3611 1529 3680 punit,
1578 3617 1703 3680 quia
1734 3651 1749 3674 ,
1792 3613 1920 3682 quid

350 3712 532 3758 essent
567 3702 752 3763 futuri,
783 3700 1088 3771 praescivit,
1127 3716 1230 3754 non
1270 3710 1447 3756 tamen
1476 3702 1774 3770 puniendos
1807 3704 1920 3774 ipse

308 3786 318 3855 l
351 3795 512 3863 l‘eeit,
558 3793 640 3849 vel
692 3792 1144 3865 praedestinavit,
1199 3794 1291 3848 sed
1325 3801 1564 3859 tantum,
1604 3803 1663 3848 ut
1700 3795 1918 3858 dixi,.in

348 3885 639 3940 damnabili
670 3899 844 3938 massa
861 3884 1148 3954 praescivit
1176 3894 1197 3921 ο
1226 3901 1300 3936 »Α
1328 3883 1567 3939 Diximus
1593 3900 1824 3955 namque
1853 3885 1921 3941 de

349 3975 641 4031 damnabili
692 3975 909 4031 humani
948 3973 1161 4043 generis
1214 3988 1392 4026 massa
1434 3975 1599 4027 Deum
1649 3976 1920 4044 praescire

349 4068 737 4128 misericordia,
783 4082 887 4118 non
927 4064 1164 4125 meritis,
1197 4078 1334 4130 quos
1381 4062 1659 4116 electionis
1695 4064 1867 4134 gratia
1898 4063 1919 4095 ⁸

286 4146 323 4171 ⁸⁵
345 4157 771 4225 praedestinavit
816 4155 881 4208 ad
918 4156 1101 4218 vitam,
1155 4161 1366 4208 ceteros
1396 4167 1560 4219 vero,
1590 4154 1680 4223 qni
1714 4153 1918 4223 judicio

341 4241 582 4311 justitiae
624 4243 739 4313 ejus
781 4243 986 4313 gratiae
1017 4244 1038 4275 ⁷
1068 4241 1371 4297 elliciuntur
1422 4254 1669 4313 expertes
1695 4284 1709 4310 ,
1758 4260 1915 4315 prae-

344 4333 535 4388 sciisse
565 4341 771 4388 tantum
800 4330 933 4386 vitio
958 4332 1175 4401 proprio
1204 4333 1490 4402 perituros,
1521 4348 1624 4388 non
1668 4342 1727 4387 ut
1772 4335 1913 4404 peri-

346 4433 467 4477 rent
501 4424 933 4494 praedestinasse
963 4442 975 4477 :
1008 4425 1091 4478 his
1128 4438 1257 4477 vero
1289 4424 1343 4488 ⁸,
1380 4424 1469 4492 qui
1515 4424 1703 4478 salutis
1754 4425 1910 4480 fidem

342 4514 817 4585 autpraedicatam
848 4515 946 4568 sibi
974 4515 1220 4584 accipere
1245 4513 1448 4577 nolunt,
1478 4522 1570 4567 aut
1599 4514 1709 4569 Deo
1730 4513 1911 4582 judice

345 4625 450 4664 non
499 4616 754 4677 possunt,
788 4606 871 4661 vel
900 4616 1117 4677 accepta
1172 4606 1310 4661 male
1359 4615 1599 4672 uttmtur,
1633 4615 1686 4661 et
1711 4609 1779 4661 ob
1809 4608 1909 4662 hoc

347 4699 633 4753 traduntur
675 4698 727 4751 in
765 4696 1048 4767 reprobum
1079 4712 1328 4762 sensum,
1360 4705 1418 4750 ut
1454 4712 1560 4751 non
1601 4697 1797 4751 faciant
1822 4711 1906 4761 ea,

343 4802 481 4858 quae
500 4786 831 4842 conveniunt
858 4789 903 4853 ',
940 4802 1164 4856 poenam
1182 4787 1633 4858 praedestinatam
1662 4802 1782 4843 esse
1806 4787 1909 4843 rite

1944 4468 1992 4526 D

2026 3263 2131 3317 que
2157 3247 2415 3316 supplicia
2446 3247 2579 3301 nihil
2606 3261 2745 3313 esse,
2794 3263 2859 3302 ac
2902 3264 2996 3319 per
3038 3249 3141 3305 hoc
3183 3265 3284 3304 nec
3314 3250 3593 3319 praesciri,

2025 3354 2123 3392 nec
2173 3338 2560 3407 praedestinari
2607 3353 2784 3407 posse.
2836 3339 3116 3406 Quomodo
3143 3342 3284 3396 enim
3316 3342 3398 3396 vel
3436 3357 3595 3411 prae-

2025 3429 2291 3491 sciuntur,
2326 3427 2407 3481 vel
2438 3428 2929 3497 praedestinantur,
2962 3444 3103 3498 quae
3138 3445 3243 3484 non
3271 3431 3438 3484 sunt?
3464 3431 3594 3497 Qui-

2028 3521 2128 3574 bus
2156 3521 2322 3590 igitur
2349 3520 2675 3574 leeutionum
2711 3521 2880 3588 tropis
2910 3522 3036 3575 talia
3068 3523 3295 3591 proferri
3331 3532 3556 3591 possunt
3578 3564 3594 3587 ,

2029 3609 2349 3665 edicendum
2379 3627 2498 3665 esse
2526 3612 2776 3665 arbitror.
2829 3613 3137 3682 Siquidem,
3175 3624 3234 3668 ut
3280 3614 3493 3683 opinor,
3543 3614 3594 3669 in

2022 3701 2313 3768 prioribus,
2355 3710 2515 3770 prout
2568 3704 2796 3756 suadere
2841 3704 3009 3772 potui,
3042 3704 3341 3758 rationibus
3384 3706 3594 3775 aperui,

2021 3800 2077 3845 et
2116 3792 2361 3861 exemplo
2411 3792 2667 3847 similium
2708 3795 2978 3858 roboravi,
3035 3796 3179 3851 nullo
3226 3798 3333 3851 alio
3384 3799 3593 3854 meliori

2019 3883 2177 3937 modo
2209 3900 2306 3939 nos
2337 3899 2491 3953 posse
2522 3886 2815 3956 intelligere
2844 3929 2858 3950 ,
2890 3890 3314 3959 quotiescunque
3356 3892 3595 3949 invenire

2018 3974 2291 4043 possimus
2312 3974 2471 4029 talem
2502 3977 2712 4031 dicendi
2736 3976 2984 4043 formam,
3012 3980 3223 4049 qualem
3254 3982 3488 4037 maxime
3538 3984 3590 4037 in

2019 4065 2034 4116 l
2060 4065 2173 4119 bris
2204 4066 2373 4119 sancti
2402 4066 2684 4138 Augustini
2711 4067 2947 4123 solemus
2974 4069 3173 4141 legere,
3193 4071 3357 4126 Deum
3387 4073 3592 4128 scilicet

2016 4156 2450 4224 praedestinassc
2493 4158 2685 4227 impios
2715 4159 2779 4212 ad
2807 4169 3053 4228 peccata,
3089 4172 3146 4216 et
3185 4176 3373 4216 eorum
3398 4165 3589 4218 merita

2016 4249 2296 4319 supplicia,
2347 4265 2506 4318 quam
2558 4265 2656 4315 eo,
2702 4251 2792 4320 qui
2840 4253 3072 4307 sumitur
3117 4268 3147 4307 a
3187 4256 3487 4320 contrario,
3535 4267 3592 4310 ut

2016 4351 2177 4407 saepe
2206 4338 2407 4393 dictum
2436 4349 2540 4393 est.

2088 4428 2150 4483 ll.
2182 4428 2346 4496 Cujus
2383 4428 2593 4486 formae
2637 4432 3038 4502 apertissimum
3082 4451 3136 4490 in
3181 4439 3443 4495 traditore
3489 4442 3589 4497 im-

2016 4518 2261 4589 piissimo
2300 4520 2511 4575 Domini
2541 4523 2707 4575 nostri
2737 4522 3010 4578 invenitur
3033 4527 3356 4596 exemplum.
3387 4530 3589 4587 Eodem

2018 4611 2216 4680 quippe
2241 4610 2491 4681 loquendi
2522 4614 2682 4667 modo
2708 4613 2846 4668 idem
2890 4616 3090 4671 dicitur
3126 4622 3584 4692 praedestinatus,

2016 4716 2123 4769 quo
2148 4717 2178 4754 a
2208 4700 2433 4757 Domino
2454 4703 2736 4759 dicebatur
2748 4705 2948 4762 electus
2971 4707 3015 4761 τ.
3041 4709 3135 4765 Ubi
3163 4722 3308 4769 recte
3331 4715 3587 4775 debemus

2016 4794 2262 4861 accipere
2286 4809 2383 4862 per
2410 4794 2662 4861 electum,
2692 4811 2797 4851 non
2833 4797 3085 4865 electum,
3122 4804 3215 4857 sed
3247 4807 3441 4862 merito
3465 4823 3588 4879 per-

1625 4935 1878 4994 VARIAE
1914 4939 2310 5001 LECTlONES.

413 5077 431 5111 ¹
459 5076 535 5158 ειΙζ
578 5074 1511 5166 Ila‘egprafldestinﬁuio[sanctorum
1539 5076 1699 5166 “nihil
1722 5079 1926 5166 .a'lind.
1947 5091 2023 5136 est
2072 5100 2230 5166 quani
2256 5101 2495 5166 praesen
2559 5089 2592 5166 _'
2639 5088 2709 5143 al.
2749 5099 3046 5161 potuerunt.

339 5159 449 5232 erat
488 5146 601 5228 eis.“
659 5144 681 5175 ⁸
711 5143 825 5232 Sic.
856 5145 950 5232 λεν
979 5146 1098 5232 cod.
1145 5146 1406 5232 ulteriore.
1457 5146 1507 5232 I'
1537 5146 1669 5232 Cod.
1693 5149 2010 5230 _inlustrius,
2048 5143 2127 5208 sic
2179 5143 2405 5232 ubique.
2475 5156 2496 5190 ⁸
2525 5143 3257 5232 πυρί,ἒιὲεὲξοίιένρναιὶἦί

1371 5218 1393 5249 ⁹
1420 5217 1499 5293 al.
1521 5228 1575 5271 ut
1600 5219 1797 5293 faciant
1823 5237 1886 5276 ea
1908 5239 2043 5293 quae
2066 5240 2169 5280 non
2196 5217 2520 5281 conveniunt.

339 5220 437 5272 hac
465 5218 673 5288 gratia._
731 5218 751 5247 ⁸
778 5215 845 5269 al.
876 5214 1294 5288 Mullajmjersn.

336 5283 484 5342 sent:
549 5288 593 5318 ¹²
629 5286 697 5340 at.
742 5288 816 5339 eis
839 5301 967 5339 esse.
1046 5283 1088 5314 ¹³
1129 5286 1216 5339 Sic
1250 5286 1371 5340 cod.
1394 5327 1409 5352 ,
1451 5287 1501 5341 Μ
1534 5283 1706 5343 ειέἀ.

3125 5096 3145 5126 ³
3165 5094 3263 5169 _Sic
3315 5101 3465 5169 cod.,
3508 5103 3587 5161 Μ.

2715 5229 2726 5241 ο
2747 5170 3003 5241 electione
3016 5170 3257 5241 gratiae.
3353 5170 3376 5204 ν
3402 5173 3476 5228 al.
3517 5177 3588 5231 ab

2600 5230 2641 5259 ¹⁰
2671 5229 2761 5283 Sic
2789 5230 2909 5284 eod.
2989 5229 3137 5288 “'al.
3176 5247 3453 5309 antequam
3502 5229 3586 5301 es.

1848 5430 2097 5491 NOTAE.

407 5545 433 5605 fl
459 5534 742 5605 Augustin.
772 5535 835 5588 de
862 5535 1008 5589 Dono
1028 5538 1435 5605 perseverantiae
1464 5554 1511 5593 e.
1548 5540 1630 5596 14.

407 5603 432 5640 b
462 5604 744 5675 Augustin.
775 5606 900 5675 ibid.
927 5603 1043 5674 cap.
1080 5606 1284 5661 ultimo.

406 5680 429 5709 ε
462 5670 891 5745 llypognostit'on
928 5670 1009 5738 \l‘,
1042 5677 1097 5729 2.

2080 5547 2105 5588 ἀ
2148 5547 2287 5604 Ibid.
2319 5566 2368 5605 c.
2403 5551 2461 5606 2.

2085 5629 2107 5656 ε
2142 5617 2276 5671 Ibid.
2452 5632 2455 5637 ‘

2088 5687 2105 5725 ί
2140 5686 2292 5743 Joan.
2326 5690 2512 5754 "1,71.
