3904 6148
270 285 352 339 lt?)
1354 288 1555 344 LIBER
1594 289 1682 345 DE
1720 287 2428 350 PRAEDESTINATIONE.

3404 296 3528 366 4η,

263 402 403 460 lldiae
444 417 573 458 suae
621 401 925 475 neglectum
956 412 1119 475 atque
1150 405 1476 476 expulsum,
1515 422 1622 461 non
1669 407 1827 462 aliter
1855 412 1903 471 Λ
1930 407 2305 463 destinationis
2333 449 2346 474 ,
2386 411 2585 480 quippe
2605 424 2727 465 cum.
2775 412 2884 467 sint
2933 414 3091 469 unius
3131 412 3501 486 ejusdemque,

262 496 473 551 eandem
518 495 1019 565 praedestinatum,
1052 496 1157 551 nisi
1183 512 1290 552 non
1345 498 1825 567 praedestinatum,

264 587 308 641 in
343 601 521 640 massa
567 586 683 640 irae
741 586 1032 651 relictum,
1089 601 1314 641 munere
1365 587 1576 642 divinae
1624 587 1830 657 gratiae

263 678 536 748 privatum,
560 676 858 741 inimicum,
890 691 997 731 non
1035 677 1293 732 amicum.
1325 677 1392 732 Et
1419 685 1599 731 tamen
1638 692 1705 731 ex
1728 691 1824 730 ore

261 769 420 831 illius,
449 782 609 836 quem
637 766 875 831 tradidit,
901 767 1136 820 audivit:
1167 768 1344 822 Amice
1372 767 1442 820 ad
1464 767 1671 837 quidni
1695 767 1827 822 Item

264 859 372 914 alibi
414 868 672 929 tanquam
729 873 954 913 consors
989 858 1200 913 divinae
1242 859 1520 914 electionis
1566 859 1707 913 inter
1741 874 1829 913 ve—

263 963 339 1003 ros
362 948 809 1016 praedestinatos,
840 946 1061 1012 electos,
1103 947 1308 1002 amicos
1328 946 1550 1001 abusive
1572 947 1829 1002 collectus

259 1039 491 1092 audierat
521 1056 534 1091 :
566 1035 688 1090 Non
717 1037 835 1090 dico
864 1053 952 1092 vos
993 1054 1164 1092 servos
1183 1078 1198 1103 ,
1225 1038 1317 1092 sed
1344 1038 1539 1092 amicos
1564 1038 1615 1091 δ.
1653 1038 1826 1092 Simili

262 1127 403 1180 modo
428 1126 497 1181 ab
524 1126 900 1181 omnicaelesti
927 1127 1251 1196 paternitate
1279 1128 1528 1182 abdicato
1549 1129 1700 1197 quasi
1721 1128 1828 1182 lilio

261 1216 387 1273 inter
407 1216 546 1272 ﬁlios
562 1216 821 1273 Dominus
836 1218 1050 1273 dicebat
1067 1216 1268 1273 :Nolitc
1280 1235 1462 1273 vocare
1476 1220 1616 1273 vobis
1627 1230 1827 1288 patrem

262 1309 308 1363 in
324 1321 485 1374 terra,
505 1327 641 1364 unus
667 1320 743 1365 est
763 1312 899 1365 enim
926 1322 1075 1381 pater
1100 1320 1285 1376 vester,
1301 1311 1391 1381 qui
1415 1313 1470 1364 in
1492 1311 1648 1364 caelis
1674 1320 1749 1363 est
1777 1320 1823 1363 ε.

261 1401 327 1455 Ac
338 1401 627 1470 sisapienti
650 1401 792 1456 inter
803 1402 1074 1472 sapientes
1086 1404 1282 1456 donum
1301 1401 1684 1472 intelligentiae
1699 1415 1829 1455 con-

261 1506 453 1546 cessum
477 1492 711 1557 videtur,
739 1492 867 1546 dum
900 1492 1168 1563 Apostolis
1198 1492 1433 1548 dicitur:
1467 1490 1624 1545 Vobis
1643 1491 1826 1545 datum

266 1596 329 1637 ut
357 1600 509 1639 nosse
525 1588 774 1654 mysteria
803 1591 971 1656 regni.
1004 1588 1059 1641 Si
1098 1588 1211 1641 htec
1242 1596 1297 1639 et
1322 1586 1688 1657 ejusmodiXde
1712 1587 1816 1641 im-

268 1676 502 1745 pizssimo
527 1677 749 1733 homine
780 1679 1125 1749 intelligenda
1158 1689 1287 1734 sunt
1313 1695 1343 1733 e
1364 1680 1659 1742 contrario,
1685 1678 1814 1747 quid

273 1768 479 1833 mirum,
534 1777 593 1824 et
642 1770 821 1838 ipsum
877 1780 1271 1835 consortesque
1304 1770 1523 1824 malitia:
1558 1786 1670 1824 suae
1697 1771 1818 1838 jure
1851 1747 1895 1805 Β

276 1859 425 1914 simili
456 1855 828 1929 praedestinati
862 1860 1134 1916 dicantur.
1172 1862 1493 1916 Sicutenim
1513 1862 1692 1914 utullus
1720 1855 1822 1913 itu-'-

278 1952 480 2020 piorum
510 1952 735 2022 eligitur
761 1953 828 2008 ad
858 1954 1116 2024 gloriam,
1145 1953 1217 2008 ita
1251 1953 1431 2007 nullus
1462 1967 1650 2007 eorum
1684 1967 1821 2019 pri--

276 2042 570 2097 destinatur
595 2042 662 2096 ad
690 2058 925 2112 pmnam.
947 2043 1417 2110 Quemadmodum
1447 2044 1646 2113 quippe
1665 2041 1818 2096 nullo

276 2137 426 2192 modo
458 2138 674 2193 excedit
733 2139 934 2193 electio
967 2152 1255 2191 numerum
1285 2137 1819 2207 praedestinatorum,

276 2229 341 2281 ita
364 2228 777 2299 praedestinatid
804 2228 1123 2284 nullomodo
1152 2228 1367 2283 excedit
1396 2243 1681 2283 numerum
1710 2228 1824 2282 ele-

267 2333 465 2379 ctorum

333 2416 415 2472 IIl.
450 2416 578 2473 Haec
604 2418 794 2473 eadem
818 2417 1034 2472 dicendi
1061 2416 1296 2486 species,
1324 2431 1429 2485 qua
1456 2415 1657 2470 dicitur
1681 2414 1827 2469 Deus

270 2510 677 2579 praedestinaese
696 2509 928 2578 injustas
944 2509 1009 2563 ad
1035 2524 1224 2579 poenas
1248 2508 1330 2561 vel
1358 2522 1548 2562 eorum
1580 2515 1822 2574 peccata,

270 2600 541 2655 videretur
571 2609 723 2655 recte
753 2599 927 2666 accipi
977 2614 1157 2668 posse,
1191 2614 1254 2653 ac
1280 2599 1324 2654 si
1359 2598 1656 2662 diceretur,
1691 2612 1826 2665 prte-

272 2690 453 2745 sciisse
491 2690 638 2745 Deus
694 2691 923 2761 injustas
945 2699 1262 2759 peccatores
1291 2705 1410 2744 esse
1441 2689 1674 2753 futuros,
1714 2701 1827 2756 pm-

268 2794 460 2850 nasque
479 2796 740 2851 passuros
780 2791 839 2835 ut
860 2781 1318 2852 quemalmodum
1343 2780 1568 2834 scientia
1588 2795 1825 2847 semper,

260 2872 373 2927 dum
420 2873 604 2945 agitur
645 2873 710 2929 de
752 2871 941 2926 electis
971 2911 985 2935 ,
1022 2869 1142 2925 loco
1167 2870 1673 2940 praedestinationis
1705 2879 1828 2941 apte

258 2964 548 3034 accipitur,
589 2962 665 3017 ita
703 2961 1157 3031 praedestinatio,
1202 2960 1629 3029 quotiescunque
1654 2960 1720 3014 de
1746 2973 1829 3014 reo

259 3055 427 3122 probis
472 3061 773 3116 tractatur,
840 3066 939 3122 pro
994 3051 1356 3122 praeseientia
1422 3051 1825 3120 compensative

259 3144 569 3211 accipiatur,
602 3142 648 3196 si
679 3155 808 3195 vera
839 3154 945 3194 non
972 3140 1237 3209 obiiceret
1286 3140 1427 3194 ratio
1450 3179 1465 3202 ,
1514 3141 1825 3207 praeseien-

262 3236 380 3289 tiam
406 3248 625 3299 eorum,
653 3247 793 3303 quae
818 3247 923 3288 non
945 3240 1092 3295 sunt,
1129 3232 1244 3285 ﬁeri
1272 3245 1378 3285 non
1410 3246 1587 3299 posse.
1624 3232 1702 3286 Ac
1728 3248 1823 3301 per

258 3328 349 3383 hoc
372 3328 568 3384 eodem
608 3324 768 3381 modo
798 3325 995 3380 dicitur
1038 3324 1181 3379 Deus
1208 3325 1614 3393 praedestinare
1640 3341 1827 3395 quem-

258 3436 405 3489 quam
433 3420 503 3475 ad
537 3416 799 3488 supplicia
829 3431 1129 3487 poenarum
1158 3456 1172 3481 ,
1218 3431 1325 3486 quo
1367 3417 1530 3471 etiam
1565 3418 1829 3472 asseritnr

257 3511 523 3577 praescius
549 3522 670 3564 esse
696 3513 1043 3576 peccatorum
1075 3524 1085 3559 :
1110 3505 1163 3559 in
1182 3512 1407 3569 tantum,
1441 3513 1500 3559 ut
1526 3521 1697 3576 paene
1719 3522 1825 3562 uno

256 3600 546 3671 eodemque
575 3609 733 3670 tropo
754 3599 1100 3670 praedicetur
1120 3599 1186 3655 de
1212 3614 1277 3654 eo
1302 3608 1647 3669 peccatorum
1673 3616 1828 3670 prac-

256 3691 489 3759 scientia,
523 3708 634 3763 quo
658 3702 715 3747 et
742 3690 1163 3762 praedestinatio
1194 3707 1381 3746 eorum
1423 3691 1489 3744 ad
1517 3699 1782 3759 tormenta
1808 3709 1822 3757 ;

257 3795 464 3853 excepto
494 3786 645 3855 quod
692 3785 942 3839 usitatius
973 3792 1135 3853 atque
1176 3781 1514 3853 frequentius
1558 3782 1610 3836 in
1659 3783 1828 3837 sacris

257 3871 566 3932 lectionibus
597 3876 910 3931 inveniatur
934 3873 1255 3944 praesciisse
1278 3914 1291 3937 ,
1338 3890 1499 3944 quam
1523 3874 1827 3944 praedesti-

258 3980 402 4022 nasse
430 3978 487 4023 et
519 3976 750 4038 peccata
794 3975 850 4021 et
899 3982 1124 4037 poenas.
1155 3966 1293 4021 Hinc
1320 3967 1433 4035 ipse
1456 3964 1788 4036 Augustinus
1810 4008 1826 4033 ,

255 4058 590 4114 acutissimus
629 4058 847 4128 quidem
877 4058 1125 4113 veritatis
1157 4067 1213 4114 et
1258 4058 1546 4128 inquisitor
1571 4068 1625 4114 et
1654 4074 1831 4115 asser-

258 4155 349 4210 tor,
378 4149 571 4204 talium
608 4148 769 4204 nobis
801 4148 1047 4217 exempla
1084 4149 1412 4204 locutionum
1435 4148 1487 4202 in
1512 4149 1624 4204 suis
1648 4164 1831 4204 exem-

254 4234 481 4317 plaribus
510 4238 827 4309 relinquere
851 4238 1182 4307 procuravit,
1213 4238 1289 4293 uti
1322 4253 1422 4293 nos
1450 4239 1696 4308 accipere
1721 4255 1828 4293 non

253 4329 419 4395 pigeat
443 4332 500 4386 in
532 4330 1033 4400 praedestinatione
1071 4338 1233 4400 atque
1258 4331 1620 4400 praeseientia
1648 4331 1828 4385 divina

254 4421 469 4476 eundem
496 4422 820 4477 omnimodo
847 4420 1199 4484 intellectum,
1223 4421 1473 4489 quamvis
1495 4436 1599 4475 non
1624 4437 1826 4491 aequa-

253 4506 368 4563 liter
398 4510 723 4566 omnimodo
770 4524 865 4564 eas
912 4509 1249 4565 inveniamus
1287 4510 1341 4564 in
1384 4509 1680 4580 Scripturis
1720 4511 1828 4565 usi.

255 4605 404 4654 tatas.

312 4690 394 4746 IV.
412 4693 492 4749 Ae
507 4708 610 4763 per
630 4692 735 4749 hoc
753 4692 1114 4748 saluberrimo
1135 4693 1527 4764 verissimoque
1550 4709 1709 4749 sensu
1738 4696 1829 4750 de-

252 4780 427 4839 bemus
439 4785 676 4850 sentire,
696 4785 840 4854 quod
867 4784 980 4855 ipse
1007 4793 1261 4854 tanquam
1286 4800 1385 4839 nos
1400 4787 1695 4841 admonens
1711 4787 1785 4840 ait
1808 4806 1821 4841 :

253 4887 270 4919 ι
301 4869 492 4929 Omnis
520 4874 955 4944 praedestinatio
980 4873 1362 4944 praeseientia,
1387 4875 1482 4929 sed
1513 4890 1622 4930 non
1651 4875 1827 4931 omnis

248 4963 607 5026 praeseientia
637 4962 1059 5032 praedestinatio
1079 4960 1107 5000 ἀ
1132 4979 1179 5014 ι.
1204 4960 1284 5016 Ac
1309 4961 1356 5017 si
1389 4970 1573 5031 aperte
1601 4962 1824 5027 diceret,

246 5061 550 5119 quanquam
579 5050 945 5119 praeseientia
970 5065 1080 5105 non
1108 5049 1460 5106 transcendat
1500 5049 1637 5106 lines
1662 5066 1824 5121 prae-

1932 498 2148 552 divinae
2176 500 2448 566 videlicet,
2480 510 2723 562 naturae,
2745 503 2794 556 in
2820 518 2923 572 qua
2956 504 3100 559 aliud
3128 504 3234 561 alio
3263 505 3384 575 plus
3407 507 3507 561 tnio

1931 603 2098 642 nusve
2124 603 2228 642 non
2258 598 2362 653 est,
2408 591 2622 667 merito,
2664 593 2754 647 ubi
2796 605 2879 647 est
2909 603 3136 649 naturae
3164 596 3508 666 simplicitas,

1932 692 2037 731 non
2067 687 2150 731 est
2185 678 2288 732 ulla
2317 680 2626 746 diversitas,
2668 685 2923 752 quoniam
2963 685 3013 738 in
3038 702 3098 740 ea
3122 688 3304 740 omnia
3341 702 3506 742 unum

1930 775 2076 819 sunt.
2110 766 2340 820 Tantum
2367 783 2495 836 ergo
2535 771 2586 823 in
2620 772 2727 826 Deo
2757 773 2897 827 valet
2931 777 3311 842 praeseientia,
3337 793 3508 846 quatt-

1933 863 2044 907 tum
2088 854 2529 923 praedestinatio,
2571 858 2769 927 plane,
2812 863 2937 930 quia
2986 880 3147 918 unum
3200 875 3342 919 sunt.
3391 866 3506 921 Non

1933 950 2108 997 tamen
2140 952 2345 998 tantum
2374 944 2482 1002 late
2510 957 2671 1017 atque
2699 949 3009 1019 frequenter
3032 952 3313 1024 Scriptura
3337 957 3506 1010 utitur

1928 1036 2447 1103 praedestinatione,
2500 1048 2762 1107 quantum
2802 1043 3195 1109 praeseientia.
3228 1044 3284 1098 In
3310 1046 3508 1101 divinis

1929 1127 2193 1195 siquidem
2216 1129 2624 1197 operationibus
2646 1133 2938 1186 con'lendis
2958 1135 3505 1206 administrandisqne

1928 1220 2344 1287 praescientiam
2409 1230 2463 1274 et
2535 1221 3084 1290 praedestinatiouem
3134 1234 3189 1279 et
3242 1226 3399 1280 simul
3450 1237 3504 1282 et

1931 1325 2145 1380 semper
2188 1311 2534 1381 inseparabili
2583 1313 2711 1384 jugo
2758 1331 3029 1371 connexus
3077 1318 3402 1386 reperimus;
3452 1320 3504 1374 in

1929 1401 2088 1455 malis
2126 1413 2307 1456 autem
2334 1440 2350 1466 ,
2402 1417 2575 1471 quae,
2630 1419 2753 1457 cum
2787 1420 2814 1456 a
2852 1404 2958 1458 Dco
2989 1422 3093 1459 non
3122 1406 3224 1459 sint
3249 1447 3263 1470 ,
3298 1408 3511 1475 penitus

1930 1491 2066 1546 nihil
2120 1502 2289 1557 sunt,
2340 1494 2753 1562 praescientiam
2797 1497 3146 1564 saepissime,
3181 1512 3303 1550 raro
3328 1509 3507 1553 autem

1925 1588 2474 1655 praedestinationem
2496 1588 2944 1655 nominari.Quod
2972 1591 3224 1643 consulto
3250 1592 3497 1644 ntilztatis
3587 1574 3593 1579 ’

1928 1688 2145 1733 nostrae
2174 1682 2466 1749 contigisse
2490 1679 2847 1735 credendum.
2876 1681 3047 1735 Probe
3080 1682 3320 1748 quidem,
3357 1692 3413 1733 ut
3434 1699 3500 1735 eo

1926 1769 2085 1821 modo
2123 1769 2335 1823 divendi
2372 1771 2812 1831 admoneremur,
2866 1788 2971 1825 non
3027 1772 3171 1826 aliud
3205 1788 3321 1826 esse
3350 1791 3505 1839 prae-

1927 1861 2232 1927 scientiam,
2301 1862 2444 1915 aliud
2507 1862 3084 1931 praedestinationeut,
3148 1864 3241 1918 sed
3307 1881 3497 1929 unum,

1926 1952 2145 2020 quando
2173 1952 2333 2006 simul
2361 1968 2576 2022 semper
2596 1955 2648 2007 in
2688 1955 2795 2018 his,
2821 1970 2960 2024 quae
2988 1958 3054 2009 ab
3077 1957 3156 2010 eis
3184 1957 3264 2009 vel
3295 1968 3499 2022 creata,

1926 2046 2011 2099 vel
2034 2044 2232 2099 donata
2262 2054 2410 2107 sunt.
2441 2046 2839 2116 intelliguntur,
2865 2049 2915 2101 in
2945 2049 3030 2102 his
3053 2065 3204 2107 vero.
3230 2065 3370 2118 quae
3399 2064 3497 2104 nec

1930 2136 2365 2191 substantialiter
2397 2137 2466 2191 ab
2494 2139 2576 2191 eis
2606 2148 2851 2206 operata,
2886 2155 2990 2194 nec
3018 2139 3280 2209 largitatis
3303 2157 3495 2195 earum

1932 2230 2192 2283 thesauro
2221 2229 2444 2289 donata.
2468 2244 2562 2283 eas
2591 2245 2722 2282 vero
2751 2230 2963 2296 deesse,
2998 2231 3246 2299 quamvis
3273 2232 3499 2285 abusive

1929 2321 2185 2376 dicamur
2216 2321 2406 2373 adesse
2432 2321 2629 2388 passim
2670 2320 2686 2351 ¹
2719 2321 2938 2390 quidem
2986 2323 3363 2389 praeseientia,
3403 2338 3501 2390 per

1927 2412 2045 2467 loca
2074 2420 2254 2464 autem
2285 2410 2729 2480 praedestinatio,
2787 2410 2838 2463 in
2891 2422 3121 2475 tantum,
3157 2422 3216 2467 ut
3245 2424 3498 2482 tanquam

1930 2504 2142 2573 species
2180 2504 2234 2555 in
2262 2517 2460 2572 genere
2487 2519 2591 2556 una
2618 2504 2866 2557 videatur
2888 2504 2941 2557 in
2974 2504 3166 2570 altera,
3199 2505 3498 2574 praedesti-

1931 2598 2079 2651 natio
2108 2597 2161 2649 in
2199 2598 2579 2666 praeseientia.

2001 2686 2068 2742 ν.
2110 2689 2216 2743 Sed
2257 2692 2300 2743 si
2336 2706 2496 2758 quem
2553 2700 2791 2754 moveat,
2827 2690 2970 2759 quod
3023 2694 3227 2742 veritas
3258 2692 3495 2741 suadere

1933 2783 2206 2837 utentibus
2254 2784 2401 2836 sanis
2446 2798 2550 2835 non
2601 2794 2797 2842 cessat,
2844 2783 3009 2834 Iit-nm
3046 2782 3296 2834 videlicet
3339 2796 3499 2845 prae-

1931 2872 2102 2926 scium
2134 2887 2373 2941 praeque
2402 2873 2424 2904 ²
2455 2873 2840 2927 destinatorem
2882 2872 3120 2928 omnium
3140 2912 3155 2937 ,
3188 2887 3325 2941 quae
3351 2873 3418 2925 alt
3449 2887 3513 2927 eo

1930 2971 2075 3026 sunt,
2094 2976 2236 3026 esse,
2259 2977 2444 3017 eorum
2469 2976 2619 3027 vero,
2638 2976 2777 3031 quae
2805 2961 2873 3015 ab
2896 2977 2959 3016 eo
2987 2977 3091 3015 non
3118 2971 3260 3026 sunt,
3287 2963 3512 3031 ideoque

1934 3051 2065 3105 nihil
2095 3052 2224 3114 sint,
2269 3067 2373 3107 non
2406 3067 2547 3117 esse,
2598 3052 2650 3106 in
2697 3068 2757 3107 se
2805 3053 2979 3122 ipsum
3012 3053 3216 3117 redeat,
3248 3053 3406 3107 altius
3432 3054 3511 3107 in-

1932 3145 2148 3210 tendat,
2192 3144 2362 3214 ipsam
2406 3144 2689 3198 veritatem
2729 3142 3052 3199 consulat‘.
3093 3143 3242 3206 In,ea
3280 3159 3514 3211 namque

1930 3236 2145 3292 lucillne
2190 3237 2391 3306 absque
2426 3236 2655 3307 caligine
2693 3236 2918 3306 refulget
2946 3235 3256 3305 praescicns
3284 3236 3511 3303 praede-

1928 3328 2167 3393 stinatio,
2198 3338 2251 3384 et
2290 3329 2647 3398 praeseientia
2678 3327 3088 3399 praedestinans
3115 3327 3507 3389 essentialiter;

1929 3435 2061 3474 sane
2097 3421 2350 3489 quidem,
2386 3420 2603 3489 quando
2651 3421 2718 3473 de
2764 3421 2874 3474 Deo
2924 3419 3058 3474 nihil
3109 3418 3516 3474 accidentalitcr

1930 3509 2288 3577 praedicatur.
2327 3511 2608 3577 Quomodo
2635 3525 2763 3582 ergo
2800 3525 3009 3565 summa
3046 3511 3276 3564 essentia
3311 3509 3363 3563 in
3400 3508 3507 3571 his,

1929 3614 2068 3670 quae
2108 3601 2241 3654 nihil
2288 3609 2433 3665 sunt,
2470 3616 2592 3656 esse
2621 3598 2643 3632 ⁸
2670 3601 2973 3656 credenda?
3012 3600 3123 3670 Age
3148 3601 3290 3670 jam!
3330 3598 3386 3653 Si
3418 3600 3514 3653 Dei

1928 3692 2289 3761 praeseientia
2336 3691 2480 3746 Dens
2507 3699 2609 3750 est.
2650 3692 2961 3746 necessario
2992 3690 3015 3722 ⁸
3046 3699 3101 3744 et
3133 3690 3353 3744 veritas.
3401 3688 3514 3743 lIoc

1931 3781 2157 3835 dixerim
2181 3781 2247 3835 de
2276 3781 2787 3849 praedestinatione.
2819 3781 2875 3836 Si
2908 3792 2964 3835 et
2993 3782 3103 3851 ipsa
3139 3781 3294 3844 Deus,
3324 3780 3514 3848 procul

1930 3874 2091 3930 dubio
2132 3876 2357 3930 veritas.
2396 3894 2416 3925 ι
2446 3874 2658 3930 Veritas
2700 3884 2878 3928 autem
2905 3915 2919 3938 ,
2951 3882 3008 3927 nt
3041 3874 3117 3927 ait
3146 3874 3510 3944 Augustinus,

1932 3980 2154 4020 necesse
2184 3974 2270 4020 est
2300 3972 2358 4019 ut
2389 3966 2442 4019 in
2475 3965 2657 4034 aliquo
2684 3965 2787 4027 sit,
2818 3964 2918 4018 hoc
2946 3973 3029 4018 est
3054 4004 3068 4028 ,
3100 3964 3152 4017 in
3183 3964 3322 4016 veris
3353 3971 3519 4030 atque

1932 4058 2272 4112 manentibus
2295 4057 2454 4112 rebus
2473 4069 2553 4112 θ».
2585 4056 2817 4110 Proinde
2830 4056 2873 4110 si
2890 4054 3245 4125 praeseientia
3276 4060 3331 4107 et
3357 4067 3514 4122 prae-
3557 4108 3601 4136 ο

1931 4149 2221 4203 destinatio
2259 4148 2460 4203 veritas
2506 4155 2630 4202 sunt
2666 4165 2680 4201 :
2708 4147 2911 4201 veritas
2938 4155 3118 4200 autem
3150 4158 3400 4198 verorum
3431 4152 3518 4198 est

1932 4241 2154 4306 veritas,
2192 4257 2333 4311 quae
2361 4243 2481 4297 ideo
2519 4258 2645 4297 vera
2672 4250 2819 4307 sunt,
2854 4241 2978 4310 quia
3006 4242 3073 4295 ab
3100 4254 3164 4295 eo
3188 4239 3326 4294 facta
3353 4248 3509 4293 sunt:

1930 4334 2289 4403 praeseientia
2337 4334 2499 4404 igitur
2534 4344 2590 4389 et
2626 4332 3050 4404 praedestinatio
3088 4347 3193 4386 non
3234 4338 3361 4385 sunt
3406 4330 3511 4384 nisi

1931 4440 2141 4491 eorum,
2187 4439 2326 4495 quae
2367 4441 2396 4479 a
2426 4426 2656 4480 veritate
2706 4424 2850 4478 facta
2883 4433 3028 4478 sunt.
3060 4423 3115 4478 Si
3144 4430 3513 4493 peccatorum,

1933 4525 1992 4569 ut
2019 4516 2230 4585 opinor,
2277 4530 2382 4570 non
2428 4525 2512 4570 est
2559 4517 2781 4580 veritas,
2814 4516 3085 4585 quomodo
3123 4522 3303 4584 potest
3325 4528 3514 4567 eorum

1932 4619 2049 4658 esse
2086 4605 2449 4675 praeseientia
2490 4606 2575 4661 vel
2614 4605 3083 4677 praedestinatio?
3132 4604 3261 4659 Item
3314 4603 3356 4657 si
3414 4617 3511 4655 ne-

1931 4697 2167 4751 cessario
2196 4698 2249 4751 in
2282 4699 2429 4754 veris
2457 4700 2619 4755 rebus
2640 4709 2724 4754 est
2755 4700 2975 4764 veritas,
3008 4699 3061 4753 in
3088 4700 3168 4754 eis
3198 4698 3360 4767 igitur
3388 4704 3513 4751 sunt

1929 4788 2290 4856 praeseientia
2318 4800 2374 4845 et
2394 4792 2839 4861 praedestinatio.
2875 4792 2933 4846 Si
2963 4806 3123 4847 omne
3146 4831 3162 4856 ,
3193 4790 3331 4859 quod
3360 4797 3515 4841 natu-

1930 4876 2120 4931 raliter
2157 4888 2261 4944 est,
2293 4896 2359 4935 ex
2391 4884 2619 4937 veritate
2653 4898 2773 4938 esse
2816 4898 3037 4938 necesse
3085 4890 3196 4944 est;
3249 4875 3510 4949 quidQuid

1936 4979 2064 5021 vero
2093 4970 2389 5023 secundum
2434 4980 2683 5025 naturam
2727 4986 2833 5026 non
2875 4973 2976 5035 sit,
3007 4970 3131 5040 quis
3157 4967 3413 5023 dubitarit
3443 4979 3511 5019 cx

1933 5059 2159 5115 veritate
2198 5077 2302 5116 non
2343 5078 2463 5119 esse
2497 5075 2817 5135 :peccatum
2858 5076 3041 5122 contra
3087 5073 3333 5119 naturam
3381 5067 3514 5114 est:

1527 5161 1784 5218 VARIAE
1821 5165 2218 5227 LECTIONES.

314 5278 330 5348 ξ
360 5277 501 5334 Cod.
538 5277 743 5348 posiae.
776 5277 855 5333 sic
885 5292 1049 5347 saepe.

249 5343 271 5378 '
295 5346 387 5404 Sic
418 5343 580 5415 codl,
606 5345 683 5401 ll.
709 5347 850 5403 Deus
876 5343 979 5416 est,
1012 5357 1086 5402 est
1114 5348 1446 5405 necessario.

1125 5277 1146 5308 ⁸
1179 5277 1271 5333 Sic
1296 5277 1418 5333 cod.
1461 5276 1591 5347 (pq),
1625 5274 1695 5328 M.
1731 5276 2062 5347 priusquam.

2144 5275 2164 5307 ³
2186 5275 2278 5331 Sic
2308 5276 2560 5345 M.,gcod.
2598 5279 2849 5333 consulet.
2932 5279 2953 5310 ⁵
2976 5277 3066 5333 Sic
3116 5278 3260 5344 cod,
3303 5277 3370 5333 Μ.
3400 5289 3522 5339 est.-

1745 5433 1998 5493 NOTAE.

307 5551 329 5574 ·
352 5541 553 5597 Matth.
594 5538 795 5603 XXVI,
829 5541 918 5597 50.

311 5612 341 5653 δ
359 5612 527 5670 Joan.
549 5612 680 5676 XV,
716 5612 801 5676 Η,
838 5612 928 5669 15.

310 5688 332 5717 ⁸
366 5682 571 5738 Matth.
610 5682 808 5742 XXIII.
833 5682 888 5737 9.

2006 5532 2029 5570 ι¹
2066 5536 2350 5603 Augustin.
2386 5540 2449 5591 de
2481 5538 2750 5593 Praedest.
2776 5547 2947 5591 sanet.
2970 5550 3021 5589 c.
3057 5535 3146 5590 I0.

1997 5621 2016 5643 ο
2056 5609 2343 5677 Augustin.
2376 5612 2441 5664 de
2475 5627 2594 5663 vera
2635 5610 2794 5676 lielig.
2827 5623 2876 5660 c.
2913 5608 3004 5661 56.
