3904 6148
404 311 510 380 115

1767 304 2048 368 JOANNIS
2086 310 2279 367 SCOTI

3531 281 3636 338 illi

399 446 508 486 non
533 426 697 498 igitur
724 442 789 481 ex
822 425 1071 491 veritate,
1099 439 1163 479 ac
1190 437 1290 493 per
1310 423 1414 478 hoc
1441 435 1540 477 nec
1563 436 1630 476 ex
1658 427 1774 492 ejus
1814 437 1971 492 prae-
2001 429 2049 486 Α
2149 424 2276 479 Vlll.
2302 423 2413 478 lloc
2454 434 2537 480 est
2561 424 3030 491 considerandum,
3067 433 3246 480 utrum
3272 426 3473 489 omnia,
3502 436 3648 498 quae

399 521 623 577 scientia
648 560 661 585 ,
694 534 792 573 nec
821 516 1332 587 praedestinatione.
1369 512 1694 582 Colligamus
1732 514 1970 568 breviter

401 616 467 666 de
500 610 755 682 peccatis.
813 608 869 662 Si
918 607 1119 660 veritas
1166 620 1415 659 verorum
1447 612 1558 669 est,
1610 620 1735 658 vera
1790 615 1969 659 autem

400 702 555 770 plane
588 716 694 753 non
737 698 839 750 nisi
896 711 1034 765 quae
1077 705 1240 759 sunt,
1295 693 1651 764 praescientia
1710 702 1764 748 et
1816 708 1971 762 prae-

398 790 682 845 destinatio
703 788 879 841 divina
904 786 1091 855 procul
1117 785 1279 839 dubio
1296 784 1496 837 veritas
1519 798 1786 837 verorum.
1805 782 1970 849 Igitur

398 890 615 949 peccata
650 878 772 947 quis
799 878 1037 947 ambigat
1064 875 1196 929 falsa
1228 890 1367 939 esse,
1403 875 1505 929 nisi
1549 875 1643 944 qui
1666 875 1908 944 ambigit,
1939 889 1970 928 a

399 972 625 1025 veritate
653 985 754 1023 non
779 984 916 1023 esse.
934 969 1233 1023 Conﬁcitur
1254 982 1438 1021 eorum
1468 981 1643 1034 neque
1671 967 1973 1034 praescion-

399 1060 547 1122 tiam,
577 1073 750 1127 neque
778 1057 1327 1126 praedestinationem
1358 1055 1473 1110 ﬁeri
1507 1069 1683 1123 posse.

472 1149 551 1203 Vl.
592 1150 664 1202 De
693 1158 913 1218 peccato
944 1148 1280 1202 conclusum.
1335 1147 1622 1200 Videamus
1658 1145 1723 1199 de
1776 1160 1967 1214 poena,

396 1240 477 1292 vel
523 1239 787 1307 supplicio
835 1239 1148 1301 iuterituve,
1183 1236 1260 1289 vel
1291 1236 1652 1304 qualicunque
1683 1235 1841 1288 modo
1879 1249 1971 1287 vo-

394 1329 504 1381 cari
538 1329 705 1393 possit
734 1328 1057 1380 universitas
1085 1327 1351 1389 miseriae,
1403 1339 1539 1394 quae
1559 1325 1703 1393 juste
1729 1324 1971 1393 sequitur

397 1430 698 1488 peccatum.
733 1418 1105 1472 Praediximus
1137 1418 1423 1485 siquidem,
1455 1417 1777 1470 auctoritate
1801 1416 1973 1484 patris

393 1510 677 1579 Augustini
741 1517 989 1572 utentes,
1051 1507 1263 1561 divinae
1311 1505 1816 1575 praedestinationis
1864 1504 1973 1559 cle-

389 1599 590 1652 utentia
617 1598 825 1651 nullum
852 1595 1163 1665 praeparari
1184 1596 1246 1649 ad
1276 1603 1567 1655 tormenta.
1587 1609 1945 1665 quamquam,

389 1702 447 1744 ut
477 1705 635 1756 saepe
660 1691 769 1759 jam
828 1691 1140 1755 repetitum,
1190 1702 1253 1740 ea
1295 1686 1509 1739 dicatur
1534 1685 1948 1755 praedestinare

2072 514 2139 569 de
2162 523 2384 583 peccato
2427 516 2661 571 diximus
2681 556 2695 581 ,
2740 517 2806 570 de
2837 531 3005 586 poena
3034 515 3281 570 similiter
3314 516 3431 587 ejus
3459 517 3648 572 dicere

2071 603 2380 659 debeamus.
2415 605 2655 660 Diximus
2678 614 2879 669 autem,
2916 605 3096 660 omnia
3121 615 3338 675 peccata
3376 620 3485 662 non
3522 621 3650 662 esse

2070 711 2100 749 a
2126 695 2257 762 Deo,
2281 705 2428 752 recte
2451 697 2720 762 videlicet,
2752 697 2877 765 quia
2910 712 3015 750 non
3045 697 3337 752 secundum
3367 705 3648 763 naturam,

2071 787 2165 843 sed
2194 798 2382 841 contra
2413 802 2532 842 eam
2556 797 2698 842 sunt.
2723 788 3017 842 Audiamus
3043 786 3351 856 Apostolum
3376 803 3391 840 :
3414 786 3651 842 Aculeus

2071 887 2242 931 autent
2271 880 2450 931 mortis
2490 887 2761 948 peccatum
2787 890 2832 931 ε.
2860 877 2918 932 Si
2949 892 3077 948 ergo
3101 892 3167 931 ex
3190 877 3394 945 peccati
3422 876 3652 931 vulnere

2072 983 2218 1023 mors
2248 971 2555 1023 necessario
2587 969 2786 1034 evenit,
2817 983 2884 1023 ex
2912 979 3134 1038 peccato
3159 968 3315 1038 plane
3342 968 3447 1023 erit
3473 982 3647 1033 mors,

2071 1074 2211 1128 quae
2253 1057 2496 1128 profecto
2538 1074 2709 1128 poena
2739 1060 2946 1128 peccati
2974 1068 3074 1114 est.
3122 1058 3199 1114 Ae
3226 1074 3322 1128 per
3343 1059 3470 1115 hoc.
3503 1059 3654 1114 unde

2072 1160 2381 1220 peceatum,
2426 1151 2550 1205 inde
2596 1166 2765 1206 mors.
2839 1150 3063 1205 Mortem
3113 1150 3355 1218 sequitur
3403 1148 3648 1204 miseria.

2072 1236 2223 1292 Unde
2255 1237 2414 1307 igitur
2435 1253 2601 1303 mors,
2627 1237 2748 1294 inde
2773 1238 3010 1302 miseria,
3042 1253 3182 1307 quae
3209 1245 3294 1292 est
3320 1251 3497 1306 poena
3514 1277 3531 1301 ,
3568 1245 3653 1290 vet

2071 1327 2411 1396 supplicium.
2428 1327 2659 1383 Proinde
2679 1328 2941 1383 malorum
2955 1328 3191 1382 omnium
3210 1327 3474 1396 quaedam
3491 1326 3655 1396 quasi

2073 1416 2447 1486 inseparabilis
2473 1428 2661 1474 catena
2687 1435 2932 1475 connexa
2959 1428 3064 1479 est.
3089 1420 3169 1474 Ex
3192 1419 3346 1474 liberi
3376 1419 3652 1488 siquidem

2073 1506 2280 1561 arbitrii
2308 1522 2561 1577 perverso
2586 1509 2945 1581 culpabilique
2972 1518 3141 1575 motu,
3176 1510 3481 1566 deserentis
3504 1506 3657 1565 vide-

2055 1593 2189 1648 licet
2213 1608 2488 1649 summum
2544 1597 2772 1663 bonum,
2806 1598 2909 1654 hoc
2938 1608 3045 1666 est,
3090 1599 3266 1655 Deum
3300 1617 3489 1667 suum,
3517 1619 3637 1673 quo

2057 1687 2162 1742 frui
2199 1698 2406 1758 posset,
2450 1691 2651 1747 factum
2692 1703 2774 1749 est
2804 1701 3089 1761 peceatum
3124 1695 3499 1751 inobedientis
3530 1713 3634 1751 su-

389 1782 584 1849 impios
624 1780 691 1833 ad
724 1780 864 1848 ipsa.
898 1778 999 1835 Ubi
1038 1779 1077 1842 ¹,
1112 1786 1172 1831 ut
1203 1777 1515 1836 docuimus,
1544 1786 1639 1830 aut
1676 1792 1775 1845 per
1804 1777 1951 1830 simi-
1986 1755 2030 1816 θ
2055 1755 2599 1848 perbiae.Peccatum
2619 1755 2851 1839 subinde
2874 1785 3166 1840 subsecuta
3184 1794 3267 1841 est
3295 1802 3633 1850 mors.mor-

384 1871 677 1924 litudiucm
715 1871 1143 1939 praedestirmtio
1182 1884 1283 1937 pro
1311 1868 1678 1933 praescieutia
1705 1868 1945 1935 ponitur,

384 1978 478 2020 aut
509 1984 603 2034 per
637 1968 786 2019 illum
825 1977 1063 2033 tropum,
1100 1966 1191 2030 qui
1227 1963 1432 2016 dicitur
1450 1961 1756 2029 ὑπαλλαγή.
1785 1977 1948 2027 quem

386 2072 676 2126 possumus
698 2058 979 2110 nominare
999 2055 1545 2119 subalternationem;
1569 2068 1808 2120 congrue
1826 2053 1948 2120 qui-

382 2151 789 2218 dem,quottiam
816 2165 925 2202 non
956 2150 1148 2202 eodem
1169 2148 1364 2202 ordine
1382 2145 1547 2200 verba
1571 2146 1944 2213 proferuntur,

381 2257 489 2308 quo
518 2251 571 2293 et
601 2255 816 2293 sensus.
846 2239 1015 2308 Cujus
1038 2240 1345 2307 exemplum
1374 2248 1531 2307 poeta
1554 2237 1733 2305 posuit
1756 2236 1947 2289 :cdare

377 2332 647 2386 classibus
673 2333 693 2362 ⁸
726 2340 1001 2394 austros»,
1035 2330 1181 2399 quod
1213 2344 1243 2383 e
1273 2330 1492 2383 diverso
1523 2328 1946 2398 accipitur,dare

379 2424 583 2477 classes
615 2426 838 2477 austris.
872 2421 992 2475 Non
1017 2422 1085 2475 ab
1130 2436 1185 2475 re
1233 2421 1399 2490 igitur
1431 2434 1527 2488 per
1557 2421 1702 2472 buuc
1730 2428 1943 2485 tropum

380 2526 604 2586 possent
644 2517 908 2570 autltores
927 2513 1582 2583 dicere,praedestinatos
1607 2525 1725 2564 esse
1746 2509 1945 2576 impios

380 2608 445 2661 ad
473 2624 723 2675 poenam,
745 2623 810 2661 ac
827 2607 872 2661 si
894 2607 1411 2673 dixissentpoeuam
1438 2601 1619 2668 impiis
1651 2599 1946 2669 pratdcsti-

380 2710 596 2753 natam.
625 2697 873 2762 Posseut,
911 2698 1158 2766 inquam,
1191 2697 1234 2749 si
1271 2695 1409 2748 ratio
1470 2695 1676 2746 sineret
1728 2690 1945 2759 proprie

377 2792 749 2862 pronuntiari.
773 2806 1002 2859 poenam
1025 2788 1209 2857 impiis
1237 2801 1356 2841 esse
1391 2780 1942 2855 praedestinatamﬁi

377 2896 558 2939 autem
580 2884 770 2938 eodem
801 2884 1056 2951 loquendi
1074 2892 1360 2949 genere,ut
1375 2878 1652 2947 sequentia
1680 2885 1920 2931 tunnstra

374 2970 530 3034 bunt,
557 2970 808 3023 dicuntur
838 2967 986 3037 impii
1012 2962 1399 3037 praedestinati
1424 2962 1490 3015 ad
1528 2958 1787 3030 supplicia
1809 2997 1823 3022 ,
1847 2972 1952 3026 quo

374 3064 537 3117 etiam
589 3061 846 3130 supplicia
900 3058 1297 3129 praedestinata
1357 3053 1580 3123 impiis,
1634 3050 1949 3119 relinquitur

2056 1878 2161 1922 tem
2186 1885 2484 1938 poenarum
2512 1873 2758 1937 miseria,
2785 1874 2854 1930 de
2871 1876 3078 1945 quibus
3103 1878 3359 1932 omnibus
3372 1880 3504 1946 quis
3527 1895 3634 1933 nos

2049 1958 2289 2014 liberare
2317 1961 2542 2029 potest?
2602 1961 2794 2018 Gratia
2828 1963 2923 2018 Dei
2955 1980 3049 2033 per
3080 1962 3256 2019 Iesum
3278 1964 3557 2019 Christum
3584 1966 3630 2021 τ.

2051 2047 2146 2102 illa
2165 2064 2264 2118 pro
2292 2050 2530 2117 certoab
2549 2051 2641 2106 illo
2671 2067 2781 2106 non
2812 2058 3067 2122 stmt,qui
3092 2069 3190 2108 nos
3209 2055 3278 2109 ab
3298 2055 3631 2113 eisliberat.

2052 2140 2110 2195 Si
2135 2144 2282 2195 enim
2312 2141 2381 2195 ab
2412 2143 2506 2196 illo
2534 2152 2742 2206 essent.
2775 2143 2927 2198 nullo
2964 2144 3251 2199 dubitante
3303 2160 3410 2199 non
3453 2147 3631 2210 mala,

2048 2235 2143 2287 sed
2186 2233 2329 2288 bona
2363 2246 2572 2289 essent.
2600 2235 2763 2304 Atqui
2784 2238 2805 2268 '
2827 2237 2969 2291 mala
2998 2239 3149 2291 sunt.
3178 2238 3258 2291 Ab
3298 2237 3418 2306 ipso
3454 2238 3632 2306 igitur

2051 2323 2165 2378 ﬁeri
2203 2341 2311 2380 non
2352 2338 2605 2396 possunt.
2635 2330 2744 2383 Aut
2766 2331 2855 2384 cui
2885 2346 2992 2384 non
3020 2329 3178 2385 facile
3208 2333 3488 2399 pateat,ab
3513 2346 3633 2385 una

2047 2417 2261 2485 origine
2292 2420 2447 2473 nasci
2485 2436 2592 2473 non
2622 2434 2784 2490 posse
2819 2421 3049 2477 invicem
3085 2421 3189 2476 sibi
3226 2421 3583 2475 adversantia
3607 2424 3632 2472 ’9

2049 2507 2299 2562 Profecto
2338 2509 2560 2578 quidem
2594 2512 2739 2567 unde
2769 2513 2970 2567 bonum
2997 2514 3089 2577 sit,
3126 2514 3252 2567 inde
3277 2514 3479 2566 malum
3512 2528 3630 2565 non

2047 2601 2184 2663 erit;
2219 2602 2360 2655 unde
2403 2601 2708 2665 humilitas.
2753 2619 2860 2656 non
2898 2603 3026 2658 inde
3055 2603 3341 2673 superbia;
3369 2618 3434 2655 es
3467 2601 3633 2656 fonte

2042 2688 2576 2760 justitiaeuunquam
2600 2702 2782 2746 manat
2805 2692 3284 2762 iniquitas;exvita
3302 2708 3332 2744 e
3349 2690 3634 2760 principio

2047 2795 2328 2851 nunquam
2384 2783 2635 2851 procedit
2663 2798 2842 2848 mors;
2890 2782 3178 2837 beatitudo
3205 2797 3310 2836 non
3334 2790 3419 2835 est
3448 2796 3629 2836 causa

2047 2873 2321 2940 miseriae;
2360 2886 2635 2943 postremo
2701 2889 2918 2929 summa
2970 2876 3210 2928 essentia
3261 2873 3411 2928 nullo
3448 2873 3628 2929 modo

2054 2964 2236 3031 ellieit,
2261 2981 2401 3034 quae
2430 2980 2535 3019 non
2566 2971 2693 3018 sunt
2711 2982 2725 3017 :
2743 2969 3232 3033 peceatum,mors,
3254 2973 3447 3029 poena,
3472 2957 3647 3024 justi-

2058 3056 2186 3119 tiae,
2213 3056 2379 3119 vitae,
2408 3052 2761 3108 beatitudinis
2789 3050 3035 3106 defectus
3063 3057 3224 3105 sunt:
3250 3048 3318 3102 ab
3354 3061 3418 3103 eo
3444 3046 3645 3118 igitur,

377 3171 514 3209 unus
545 3155 633 3209 ille
663 3169 823 3223 saepe
851 3152 1127 3222 praelatus
1155 3148 1376 3210 modus,
1408 3145 1499 3214 qui
1526 3144 1724 3197 dicitur
1753 3141 1950 3209 entlty—
1981 3115 2025 3177 Ο
2059 3145 2150 3213 qui
2190 3152 2304 3206 est,
2355 3158 2460 3195 non
2493 3151 2646 3207 sunt;
2693 3156 2759 3196 ac
2785 3156 2883 3209 per
2911 3141 3035 3205 ltoc,
3057 3138 3103 3194 si
3146 3136 3215 3192 ab
3241 3152 3307 3193 eo
3331 3151 3439 3191 non
3468 3115 3608 3190 sunt
3627 3177 3642 3199 ,

374 3262 554 3302 mema
579 3246 623 3310 ³,
650 3237 904 3315 quoniam
954 3243 1041 3297 illa
1085 3239 1279 3294 mentis
1306 3236 1588 3304 conceptio
1620 3250 1650 3288 a
1678 3231 1952 3287 contrario

376 3352 592 3405 semper
630 3335 943 3389 assumitur.

453 3426 559 3480 \‘ll.
592 3424 727 3479 Hinc
772 3423 927 3492 apte‘
959 3438 989 3477 a
1037 3416 1439 3481 Grammaticis,
1474 3423 1532 3468 ut
1560 3410 1952 3483 praediximus,

377 3529 599 3574 vocatur
626 3518 1042 3590 καταντίφρασις.
1078 3509 1246 3578 Cujus
1264 3506 1567 3576 exemplum
1601 3505 1654 3559 in
1699 3500 1958 3557 seculari-

378 3612 480 3665 bus
506 3610 701 3662 litteris
748 3607 975 3666 Parcae,
1012 3602 1155 3672 quod
1190 3599 1319 3654 nulli
1351 3604 1592 3667 pareant,
1626 3594 1755 3648 item
1782 3592 1955 3654 lucus,

377 3703 519 3770 quod
553 3716 656 3754 non
691 3699 887 3762 luceat,
919 3706 972 3751 et
1011 3691 1333 3762 bujusmodi,
1364 3702 1504 3759 quae
1523 3683 1870 3741 Grammatici
1902 3680 1957 3734 in

380 3793 608 3863 singulis
637 3798 842 3860 ponunt
874 3788 1068 3842 verbis.
1122 3787 1178 3839 In
1227 3781 1552 3837 dictionibus
1598 3792 1728 3833 vero
1770 3775 1956 3829 rheto-

380 3902 501 3941 rum
532 3884 740 3938 lllarcus
762 3882 966 3935 Tullius
1008 3894 1105 3950 pro
1145 3876 1360 3948 Ligario
1391 3891 1446 3928 ε(
1480 3872 1686 3926 Novum
1718 3868 1919 3922 crimen
1939 3905 1955 3930 ,

381 3977 513 4032 Cai'
547 3976 746 4030 Caesar
768 3975 808 4027 ιε
828 3973 885 4027 In
912 3972 1108 4027 divinis
1139 3981 1352 4039 quoque
1383 3964 1625 4035 apicibus
1653 3956 1957 4014 multoties'

384 4068 520 4123 haec
542 4067 748 4137 species
769 4066 886 4119 luce
910 4063 1109 4119 clarior
1134 4059 1358 4114 arridet.
1392 4052 1678 4125 Apostolus
1709 4070 1721 4103 ε
1751 4050 1956 4104 Donate

382 4160 507 4212 mihi
538 4159 672 4211 hanc
704 4156 1023 4225 injuriama,
1054 4160 1109 4206 et
1139 4151 1279 4219 quod
1304 4161 1466 4215 supra
1496 4142 1809 4213 posuimus:
1838 4137 1962 4191 Per-

387 4251 504 4302 dunt
532 4247 835 4316 sapientiam
866 4245 1174 4313 sapientum,
1222 4248 1269 4293 et
1295 4233 1627 4306 prudentiam
1648 4229 1959 4300 prudentum

386 4339 664 4409 reprobabo
693 4337 742 4388 ιι.
806 4336 869 4391 Ει
916 4333 1170 4387 Dominus
1210 4331 1259 4382 in
1310 4323 1598 4395 Evangelio
1642 4321 1708 4374 de
1755 4318 1962 4409 Joauue

386 4408 622 4498 Baptista
648 4427 867 4481 Judaeis
897 4426 974 4479 ait
1001 4441 1015 4477 :
1047 4421 1114 4476 Ut
1153 4419 1277 4491 quid
1301 4416 1483 4471 existis
1515 4415 1569 4468 in
1596 4412 1853 4465 desertum
1883 4408 1961 4462 ri—-

383 4519 542 4572 dere?
586 4517 905 4570 Arundinem
949 4515 1107 4568 ventis
1152 4511 1402 4580 agitatam
1436 4506 1503 4559 εἴ
1535 4506 1671 4560 ltetu
1697 4499 1958 4570 proditori

386 4624 484 4662 suo
510 4624 524 4659 :
554 4605 751 4668 Amice,
797 4606 864 4658 ad
887 4607 1010 4673 quid
1040 4603 1215 4657 venisti
1246 4600 1297 4663 ἀ,
1325 4607 1376 4653 ct
1408 4605 1607 4657 cetera,
1634 4606 1772 4661 quae
1798 4588 1874 4655 ei,
1904 4598 1960 4642 ut

387 4696 941 4768 praediximus,quasi
968 4694 1304 4764 Apostolicae
1331 4688 1535 4757 gratiae
1564 4682 1799 4739 consorti
1819 4680 1958 4733 dicta

386 4797 530 4843 sunt.
558 4787 844 4857 Exemplo"
876 4787 1011 4843 haec
1040 4784 1327 4840 sulﬁuiuut.
1358 4772 1744 4832 Redeamusad
1764 4785 1958 4840 propo-

384 4878 568 4932 situm.

2059 3233 2182 3304 quis
2205 3235 2399 3288 audeat
2423 3233 2623 3296 dicere,
2657 3232 2712 3286 in
2742 3232 2822 3287 eis
2846 3229 3050 3299 aliquid
3074 3229 3238 3284 esse?

2126 3392 2214 3446 1x.
2250 3391 2557 3457 Peractum,
2583 3392 2637 3445 ni
2661 3390 2835 3459 fallor,
2862 3399 2916 3445 et
2937 3398 3178 3460 peccata,
3207 3397 3263 3442 et
3288 3401 3510 3456 poenas,
3535 3402 3648 3441 nec

2058 3498 2088 3537 a
2120 3483 2230 3538 Deo
2259 3483 2372 3537 ﬁeri
2412 3499 2509 3538 nec
2546 3483 2615 3537 ab
2640 3497 2705 3537 eo
2730 3482 2991 3552 praesciri
3011 3521 3025 3546 ,
3064 3479 3144 3535 vel
3171 3477 3567 3550 praedestinari
3589 3479 3641 3530 ε.

2057 3573 2261 3628 Delicta
2283 3575 2419 3628 enim
2444 3574 2561 3644 quis
2585 3573 2824 3643 intelligit
2846 3573 2908 3626 h!
2947 3572 3051 3626 Sed
3083 3572 3223 3626 sicut
3254 3570 3504 3632 dicimus,
3537 3583 3649 3622 nos

2060 3667 2331 3738 praescire
2360 3667 2607 3721 tenebras
2632 3675 2755 3736 post
2802 3666 2929 3720 solis
2957 3679 3206 3719 occasum
3236 3677 3356 3718 esse
3384 3660 3606 3724 futuras
3628 3702 3647 3725 ,

2058 3769 2114 3814 et
2162 3758 2434 3813 silentium
2485 3766 2608 3827 post
2635 3756 3109 3818 acclamationem,
3163 3762 3220 3807 et
3247 3751 3485 3806 dolorem
3513 3760 3654 3819 post

2059 3848 2310 3903 sanitatis
2353 3845 2792 3910 abscessum’,et
2823 3844 3416 3911 tristitiam,postquam
3449 3848 3645 3893 trans-

2064 3939 2190 3993 ierit
2241 3937 2525 4007 gaudium,
2573 3945 2628 3990 et
2673 3936 2913 3991 laborem
2941 3942 3201 4005 pereunte
3231 3932 3427 4001 Quiete,
3456 3930 3653 3984 stulti-

2063 4028 2191 4082 tiam
2241 4027 2448 4096 perdita
2480 4027 2777 4094 sapientia,
2827 4036 3115 4093 ceteraque
3160 4024 3213 4076 id
3255 4036 3446 4092 genus,
3497 4035 3652 4089 quae

2060 4119 2274 4183 omnia,
2327 4128 2385 4171 ut
2425 4118 2501 4171 ait
2545 4117 2895 4189 Augustinus,
2930 4136 2946 4166 ι
2980 4112 3273 4169 nesciendo
3313 4112 3570 4165 sciuntur
3596 4131 3649 4176 ι,

2068 4225 2323 4280 «quorum
2356 4210 2565 4264 inscitia
2589 4223 2775 4263 eorum
2800 4216 2885 4262 est
2910 4205 3136 4261 scientia
3160 4205 3171 4243 ί
3194 4225 3238 4256 ι.
3257 4201 3348 4256 Sic
3377 4201 3650 4255 nimirum

2064 4311 2248 4358 sancta
2302 4302 2596 4356 auctoritas
2625 4300 2791 4353 Demn
2823 4299 3018 4352 asserit
3043 4297 3124 4351 vel
3161 4293 3512 4365 praesciisse,
3557 4291 3653 4345 vel

2064 4393 2494 4464 praedestinasse
2508 4403 2750 4461 peccata,
2768 4390 2850 4444 vel
2864 4402 3226 4459 poenas,quae
3243 4400 3338 4438 nec.
3354 4382 3651 4452 praesciri,

1988 4472 2038 4530 Ῑ)
2067 4502 2162 4541 nec
2175 4486 2565 4557 praedestinari
2599 4494 2841 4553 possunt.
2870 4481 2983 4536 Non
3006 4482 3147 4535 enim
3166 4474 3653 4532 iudeﬁuitiouibus

2061 4578 2358 4632 formarum
2387 4577 2537 4643 sciri,
2565 4577 2656 4630 sed
2688 4576 2738 4629 in
2772 4574 3069 4630 defectibus
3097 4585 3282 4624 earum
3309 4566 3509 4620 nesciri
3542 4582 3653 4617 no-

2064 4680 2306 4727 scuntur.
2341 4670 2477 4735 Quid
2509 4669 2690 4723 enim?
2717 4666 2966 4737 Nunquid
2995 4665 3137 4718 aliud
3172 4660 3439 4731 signiﬁcat
3465 4658 3606 4711 nihil
3633 4697 3650 4721 ,

2064 4764 2165 4818 nisi
2215 4761 2485 4815 notionem
2535 4760 2821 4830 cogitantis
2861 4755 3126 4811 delectum
3157 4751 3449 4808 essentiae.
3501 4748 3653 4811 Qui-.1

2062 4852 2371 4925 signiﬁcant
2418 4851 2697 4912 tcueizrae,
2754 4848 2831 4901 vel
2863 4845 3170 4907 silentium,
3221 4855 3322 4894 Inst
3365 4848 3651 4891 nuttonem

1665 4971 1919 5027 VAPJAE
1954 4966 2354 5026 LECTIONES.

451 5106 470 5139 ί
497 5102 593 5157 Ubi
632 5116 742 5156 om.
781 5096 852 5153 si.
923 5099 945 5130 ³
976 5097 1106 5151 Cod.
1136 5090 1385 5153 claribus,
1425 5087 1503 5140 sic
1531 5096 1760 5150 semper.
1807 5080 2317 5157 _'t-od;en_ttmema.
2376 5071 2412 5125 ,⁵
2435 5070 2775 5134 SieM..cod.
2803 5075 3001 5138 aperte.
3062 5068 3082 5099 ⁵
3104 5066 3238 5121 Cod.
3272 5064 3385 5137 σοι.
3426 5062 3450 5095 ⁸
3487 5063 3631 5118 Cutl.

382 5151 740 5230 ηιιιιῖυἷῖιεὴέ.⁷
780 5169 799 5199 ⁷
833 5151 924 5225 Sic
954 5168 1075 5222 cod.
1147 5163 1170 5195 ⁸
1206 5162 1294 5216 Sic
1313 5151 1407 5224 81.,
1439 5160 1560 5211 col.
1600 5161 1692 5205 aut
1728 5151 1838 5220 qui.

1914 5149 1934 5179 ’
1976 5145 2111 5200 Cod.
2143 5147 2436 5197 absonum;

1879 5241 2128 5299 NOTAE.

454 5374 474 5395 ⁸
513 5361 554 5417 ιι
585 5360 715 5416 Cor.
750 5353 861 5416 Xll,
888 5354 975 5408 15.

456 5434 485 5474 δ
522 5434 541 5488 Ι
574 5436 699 5485 Cur.
732 5425 774 5488 Ι,
820 5426 906 5479 19.

465 5517 487 5543 ο
525 5501 744 5559 Matth.,
776 5495 870 5559 XI,
906 5496 956 5548 7.

461 5573 488 5612 d
524 5571 711 5625 Matth.
744 5564 929 5627 XXVI,
960 5565 1029 5619 50

462 5656 481 5676 ⁸
517 5643 680 5697 lCor.
705 5635 915 5698 Χγ,56.
1014 5669 1018 5673 -

467 5712 486 5751 ί
510 5713 665 5767 lium.
690 5705 799 5770 νη,
827 5707 916 5762 9.5.

2133 5337 2158 5375 ε
2190 5330 2564 5387 Falsissimum
2584 5327 2635 5382 id
2660 5321 3041 5395 quidemNam
3070 5324 3290 5385 pet-cata
3313 5314 3639 5395 praescium-

2063 5415 2171 5469 tur,
2202 5405 2295 5457 sed
2326 5417 2433 5455 non
2467 5392 2965 5469 praedestinantur,
2997 5402 3193 5469 "certae
3226 5400 3359 5469 vero
3391 5392 3448 5465 et
3469 5400 3641 5453 prae-

2063 5461 2335 5532 sciuntur,
2366 5481 2419 5523 et
2447 5461 2756 5540 justissima
2790 5462 2884 5516 Dei
2912 5461 3123 5532 judicio
3164 5461 3441 5525 peceatori
3475 5472 3644 5524 prae-

2067 5550 2349 5614 parantur.

2136 5614 2166 5653 δ
2195 5612 2333 5665 Psal.
2361 5607 2547 5671 XVIII,
2581 5608 2667 5661 15.

2138 5683 2151 5713 ⁸
2188 5684 2480 5749 Augustin.
2516 5666 2578 5730 de
2611 5676 2764 5731 Cirit.
2800 5673 2915 5736 Dei,
2950 5668 3067 5733 XII,
3102 5666 3154 5723 7.
