3904 6148
267 249 346 304 ll'l

1302 237 1496 294 LIBER
1543 236 1625 290 Illi
1656 238 2365 299 1³ΒΑΕΙῈΞΗΝᾹῊΟΝΕ.

3342 245 3451 300 M8

273 355 546 428 uigilantis,
591 351 857 404 deft-ctum
885 351 1186 405 essentiae?
1216 350 1351 416 Quid
1388 351 1690 421 signilivant
1719 364 1796 407 te-
1827 362 1868 417 Α
1904 357 2161 419 diximus,
2191 372 2296 410 non
2328 359 2586 414 habere!“
2616 362 2666 413 in
2694 376 2790 415 sua
2823 357 3076 414 memoria
3099 399 3111 421 ,
3151 358 3191 412 si
3221 371 3326 410 non
3357 359 3453 411 ali-

277 449 442 503 nebrae
486 443 560 498 vel
611 441 916 504 silentium,
968 442 1069 495 nisi
1133 441 1405 494 notionem
1437 442 1724 510 cogitantis
1751 453 1792 506 ι,

277 540 342 593 vel
370 539 540 596 lucem,
575 533 652 588 vel
683 549 868 588 vocem
901 533 1122 587 deesse?
1152 531 1285 586 Cum
1315 532 1465 598 dico,
1495 528 1608 586 sole
1638 547 1798 600 super

278 639 420 683 terras
456 623 696 678 rutilante
731 625 844 678 scio
881 623 1130 677 tenebras
1155 635 1274 677 esse
1317 623 1416 678 sub
1464 623 1654 688 terris,
1690 639 1794 677 nou

273 719 392 772 aliud
414 716 630 787 significa
639 729 694 770 re
710 714 851 778 volo,
867 714 967 767 nisi
993 713 1162 766 lucem
1185 727 1348 782 super
1364 720 1535 768 terras
1547 713 1737 767 adesse
1754 713 1796 775 ',

274 809 354 862 sub
373 807 511 861 terris
529 819 650 859 vero
671 804 880 859 abesse.
896 801 1164 872 Quidquid
1190 803 1382 856 horum
1405 801 1591 856 dixero
1605 801 1658 854 in
1683 803 1798 854 ani-

229 945 243 962 ,
273 912 344 949 tuo
361 910 492 957 meo,
515 894 577 949 de
613 893 726 949 sole
755 891 1080 964 imaginatur
1100 891 1268 946 notio.
1299 889 1425 945 Sive
1450 890 1594 946 enim
1624 889 1701 945 sol
1729 891 1799 944 sil.

272 999 504 1054 praesens,
533 983 643 1038 sive
681 983 1154 1050 absens,'semper
1186 980 1290 1034 erit
1327 977 1444 1047 ejus
1486 979 1798 1048 imaginatio

271 1092 486 1148 praesens
501 1077 549 1130 in
566 1075 824 1131 memoria
842 1091 856 1139 ;
879 1088 1022 1143 quae
1038 1073 1253 1143 quidem
1281 1072 1393 1128 sole
1405 1079 1692 1142 praesente
1705 1087 1798 1126 no-

272 1183 368 1220 men
390 1167 529 1231 lucis,
545 1167 766 1222 absente
780 1166 1120 1220 tenebrarum
1136 1164 1344 1234 recipit.
1363 1163 1475 1220 Hoc
1495 1163 1637 1227 dico,
1655 1163 1799 1218 notio

271 1257 522 1324 praesentis
552 1255 640 1308 lux
680 1254 1021 1319 nominatur,
1063 1253 1210 1308 notio
1245 1253 1484 1309 absentis
1524 1251 1795 1308 tenebrae.

325 1345 378 1398 Χ.
408 1344 538 1400 llaec
565 1357 695 1414 ergo
724 1353 778 1398 et
805 1341 1109 1410 hujusmodi
1153 1342 1303 1412 signa
1335 1357 1436 1395 non
1468 1342 1568 1396 nisi
1594 1357 1797 1404 rerum,

205 1437 208 1444 '
269 1449 380 1504 quae
414 1435 578 1497 sunt',
618 1435 891 1490 notionem
927 1433 1200 1488 absentiae
1230 1441 1324 1487 aut
1352 1432 1588 1488 defectus
1616 1441 1797 1488 osten-

271 1529 394 1580 dunt.
429 1525 650 1582 Proinde
698 1527 790 1595 qui
826 1524 985 1588 dolet,
1024 1525 1151 1594 quid
1182 1525 1306 1588 scit,
1355 1524 1456 1578 nisi
1490 1523 1677 1580 abesse
1715 1540 1799 1592 sa-

271 1617 454 1672 nitatem
476 1621 494 1670 i
515 1618 756 1672 Dolendo
781 1616 945 1688 igitur
973 1631 1077 1670 non
1111 1616 1281 1685 ipsum
1311 1610 1567 1678 dolorem,
1597 1615 1687 1669 sed
1719 1615 1798 1684 ip-

1895 461 1994 514 qua
2039 447 2152 514 ejus
2181 449 2403 503 scientia
2437 450 2586 504 fieret
2635 451 2686 503 in
2731 464 2828 505 sua
2855 458 3066 504 natura.
3099 447 3244 503 Sicut
3273 459 3452 504 autem

1897 535 2070 590 nullus
2097 545 2246 590 extra
2277 553 2336 592 se
2357 539 2597 598 veritatis
2625 539 2782 595 habet
2813 537 3106 602 notionem,
3151 535 3224 591 ita
3252 549 3304 592 et
3340 538 3459 608 ejus

1895 623 2194 678 scientiam.
2243 624 2456 682 Veritas
2501 637 2583 682 est
2629 628 2875 683 felicitas.
2926 625 3110 682 Nullus
3136 642 3265 699 ergo
3302 637 3455 682 extra

1897 719 2147 764 naturam
2176 725 2328 766 suam
2359 711 2627 769 felicitatis
2671 725 2726 770 et
2766 714 3038 770 notionem
3088 725 3144 770 et
3173 715 3452 770 scientiam

1899 799 2178 853 habiturus
2202 801 2292 854 sit.
2325 799 2379 854 In
2408 801 2723 856 miserormn
2767 803 2947 872 itaque
2972 811 3159 858 natura
3189 804 3293 858 erit
3319 805 3458 859 veril-

1899 898 1997 943 tas.
2047 887 2161 942 Erit
2205 889 2368 959 igitur
2413 889 2662 945 felicitas.
2717 891 2811 944 Ast
2836 893 3104 960 quomodo
3151 891 3238 947 illa
3265 903 3454 946 natura

1899 977 2090 1031 misera
2133 980 2266 1042 erit,
2315 980 2400 1034 cui
2450 980 2678 1034 felicitas
2721 982 2906 1042 inerit,
2939 997 3074 1050 quae
3100 993 3185 1038 est
3215 984 3456 1036 veritas?

1897 1067 2070 1134 Quid?
2097 1067 2152 1122 Si
2172 1068 2313 1123 nulla
2333 1078 2520 1123 natura
2547 1069 2704 1122 fuerit
2727 1071 2930 1138 punita,
2956 1071 3191 1139 nunquid
3220 1072 3326 1126 erit
3355 1071 3459 1125 mi-

1897 1161 2051 1216 sera?
2080 1159 2193 1216 Non
2222 1162 2394 1216 video.
2427 1161 2542 1228 Qua
2571 1161 2712 1216 enim
2743 1177 2902 1216 causa
2931 1162 3108 1232 aliqua
3134 1172 3324 1216 natura
3354 1162 3460 1216 erit

1898 1251 2128 1314 misera,
2177 1250 2276 1305 nisi
2329 1252 2490 1306 fuerit
2533 1252 2754 1321 pututa?
2799 1253 2981 1321 Itaque
3016 1253 3060 1307 si
3093 1253 3234 1306 nulla
3273 1263 3464 1308 natura

1899 1340 2074 1408 puniri
2103 1347 2298 1409 potest.
2332 1342 2476 1396 nulla
2505 1351 2692 1396 natura
2733 1337 2924 1398 misera
2953 1344 3075 1398 erit.
3127 1342 3258 1409 Quis
3285 1352 3462 1398 autem

1900 1444 2005 1482 non
2037 1429 2346 1510 crediderit,
2374 1447 2586 1486 onmem
2613 1441 2856 1487 naturam
2887 1443 2980 1488 aut
3008 1433 3174 1488 Deum
3204 1449 3345 1498 esse,
3373 1446 3464 1488 aut

1894 1521 1964 1576 ab
2009 1536 2073 1575 eo
2113 1520 2351 1575 factam?
2403 1521 2653 1577 Naturam
2695 1526 3012 1578 rreatricem
3059 1526 3306 1579 miseriae
3345 1540 3465 1581 esse

1899 1624 2172 1679 capacem,
2200 1611 2659 1666 dementissimum
2682 1621 2764 1668 est
2791 1614 3070 1682 suspicari.
3100 1612 3346 1670 Creatrix
3373 1631 3463 1670 au-

270 1722 360 1760 sam
392 1710 666 1765 sanitatem
697 1709 864 1772 novit,
898 1723 1058 1778 quam
1090 1707 1328 1778 profecto
1379 1722 1482 1762 non
1515 1715 1716 1770 nosset,
1747 1707 1790 1760 si
1828 1703 1866 1760 Β
1899 1710 2006 1756 lem
2038 1711 2227 1757 natura
2259 1702 2400 1772 quali
2419 1703 2630 1774 justitia
2661 1705 2912 1774 punitura
2946 1706 3015 1760 sit
3043 1716 3298 1770 naturas.
3329 1721 3465 1776 quas

269 1795 319 1847 de
345 1795 416 1850 illa
462 1798 732 1853 notionem
762 1797 1029 1868 quandam
1057 1811 1162 1850 non
1208 1795 1449 1850 haberet.
1480 1794 1800 1849 Recordatio

269 1888 427 1957 quippe
447 1889 690 1943 sanitatis
737 1889 790 1942 in
838 1888 1085 1944 sensibus
1123 1894 1396 1948 remanet,
1445 1886 1557 1956 ipsa
1588 1901 1717 1941 vero
1749 1889 1800 1941 in

272 1981 339 2032 ilia
381 1983 702 2048 substantia,
749 1997 909 2052 quain
958 1981 1100 2037 Dens
1148 1980 1384 2044 creavit,
1427 1980 1642 2035 residet.
1685 1980 1800 2037 Non
1856 1967 1866 1978 ’

269 2072 384 2126 enim
410 2073 630 2129 Creator
658 2075 830 2144 punit,
847 2088 986 2145 quae
1005 2072 1196 2137 fecita,
1213 2087 1311 2127 nec
1337 2073 1405 2126 ab
1429 2071 1507 2126 eis
1536 2071 1799 2125 naturalia

269 2179 451 2219 uulnera
491 2167 650 2222 tollit.
687 2165 820 2220 Nam
857 2167 902 2221 si
935 2167 986 2220 in
1033 2165 1148 2236 ipsa
1180 2171 1372 2220 natura
1411 2163 1639 2218 dolentis
1669 2179 1801 2232 quo-

268 2255 508 2312 daminodo
535 2259 746 2314 sanitas
791 2273 897 2313 non
928 2258 1156 2318 inesset,
1199 2271 1317 2310 eam
1347 2257 1559 2326 penitus
1586 2257 1802 2326 ignora-

270 2355 353 2408 ret,
384 2362 544 2418 neque
572 2349 642 2404 ab
669 2349 786 2419 ejus
811 2347 1022 2403 occulta
1049 2347 1274 2403 scientia
1302 2345 1561 2400 memoria
1589 2345 1800 2414 patien-

270 2436 322 2488 tis
375 2439 525 2507 ipsius
571 2442 874 2496 absentiam
924 2441 946 2472 ⁸
995 2439 1334 2503 formaretur,
1403 2447 1800 2508 nequc’amore

268 2533 561 2594 pra-sentiae
581 2532 700 2607 ejus
719 2541 1076 2602 torqueretur.
1103 2530 1253 2586 Nulla
1277 2529 1536 2600 siquidem
1558 2544 1614 2583 ra
1625 2529 1796 2583 tiona-

269 2617 319 2672 lis
341 2631 511 2678 natura
541 2635 657 2687 est,
691 2640 829 2694 quae
864 2640 968 2679 non
1002 2623 1127 2678 velit
1175 2622 1354 2692 fugere
1391 2618 1694 2683 miseriam,
1746 2631 1800 2674 et

266 2713 510 2776 pervenire
538 2717 604 2770 ad
645 2715 1066 2780 beatitudinem,
1112 2725 1203 2769 aut
1228 2722 1439 2786 gustata
1468 2712 1800 2770 beatitudine

265 2800 365 2854 velit
392 2805 642 2861 recedere
696 2806 1034 2874 miseraque“
1061 2821 1179 2860 esse

727 2894 1123 2952 CAPITULUM
1159 2894 1295 2950 XVI.

265 2981 416 3058 Debeo
457 2988 602 3058 quod
632 2987 779 3042 nulla
831 2999 1020 3050 natura
1069 2996 1311 3058 naturam
1348 2989 1529 3055 punit,
1576 2997 1622 3040 et
1673 2986 1800 3058 nihil

1905 1791 2019 1860 ipsa
2049 1792 2274 1856 creavit,
2307 1807 2410 1846 non
2462 1793 2697 1862 invenio.
2748 1793 2900 1848 Nulla
2933 1795 3127 1850 dehinc
3153 1805 3344 1850 natura
3375 1811 3472 1867 pu-

1905 1889 2103 1943 utetur,
2133 1895 2236 1934 non
2261 1881 2446 1950 punita
2485 1892 2586 1936 nun
2619 1882 2723 1936 erit
2748 1882 2966 1938 misera.

1973 1970 2036 2024 ll.
2075 1969 2177 2026 Sed
2209 1972 2252 2026 si
2279 1971 2400 2041 quis
2428 1969 2566 2025 forte
2593 1972 2718 2027 huic
2745 1973 2938 2028 rationi
2963 1973 3256 2030 concedere
3280 1973 3466 2030 nolue-

1903 2062 2007 2124 rit,
2053 2062 2426 2116 auctoritatem
2470 2063 2640 2132 patris
2677 2050 2980 2133 Augustini,
3023 2072 3082 2118 ut
3113 2064 3334 2134 opinor,
3366 2080 3469 2120 non

1907 2147 2178 2215 refutabit,
2224 2150 2312 2220 qui
2355 2151 2408 2205 in
2435 2151 2716 2206 undecimo
2748 2152 3042 2206 Exemeron
3077 2153 3211 2207 libro
3239 2153 3322 2208 his
3353 2170 3470 2210 ver-

1904 2241 1988 2294 bis
2016 2241 2364 2310 pronuntiare
2395 2257 2498 2296 non
2534 2242 2742 2298 dubitat
2769 2261 2780 2296 :
2812 2261 2831 2292 ‹
2871 2241 3102 2298 Cuilibet
3127 2247 3386 2309 occurrit,
3417 2257 3470 2300 et

1906 2346 2089 2384 verum
2119 2339 2200 2385 est
2226 2339 2386 2401 atque
2412 2331 2773 2394 manifestum,
2801 2333 3040 2402 justitiae
3067 2335 3165 2406 ipsi
3187 2350 3306 2390 esse
3335 2353 3464 2392 con-

1906 2422 2162 2485 trarium,
2207 2431 2266 2495 ut
2295 2421 2440 2476 nullo
2461 2423 2814 2492 praecedente
2860 2425 3052 2479 merito
3083 2426 3186 2480 hoc
3213 2427 3384 2495 ipsum
3414 2429 3487 2504 iu’

1907 2525 2124 2594 quoqpe
2157 2517 2176 2550 ο
2201 2511 2342 2566 Deus
2381 2512 2626 2577 damnet,
2651 2512 2794 2584 quod
2821 2513 2874 2567 in
2894 2503 2982 2568 'eo
3012 2513 3124 2584 ipse
3171 2515 3465 2579 creaverit,

1903 2609 2164 2670 certaque
2211 2611 2268 2656 et
2313 2603 2532 2658 evidens
2562 2603 2832 2659 damnatio
2860 2604 3056 2660 diaboli
3086 2614 3140 2660 et
3163 2605 3471 2676 angelorum

1896 2688 2021 2760 ejus
2049 2705 2112 2745 ex
2151 2681 2438 2762 Evangelio
2472 2692 2744 2756 recitetur,
2778 2693 2865 2748 ubi
2893 2709 2950 2748 se
2981 2693 3247 2748 dicturum
3297 2694 3475 2748 Domi-

1903 2797 2008 2836 nus
2032 2783 2394 2850 pronuntiavit
2415 2783 2435 2815 ⁷
2477 2783 2584 2846 eis,
2631 2783 2723 2852 qui
2755 2798 2785 2836 a
2814 2783 3047 2838 sinistris
3074 2793 3201 2839 sunt
3235 2804 3248 2838 :
3294 2784 3377 2838 Ite
3411 2771 3471 2838 in

1902 2871 2075 2938 ignem
2093 2872 2480 2942 aeternum,qui
2503 2881 2844 2942 praeparatus
2869 2882 2942 2926 est
2971 2873 3178 2927 diabolo
3203 2883 3250 2928 et
3274 2875 3470 2944 angelis

1903 2979 2019 3032 βακε
2036 2963 2082 3015 ἀ.
2102 2961 2256 3018 Nullo
2274 2964 2429 3020 modo
2451 2965 2502 3018 in
2524 2978 2589 3020 eo
2615 2963 2883 3029 natur'am,
2901 2980 3060 3034 quam
3087 2966 3229 3020 Deus
3245 2967 3472 3031 creavit,

291 3055 414 3110 aliud
433 3053 550 3114 esse
569 3074 761 3128 poenas
785 3067 1131 3128 peccatorum,
1164 3057 1265 3110 nisi
1285 3053 1493 3127 peccata
1515 3073 1689 3110 eorum
1709 3057 1755 3108 ιι.
1824 3061 1867 3120 (ζ
1899 3054 1998 3108 sed
2029 3053 2220 3108 malam
2249 3056 2519 3126 propriam
2558 3057 2885 3112 voluntatem
2916 3073 3086 3128 poena
3121 3059 3258 3130 ignis
3294 3073 3464 3117 aeter-

321 3146 355 3200 ι.
373 3148 424 3203 In
450 3165 650 3220 magno
680 3150 862 3219 itaque
890 3149 1095 3205 aeterni
1124 3147 1263 3220 ignis
1291 3149 1483 3202 ardore
1512 3147 1642 3202 nihil
1664 3148 1805 3200 aliud

268 3235 324 3290 sit
341 3239 568 3306 poenalis
603 3240 843 3302 miseria,
882 3243 1044 3309 quam
1084 3237 1275 3292 beatae
1309 3235 1580 3292 felicitatis
1611 3236 1804 3290 absen-

269 3328 326 3380 tia
341 3339 378 3382 ε.
410 3328 462 3384 In
501 3347 600 3400 qua
633 3339 811 3385 tamen
840 3328 1016 3383 nullus
1043 3327 1164 3391 erit,
1197 3326 1287 3397 qui
1315 3341 1420 3382 non
1441 3326 1646 3399 habent.
1675 3326 1808 3378 insi-

271 3426 358 3472 tam
383 3422 476 3476 sibi
521 3419 836 3474 naturaliter
865 3418 1104 3474 absentis
1158 3416 1508 3473 beatitudinis
1535 3418 1806 3470 notionem

271 3505 454 3580 ejusque
481 3510 806 3566 desiderium
825 3551 840 3576 ,
892 3518 950 3562 ut
975 3523 1042 3563 eo
1073 3507 1308 3562 maxime
1337 3513 1669 3578 torqueatur,
1700 3521 1808 3576 quo

275 3597 501 3657 ardenter
525 3608 778 3672 appetat,
822 3599 964 3669 quod
997 3597 1202 3668 justum
1233 3597 1326 3652 Dei
1365 3595 1626 3666 judicium
1657 3615 1807 3651 cum-

273 3689 576 3754 prebendere
602 3705 708 3744 non
736 3689 898 3742 sinat.
946 3687 1048 3755 Qui
1076 3686 1424 3756 proculdubio
1461 3686 1726 3755 appetitus
1757 3687 1808 3740 in

275 3776 441 3835 misero
471 3795 574 3834 non
609 3778 848 3844 essetpsi
878 3776 1111 3848 penitus,
1158 3777 1300 3846 quod
1327 3777 1549 3846 appetit,
1585 3791 1687 3830 non
1717 3778 1811 3832 ha-

271 3862 413 3920 heret.
458 3867 834 3924 Occultissimo
888 3867 1070 3936 itaque
1115 3865 1506 3936 verissimoque
1549 3865 1708 3922 modo
1757 3871 1808 3923 in

274 3958 655 4022 profundissima
703 3959 1089 4030 suppliciorum
1129 3957 1341 4012 miseria
1375 3959 1610 4014 damnati
1644 3961 1810 4016 habe-

273 4049 382 4105 bunt
407 4052 751 4117 felicitatem,
798 4057 851 4106 et
895 4065 1000 4106 non
1047 4049 1315 4105 habebunt
1353 4064 1490 4105 eam.
1531 4049 1812 4106 Habebunt

273 4142 459 4207 quidem
482 4142 750 4214 quandam
781 4141 1055 4197 notionem
1086 4133 1155 4194 ad
1183 4139 1298 4210 ejus
1326 4141 1660 4204 memoriam,
1695 4143 1808 4194 vul-

275 4234 367 4282 tum
394 4247 515 4286 vero
536 4231 654 4302 ejus
681 4233 736 4286 in
767 4230 999 4284 fructum
1022 4227 1493 4298 contemplationis
1520 4243 1623 4282 non
1655 4230 1814 4282 liabe-

275 4317 403 4374 bunt.
433 4323 598 4390 Quam
625 4320 876 4396 profecto
905 4318 1178 4375 felicitatis
1203 4319 1474 4373 notionem
1511 4319 1716 4383 miseri,
1757 4329 1813 4373 ut

1910 3147 1962 3200 ni
1995 3145 2330 3217 plectendam
2371 3162 2489 3204 esse
2525 3149 2846 3206 credendum
2895 3156 3010 3213 est;
3044 3165 3143 3205 nec
3177 3151 3294 3221 ejus
3321 3163 3472 3206 natu-

1911 3253 2026 3292 ram
2077 3253 2194 3295 esse
2245 3240 2640 3308 significatam,
2682 3239 2826 3310 quod
2855 3241 3054 3297 dictum
3083 3249 3205 3296 est:
3252 3241 3363 3296 Hoc
3400 3253 3480 3297 est

1913 3329 2116 3382 initium
2158 3327 2387 3399 figmenti
2416 3329 2650 3395 Domini,
2693 3313 2832 3402 quod
2861 3331 3002 3400 fecit,
3048 3341 3104 3384 ut
3134 3329 3388 3384 illudatur
3411 3332 3476 3384 ab

1908 3417 2108 3486 angelis
2135 3417 2247 3483 ejus
2290 3430 2336 3482 ο,
2369 3418 2461 3473 sed
2489 3418 2572 3473 vel
2600 3433 2795 3489 corpus
2821 3433 3060 3482 aereum,
3088 3419 3230 3488 quod
3257 3419 3346 3473 tali
3386 3433 3476 3475 vo-

1912 3505 2103 3561 luntati
2130 3518 2490 3579 congruenter
2514 3511 2750 3586 aptavit,
2768 3509 2846 3564 vel
2870 3509 3038 3580 ipsam
3062 3505 3475 3576 ordinationem,

1914 3600 1964 3650 in
1995 3613 2100 3666 qua
2131 3614 2254 3654 eum
2304 3598 2431 3654 fecit
2455 3601 2618 3654 etiam
2662 3600 2931 3656 nolentem
2958 3599 3143 3655 utilem
3173 3599 3326 3654 bonis
3347 3641 3361 3664 ,
3397 3600 3476 3657 vel

1912 3687 2054 3756 quod
2085 3687 2392 3756 praesciens
2417 3703 2536 3744 eum
2565 3690 2778 3760 propria
2805 3689 3078 3746 voluntate
3112 3689 3308 3744 malum
3341 3689 3482 3746 futu—

1913 3792 2056 3842 rum,
2073 3776 2199 3832 fecit
2221 3793 2342 3830 eum
2373 3780 2567 3844 tamen,
2593 3793 2695 3833 non
2717 3779 2991 3834 abstinens
3013 3778 3300 3832 bonitatem
3323 3793 3475 3835 suam

1914 3870 1965 3923 in
2003 3867 2304 3938 praebenda
2346 3869 2453 3922 vita
2511 3877 2672 3938 atque
2698 3869 2994 3926 substantia
3019 3908 3033 3933 ,
3077 3866 3286 3922 futurae
3315 3867 3476 3922 etiam

1915 3961 2106 4015 noxiae
2147 3959 2401 4014 voluntati
2449 3960 2606 4014 simul
2654 3960 2996 4029 praevidens,
3040 3968 3242 4027 quanto
3281 3959 3349 4012 de
3389 3959 3480 4012 illo

1914 4053 2049 4107 bona
2084 4051 2267 4108 esset“
2304 4065 2398 4106 sua
2445 4043 2678 4105 mirabili
2719 4051 2956 4105 bonitate
2985 4065 3048 4104 ac
3095 4055 3360 4118 potestate
3403 4047 3476 4100 fa-

1914 4153 2100 4198 cturus
2135 4162 2180 4195 ι.
2219 4140 2236 4179 ῖ
2267 4140 2322 4196 Si
2351 4155 2479 4210 ergo
2508 4141 2957 4210 angelicanatura
3001 4139 3052 4193 in
3093 4135 3305 4194 diabolo
3336 4137 3484 4206 justo

1916 4248 2018 4285 non
2059 4231 2252 4285 sinitur
2296 4231 2493 4300 puniri,
2545 4230 2670 4298 quid
2704 4230 2918 4292 mirum,
2946 4228 2991 4282 si
3023 4229 3312 4280 humanam
3352 4226 3480 4280 sub-

1918 4325 2171 4377 stantiam
2208 4324 2259 4376 in
2287 4321 2594 4376 hominibus
2622 4321 2780 4374 etiam
2814 4317 3144 4388 impiissimis
3173 4316 3361 4371 eadem
3402 4315 3480 4368 di.

1522 4402 1772 4487 VARttt:
1811 4433 2206 4489 LECTIONES.

335 4545 364 4615 ξ.
384 4547 626 4615 defectum
645 4543 1275 4615 essentiae—cogitantis
1299 4558 1420 4615 om.
1449 4541 1520 4615 Μ,
1559 4544 1610 4597 in
1637 4544 1818 4615 codice
1855 4542 1992 4615 infra
2028 4543 2090 4595 ad
2121 4558 2286 4615 marg.
2321 4555 2496 4614 anser.
2522 4541 2643 4615 ead.
2689 4547 2829 4615 utan.

1738 4614 1758 4644 ⁸
1796 4615 1886 4667 Sic
1935 4613 2001 4674 Μ,
2033 4614 2149 4666 co'l.
2189 4613 2548 4680 miseruntque.

277 4612 293 4642 ³
323 4613 403 4669 Sic
423 4612 556 4682 cod.,
587 4618 656 4672 Μ.
700 4619 855 4672 sicut.
932 4615 954 4647 ⁸
993 4612 1084 4670 Sic
1116 4613 1366 4682 cod.,M.
1409 4614 1662 4667 absentia.

2907 4546 2928 4578 ³
2967 4537 3056 4592 Sic
3095 4538 3238 4602 cod.,
3271 4533 3321 4588 Μ
3355 4551 3481 4590 esse.

2626 4611 2646 4640 °
2685 4609 2775 4664 Sic
2815 4610 2961 4674 cod.,
2989 4609 3056 4662 al.
3104 4609 3158 4660 in
3198 4621 3479 4678 quoquam.

276 4683 292 4711 ’
327 4682 408 4740 Sic
431 4680 566 4754 cod.,
597 4688 664 4744 al.
696 4686 1098 4758 praenuntiavit.
1174 4682 1195 4713 ⁸
1235 4680 1323 4738 Sic
1345 4683 1490 4748 cod.,
1518 4682 1566 4736 M
1589 4693 1784 4752 quanta
1816 4682 1878 4736 de
1912 4683 1998 4736 illo
2031 4685 2162 4736 bona
2191 4698 2317 4735 esse.

1756 4793 1935 4848 NOii'A
1946 4795 2002 4847 Ε.

339 4899 360 4926 ι
396 4889 744 4946 Prudentius:
779 4890 925 4944 Nihil
962 4891 1108 4943 aliud
1145 4890 1303 4944 Deum
1333 4891 1516 4956 punire
1545 4930 1557 4952 ,
1605 4889 1658 4940 id
1697 4900 1767 4941 est
1794 4929 1806 4950 ,

279 4959 432 5028 poenis
459 4961 728 5025 addicere,
769 4961 868 5012 nisi
895 4962 1032 5028 quod
1064 4960 1183 5026 fecit
1203 5000 1216 5022 ,
1257 4960 1344 5012 sed
1375 4957 1554 5011 merito
1581 4961 1808 5028 perri-ui,

276 5027 398 5091 quod
415 5030 510 5095 ipse
531 5047 632 5083 non
659 5029 798 5098 fecit.
825 5027 947 5083 Non
969 5031 1124 5091 enim,
1143 5028 1330 5098 inquit,
1348 5028 1400 5079 in
1418 5028 1563 5080 beato
1581 5027 1676 5079 Job
1694 5044 1815 5098 pcr-

276 5104 426 5169 {atum
445 5100 646 5169 aliquod
661 5097 996 5167 ’puniebatur,
1013 5098 1100 5169 sed
1117 5097 1321 5169 tantum
1343 5111 1484 5169 ca_ro,
1499 5111 1655 5169 quam
1681 5097 1817 5148 Deus

277 5159 502 5237 (erit.th
523 5159 931 5237 'quod'omnibus
964 5159 1134 5237 majus
1155 5178 1258 5230 est,
1306 5166 1360 5217 in
1387 5159 1608 5237 Domino
1639 5176 1813 5237 nostro

274 5226 391 5304 {esu
411 5226 602 5292 Christo
647 5235 778 5290 nihil
803 5236 948 5289 aliud
991 5226 1226 5304 punitum
1247 5226 1358 5299 est,
1404 5235 1503 5287 nisi
1531 5236 1666 5302 quod
1708 5235 1814 5304 ipse

276 5297 464 5375 lateret,
483 5307 536 5359 id
559 5317 656 5371 est,
679 5322 802 5358 caro
828 5305 960 5375 ejus.

342 5368 369 5407 δ
400 5368 708 5430 Prudentius
744 5368 1018 5429 observat:
1051 5373 1265 5427 Nullam
1317 5381 1556 5424 naturam
1607 5373 1704 5424 nisi
1749 5375 1811 5425 ab

279 5435 380 5490 alia
413 5457 589 5498 natura
632 5445 806 5514 puniri
838 5485 851 5507 ,
907 5443 1135 5498 uidelicet
1210 5452 1434 5514 creatura
1502 5452 1745 5494 naturam
1781 5461 1810 5493 (ι

281 5514 502 5594 enutrirc
545 5526 756 5594 natura,
798 5524 854 5594 ut
885 5517 1011 5594 ipse,
1059 5514 1148 5594 qui
1195 5513 1361 5591 factor
1395 5521 1468 5564 est
1504 5519 1813 5594 naturarum

280 5587 634 5648 creaturarum,
661 5585 769 5652 ipse
799 5585 863 5636 sit
879 5579 1202 5654 judex,lipse
1235 5583 1466 5651 punitor,
1495 5579 1571 5634 vel
1612 5587 1813 5635 creatas

651 5678 916 5733 Purser.
970 5675 1067 5733 CX
1087 5675 1130 5730 Χ
1149 5673 1200 5731 ll

1919 4903 2132 4944 naturas
2157 4911 2186 4944 α
2209 4896 2395 4945 creatis
2421 4892 2640 4944 naturis.
2678 4889 2753 4942 Ad
2777 4889 2918 4942 aliud
2952 4905 3076 4943 vero
3102 4889 3437 4943 enuntiatum
3463 4907 3475 4941 :

1849 4997 1892 5053 ι)
1924 4959 2112 5053 1Ν⁵¹¹ί¹
2143 4963 2284 5053 uiua!
2307 4977 2428 5053 esse
2454 4975 2652 5053 laenis
2675 4961 3138 5053 verearetur
3162 4969 3358 5053 taenis
3375 4973 3475 5053 91::

1923 5045 2039 5083 runt
2075 5052 2117 5094 ι,
2145 5027 2467 5084 Prudentius
2496 5032 2628 5084 bene
2675 5027 3052 5086 animadvertit
3096 5045 3108 5080 :
3163 5027 3330 5081 Multa
3369 5044 3478 5080 esse

1922 5116 2105 5160 aettem
2128 5100 2518 5168 suppliciorum,
2549 5099 2624 5151 vel
2664 5100 3010 5168 praesentium
3051 5097 3124 5153 vel
3153 5098 3472 5168 futurorum,

1909 5169 2400 5239 justissimijudiris
2425 5179 2627 5239 praeter
2654 5179 2884 5236 peccata.

1989 5248 2010 5276 ο
2048 5232 2372 5292 Prudentius
2405 5232 2433 5292 ε’
2456 5237 2519 5291 Et
2544 5232 2675 5291 hanc
2699 5255 2805 5290 esse
2825 5254 3062 5304 poenam,
3089 5245 3136 5288 et
3163 5235 3292 5304 ignis
3325 5232 3479 5286 artloo

1917 5323 2024 5376 rem
2051 5309 2285 5368 nimium,
2310 5320 2355 5358 et
2383 5308 2624 5360 vermium
2656 5309 3108 5376 consm-nptim‘tem.

1986 5375 2010 5414 δ
2056 5376 2241 5431 Matth.
2281 5378 2550 5438 Χκκκιι.

1993 5457 2016 5485 θ
2059 5445 2234 5500 Psalm
2272 5447 2505 5508 Clll,“2-‘i.

1995 5515 2014 5553 τ
2058 5516 2336 5586 Augustin.
2367 5505 2425 5567 τίν
2452 5516 2630 5570 Grues.
2675 5505 2758 5577 XI,
2791 5510 2880 5576 21,
2909 5509 2998 5565 ‘22.

1920 5631 1942 5658 ‘
2453 5727 2470 5735 _
3098 5645 3166 5704 ts
