3904 6148
287 273 362 331 ut
1327 245 1523 321 Linea
1567 263 1650 318 ne
1686 262 1815 316 mu

1921 261 2105 315 ili-1531
2119 265 2202 326 ΝΛ
2211 266 2366 320 ΤΙοΝ
2376 267 2431 320 ις.

3389 247 3490 324 ιὲιι

285 384 454 436 furtum
477 387 582 443 est,
613 379 815 433 nullum
873 381 1058 432 vitium
1087 379 1208 432 ho:.i
1237 379 1429 440 cllicit;
1465 391 1624 428 omne
1661 376 1818 440 igitur
1847 381 1889 431 Α
1921 373 2054 426 tatio
2079 375 2129 427 in
2172 391 2387 444 aquam,
2413 386 2468 430 et
2516 373 2814 440 suﬂ‘ocatio,
2847 393 3006 448 quam
3039 393 3246 432 mersus
3271 378 3488 448 patitur.

283 477 452 526 latinum
501 469 702 524 nullum
739 469 925 523 vitium
957 469 1080 522 boni
1133 467 1343 522 efficere
1388 475 1605 534 potest;
1653 473 1708 518 et
1739 477 1820 516 re-

282 563 433 616 tlcxim
457 575 471 612 :
500 559 704 612 nullum
725 559 890 628 igitur
909 559 1096 612 vitium
1121 558 1243 612 boni
1275 573 1338 610 ex
1362 557 1503 611 bono
1525 565 1625 611 est.
1651 554 1822 610 Omne

281 659 546 720 incoatum,
574 648 702 717 quia
733 647 928 700 inalum
957 655 1064 710 est,
1099 646 1289 701 vitium
1333 645 1457 699 boni
1504 655 1588 699 est
1620 657 1822 698 :omne

283 741 442 793 vilium
469 741 590 792 boui
619 751 686 792 ex
714 737 853 790 bono
880 751 984 790 non
1012 744 1096 790 est
1134 753 1146 787 :
1179 749 1338 789 otnne
1365 742 1665 804 peccatum,
1696 733 1819 802 quia

281 831 454 884 malum
479 837 579 891 est,
605 843 672 882 ex
705 828 845 882 bono
867 842 986 882 esse
1017 842 1119 881 non
1147 835 1344 896 potest.
1366 825 1554 882 Omnis
1573 835 1818 879 creatura

283 919 478 974 rationis
500 917 768 988 particeps
796 930 1046 987 maguum
1072 915 1270 970 bonum
1291 923 1402 970 est:
1419 929 1484 969 ex
1515 913 1657 968 nullo
1682 913 1821 966 bono

285 1009 453 1065 malum
479 1020 536 1060 ιε
567 1020 638 1059 ex
660 1005 802 1060 nulla
829 1005 993 1076 igitur
1019 1013 1269 1059 creatura
1307 1005 1530 1060 rationis
1557 1003 1820 1074 participe

283 1107 525 1168 peccatum
545 1106 632 1151 est
669 1099 708 1148 ³.

343 1191 398 1249 ν.
433 1189 560 1244 Hinc
589 1187 704 1256 ipsa
725 1185 934 1241 Veritas
958 1184 1035 1240 ait
1061 1171 1274 1242 :Bontts
1298 1185 1452 1240 homo
1471 1185 1538 1239 de
1559 1181 1690 1239 bona
1713 1185 1820 1238 the-

285 1297 420 1337 sauro
456 1277 620 1332 cordis
639 1277 724 1330 sui
765 1276 960 1346 profert
989 1277 1150 1342 bona,
1197 1276 1368 1332 malus
1391 1280 1546 1330 homo
1574 1275 1639 1329 de
1680 1275 1818 1328 malo

285 1377 497 1428 thesauro
537 1367 712 1422 cordis
754 1369 840 1422 sui
878 1369 1077 1439 profert
1105 1369 1248 1422 maia
1289 1369 1338 1420 ιι.
1371 1367 1449 1423 Ac
1493 1368 1536 1422 si
1568 1369 1772 1422 diceret
1803 1381 1817 1418 :

283 1479 420 1518 mune
441 1465 654 1528 bonum,
679 1462 820 1533 quod
861 1475 929 1516 ex
961 1461 1286 1529 cogitatione
1315 1475 1412 1516 sua
1439 1461 1609 1513 bonus
1661 1459 1821 1511 homo

281 1555 478 1623 profert,
515 1571 577 1610 ex
611 1557 752 1610 bono
790 1556 1046 1608 thesauro
1075 1553 1328 1615 donatur,
1361 1550 1412 1604 id
1435 1559 1518 1604 est
1558 1565 1624 1603 ex
1651 1564 1735 1614 eo,
1767 1551 1818 1601 in

284 1665 370 1716 quo
381 1658 488 1700 sunt
501 1664 676 1701 omnes
701 1645 934 1699 thesauri
959 1642 1243 1714 sapientiae
1275 1652 1323 1696 et
1345 1641 1591 1695 scientiae
1604 1641 1820 1695 abscon-

283 1714 419 1788 ditis.
441 1735 603 1790 Omne
619 1734 838 1797 malum,
862 1732 1349 1801 quod-cogitatione
1371 1747 1464 1784 sua
1487 1729 1624 1784 mala
1647 1729 1818 1783 malus
1851 1714 1892 1770 Β

285 1823 421 1876 homo
445 1824 661 1893 profert,
717 1839 782 1879 ex
819 1823 962 1877 malo
999 1824 1255 1877 thesauro
1301 1833 1408 1883 est,
1455 1829 1519 1874 ex
1569 1818 1818 1888 superbia

284 1915 482 1974 sciiicet.
501 1933 632 1985 quae
656 1925 731 1968 est
750 1915 957 1969 initium
969 1913 1138 1968 omnis
1165 1912 1363 1982 peccati
1386 1911 1434 1964 δ.
1466 1911 1541 1966 De
1566 1926 1672 1980 quo
1699 1912 1814 1964 the-

285 2023 422 2062 sauro
446 2009 682 2062 malitiae
711 2007 1040 2078 Augustinus
1060 2009 1114 2060 in
1142 1987 1281 2060 111)ιό
1305 2007 1371 2060 de
1392 2021 1518 2084 γει-ε
1542 2005 1819 2076 Religione

283 2098 477 2168 loquens
497 2101 570 2154 ait
601 2116 616 2154 :
648 2119 668 2152 ε
703 2101 798 2155 Est
831 2109 1011 2154 autem
1033 2097 1219 2152 vitium
1243 2097 1476 2168 primum
1504 2098 1714 2152 animae
1732 2115 1820 2151 ra-

286 2193 468 2247 tionalis
493 2179 740 2248 voluntas
775 2207 839 2248 ea
878 2191 1136 2256 faciendi,
1167 2206 1312 2260 quae
1338 2198 1486 2246 vetat
1525 2206 1735 2246 summa
1767 2199 1824 2246 et

285 2284 444 2337 intima
485 2285 700 2339 veritas.
737 2284 812 2338 lta
845 2285 1006 2338 homo
1046 2283 1114 2337 de
1148 2281 1400 2352 paradiso
1427 2282 1480 2336 in
1512 2283 1615 2338 hoc
1661 2297 1819 2338 secu-

285 2371 375 2427 lum
392 2375 634 2443 expulsus
655 2383 759 2438 est,
782 2373 833 2428 id
853 2381 957 2438 est,
989 2373 1056 2427 ab
1081 2371 1319 2428 aeternis
1339 2373 1406 2426 ad
1428 2371 1762 2442 temporalia,
1791 2388 1820 2424 a

281 2465 484 2534 copiosis
514 2467 581 2520 ad
617 2479 806 2536 egena,
833 2481 863 2520 a
894 2464 1147 2519 ﬁrmitate
1186 2465 1251 2518 ad
1283 2463 1516 2518 inlirma.
1541 2463 1656 2518 Non
1693 2479 1824 2534 ergo

281 2569 308 2608 a
346 2555 474 2612 bono
524 2556 860 2612 substantiali
910 2557 977 2610 ad
1025 2555 1224 2610 malum
1277 2555 1649 2620 substantiale,
1697 2555 1821 2625 quia

280 2644 404 2700 iulia
431 2647 728 2702 substantia
752 2647 954 2701 malum
999 2654 1101 2710 εει,
1131 2645 1225 2700 sed
1257 2661 1285 2698 a
1327 2646 1467 2699 bono
1509 2654 1727 2699 aeterno
1756 2647 1822 2698 ad

279 2733 451 2788 locum
480 2733 798 2805 temporale,
835 2749 866 2788 a
910 2734 1050 2789 bono
1079 2733 1344 2803 spirituali
1375 2734 1440 2786 ad
1472 2732 1669 2788 bonum
1699 2750 1821 2787 car-

277 2824 402 2890 nale,
427 2840 457 2879 a
480 2826 622 2881 bono
647 2825 969 2897 iutelligibili
999 2827 1066 2880 ad
1095 2823 1293 2880 bonum
1323 2825 1542 2880 seusihil
1625 2841 1654 2878 a
1685 2825 1825 2879 bono

278 2929 465 2970 summo
486 2916 554 2970 ad
593 2916 796 2972 bonum
823 2915 1088 2969 intimum.
1120 2915 1214 2970 Est
1243 2914 1407 2986 igitur
1431 2918 1700 2984 quodoam
1730 2914 1825 2968 bo-

279 3019 406 3066 num,
429 3005 570 3074 quod
597 3005 640 3060 si
666 3005 850 3074 diligat
881 3003 901 3035 ⁸
939 3004 1118 3058 anima
1139 3003 1435 3067 rationalis,
1457 3013 1667 3073 peccat,
1696 3007 1816 3072 quia

278 3093 397 3147 infra
442 3095 580 3149 illam
619 3095 926 3150 ordinatum
963 3105 1063 3149 est.
1100 3095 1278 3162 Quare
1325 3095 1497 3165 ipsum
1543 3109 1820 3165 peccatum

279 3181 453 3236 malum
483 3191 581 3246 est,
608 3199 717 3237 non
763 3199 825 3238 ea
857 3184 1173 3248 substantia,
1217 3199 1356 3252 quae
1397 3185 1670 3253 peccando
1697 3185 1820 3238 dili-

277 3271 420 3340 gitur.
447 3273 560 3328 Non
586 3288 716 3342 ergo
741 3275 904 3328 arbor
929 3273 1018 3328 illa
1044 3273 1241 3328 malum
1270 3275 1292 3305 ³
1326 3285 1430 3338 εει,
1461 3289 1599 3345 quae
1625 3276 1679 3330 in
1713 3292 1824 3330 rne-

271 3359 358 3412 dio
400 3362 644 3430 paradiso
679 3361 702 3392 ⁸
739 3362 978 3430 plantata
1027 3361 1194 3435 [esse]
1237 3363 1261 3396 ⁸
1301 3364 1576 3429 scribitur,
1605 3365 1698 3420 sed
1739 3365 1821 3419 di-

273 3450 375 3504 vini
396 3454 661 3523 praecepti
695 3457 1068 3524 transgressio,
1083 3470 1220 3525 quae
1251 3467 1372 3510 cum
1401 3469 1820 3526 consequentem

273 3542 630 3613 habetjustarn
663 3547 1086 3615 damnationem,
1111 3549 1372 3618 contingit
1396 3564 1461 3603 ex
1492 3548 1580 3604 illa
1609 3550 1818 3614 arbore,

273 3645 399 3699 quae
423 3646 605 3690 contra
634 3637 860 3690 vetitum
885 3644 1023 3690 tacta
1045 3645 1150 3700 est,
1177 3636 1544 3707 dignoscentia
1569 3639 1590 3670 ⁸
1617 3639 1737 3693 boni
1769 3648 1824 3694 et

275 3723 409 3786 mali,
449 3727 570 3795 quia
597 3738 720 3780 cum
751 3741 850 3780 suo
881 3738 1102 3796 peccato
1129 3728 1304 3780 :tllillla
1336 3729 1495 3783 fuerit
1532 3729 1818 3798 implicata,

271 3811 454 3869 iuendo
479 3831 682 3886 poenas
706 3817 885 3881 discit,
917 3818 1044 3887 quid
1067 3817 1280 3894 intersit
1306 3817 1446 3881 inter
1457 3829 1820 3890 praeceptum,

271 3905 403 3970 (ιιιοὸ
427 3907 692 3962 custodire
717 3907 908 3971 noluit,
931 3916 1296 3978 etpeccatnm,
1321 3909 1464 3980 quod
1483 3909 1638 3976 fecit;
1663 3919 1824 3982 atque

271 3993 366 4050 boc
388 3999 538 4052 modo
566 3999 790 4064 malum,
820 4001 962 4070 quod
993 4003 1230 4056 cavendo
1277 4016 1383 4056 non
1416 4002 1619 4067 didicit,
1667 4003 1825 4058 discit

268 4086 554 4154 sentiendo,
579 4098 634 4143 et
657 4090 881 4153 bonum,
909 4091 1051 4158 quod
1073 4105 1176 4146 non
1203 4092 1622 4162 obtemperando
1647 4094 1823 4148 minus

269 4175 534 4246 diligebat,
562 4180 840 4234 ardentius
867 4180 1038 4250 diligit
1061 4183 1442 4250 comparando.
1471 4183 1664 4237 Vitium
1694 4199 1824 4255 ergo

268 4266 474 4322 animae
501 4279 598 4336 est,
629 4272 774 4340 quod
812 4271 958 4334 fecit,
989 4279 1042 4325 et
1071 4269 1353 4326 diliicultas
1381 4287 1447 4328 ex
1481 4273 1611 4328 vitio
1649 4289 1820 4344 poena

1927 469 2094 523 Stilus
2135 468 2342 524 ferreus
2373 470 2477 524 alia
2517 480 2686 540 parte,
2719 485 2824 538 qua
2869 470 3188 535 scribamus,
3223 464 3352 534 alia,
3385 485 3490 539 qua

1925 560 2217 625 deleamus,
2259 577 2287 614 a
2326 560 2478 616 fabro
2518 561 2686 616 factus
2712 571 2816 626 est,
2853 568 2906 616 et
2937 563 2988 616 in
3018 578 3114 616 suo
3153 577 3350 631 genere
3377 561 3493 634 pul-

1923 653 2145 716 cber,et
2166 653 2232 706 ad
2247 668 2400 706 usum
2420 663 2659 708 nostrum
2687 655 3122 708 accommodatus
3153 673 3164 707 :
3191 662 3246 708 at
3269 639 3318 707 ἐἰ
3345 654 3492 723 quis-

1923 743 2065 813 piam
2094 760 2152 798 ca
2175 753 2327 813 parte
2352 745 2606 806 scribere,
2634 745 2738 814 qua
2769 745 2993 810 deletur,
3041 755 3095 800 et
3123 760 3183 798 ea
3233 747 3358 800 velit
3399 747 3492 802 de-

1925 835 2052 897 lere,
2077 851 2178 903 qua
2210 835 2484 898 scribitur,
2510 835 2654 890 nullo
2677 835 2836 891 modo
2856 836 3034 892 stilum
3051 837 3246 890 malum
3281 838 3489 905 fecerit,

1923 943 2045 981 eum
2079 929 2248 996 ipsum
2281 926 2478 980 factum
2504 926 2627 997 jure
2661 928 3010 996 vituperetur.
3039 926 3191 994 Quod
3239 929 3282 984 si
3323 931 3493 986 co'rri-

1923 1028 2035 1087 gat,
2065 1017 2151 1071 ubi
2193 1017 2297 1072 erit
2324 1014 2560 1070 malum?
2593 1015 2648 1069 Si
2704 1017 2824 1085 quis
2879 1026 3096 1086 repente
3133 1019 3488 1075 meridianum

1923 1107 2088 1162 sulem
2109 1108 2396 1171 intueatur,
2417 1105 2715 1175 repercussi
2732 1107 2870 1161 oculi
2905 1107 3278 1164 turbabuntur.
3316 1108 3492 1165 Num'

1923 1196 2044 1251 ideo
2069 1191 2160 1249 aut
2179 1195 2256 1250 sol
2285 1196 2482 1250 malum
2505 1195 2630 1262 erit,
2657 1205 2746 1251 aut
2767 1196 2942 1251 oculi?
2967 1195 3123 1251 Nullo
3147 1199 3334 1264 medo,
3367 1212 3494 1256 sunt

1921 1286 2064 1338 enim
2099 1285 2452 1340 substantiae.
2487 1285 2592 1338 Sed
2631 1285 2834 1339 malum
2863 1286 3304 1342 estinordinatus
3335 1293 3490 1358 θερε-

1922 1386 2065 1440 ctus,
2093 1386 2147 1431 et
2193 1377 2328 1448 ipsa,
2371 1391 2508 1446 quae
2560 1377 2927 1446 consequitur,
2967 1377 3321 1448 perturbatio,
3353 1382 3490 1450 quod

1923 1469 2121 1522 malum
2145 1473 2250 1522 non
2275 1469 2398 1533 erit,
2425 1485 2547 1522 cum
2575 1469 2714 1522 oculi
2741 1467 2942 1522 fuerint
2972 1469 3222 1533 recreati,
3246 1477 3301 1525 et
3323 1469 3492 1524 lucem

1924 1571 2076 1611 suam
2107 1567 2463 1628 congruenter
2509 1558 2818 1626 aspexerint
2841 1568 2864 1598 θ
2901 1577 2944 1612 ι.
2996 1558 3058 1612 Et
3102 1557 3258 1628 paulo
3285 1570 3411 1616 ante
3441 1561 3493 1615 in

1923 1649 2113 1702 eodem
2146 1667 2160 1702 :
2209 1668 2226 1699 r
2260 1647 2315 1704 Si
2355 1649 2656 1718 quaeritur,
2688 1649 2808 1718 quis
2837 1648 3128 1702 instituerit
3157 1659 3372 1720 corpus,
3407 1637 3496 1704 ille

1922 1749 2233 1808 quaeratur,
2278 1741 2477 1829 qui’cst
2516 1741 2753 1793 omnium
2801 1739 3232 1809 speciosissimus
3270 1760 3282 1794 :
3318 1743 3494 1796 omnis

1921 1829 2062 1884 enim
2105 1829 2314 1898 species
2357 1823 2424 1884 ab
2465 1828 2556 1882 illo
2599 1837 2702 1882 est.
2753 1827 2883 1894 Quis
2929 1836 3012 1884 est
3039 1837 3220 1883 autem
3251 1823 3360 1895 hic,
3392 1831 3494 1886 nisi

1921 1937 2061 1975 unus
2085 1921 2246 1986 Deus,
2279 1937 2383 1976 una
2416 1922 2636 1984 veritas,
2661 1935 2762 1974 una
2790 1921 2936 1975 salus
2959 1921 3221 1986 ninnium,
3246 1930 3302 1976 et
3323 1923 3493 1992 prima

1919 2022 2082 2084 atque
2125 2029 2334 2068 summa
2369 2015 2626 2076 essentia,
2656 2027 2719 2067 ex
2752 2029 2856 2083 qua
2903 2021 2987 2068 est
3015 2028 3191 2077 omne,
3237 2011 3494 2084 quidquid

1919 2115 2022 2169 est,
2049 2105 2100 2158 in
2133 2113 2389 2176 quantum
2423 2114 2522 2166 est,
2553 2105 2702 2174 quia,
2740 2104 2791 2158 in
2823 2112 3079 2174 quantum
3106 2109 3207 2165 est,
3236 2103 3494 2174 quidquid

1921 2204 2022 2256 est,
2063 2195 2260 2249 bonum
2299 2197 2400 2249 est.
2440 2193 2506 2248 Et
2536 2195 2654 2250 ideo
2687 2209 2753 2248 ex
2799 2193 2907 2247 Deo
2931 2189 3036 2247 rion
3067 2204 3149 2248 est
3173 2209 3346 2255 mors;
3391 2209 3492 2247 non

1921 2284 2056 2338 enim
2086 2283 2228 2336 Deus
2247 2295 2462 2336 mortem
2491 2281 2627 2350 fecit,
2658 2297 2749 2335 nec
2773 2280 3000 2334 laetatur
3025 2282 3078 2335 in
3099 2281 3387 2350 perditione
3414 2283 3509 2334 υἱοο
3551 2265 3555 2268 ’

1922 2387 2099 2424 rerum
2134 2369 2179 2436 τ,
2209 2370 2462 2440 quoniam
2487 2384 2693 2424 summa
2741 2369 2972 2423 essentia
3009 2367 3140 2423 facit
3165 2383 3284 2424 esse
3311 2383 3492 2432 omne,

1923 2461 2188 2530 quodest,
2219 2462 2360 2516 unde
2387 2469 2442 2518 et
2477 2461 2708 2516 essentia
2739 2457 2956 2514 dicitur.
2995 2457 3138 2514 Mors
3169 2466 3348 2514 autem
3385 2473 3492 2514 non

1923 2565 2040 2608 esse
2061 2555 2222 2624 cogit,
2247 2553 2504 2624 quidquld
2528 2553 2779 2619 moritur,
2803 2551 2878 2624 [in
2903 2561 3160 2622 quantum
3183 2549 3490 2624 moritur’].
3566 2619 3576 2630 O

1925 2643 2056 2696 Nam
2096 2644 2142 2697 si
2166 2658 2249 2706 ea,
2276 2657 2412 2714 quae
2439 2643 2764 2707 moriuntur,
2791 2643 3005 2712 penitus
3031 2650 3390 2708 morerentur,
3426 2645 3494 2697 ad

1926 2735 2147 2790 nihilum
2179 2735 2295 2790 sine
2316 2735 2479 2790 dubio
2499 2735 2860 2804 pervenirent.
2887 2733 2990 2788 Sed
3019 2742 3226 2788 tantum
3254 2733 3495 2790 moriun-

1924 2839 2028 2890 tur,
2059 2819 2508 2896 q‘uantuui'minus
2533 2814 2798 2880 esseniiae
2825 2825 3164 2895 participant.
3193 2823 3345 2892 Quod
3367 2826 3490 2880 bre-

1925 2917 2042 2971 vius
2070 2917 2140 2970 ita
2169 2917 2271 2970 dlci
2292 2921 2494 2985 potest:
2523 2923 2673 2970 tanto
2687 2912 2856 2986 magis
2884 2913 2927 2946 “’
2949 2909 3271 2979 moriuntur,
3293 2923 3494 2983 quanto

1875 3059 1892 3074 ,
1927 3007 2104 3062 minus
2148 3013 2293 3062 sunt.
2347 3003 2554 3076 Corpus
2599 3015 2778 3058 autem
2827 3003 3006 3058 minus
3033 3009 3134 3066 est,
3183 3017 3347 3070 quam
3383 3003 3492 3056 vita

1925 3099 2216 3171 quaelibet,
2243 3099 2517 3168 quoniam,
2535 3080 3064 3167 quantulumcunque
3087 3101 3266 3150 manet
3291 3093 3345 3148 in
3373 3107 3495 3164 spc-

1923 3191 2026 3255 cie,
2057 3205 2154 3260 per
2177 3191 2340 3244 vitam
2387 3197 2586 3253 manet,
2618 3186 2732 3242 sive
2768 3200 2872 3255 qua
2911 3185 3329 3255 unumquodque
3377 3183 3494 3237 aui-

1923 3283 2177 3349 mal,sive
2204 3297 2308 3353 qua
2354 3280 2604 3336 universa
2634 3287 2824 3332 natura
2852 3275 3035 3332 mundi
3064 3275 3491 3332 administratur.

1921 3375 2130 3445 Corpus
2152 3389 2280 3444 ergo
2319 3371 2488 3442 magis
2513 3369 2754 3438 suhjacet
2802 3366 2980 3429 morti,
3023 3374 3078 3420 et
3115 3365 3236 3420 ideo
3266 3363 3494 3419 vicinius

1921 3472 2004 3520 est
2031 3462 2216 3518 nihilo.
2245 3461 2584 3531 Quapropter
2607 3459 2736 3522 vita,
2760 3473 2898 3527 quae
2929 3455 3104 3511 fructu
3126 3453 3369 3524 corporis
3397 3453 3491 3510 de-

1923 3554 2115 3608 lectata
2155 3551 2374 3622 negligit
2399 3549 2440 3583 ¹¹
2475 3550 2662 3610 Deum.
2711 3547 2999 3603 inclinatur
3044 3545 3112 3600 ad
3155 3544 3402 3610 nihilum,
3439 3553 3495 3598 et

1923 3642 2024 3696 ista
2049 3653 2132 3698 est
2159 3642 2415 3712 nequitia.
2442 3639 2558 3695 Hoc
2583 3638 2724 3694 facto
2762 3647 2942 3692 autem
2971 3637 3016 3680 ι’
3055 3635 3161 3690 vita
3183 3635 3418 3690 carnalis
3441 3643 3496 3690 et

1923 3715 2137 3788 terrena
2168 3732 2417 3796 elhcitur,
2451 3738 2506 3784 ct
2529 3729 2598 3784 ob
2625 3730 2727 3784 hoc
2753 3729 2917 3783 etiam
2947 3740 3074 3782 caro
3121 3733 3175 3780 et
3215 3733 3361 3780 terra
3399 3741 3496 3780 no-

1924 3825 2178 3886 minatur,
2207 3830 2261 3876 et
2281 3822 2537 3891 quamdiu
2577 3820 2650 3874 ita
2678 3826 2781 3883 est,
2807 3830 3030 3888 regnum
3062 3816 3154 3870 Dei
3183 3831 3290 3872 non
3325 3817 3494 3887 possi-

1922 3915 2070 3972 debit
2107 3917 2154 3983 ε,
2192 3924 2248 3970 ει
2286 3913 2514 3982 eripitur
2546 3911 2618 3976 ei,
2647 3909 2790 3980 quod
2838 3916 3004 3962 amat.
3035 3907 3100 3960 ‘ld
3135 3909 3279 3962 enim
3326 3917 3496 3972 amat,

1923 4003 2065 4076 quod
2107 4014 2164 4060 et
2192 4005 2366 4058 minus
2395 4011 2495 4067 cst,
2525 4014 2685 4070 quam
2728 3998 2857 4064 vita,
2903 3999 3028 4066 quia
3062 4011 3258 4066 corpus
3286 4003 3389 4060 est,
3441 4000 3496 4047 et

1925 4103 2140 4168 propter
2169 4094 2342 4162 ipsum
2377 4099 2680 4160 peccatum,
2707 4099 2813 4158 quo
2847 4097 3079 4152 amatur,
3125 4085 3186 4138 ιιι
3223 4083 3490 4152 corrupti-

1922 4187 2046 4252 bile,
2069 4194 2128 4240 ut
2146 4183 2362 4239 ﬂuendo
2389 4181 2604 4237 deserat
2625 4186 2918 4234 amatorem
2947 4191 3122 4244 suum,
3151 4175 3278 4244 quia
3313 4183 3368 4230 et
3403 4174 3494 4228 ille

1924 4279 2026 4334 hoc
2038 4273 2269 4330 amando
2289 4270 2528 4327 deseruit
2550 4269 2738 4324 Deum.
2758 4261 3050 4335 Praecepta
3073 4265 3217 4320 enim
3247 4264 3366 4335 ejus
3392 4268 3494 4320 πιε-⁴

266 4367 362 4420 cst,
401 4373 557 4428 quam
583 4362 787 4433 patitur
825 4363 868 4415 '.
913 4362 978 4416 Et
1005 4360 1108 4416 hoc
1145 4371 1227 4416 est
1267 4371 1432 4417 totum
1462 4363 1683 4418 malum.
1713 4365 1815 4418 Fa-
1851 4401 1899 4460 θ
1925 4371 2074 4442 gligit
2101 4367 2144 4409 ι³
2175 4365 2404 4422 dicentis
2439 4379 2453 4416 :
2488 4361 2602 4416 Hoc
2628 4359 2912 4460 manduca,
2939 4366 2994 4412 et
3023 4359 3125 4412 hoc
3149 4355 3280 4412 noli.
3302 4353 3494 4412 Trahi-

265 4461 382 4502 cere
413 4461 586 4506 autem
621 4460 676 4507 et
701 4451 822 4520 'pati
873 4467 978 4506 non
1018 4452 1314 4506 substantia
1346 4460 1447 4508 est.
1483 4454 1821 4525 Quapropter

265 4539 554 4596 substantia
579 4558 687 4597 non
720 4549 804 4596 est
833 4541 1052 4596 malum.
1087 4541 1177 4596 Sic
1203 4543 1344 4597 enim
1392 4558 1491 4598 nec
1535 4559 1670 4614 aqua
1703 4561 1818 4598 ma~

263 4625 366 4681 lum
401 4640 500 4696 est,
541 4648 639 4686 nec
673 4631 894 4694 animal,
923 4633 1064 4700 quod
1103 4631 1231 4686 vivit
1271 4633 1323 4686 in
1353 4646 1504 4692 aere;
1533 4651 1652 4687 nam
1689 4636 1820 4690 istae

261 4718 580 4776 substantiae
605 4732 732 4776 sunt
767 4741 778 4776 :
810 4723 899 4776 sed
923 4722 1119 4776 malum
1143 4723 1536 4778 estroluntaria
1561 4727 1820 4796 praecipi-

1923 4439 2154 4528 tur-verso
2183 4456 2250 4510 ad
2278 4466 2500 4524 poenas,
2533 4449 2659 4526 quia
2689 4439 2958 4518 diligendo
2998 4445 3256 4502 inferiora
3293 4447 3347 4501 in
3377 4450 3499 4517 ege-'

1917 4561 2056 4608 state
2086 4547 2131 4580 ¹⁸
2162 4545 2496 4615 voluptatum
2525 4555 2764 4602 suarum,
2793 4547 2846 4592 et
2871 4539 2923 4592 in
2945 4537 3218 4592 doloribus
3246 4537 3384 4608 apud
3408 4538 3493 4592 iu-

1918 4645 2061 4701 feros
2079 4639 2380 4698 ordinatur.
2404 4634 2542 4704 Quid
2569 4641 2652 4688 est
2669 4631 2812 4687 enim
2839 4630 3008 4694 dolor,
3031 4630 3122 4701 qui
3151 4629 3348 4686 dicitur
3373 4646 3495 4686 cor-

1920 4735 2083 4805 poris,
2111 4731 2216 4786 nisi‘
2233 4729 2507 4798 corruptio
2534 4724 2812 4794 repentina
2836 4723 3024 4778 salutis
3051 4722 3168 4790 eius
3193 4723 3291 4787 rei,
3333 4737 3497 4794 quam

1517 4877 1764 4934 VARIAE
1809 4881 2206 4950 LECTl’ONES.

317 4991 338 5026 ι
367 4985 498 5040 Had.
528 4987 601 5040 al.
633 5002 708 5063 _m.
737 4986 814 5063 ad
834 4987 1211 5063 margaadscr.
1233 4986 1530 5063 Peccatum
1565 5002 1873 5063 arrectum
1901 5011 2004 5050 non
2047 5013 2175 5050 esse.
2251 4995 2272 5026 ³
2301 4992 2372 5047 al.
2404 4993 2595 5063 diligit.
2675 4992 2694 5022 ³
2717 4991 2786 5049 al.
2823 4991 2984 5063 mala.
3063 4991 3086 5022 ⁸
3121 4991 3192 5046 al.
3233 4976 3488 5063 paradisi.

251 5052 274 5084 '
295 5071 404 5108 esse
425 5059 696 5120 om.cod.,
712 5057 838 5110 add.
867 5057 934 5110 111.

1013 5055 1190 5132 _°_C0dg
1207 5057 1652 5132 diuoscentiqrsic
1681 5061 1896 5132 ubique.
1973 5067 1993 5097 ⁷
2020 5066 2149 5120 Ead.
2174 5065 2240 5119 al.
2269 5081 2342 5118 tu.
2368 5064 2436 5117 ad
2461 5055 2630 5132 πῶυ-ε.
2648 5065 2823 5132 adscr.
2853 5062 3030 5132 vitium
3050 5055 3258 5132 animae
3277 5062 3490 5127 oon/itu-

247 5131 350 5198 tur,
367 5127 504 5198 quod
519 5140 638 5198 ante
653 5127 904 5198 negavit.”
947 5126 967 5156 ³
991 5125 1081 5180 Sic
1095 5129 1236 5198 cod.,
1256 5127 1324 5198 bl.
1343 5143 1464 5183 non.
1521 5127 1541 5158 ’
1557 5125 1870 5198 inquantiuu
1887 5133 2502 5194 morituram.cod.',add.
2530 5125 2597 5185 Μῖ

2703 5133 2744 5164 ⁸³
2786 5125 2969 5200 ϐαιῇ..
3002 5129 3274 5185 cod.etM.
3295 5125 3486 5185 minus.

249 5195 686 5266 “tiodmeglegit.
765 5198 810 5228 "
853 5197 940 5250 Sic
962 5197 1104 5261 cod.,
1140 5197 1206 5284 il.
1239 5195 1352 5251 Hoc
1375 5209 1546 5252 autem
1581 5195 1748 5266 pacto.
1827 5202 1874 5241 |‘
1903 5204 2033 5260 Cod.
2064 5205 2303 5276 neglegit,
2336 5205 2402 5258 Μ.
2434 5202 2674 5271 neglexit.
2755 5202 2793 5242 ιδ
2833 5195 2964 5256 Coll.
2997 5209 3269 5270 negestate.

1755 5319 1932 5374 ΝΟΤΑ
1945 5323 2004 5377 Ε.

311 5433 341 5461 ι
379 5419 601 5476 Nattam
630 5423 826 5477 malum
858 5425 954 5478 nisi
980 5442 1042 5479 ea.
1065 5425 1217 5479 bono.
1249 5423 1414 5480 Pnuo.

314 5491 343 5529 δ
367 5491 556 5546 Matth.
579 5492 690 5554 XII,
717 5495 788 5549 35

311 5570 335 5600 ¢
364 5560 574 5616 COIOSs.
607 5565 670 5622 ΙΙ,
701 5567 754 5616 5.

308 5631 338 5670 ἀ
373 5633 543 5686 Eccli.
677 5637 757 5688 ιδ.

1997 5445 2021 5504 9
2053 5435 2330 5504 Augustin.
2355 5436 2418 5488 de
2454 5451 2570 5488 rem
2597 5433 2761 5504 Reltg.
2787 5448 2833 5485 c.
2864 5429 2954 5483 20'.

2001 5503 2018 5540 ¹
2056 5503 2184 5573 Snp.
2223 5505 2262 5560 Ι.
2295 5505 2377 5556 15.

1996 5575 2019 5613 ⁸
2047 5576 2200 5628 lL‘or.
2229 5574 2342 5630 XV.
2365 5573 2455 5628 :30.
