3904 6148
366 284 470 371 ω
956 316 961 321 ‘
1463 380 1491 417 Ι

1731 304 2011 362 JOANNIS
2053 303 2247 360 SCOTI

3481 293 3583 354 dii

364 422 504 477 male
534 421 731 475 utendo
782 420 957 473 anima
999 417 1431 487 corruptionibus
1463 409 1742 471 'nosiavit?
1791 416 1928 481 Quid
1962 423 1999 476 Λ
2033 416 2097 470 de
2122 431 2225 484 quo
2263 416 2530 469 hominem
2557 415 2733 469 divina
2762 416 2869 469 non
2914 409 3141 468 absolvit
3184 410 3493 477 clementia,
3534 410 3584 470 il

368 523 548 565 autem
585 509 607 544 ί
659 508 825 567 dolor,
850 508 939 577 qui
971 507 1165 562 dicitur
1201 507 1386 569 animi,
1424 506 1525 560 nisi
1549 520 1731 559 carere
1753 513 1926 557 muta-

370 599 564 654 lnlibus
609 597 788 660 rebus,
840 595 1031 662 quibus
1075 594 1373 658 fruebatur,
1412 602 1503 647 aut
1543 592 1649 646 frui
1679 607 1735 647 se
1771 604 1929 660 posse

369 687 617 757 sperabat
634 685 656 736 i
672 686 781 738 lloc
806 684 826 713 '
849 690 931 736 est
959 682 1301 752 totum,quod
1325 682 1756 746 diciturmalum,
1782 681 1832 734 id
1848 692 1931 734 cst

370 782 643 842 peccatum
688 779 741 825 et
785 784 954 839 poena
1004 772 1211 840 peccati
1262 789 1280 822 ι
1336 783 1384 826 ι.
1426 770 1687 838 Quocirca
1751 770 1927 825 divina

368 863 610 930 aequitas
635 874 740 913 non
767 859 938 929 punit.
968 860 1110 928 quod
1139 875 1234 913 sua
1258 859 1467 915 bonitas
1492 874 1677 916 creare
1697 859 1881 914 voluit.

439 951 525 1006 Vl.
555 949 749 1006 Procul
777 951 937 1005 dubio
961 949 1123 1021 igitur
1166 953 1476 1016 tenendum,
1524 952 1723 1006 nullam
1774 962 1930 1006 uatu-

369 1058 482 1100 ram
526 1044 595 1099 ab
621 1041 723 1097 alia
754 1052 945 1097 natura
969 1044 1171 1112 puniri,
1203 1059 1264 1100 ac
1295 1060 1389 1115 per
1429 1046 1531 1101 hoc
1565 1044 1765 1099 nullam
1800 1058 1928 1115 poe-

370 1150 492 1190 nam
518 1148 548 1187 a
574 1134 681 1188 Deo
706 1147 825 1187 esse
858 1130 1074 1198 factam,
1103 1132 1432 1203 subimbque
1461 1149 1559 1189 nec
1586 1134 1655 1188 ab
1681 1148 1747 1188 eo
1777 1148 1931 1202 prae-

368 1228 583 1290 scitam,
600 1239 697 1279 nec
716 1223 1166 1293 praedestinatam
1189 1223 1210 1255 ³
1239 1241 1253 1290 ;
1280 1226 1526 1293 quamvis
1540 1240 1700 1293 saepe
1721 1225 1931 1280 dicatur

366 1324 418 1370 et
442 1314 654 1378 fecisse,
686 1321 735 1365 et
762 1313 1079 1401 praescisse,
1100 1313 1183 1365 vel
1207 1315 1649 1382 praedestinassc.
1674 1315 1755 1369 Ad
1777 1330 1932 1369 exer-

364 1407 550 1460 citium
571 1404 767 1474 quippe
789 1412 1001 1458 nostrae
1024 1403 1402 1473 intelligentiae
1431 1405 1569 1459 Deus
1602 1404 1928 1474 procuravit,

367 1505 421 1551 et
450 1497 503 1550 in
535 1493 834 1564 Scripturis
861 1494 991 1558 suis,
1020 1504 1074 1549 ct
1102 1495 1154 1548 in
1188 1495 1570 1549 tractatoribus
1594 1494 1726 1562 ejus,
1754 1504 1812 1548 ut
1838 1510 1932 1549 au-

370 1588 574 1642 dientes
603 1586 737 1638 tales
762 1583 1087 1638 locutionum
1128 1584 1312 1638 modos
1335 1583 1615 1653 evigilaret
1640 1593 1819 1638 nostra
1848 1583 1930 1637 in-

370 1677 536 1730 tentio
556 1675 621 1729 ad
646 1673 1065 1742 intelligendum,
1091 1673 1217 1743 quid
1235 1671 1257 1703 θ
1285 1673 1335 1727 in
1352 1673 1431 1728 eis
1452 1674 1733 1744 mysticum
1749 1673 1930 1738 lateat,

2033 507 2331 577 praesentis
2359 506 2613 576 temporis
2639 505 2816 560 studio
2858 504 3139 561 libidinose
3166 502 3464 558 forinsecus
3487 501 3585 555 mi-

2032 612 2209 652 serum
2249 606 2559 666 peccantem
2610 598 2662 650 in
2703 611 2874 663 coque
2913 603 3344 663 perseverantem
3370 592 3590 648 delecta-

2034 698 2121 742 tur
2150 689 2171 721 ⁸
2197 728 2213 754 ,
2259 689 2583 743 intrinsecus
2618 702 2747 741 vero
2777 702 2834 740 se
2882 687 3055 754 ipsum
3093 685 3268 755 punit.
3311 684 3368 739 In
3415 684 3595 739 futuro

2031 787 2230 841 autem,
2255 792 2376 831 cum
2408 776 2680 846 plenitudo
2706 776 2998 844 impietatis
3027 782 3243 844 peracta
3274 772 3453 836 fuerit,
3486 791 3598 828 om-

2033 867 2121 921 nia
2144 867 2253 928 illa,
2273 882 2409 935 quae
2439 866 2525 920 hic
2546 865 2780 927 fuerant,
2807 864 3193 918 delectamenta
3222 861 3429 931 peccati
3453 872 3627 915 cmn-.

2032 956 2276 1010 mittendi
2300 955 2409 1010 illic
2434 962 2714 1008 vertentur
2743 954 2794 1007 in
2822 953 3179 1007 instrumenta
3223 951 3428 1020 peccati
3466 968 3594 1005 cru-

2031 1046 2229 1100 eiandi.
2281 1044 2568 1099 Peccatum
2627 1044 2806 1112 itaque
2850 1043 3071 1097 omnino
3131 1049 3350 1112 peccato
3404 1053 3456 1094 et
3502 1042 3601 1098 hic

2036 1136 2246 1192 occulte
2294 1135 2548 1204 incipitur
2592 1134 2788 1205 puniri,
2831 1140 2887 1187 ct
2928 1132 3037 1188 illic
3074 1143 3258 1201 aperte
3291 1131 3601 1202 perﬁcietur

2031 1226 2304 1296 torqueri;
2346 1224 2435 1278 hic
2458 1223 2667 1277 initium
2704 1222 2969 1287 dolorum,
2999 1220 3107 1277 illic
3145 1220 3266 1275 linis
3310 1219 3603 1288 supplicio-

2032 1332 2188 1380 rum;
2223 1316 2311 1370 hic
2340 1315 2470 1369 falsa
2515 1313 2714 1369 laetitia
2745 1312 2811 1367 de
2851 1310 3153 1365 voluntaria
3201 1310 3443 1373 libidine,
3484 1323 3600 1363 une

2032 1423 2156 1463 vera
2185 1406 2399 1461 tristitia
2430 1405 2496 1459 de
2528 1404 2827 1458 necessaria
2857 1402 3124 1472 passione.
3171 1398 3361 1455 Merito
3396 1400 3603 1469 quippe

2033 1499 2329 1569 perniciosa
2365 1496 2453 1551 hic
2476 1494 2700 1549 dulcedo
2721 1492 2956 1548 libidinis
2979 1491 3086 1545 illic
3111 1498 3351 1545 vertetur
3372 1490 3426 1544 in
3450 1504 3604 1543 ama-

2034 1592 2319 1647 ritudinem
2350 1588 2593 1652 ultionis,
2616 1596 2695 1651 ut,
2717 1586 2842 1655 quia
2872 1585 2961 1640 hic
2984 1586 3179 1640 donum
3203 1583 3414 1638 divinae
3445 1581 3608 1651 largi-

2034 1684 2178 1746 tatis,
2204 1682 2306 1736 hoe
2321 1690 2422 1744 est,
2450 1679 2675 1733 liberum
2703 1676 2992 1730 voluntatis
3015 1675 3318 1738 arbitrium,
3348 1675 3493 1745 quod
3521 1682 3610 1727 est

369 1781 473 1820 non
522 1765 649 1835 quid
696 1764 980 1818 verborum
1029 1752 1253 1832 simplei
1298 1764 1612 1832 superficies
1661 1764 1928 1820 ostendat.
1964 1760 2006 1818 Β
2042 1770 2300 1826 naturalis
2330 1767 2709 1836 intelligentiae
2740 1779 2932 1820 munus
2954 1763 2998 1827 ⁸,
3032 1764 3085 1818 id
3108 1772 3190 1819 est
3211 1763 3409 1818 mentis
3434 1763 3609 1823 acies.

368 1854 515 1923 Quae
541 1868 661 1908 cum
685 1853 756 1906 ita
787 1852 915 1917 sint,
940 1852 1134 1905 merito
1155 1852 1449 1921 quaeritur,
1483 1852 1608 1921 quid
1640 1853 1858 1923 punitur
1878 1854 1931 1908 in

372 1930 581 1999 miseris
605 1942 982 2023 suppliciorum
1013 1942 1340 1999 cruciatibus
1365 1944 1682 2012 plectendis,
1713 1957 1767 2000 et
1805 1946 1932 2015 quid

362 2034 541 2103 punit.
564 2033 661 2087 Cui
707 2031 1035 2101 inquisitioni
1077 2034 1263 2087 beatus
1292 2041 1447 2102 pater
1482 2035 1812 2103 Augustinus
1850 2050 1934 2090 re-

364 2125 647 2194 spondeat,
699 2122 788 2191 qui
828 2122 881 2176 in
921 2122 1254 2191 eXpositione
1293 2122 1481 2192 psalmi
1531 2125 1741 2192 septimi
1787 2125 1809 2157 ⁸
1856 2126 1934 2181 sic

366 2218 444 2268 ait
489 2234 501 2269 :
546 2232 564 2266 ι
607 2213 988 2283 lntelligamus,
1024 2213 1307 2282 unicuique
1359 2214 1559 2269 homini
1616 2214 1931 2285 supplicium

376 2304 488 2359 fieri
529 2304 594 2358 de
633 2310 854 2372 peccato
885 2316 1001 2367 suo,
1035 2311 1087 2355 et
1115 2301 1231 2371 ejus
1256 2301 1672 2371 iniquitatemiin
1707 2317 1933 2374 poenam

370 2393 629 2459 converti,
660 2407 761 2449 nec
780 2404 1049 2462 putemus,
1082 2392 1224 2447 illam
1254 2393 1688 2463 tranquillitatem
1720 2404 1773 2448 et
1804 2393 1935 2448 incf-

370 2481 528 2536 fabile
552 2482 729 2536 lumen
757 2481 851 2537 Dei
883 2483 947 2538 de
970 2499 1027 2537 se
1040 2482 1294 2553 proferre,
1315 2483 1455 2539 unde
1475 2492 1691 2553 peccata
1717 2484 1935 2553 punian-

372 2585 477 2639 tur,
520 2574 611 2629 sed
638 2574 752 2645 ipsa
774 2585 994 2644 peccata
1024 2575 1103 2628 sic
1129 2574 1401 2638 ordinare,
1441 2582 1520 2638 ut,
1553 2588 1690 2643 quae
1720 2574 1935 2629 fuerunt

370 2664 755 2719 delectamenta
820 2663 1019 2717 homini
1070 2662 1349 2731 peccanti,
1410 2663 1518 2717 sint
1579 2661 1933 2717 instrumenta

372 2754 597 2810 Domino
625 2752 864 2822 punienti
902 2770 919 2803 ι
957 2738 1250 2820 b,'pnlchre
1271 2752 1484 2822 quidem
1509 2759 1669 2821 atque
1698 2753 1936 2822 praecla-

372 2857 431 2898 re
460 2842 751 2909 deﬁniens,
796 2857 901 2897 non
930 2857 1046 2897 esse
1076 2842 1179 2895 alia
1217 2846 1569 2897 instrumenta
1607 2846 1937 2912 torquendac

371 2932 680 3004 impietatis,
696 2942 912 3004 praeter
941 2933 1080 2986 illam
1107 2934 1274 3001 ipsam
1302 2932 1649 3003 impietatem.
1676 2935 1845 2991 Omne
1869 2936 1938 2991 si-

372 3021 584 3092 quidem
613 3030 912 3091 peccatum,
959 3022 1111 3091 quod
1141 3023 1205 3076 iir
1238 3023 1337 3077 hac
1385 3023 1494 3077 vita
1545 3023 1828 3080 inchoatur
1869 3027 1938 3082 ab

2035 1877 2196 1934 quam
2219 1859 2462 1915 conditor
2499 1856 2747 1911 omnibus
2788 1852 3113 1925 generaliter
3154 1853 3375 1907 donavit
3418 1853 3485 1906 ad
3548 1866 3611 1905 se

2035 1951 2418 2025 quaerendum,
2443 1946 2789 2017 diligendum,
2820 1943 3122 2008 fruendum,
3156 1942 3211 1996 in
3237 1958 3364 1996 usus
3379 1942 3611 2010 turpitu-

2035 2042 2175 2097 diuis
2201 2048 2408 2095 mutare
2437 2035 2794 2106 superbiendo
2820 2031 3146 2104 nequissime
3175 2031 3438 2093 voluerat,
3471 2031 3609 2094 illic,

2035 2151 2103 2191 ne
2122 2132 2340 2188 omnino
2359 2128 2602 2184 veritatis
2628 2128 2905 2182 honestate
2931 2125 3159 2190 fruatur,
3179 2122 3388 2193 iustitia
3411 2122 3459 2155 “
3487 2140 3615 2193 per-

2035 2227 2143 2291 dat,
2172 2231 2311 2279 eteo
2331 2233 2552 2277 carcere
2574 2216 2878 2287 iniquitatis
2899 2217 3164 2287 propriae,
3196 2214 3249 2268 in
3272 2221 3377 2284 quo
3406 2213 3497 2270 hic
3549 2229 3613 2269 se

2037 2320 2205 2388 ipsum
2230 2313 2538 2377 incluserat,
2555 2309 2805 2366 tenebras
2823 2319 3072 2363 aeternae
3097 2305 3431 2374 ignorantiae
3458 2306 3614 2360 inex-

2038 2404 2351 2462 tricabiliter
2376 2400 2779 2472 poenaliterque
2802 2412 2910 2453 non
2923 2390 3105 2452 evitet.

2105 2494 2235 2550 Vill.
2277 2493 2413 2548 Hinc
2439 2490 2770 2561 Augustinus
2793 2488 2847 2543 in
2879 2488 3016 2543 libro
3039 2488 3106 2543 de
3130 2501 3259 2541 vera
3288 2484 3574 2556 Religione
3599 2503 3613 2537 :

2042 2608 2058 2640 ι
2078 2587 2180 2654 Qui
2197 2600 2325 2656 ergo
2345 2604 2361 2635 ι
2375 2623 2390 2649 ,
2407 2582 2599 2652 inquit,
2624 2598 2642 2632 ι
2665 2579 2801 2635 male
2816 2589 3036 2634 utuntur
3054 2586 3203 2632 tanto
3221 2576 3417 2632 mentis
3443 2577 3615 2641 bono,

2037 2685 2097 2733 ut
2143 2685 2295 2729 extra
2332 2687 2451 2727 eam
2495 2669 2726 2725 visibilia
2767 2669 2935 2740 magis
2969 2676 3255 2737 appetant,
3303 2664 3498 2734 quibus
3544 2666 3619 2718 ad

2036 2762 2414 2833 conspicienda
2447 2769 2500 2817 et
2526 2760 2786 2830 diligenda
2815 2756 3167 2828 intelligibilia
3190 2755 3617 2810 commemorari

2037 2856 2362 2917 debuerunt,
2391 2850 2664 2906 dabuntur
2686 2849 2764 2903 eis
2789 2847 3086 2926 exteriores
3113 2844 3383 2908 tenebrae,
3411 2844 3621 2899 barum

2038 2945 2233 3015 quippe
2264 2941 2475 2998 initium
2506 2949 2589 2995 est
2612 2938 2794 2994 carnis
2817 2936 3101 3007 prudentia
3129 2945 3185 2989 et
3213 2950 3465 2990 sensuum
3491 2948 3625 2989 cor-

2041 3048 2327 3105 poreorum
2377 3030 2809 3093 imbecillitas“,
2855 3035 2913 3083 et
2953 3028 3044 3097 qui
3089 3027 3475 3081 certaminibus
3518 3027 3623 3081 de-

372 3113 587 3168 ιιοηιίηθ
630 3110 1037 3177 ἀυιεοιθιὶίιίιθνι
1087 3112 1362 3181 Ρθτίῖεῖῑυΐ
1395 3114 1447 3167 ill
1499 3114 1681 3169 Γυῑυτο
1708 3117 1941 3183 Poenali-
1969 3113 2012 3174 C
2044 3125 2333 3187 lectantur,
2367 3120 2742 3176 alicnabuntur
2780 3133 2811 3172 a
2849 3124 3014 3186 pace,
3045 3125 3100 3170 et
3128 3116 3352 3170 summis
3381 3112 3626 3169 ditlicul-

373 3211 455 3255 ter
501 3200 546 3265 ⁸,
581 3201 682 3255 nisi
713 3201 780 3255 ab
807 3217 872 3256 eo
910 3201 1079 3272 gratia
1106 3200 1284 3254 divina
1306 3217 1402 3271 per
1438 3200 1622 3257 Jesum
1661 3204 1934 3260 Christum

378 3294 659 3348 Dominum
704 3302 760 3348 et
786 3292 1108 3348 salvatorem
1150 3293 1335 3347 nmndi
1386 3293 1714 3360 liberaverit,
1763 3297 1937 3365 prius-

377 3400 539 3454 quam
564 3384 630 3438 de
658 3383 758 3437 hoc
804 3382 984 3438 seculo
1022 3390 1345 3436 transeatur.
1371 3381 1582 3439 Nullum
1610 3394 1787 3439 autem
1809 3400 1937 3456 pec-

376 3486 556 3531 catum
573 3483 678 3541 est,
700 3476 842 3546 quod
856 3490 960 3529 non
984 3483 1292 3543 peccantem
1313 3475 1517 3543 puniat.
1542 3475 1595 3528 ln
1625 3476 1769 3529 omni
1795 3475 1937 3530 enim

374 3575 655 3635 peccatore
677 3565 834 3621 simul
851 3565 1110 3634 incipiunt
1137 3564 1265 3619 oriri
1291 3575 1346 3619 et
1366 3574 1664 3633 peccatum,
1694 3575 1749 3619 et
1769 3580 1939 3635 poena

375 3657 510 3724 ejus,
539 3655 663 3725 quia
693 3655 892 3709 nullum
918 3658 1192 3725 peecatuiu
1223 3664 1328 3721 est,
1352 3655 1495 3725 quod
1520 3672 1623 3710 non
1669 3671 1727 3712 se
1765 3656 1939 3726 ipsum

375 3745 583 3815 puniat,
614 3743 825 3799 occulte
856 3753 1031 3798 tamen
1069 3745 1119 3797 in
1172 3744 1273 3800 hac
1318 3745 1449 3810 vita,
1495 3754 1680 3815 aperte
1722 3761 1849 3801 vero
1887 3747 1939 3800 in

376 3838 568 3901 altera,
600 3851 739 3905 quae
767 3843 849 3889 est
875 3833 1074 3890 futura.

451 3926 556 3980 νυ.
585 3925 734 3992 Quod
776 3924 1209 3981 manifestissime
1251 3926 1513 3997 probatur
1548 3926 1761 3982 virtutis
1789 3942 1943 3993 argu-

379 4028 579 4075 mento.
630 4018 817 4074 Omnis
842 4018 1035 4089 quippe
1060 4018 1229 4073 virtus
1260 4033 1480 4073 necesse
1508 4027 1590 4073 est
1618 4019 1670 4072 in
1713 4019 1815 4075 hac
1835 4020 1942 4074 vita

377 4108 563 4178 incipi,
586 4116 641 4163 et
665 4108 719 4162 in
746 4106 926 4162 futuro
953 4107 1270 4178 perpetrari,
1313 4108 1385 4161 ita
1410 4117 1486 4172 ut,
1518 4108 1562 4162 si
1600 4122 1725 4161 vera
1750 4110 1841 4174 sit,
1870 4109 1944 4164 si-

380 4198 489 4252 mul
518 4214 640 4254 cum
665 4212 728 4253 ea
754 4197 1027 4253 beatitudo
1054 4211 1147 4251 sua
1185 4197 1394 4251 initium
1434 4198 1689 4252 sortiatur
1706 4180 1941 4266 occulte,

383 4300 570 4362 aperte
594 4306 721 4346 vero
738 4291 993 4347 'laborem
1037 4298 1254 4361 propter
1279 4290 1617 4344 adversantia
1647 4291 1768 4356 sibi,
1798 4306 1944 4346 eam-
1986 4306 1989 4313 '

381 4399 486 4452 que
515 4384 730 4453 penitus
757 4382 970 4439 auferre
1010 4383 1259 4438 volentia.
1304 4383 1369 4437 Et
1395 4385 1496 4439 hoc
1536 4384 1588 4438 in
1626 4383 1784 4452 hujus
1802 4386 1944 4439 vitae

2039 3215 2242 3269 tatibus
2270 3210 2709 3281 implicabuntur.
2750 3207 2967 3262 Initium
3007 3205 3152 3260 enim
3197 3220 3437 3260 summae
3470 3204 3621 3281 ditii-

2039 3304 2258 3360 cultatis
2281 3312 2365 3358 est
2386 3301 2582 3357 bellum
2607 3310 2767 3368 atque
2788 3297 3086 3362 contentio,
3106 3296 3285 3351 ethoc
3310 3295 3632 3366 signiﬁcare

2042 3395 2297 3458 arbitror,
2326 3390 2470 3462 quod
2501 3390 2732 3461 ligantur
2759 3389 2833 3442 eis
2858 3403 3046 3440 manus
3079 3394 3127 3440 et
3164 3386 3316 3455 pedes
3338 3396 3386 3449 ο,
3425 3385 3480 3439 id
3510 3395 3630 3452 est,

2042 3484 2271 3540 facilitas
2302 3482 2480 3539 omnis
2509 3478 2752 3534 aufertur
2790 3477 3079 3549 operandi,
3125 3484 3184 3532 et
3224 3476 3313 3544 qui
3362 3474 3520 3529 sitire
3571 3485 3633 3530 et

2042 3576 2250 3631 esurire
2277 3571 2482 3634 t'olunt,
2513 3578 2567 3624 et
2592 3569 2646 3623 in
2675 3567 2953 3622 libidinem
2996 3567 3279 3621 ardescere
3320 3572 3377 3618 et
3417 3562 3633 3619 defati-

2044 3665 2183 3737 gari,
2210 3672 2268 3717 ut
2298 3662 2526 3717 libenter
2553 3658 2735 3724 edant,
2766 3667 2823 3714 et
2846 3658 3053 3720 bibant,
3072 3666 3127 3712 et
3150 3655 3538 3719 concumbant,
3573 3664 3638 3710 et

2047 3753 2341 3817 dormiant,
2363 3759 2546 3805 amant
2569 3748 2940 3816 indigentiam,
2966 3747 3106 3815 quod
3128 3756 3212 3802 est
3236 3745 3447 3800 initium
3472 3760 3637 3798 sum-

2044 3858 2256 3899 morum
2278 3840 2545 3898 dolorum.
2575 3838 2891 3893 l’erlicietur
2912 3851 3043 3907 ergo
3063 3837 3117 3890 in
3144 3835 3225 3891 eis
3245 3834 3383 3904 quod
3411 3843 3634 3898 amant,

2046 3944 2100 3988 ut
2142 3932 2212 3986 ibi
2252 3931 2326 3985 eis
2372 3930 2436 3983 sit
2477 3926 2711 3999 ploratus
2753 3937 2801 3981 et
2850 3926 3045 3980 stridor
3088 3923 3388 3979 dentiumd.
3432 3923 3639 3980 Plures

2043 4024 2189 4079 enim
2220 4031 2369 4084 sunt,
2401 4019 2491 4089 qui
2524 4019 2659 4073 haec
2689 4016 2870 4071 omnia
2905 4016 3056 4070 initia
3092 4012 3249 4070 simul
3279 4013 3536 4081 diligunt,
3579 4025 3640 4070 et

2045 4127 2273 4183 quorum
2308 4109 2418 4163 vita
2448 4115 2532 4162 est
2562 4114 2828 4175 spectare,
2873 4103 3218 4169 contendere,
3268 4102 3637 4165 manducare,

2043 4203 2251 4266 bibere,
2282 4197 2658 4257 concumbere,
2689 4194 2945 4259 dormire,
2977 4201 3030 4248 et
3074 4192 3136 4277 in‘
3166 4189 3499 4261 cogitatione
3531 4205 3639 4245 sua

2046 4291 2179 4346 nihil
2204 4287 2369 4353 aliud,
2397 4301 2556 4357 quam
2585 4285 3138 4355 phantasmata,quae
3154 4282 3229 4339 .de
3258 4279 3346 4335 tali
3376 4279 3488 4333 vita
3523 4280 3644 4334 col-

2049 4383 2241 4453 ligunt,
2271 4376 2567 4447 amplexari
2595 4417 2610 4441 ,
2645 4383 2700 4429 et
2729 4388 2797 4429 ex
2823 4389 3009 4428 eorum
3040 4371 3252 4426 fallacia
3288 4370 3645 4437 superstitio-

382 4476 558 4544 spatio
585 4474 701 4529 ﬁeri
740 4490 953 4544 semper
973 4474 1280 4530 inevitabile
1304 4485 1406 4531 est.
1433 4475 1489 4529 lu
1547 4490 1610 4531 ea
1659 4490 1783 4530 vero
1810 4476 1942 4541 vita,
1977 4465 2021 4521 1)
2049 4473 2134 4525 uis
2163 4470 2248 4525 vel
2276 4466 2568 4537 impietatis
2598 4463 2811 4535 regulas
2838 4463 2999 4535 ﬁgere
3028 4470 3094 4527 η,
3125 4462 3320 4530 quibus
3349 4457 3645 4527 decipiun-

385 4565 437 4618 in
466 4579 570 4634 qua
598 4563 774 4619 omnis
799 4564 970 4632 pietas
998 4563 1290 4633 perficitur,
1337 4575 1657 4635 consumpto
1685 4565 1829 4621 omni
1870 4565 1946 4619 la—

386 4656 516 4710 bore
528 4653 893 4709 defendendae
918 4653 1148 4717 virtutis,
1179 4655 1290 4723 ipsa
1312 4656 1626 4726 sibimetipsi
1652 4656 1755 4710 erit
1772 4670 1877 4725 pax
1894 4664 1949 4710 et

386 4742 664 4799 beatitudo
690 4740 735 4798 '.
778 4740 870 4797 Sic
904 4741 1064 4812 igitur
1093 4756 1123 4796 e
1146 4743 1418 4799 contrario
1463 4759 1621 4799 omne
1643 4754 1945 4814 peccatum,

2054 4572 2162 4627 tur,
2184 4569 2239 4616 et
2260 4560 2455 4630 quibus
2481 4559 2788 4622 inhaerent,
2818 4554 3031 4611 etiamsi
3057 4555 3126 4609 ab
3154 4552 3422 4608 illecebris
3447 4553 3645 4606 carnis

2054 4660 2314 4710 conentur
2345 4646 2662 4723 [abstinere]
2681 4645 2750 4713 “,
2783 4647 2907 4717 quia
2948 4660 3053 4700 non
3101 4646 3239 4699 bene
3278 4650 3507 4696 utuntur
3551 4649 3643 4693 ta-

2057 4745 2202 4800 lento
2228 4741 2329 4798 sibi
2356 4740 2669 4804 commisso,
2697 4738 2863 4803 idest,
2884 4737 3079 4791 mentis
3094 4737 3228 4801 acie,
3255 4748 3361 4804 qua
3377 4732 3648 4786 videntur

1683 4874 1933 4932 VARIAE
1971 4872 2350 4930 LECTIONES

457 4988 479 5024 ⁸
511 4986 602 5042 Sic
621 4985 764 5051 cod.,
793 4982 862 5038 ai.
886 4989 1203 5109 corruﬁtioni
1222 4988 1340 5058 fecit
1366 4990 1660 5045 obnoxiam.
1689 4990 1828 5056 Quid
1860 4999 1934 5044 est
1963 5003 2157 5044 autem.
2229 4991 2250 5021 ³
2296 4988 2386 5044 Sic
2414 4990 2555 5051 cod.,
2594 4986 2663 5041 ai.
2692 4996 3001 5087 speraverat.
3038 4982 3106 5037 Ut
3147 4986 3261 5037 hoc.
3338 4982 3379 5035 ³.
3409 4980 3505 5035 illa
3550 4982 3632 5037 al.

457 5100 462 5109 .
508 5058 575 5109 ad
622 5070 786 5109 mare.
813 5055 988 5109 adscr.
1079 5057 1238 5109 ullam
1268 5075 1485 5109 noenum
1525 5078 1557 5109 a
1592 5059 1699 5109 Deo
1728 5062 2031 5109 nraescilnm
2064 5075 2155 5109 nec
2184 5059 2641 5109 praedestinatum.
2791 5055 2880 5109 Sic
2921 5054 3066 5109 eod..
3100 5053 3170 5107 Μ.
3201 5052 3360 5109 quod.
3439 5049 3464 5082 ⁸
3493 5051 3632 5106 Cod.

390 5078 462 5116 m.
508 5058 575 5112 ad
622 5070 786 5125 marg.
813 5055 988 5109 adscr.

1079 5057 1238 5130 ullam
1266 5075 1485 5130 poenam
1525 5078 1557 5113 a
1592 5059 1699 5114 Deo
1727 5062 2031 5130 praescitam
2064 5075 2155 5113 nec
2182 5059 2641 5130 praedestinatam.

389 5147 485 5186 vn.
558 5125 581 5158 ⁸
609 5124 699 5181 Illa
722 5123 789 5179 al.
810 5140 879 5197 tu.
899 5126 964 5197 ad
982 5141 1152 5197 marg.
1172 5123 1346 5182 adscr.
1376 5128 1528 5193 Quod
1548 5133 1602 5183 in
1623 5123 1836 5184 Itac'vita
1858 5130 2133 5184 inchoatur
2163 5123 2447 5195 peccatum,
2468 5129 2522 5179 in
2551 5126 3082 5197 [nturoperﬁciet‘ura
3138 5123 3159 5155 ⁷

3238 5052 3360 5104 uad.
3439 5049 3464 5082 ⁸
3493 5051 3646 5107 Cod.

3236 5122 3320 5175 ad.
3342 5119 3412 5173 al.
3452 5137 3531 5173 m.
3572 5121 3650 5175 ad

2791 5055 2880 5111 Sic
2921 5054 3066 5118 cod.,
3100 5053 3170 5107 Μ.

393 5214 565 5271 inarg.
597 5197 772 5272 adscr.
806 5190 1168 5272 beatitudine?»
1201 5190 1962 5272 homini-{virtutesaicitesse.
2024 5198 2060 5272 ξ
2081 5190 2198 5272 cod.
2220 5197 2527 5272 dilectatur,
2551 5190 2918 5272 Μ-ηάειὲειᾴιλ
3029 5194 3118 5272 Illa
3141 5193 3321 5272 tu.
3352 5190 3419 5243 ad
3452 5205 3644 5272 marg.

391 5265 566 5326 adscr.
600 5267 792 5338 donum
819 5265 1019 5338 gratiae
1048 5266 1338 5338 naturalem
1379 5267 1502 5324 dicit
1532 5268 1943 5338 intelligentiam.

391 5342 536 5405 cod.,
564 5337 633 5393 al.
664 5333 878 5406 ﬁngere.
953 5333 999 5365 ³³
1024 5334 1281 5388 abstinere
1316 5351 1424 5391 om.
1455 5339 1599 5405 cod.,
1638 5333 1758 5394 add.
1800 5339 1849 5393 M

2021 5268 2064 5298 "
2104 5267 2193 5322 Sic
2219 5266 2314 5331 lit,
2347 5267 2465 5320 cod.
2479 5266 2737 5335 justitiac.
2816 5271 2859 5306 ³⁸
2882 5263 3011 5320 Cod.
3064 5261 3379 5317 imbicilitas.

3461 5262 3508 5292 “
3547 5259 3653 5316 Sic

1865 5468 2044 5525 ΝΟΤΑ
2055 5468 2113 5522 E.

469 5603 492 5626 “
530 5602 803 5670 Augustin.
832 5601 1031 5670 ὤεα-..βε
1069 5572 1281 5670 “uno

470 5671 498 5699 ι’
528 5659 657 5743 Aug:
689 5674 740 5723 in
767 5670 900 5739 psul.
928 5667 996 5723 Ἠ
1029 5661 1127 5716 sub
1155 5659 1337 5714 linem.

2147 5591 2170 5618 ο
2212 5576 2584 5634 Mattlt.XXll.
2622 5577 2706 5629 13.

2122 5650 2147 5690 tl
2191 5648 2376 5701 Matth.
2406 5647 2541 5705 XIII.
2575 5648 2661 5700 50.
