3904 6148
302 266 389 331 4θό
1368 271 1566 329 LIBER
1610 274 1695 329 DE
1728 272 2425 332 [’llAEl‘iLSTlXATlONE.
2739 284 2759 309 ⁸

301 392 477 441 omnes,
507 376 598 446 qui
626 375 799 442 docti,
826 386 917 432 aut
948 376 1156 445 urbani,
1185 390 1275 437 aut
1298 383 1453 438 laccti
1478 384 1841 447 nominantur,
1875 391 1917 447 Λ

298 467 563 533 excellere;
593 469 686 524 sed
714 470 913 525 habent
947 486 1065 526 eam
1096 458 1148 526 in
1168 472 1382 529 sudario
1427 473 1707 543 obligatam
1732 473 1747 504 ¹
1787 485 1835 536 α.

298 568 375 611 aut
400 566 607 611 interra
638 558 877 613 obrutam
902 561 952 625 1³,
991 561 1042 614 id
1072 569 1175 624 est,
1206 562 1446 617 delicatis
1479 572 1535 616 et
1562 561 1840 633 superﬂuis

292 653 455 711 rebus,
488 656 579 701 aut
607 649 840 704 terrenis
878 650 1261 720 cupiditatibus
1310 652 1599 706 involutam
1648 662 1697 707 et
1744 669 1842 722 op-

294 751 529 806 pressam.
571 737 900 809 Ligabuntur
938 758 1059 810 ergo
1127 742 1209 796 Itis
1256 758 1440 797 manus
1484 753 1531 798 et
1574 744 1747 813 pedes,
1794 755 1841 798 et

300 828 535 883 mittentur
566 830 624 883 in
662 831 894 885 tenebras
930 832 1230 896 exteriores,
1267 834 1335 886 ibi
1366 836 1461 888 erit
1514 835 1753 905 ploratus
1792 843 1840 888 et

296 920 466 975 stridor
504 919 739 974 dentium
767 931 818 984 ο,
866 936 970 975 non
1018 922 1140 990 quia
1190 922 1300 991 ipsa
1348 922 1679 986 dilexerunt,
1722 924 1842 993 quis

296 1012 419 1065 enim
447 1010 575 1066 haec
604 1011 817 1081 diligat,
855 1012 948 1066 sed
990 1012 1116 1081 quia
1162 1012 1248 1066 illa
1272 1053 1284 1076 ,
1332 1028 1469 1082 quae
1513 1012 1840 1079 dilexerunt,

300 1098 429 1154 initia
459 1099 683 1155 istorum
719 1109 874 1164 sunt,
919 1110 975 1155 et
1003 1102 1308 1156 necessario
1350 1102 1677 1156 dilectores'
1716 1118 1843 1157 suos

299 1190 353 1242 ad
380 1189 470 1241 ista
504 1188 831 1259 perducunt.
882 1188 981 1256 Qui
1030 1190 1172 1259 enim
1226 1189 1397 1258 magis
1441 1198 1623 1245 amant
1668 1191 1689 1221 ³
1732 1191 1840 1253 ire,

302 1291 439 1344 quam
474 1276 673 1340 redire,
721 1286 812 1330 aut
854 1277 1161 1347 pervenire,
1235 1278 1286 1332 in
1331 1277 1620 1347 longinqua
1646 1278 1667 1310 δ
1714 1281 1840 1333 mit-

304 1367 424 1421 tendi
451 1376 587 1432 sunt,
622 1366 874 1436 quoniam
902 1384 1022 1421 caro
1049 1377 1191 1434 sunt,
1229 1377 1277 1420 et
1304 1368 1517 1437 spiritus
1543 1368 1841 1437 ambulans,

300 1466 338 1510 et
361 1470 449 1506 non
475 1462 724 1508 revertens
745 1453 770 1493 ά
799 1474 838 1511 r.

318 1540 435 1594 ‘lX.
474 1540 567 1596 Cui
612 1544 882 1598 consentit
926 1544 1297 1599 sanctissimus
1355 1544 1840 1615 veracissimusque

306 1622 424 1691 Papa
448 1628 730 1701 Gregorius
762 1632 816 1686 in
845 1647 896 1686 xl
929 1631 1066 1687 libro
1098 1633 1149 1686 in
1188 1631 1313 1699 Job,
1346 1648 1651 1704 exponens,
1699 1635 1840 1703 quod

299 1717 527 1786 scriptum
553 1726 638 1773 est
667 1733 681 1773 :
712 1720 773 1774 Si
798 1720 1064 1776 incluserit
1090 1721 1373 1787 hominem,
1405 1720 1580 1777 nullus
1613 1733 1712 1789 est,
1749 1725 1837 1793 qui
1876 1720 1915 1776 Β

297 1806 469 1872 aperiat
487 1816 530 1869 ο,
556 1825 574 1857 ι
600 1807 725 1877 quia
750 1808 925 1864 omnis
955 1809 1114 1864 homo
1134 1809 1334 1879 perqid,
1358 1811 1500 1880 quod
1534 1810 1671 1865 male
1705 1811 1836 1881 agit,

295 1895 403 1964 quid
428 1896 522 1952 sibi
551 1896 722 1962 aliud,
774 1914 934 1969 quam
978 1900 1341 1955 conscientiae
1389 1915 1519 1956 suae
1562 1916 1838 1956 carcerem

296 1983 439 2050 facit,
478 1995 534 2041 ut
573 1986 716 2042 hunc
761 1988 973 2041 animae
1003 1988 1024 2019 ⁸
1066 1998 1247 2044 reatus
1290 1998 1533 2060 premat,
1581 1990 1744 2044 etiam
1794 1990 1839 2044 si

296 2091 431 2132 nemo
464 2078 702 2133 exterius
727 2087 943 2134 accusat
977 2079 1016 2133 ⁸.
1052 2079 1302 2146 Quicum
1332 2078 1613 2150 judicante
1645 2081 1753 2137 Deo
1786 2082 1837 2136 in

296 2168 506 2224 malitiae
543 2184 675 2225 suae
704 2170 963 2225 caecitate
999 2170 1340 2243 relinquitur,
1380 2172 1531 2242 quasi
1573 2173 1712 2234 intra
1750 2188 1837 2228 se—

295 2259 551 2330 metipsum
592 2260 882 2323 clauditur,
927 2277 994 2316 ne
1042 2262 1302 2317 evadendi
1354 2262 1530 2319 locum
1580 2264 1835 2327 inveniat,

292 2363 429 2418 quem
451 2350 690 2404 invenire
710 2350 930 2404 minime
957 2358 1213 2406 meretur.
1244 2348 1377 2407 Nam
1406 2365 1565 2422 saepe
1596 2351 1837 2406 nonnulli

292 2440 416 2493 exire
444 2455 473 2494 a
500 2441 681 2510 pravis
726 2441 933 2495 actibus
960 2439 1209 2510 cupiunt;
1252 2441 1345 2496 sed
1377 2442 1503 2512 quia
1542 2442 1837 2496 eorundem

292 2539 481 2587 actuum
511 2533 749 2603 pondere
776 2543 1113 2604 premuntur,
1143 2532 1197 2589 in
1228 2533 1401 2590 malae
1432 2534 1838 2589 consuetudinis

293 2635 488 2677 carcere
524 2620 735 2688 inclusi,
770 2638 798 2676 a
833 2623 1137 2701 senietipsis
1169 2623 1318 2679 exire
1350 2639 1454 2678 non
1487 2632 1729 2695 possunt.
1774 2622 1840 2678 Et

289 2711 482 2780 quidem
509 2714 530 2743 ’
554 2714 737 2784 culpas
760 2714 1003 2783 proprias
1038 2714 1227 2784 punire
1254 2713 1531 2784 cupientes
1552 2713 1673 2779 hoc,
1698 2713 1839 2783 quod

291 2812 417 2860 recte
451 2820 507 2859 se
541 2818 701 2874 agere
731 2805 1053 2869 aestimant,
1110 2804 1161 2858 in
1195 2804 1532 2881 gravioribus
1560 2803 1835 2874 peccatis“

289 2905 504 2961 vertunt,
532 2895 697 2965 ﬁtque
728 2897 885 2951 modo
915 2895 1228 2963 miserabili,
1260 2896 1481 2965 utquod
1512 2895 1715 2959 exitum
1743 2910 1837 2965 puo

291 2995 405 3049 tant,
427 2988 525 3042 hoc
545 2988 898 3048 inclusionem
930 2988 1224 3044 inveniant.
1257 2985 1347 3043 Sic
1374 2986 1620 3042 videlicet
1648 3001 1835 3056 repro-

3409 284 3515 341 $96

2431 387 2825 448 (JAPITULUM
2868 392 3006 447 XVII

1951 476 2056 531 Cur
2081 477 2217 531 Deus
2243 479 2435 554 dicitur
2458 482 2868 554 praedestinasse
2892 502 3106 554 poenas,
3154 501 3270 538 cum
3298 502 3383 540 cas
3410 502 3513 540 aan

2368 550 2551 618 faciat,
2594 568 2684 605 nec
2718 550 3085 621 praedéstinet.

2011 658 2051 712 1.
2099 657 2332 712 Proinde
2376 660 2586 714 ratione
2630 670 2792 729 atque
2837 665 3157 717 auctoritate
3204 665 3511 727 coniicitur,

1944 748 2251 803 ﬁrmissime
2283 750 2571 804 tenendum
2594 791 2608 814 ,
2639 751 2802 805 Deum
2836 768 3056 822 prorsus
3091 755 3472 824 suppliciorum
3499 795 3513 815 ,

1944 838 2140 908 quibus
2189 840 2417 908 superba
2471 840 2721 910 impietas
2767 852 2988 911 aeterpo
3027 845 3361 912 torquebitur
3394 860 3513 900 rru-

1944 930 2106 993 cialu,
2144 928 2451 984 nullomodo
2482 944 2602 985 esse
2635 939 2940 995 auctorem,
2993 933 3300 988 nullomodo
3328 948 3515 989 eorum

1944 1034 2064 1074 esse
2094 1019 2373 1083 factorem,
2410 1019 2720 1074 nullomodo
2751 1021 3289 1089 praedestinatorem.
3324 1023 3398 1077 Ea
3435 1033 3517 1078 ta-

1944 1124 2065 1163 men
2096 1109 2305 1164 ratione
2331 1119 2520 1165 auctor
2543 1124 2733 1165 eorum
2762 1112 2881 1165 esse
2909 1111 3128 1176 dicitur,
3154 1120 3209 1167 et
3236 1112 3428 1176 factor,
3462 1124 3518 1167 et

1943 1200 2391 1270 praedestinator,
2416 1214 2520 1267 qua
2550 1199 2828 1254 verissime
2852 1201 3092 1254 creditur
3115 1202 3278 1257 totius
3302 1203 3510 1257 univer-

1943 1290 2151 1352 sitatis,
2180 1289 2234 1342 in
2262 1304 2366 1358 qua
2399 1298 2551 1356 sunt,
2582 1289 2757 1345 iactor
2799 1297 2854 1345 et
2897 1290 3198 1346 ordinator.
3250 1292 3327 1345 lta
3370 1294 3515 1348 enim

1944 1380 2227 1434 universae
2261 1388 2542 1436 creaturae
2585 1395 2735 1445 suae,
2767 1390 3053 1449 antequam
3085 1380 3255 1451 ipsam
3287 1393 3515 1449 crearet,
3576 1388 3581 1393 '

1943 1478 2141 1524 statum
2182 1469 2598 1539 pulchritudinis
2638 1470 3060 1539 praedestinavit
3096 1484 3217 1525 esse
3256 1469 3513 1530 futurum.

1943 1569 2001 1613 ut
2044 1560 2304 1614 malorum
2355 1561 2660 1630 turpitudo,
2706 1575 2866 1629 quam
2916 1576 3022 1616 non
3064 1562 3513 1631 praedestinavit,

1944 1649 2067 1718 quia
2098 1665 2203 1703 non
2234 1664 2352 1703 eam
2382 1648 2624 1704 facturus
2648 1659 2812 1715 esset,
2844 1651 2896 1704 in
2926 1650 3178 1706 universo
3212 1651 3384 1720 turpis
3411 1667 3514 1705 non

1944 1747 2106 1803 esset,
2141 1739 2344 1793 malitia
2377 1740 2681 1794 nocentium
2715 1755 2819 1795 non
2849 1747 3102 1804 noceret,
3140 1755 3295 1795 error
3324 1756 3514 1797 erran—

1945 1829 2076 1882 tium
2105 1842 2210 1882 non
2238 1834 2466 1892 erraret,
2497 1826 2714 1882 miseria
2746 1828 3166 1897 torquendorum
3206 1827 3514 1883 felicitatem

1943 1930 2046 1969 non
2076 1915 2320 1969 turbaret
2350 1914 2661 1969 electorum.
2705 1913 2913 1971 Nullius
2942 1916 3085 1973 enim
3124 1915 3398 1984 turpitudo
3435 1915 3514 1969 vel

1942 2003 2143 2058 malitia
2175 2003 2256 2056 vel
2291 2018 2447 2061 error
2486 2017 2578 2059 seu
2620 2003 2836 2061 miseria
2884 2004 3344 2073 praedestinatum
3391 2016 3515 2059 ante

1940 2093 2117 2149 secula
2149 2094 2444 2151 naturalem
2498 2094 2743 2149 ordinem
2768 2093 3125 2149 dehonestare
3162 2093 3509 2164 permittitur.

2011 2183 2072 2238 ll.
2114 2182 2244 2239 Cum
2277 2199 2406 2256 ergo
2434 2184 2701 2248 audimus,
2739 2184 3162 2254 praedestinavit
3207 2185 3346 2239 Deus
3392 2183 3512 2239 illos

1941 2274 2022 2324 vel
2056 2271 2176 2326 illos
2202 2274 2268 2325 ad
2304 2273 2601 2337 interitum,
2651 2271 2733 2327 vel
2779 2272 3121 2342 supplicium,
3166 2271 3246 2326 vel
3291 2286 3511 2340 poenas,

1940 2375 2032 2414 seu
2056 2360 2370 2423 cruciatum,
2397 2374 2489 2413 seu
2511 2372 2725 2429 quoquo
2739 2360 2897 2415 modo
2911 2360 3092 2414 vocari
3112 2359 3249 2415 solet
3270 2361 3511 2421 miseria.

1938 2468 2042 2524 qua
2076 2461 2355 2522 torquetur
2385 2452 2644 2521 iniquitas
2672 2468 2702 2505 a
2730 2468 2788 2507 se
2819 2454 2957 2524 ipsa,
2984 2452 3037 2508 in
3066 2468 3124 2509 se
3146 2453 3283 2525 ipsa,
3323 2469 3421 2531 per
3455 2470 3514 2508 se

1939 2546 2109 2615 ipsam
2134 2585 2149 2607 ,
2175 2560 2282 2599 non
2311 2544 2453 2599 aliud
2492 2543 2791 2614 intelligere
2816 2542 3090 2612 iubemur,
3132 2560 3293 2615 quam
3338 2545 3510 2615 ipsum

1939 2648 2065 2692 ante
2105 2647 2344 2706 tempora
2389 2636 2709 2705 praesciisse
2734 2636 2776 2673 ι’
2813 2645 2866 2690 et
2892 2637 3355 2706 praedestinasse,
3406 2652 3515 2707 quo

1938 2727 2132 2782 ordine
2157 2725 2525 2781 universitatis
2555 2724 2719 2781 futuri
2757 2736 2883 2783 sunt
2916 2725 3027 2791 illi,
3076 2741 3214 2801 quos
3256 2726 3508 2781 occultis-

1938 2820 2094 2885 simo,
2115 2817 2416 2888 justissimo
2438 2826 2615 2873 tamen
2648 2818 2847 2889 judicio
2882 2818 3295 2873 amaritudinem
3321 2833 3508 2887 pecca«

1939 2918 2114 2963 torum
2146 2923 2365 2963 suorum
2390 2908 2588 2964 sentire
2613 2909 2856 2978 permisit
2882 2908 2947 2974 “,
2996 2910 3119 2978 quia
3152 2923 3245 2964 eos
3274 2910 3326 2963 in
3360 2910 3506 2962 dam-

1938 2999 2103 3054 nabili
2143 2999 2351 3069 origine
2395 2998 2644 3069 reliquit,
2684 3008 2896 3055 servata
2931 2998 3016 3053 illa
3050 2992 3328 3053 notissima
3362 2998 3509 3054 dill‘eu

290 3076 375 3131 bus
399 3077 592 3142 ludas.
625 3093 749 3133 Cum
779 3086 1005 3133 ιηοτῑθῐῐι
1034 3077 1133 3132 Sibi
1166 3087 1350 3133 οοηινει
1380 3088 1659 3148 Peccatum
1688 3077 1832 3133 Ῐηιιι-
1861 3059 1905 3121 C
1938 3090 2107 3145 rentia
2134 3090 2273 3148 inter
2296 3090 2704 3160 praescientiam
2726 3098 2781 3144 et
2820 3089 3390 3158 praedestinationem,
3422 3098 3499 3153 ut,

286 3168 357 3232 lit,
384 3171 444 3223 ad
470 3178 724 3224 aeternae
751 3169 939 3224 mortis
986 3167 1244 3241 supplicia
1291 3168 1651 3239 pervenit,’et
1679 3167 1832 3240 pejus
1935 3195 2057 3241 cum
2103 3190 2308 3235 tantum
2360 3179 2466 3234 late
2509 3179 3195 3250 pateat-praedestinatio,
3243 3188 3505 3249 quantum

287 3258 345 3313 de
374 3269 591 3329 peccato
618 3259 899 3330 paenituit,
930 3275 1089 3331 quam
1122 3261 1381 3329 peccavit.
1408 3258 1626 3315 Dicatur
1662 3274 1828 3329 ergo;

1943 3267 2491 3339 praescientia,unum
2516 3266 2712 3338 quippe
2738 3277 2898 3338 atque
2921 3266 3081 3332 idem,
3110 3267 3345 3327 divinam
3373 3281 3502 3336 pro-

287 3345 339 3401 Si
368 3349 621 3403 incluserit
648 3349 926 3416 hominem,
979 3349 1151 3404 nullus
1182 3361 1277 3416 est,
1298 3351 1387 3419 qui
1432 3350 1656 3421 aperiat,
1706 3351 1831 3422 quia

1943 3359 2076 3416 lecto
2104 3359 2479 3425 substantiam,
2498 3358 2877 3428 signiﬁcantes,
2904 3358 3320 3427 praedestinatio
3345 3357 3413 3413 ad
3438 3372 3503 3411 ea

287 3438 409 3493 sicut
434 3455 591 3495 nemo
619 3440 834 3495 obsistit
870 3441 1096 3512 largitati
1131 3441 1395 3506 vocantis,
1426 3440 1500 3496 ita
1530 3440 1704 3496 nullus
1732 3442 1831 3497 ob-
1934 3455 2162 3513 tantum,
2198 3462 2335 3518 quae
2381 3447 2433 3502 in
2475 3447 2617 3501 bono
2644 3457 2787 3511 sunt,
2819 3445 3105 3517 pertineat,
3144 3444 3500 3514 praescientia

285 3527 632 3599 viatjustitiae
659 3530 1330 3599 relinquentis.lncludere
1356 3532 1535 3605 itaque
1556 3530 1789 3588 dicitur9
1814 3572 1829 3599 ,
1932 3553 2061 3592 vero
2090 3537 2155 3592 ad
2188 3538 2327 3593 bona
2359 3537 2625 3609 malaque.
2667 3536 2814 3604 Quae
2852 3548 3030 3591 tamen
3068 3534 3365 3591 dill'erentia
3400 3549 3503 3593 non

286 3615 463 3681 clausis,
502 3634 608 3676 non
657 3620 885 3690 aperire.
938 3620 1088 3677 Unde
1117 3626 1172 3677 e‘t
1208 3622 1275 3677 ad
1318 3621 1497 3677 Mosen
1542 3622 1738 3677 dicitur
1766 3623 1832 3679 de
1934 3637 2015 3684 est
2041 3644 2108 3683 ex
2136 3637 2350 3693 natura,
2386 3628 2478 3682 sed
2506 3642 2571 3682 ex
2602 3643 2700 3682 usu
2728 3627 3077 3682 loeutionum.

286 3705 544 3768 Pharaone
573 3714 615 3746 ¹⁰
653 3730 669 3767 :
724 3712 836 3783 Ego
884 3712 1146 3768 obdurabo
1192 3730 1282 3767 cor
1330 3714 1445 3783 ejus
1477 3712 1522 3765 τ.
1553 3711 1832 3771 Obdurare
2001 3718 2086 3774 lli.
2128 3719 2588 3790 Quemadmodum
2628 3719 2771 3775 enim
2804 3718 3001 3775 dicitur
3030 3718 3096 3773 de
3133 3717 3274 3783 Deo,
3314 3717 3511 3789 ubique

285 3801 461 3872 quippe
490 3819 584 3873 per
611 3804 878 3874 justitiam
918 3804 1115 3858 dicitur
1152 3804 1340 3878 [Deus]
1369 3811 1432 3871 ιι,
1478 3807 1691 3875 quando
1738 3822 1833 3864 cor
1934 3819 2018 3866 est
2045 3812 2349 3879 praesentia
2381 3810 2697 3880 potestatis,
2746 3811 2840 3866 sed
2870 3826 2976 3866 non
3006 3809 3203 3879 ubique
3228 3817 3309 3865 est
3335 3808 3511 3881 gratia

226 3896 247 3917 ’
287 3895 546 3960 reprobnm
583 3910 681 3965 per
714 3895 942 3965 gratiam
972 3911 1075 3950 non
1106 3896 1329 3950 emollit.
1374 3896 1622 3951 Recludit
1653 3896 1832 3966 itaque

285 3982 555 4048 hominem,
587 4000 749 4054 quem
795 3986 848 4039 in
889 4000 1109 4041 suorum
1148 4001 1372 4058 Operum
1404 3987 1642 4042 tenebris
1673 3986 1833 4042 relin-

286 4074 389 4140 quit
418 4093 434 4124 ι
456 4077 498 4129 ⁸.
517 4076 654 4131 Idem
683 4076 736 4129 in
760 4078 947 4130 eodem
977 4094 989 4129 :
1024 4094 1043 4126 ι
1067 4074 1261 4147 Regum
1286 4077 1466 4147 itaque
1480 4075 1704 4130 balteum
1725 4076 1837 4132 dis-

284 4163 417 4217 soluit
438 4164 486 4230 ιι,
516 4167 730 4235 quando
757 4165 810 4219 in
840 4165 945 4230 bis,
972 4165 1061 4234 qui
1094 4152 1228 4222 bone
1256 4182 1445 4238 regere
1470 4183 1564 4223 sua
1592 4169 1831 4225 membra

284 4256 606 4323 videbantur,
647 4266 869 4328 prepter
906 4258 1154 4313 elationis
1183 4260 1393 4327 culpam
1424 4260 1690 4314 castitatis
1720 4260 1833 4314 cin-

283 4348 450 4414 gulam
474 4348 720 4405 destruit.
767 4348 903 4415 Quid
945 4364 1073 4404 vero
1114 4349 1165 4404 in
1203 4350 1326 4403 l‘uue
1352 4350 1394 4390 ι’
1437 4352 1699 4421 accipitur
1728 4353 1829 4407 nisi

282 4448 567 4506 peccatum,
599 4440 739 4495 sicut
763 4455 860 4510 per
891 4438 1232 4495 Salomonem
1262 4440 1459 4494 dicitur
1482 4455 1497 4493 :
1524 4440 1829 4511 Iniquitatcs

282 4543 394 4579 suae
429 4530 633 4597 capiunt
666 4528 905 4597 impium,
949 4527 1219 4595 etfunibns
1256 4538 1581 4596 peccatorum
1614 4546 1830 4584 suorum

284 4618 633 4688 constringitur
666 4636 682 4668 ι
700 4620 711 4656 ί
726 4656 740 4671 .

1935 3901 2303 3966 habitationis,
2335 3901 2406 3956 ita
2438 3902 2502 3957 de
2529 3915 2595 3956 eo
2618 3901 2720 3955 dici
2747 3900 2953 3969 possit,
2979 3899 3178 3968 ubique
3203 3898 3510 3968 praescien-

1892 4054 1899 4063 ι
1937 3991 2039 4056 tia,
2080 3992 2172 4045 sed
2214 4006 2319 4047 non
2357 3992 2554 4060 ubique
2577 3989 3085 4059 praedestinatione.
3118 3987 3253 4044 Cum
3284 3986 3510 4057 apertis~

1935 4079 2070 4134 sime
2097 4078 2297 4134 veritas
2335 4079 2529 4134 clamet
2572 4078 2638 4132 de
2681 4078 2813 4141 Deo,
2838 4076 3138 4146 ubicunque
3173 4075 3314 4131 Deus
3349 4073 3508 4128 fuerit

1935 4169 2270 4241 praesentia,
2318 4169 2389 4223 ibi
2434 4167 2673 4237 profecto
2702 4168 2806 4223 erit
2839 4166 3171 4225 habitatione
3206 4183 3218 4219 :
3261 4164 3508 4220 similiter

1937 4260 2239 4328 ubicunque
2264 4257 2425 4314 fuerit
2452 4258 2826 4330 praescienlia,
2868 4255 3178 4312 necessario
3210 4254 3314 4310 erit
3353 4268 3505 4323 prae«

1935 4349 2308 4403 destinatione.
2352 4347 2582 4403 Proinde
2626 4346 3077 4417 quemadmodum
3108 4344 3413 4415 praesentia
3452 4350 3507 4397 ct

1938 4439 2198 4495 habitatio
2230 4439 2321 4494 Dei
2354 4455 2457 4493 non
2487 4447 2600 4503 est,
2634 4437 2737 4493 nisi
2774 4438 2826 4499 in
2856 4437 2972 4503 his,
3007 4451 3143 4506 quae
3174 4437 3242 4491 ab
3270 4451 3333 4491 eo
3363 4432 3505 4489 facta

1938 4536 2082 4592 sunt,
2112 4529 2182 4581 ita
2215 4527 2329 4596 ejus
2353 4527 2711 4598 praescientia
2738 4537 2790 4582 et
2820 4525 3239 4598 praedestinatio
3265 4539 3370 4578 non
3400 4522 3503 4577 nisi

1938 4632 2144 4683 eorum,
2177 4634 2314 4687 quae
2345 4619 2454 4689 ipse
2484 4618 2720 4672 facturus
2748 4627 2910 4680 esset,
2949 4615 3213 4670 credenda
3243 4621 3385 4668 sunt.
3429 4611 3507 4667 Ac

1938 4724 2036 4781 per
2065 4711 2165 4764 hoc
2191 4708 2641 4778 quemadmodum
2673 4706 2973 4778 praesentia
3013 4705 3131 4775 ejus
3162 4715 3217 4761 et
3245 4701 3505 4758 habitatio

1547 4816 1794 4871 \‘ABIAE
1837 4819 2125 4877 LECTION
2134 4821 2236 4875 ES.

347 4939 364 4971 ι
393 4930 479 4986 Sic
512 4932 654 4995 cod.,
681 4930 750 4983 al.
791 4931 1020 4998 ligatam.
1096 4930 1117 4958 ‘
1146 4928 1295 4991 Cnd.,
1326 4927 1624 4983 delcctorcs.

284 5000 412 5064 cod.,
439 5001 507 5055 al.
533 5001 716 5053 animi.
793 5000 813 5030 ⁸
839 5002 927 5054 Sic
955 5000 1098 5059 cod.,
1132 4998 1201 5051 al.
1231 5009 1451 5051 accuset.

284 5069 415 5131 cod.,
442 5070 510 5123 al.
549 5070 645 5123 Dei
675 5082 771 5123 est.
849 5071 889 5100 ¹⁰
918 5068 1048 5122 Cod.
1100 5065 1359 5122 Farttonc.

289 5136 321 5172 ³³
350 5139 434 5194 Sic
474 5140 565 5206 δι,
593 5140 717 5194 cod.
745 5139 996 5207 promisit.

1704 4929 1723 4960 ³
1748 4928 1837 4983 Sic
1870 4930 1961 4991 M.,
1990 4933 2106 4997 md.
2134 4944 2296 4986 amat.

1530 4999 1548 5028 ⁷
1588 4999 1675 5050 Sic.
1706 5000 1846 5063 cod.,
1880 5001 1947 5052 al.

1442 5073 1479 5108 ιι
1516 5069 1646 5119 Ηιιιτδ
1673 5085 1778 5121 om.
1808 5072 1948 5129 ιυιὶ..
1992 5069 2120 5124 add.
2159 5072 2225 5125 Μ.

2374 4943 2391 4965 ³
2422 4934 2512 4987 Sic
2533 4934 2675 4993 cod,
2705 4930 2782 4984 al.
2816 4948 2867 4984 ιη
2900 4933 3279 5000 longinquiora.
3360 4930 3381 5000 ξ
3412 4929 3501 4986 Sic

2287 5003 2306 5031 “
2338 5004 2426 5057 Sic
2453 5005 2596 5064 cod.,
2621 5002 2691 5053 al.
2721 5003 2771 5056 in
2802 4999 3059 5068 graviores
3085 4999 3285 5070 culpas.
3362 4999 3382 5031 ⁹
3413 5000 3503 5069 Sic

2015 5004 2208 5056 nidum.

1979 5020 2208 5071 qtttilttm.
2287 5020 2306 5031 η
2338 5020 2426 5057 ait:
2453 5020 2596 5064 (‘00.,
2621 5020 2691 5053 at.
2721 5020 2771 5056 ιη
2802 5020 3059 5068 graviores
3085 5020 3285 5070 culpas.
3362 5020 3382 5031 '
3413 5020 3497 5055 διε

2002 5073 2120 5124 ςιιίιί.
2159 5072 2225 5125 Μ.
2305 5078 2345 5106 ¹²¹
2383 5074 2469 5125 Sit:
2520 5072 2660 5133 COtl.,
2692 5069 2758 5122 Μ.
2795 5072 2913 5136 (inc.
2995 5070 3039 5108 ³⁸
3068 5072 3197 5126 Gud.
3234 5070 3497 5137 proscissa

1755 5247 1804 5306 Ν
1814 5248 1920 5302 )ΤΑ
1932 5251 1967 5303 lC
1978 5289 1990 5309 ρ

344 5374 366 5402 ⁸
405 5361 530 5416 Luc.
568 5361 708 5423 XIX,
739 5359 826 5412 ΞΟ.

345 5431 382 5471 ν
411 5432 589 5486 Matth.
627 5428 787 5487 X‘XV,
826 5429 905 5481 18.

349 5513 366 5532 ι’
410 5502 589 5555 Matth.
627 5499 790 5563 XXII,
827 5499 904 5551 la.

347 5577 367 5613 ἀ
397 5576 469 5627 Ps.
494 5570 815 5635 LLXXVII,
840 5572 907 5623 δῖ)
949 5566 1229 5635 .\t=gt::lite.
1260 5566 1289 5613 [τ’
1346 5608 1357 5615 υ
1388 5582 1457 5617 ’νει
1604 5584 1630 5629 ρ
1678 5594 1691 5619 ._
1795 5574 1811 5618 ι

352 5657 371 5684 ⁸
411 5647 499 5699 Jul:
544 5644 631 5696 ΧΗ
704 5644 779 5693 Η.

2007 5362 2021 5398 ί
2066 5363 2229 5416 Exod.
2263 5363 2351 5427 tv,
2379 5364 2462 5417 et.
2606 5396 2617 5405 .

2000 5432 2022 5468 ε
2063 5432 2218 5500 (ἶγιέ.
2255 5433 2443 5485 Manil.
2482 5439 2530 5486 in
2563 5435 2677 5487 Jan".
2720 5435 2806 5497 Χῖ,
2840 5434 2873 5481 τί

2024 5506 2045 5540 λ
2085 5505 2183 5556 .luli
2221 5506 2325 5559 ΧΗ,
2372 5510 2447 5559 l8.

2029 5588 2040 5611 ί
2077 5579 2128 5625 1⁸1
2166 5596 2199 5619 -\
2270 5579 2327 5625 ἰλ
2374 5582 2433 5627 3τῖ
