3904 6148
369 289 470 364 427

1690 300 1697 306 ·
1743 279 2023 342 ΙΟΑΝΝἶδ
2060 281 2254 340 SCOT]

3499 285 3602 346 428

369 405 420 457 in
449 403 552 476 ius,
579 417 718 474 quae
747 416 845 459 nec
867 402 936 456 ab
958 415 1022 454 eo
1049 407 1190 460 sunt,
1224 413 1321 450 nec
1342 409 1404 464 ea
1437 395 1582 458 fecit,
1613 409 1641 446 e
1663 395 1936 448 contrario
1965 402 2006 456 Α
2039 395 2294 449 cientium
2343 394 2528 451 oculos
2573 395 2970 467 pulchritudine
3023 399 3107 454 sui
3153 409 3338 470 pascat
3360 437 3378 462 .
3432 405 3610 460 nullus

366 509 487 557 esse
513 493 786 560 dicuntur,
819 508 940 548 cum
982 491 1034 544 in
1073 490 1152 544 eis
1181 503 1284 542 non
1316 488 1442 552 sint,
1477 489 1548 542 ita
1579 487 1935 558 praescientia

367 586 485 650 ejus
507 595 562 640 et
591 583 1008 656 praedestinatio
1047 595 1076 635 e
1116 580 1390 635 contrario
1431 579 1845 650 pronuntiantur
1883 581 1933 633 iu

370 675 494 741 illis,
538 689 677 744 quae
721 689 822 729 nec
861 657 1392 737 fecit,nec'donavit,
1417 671 1540 740 quia
1583 671 1715 724 nihil
1739 661 1932 724 suntm.

368 767 482 822 Non
513 766 804 834 incongrue
831 774 1009 819 tamen
1041 763 1400 822 aestimantur
1432 777 1552 816 esse
1580 761 1634 816 in
1664 761 1768 826 his,
1799 775 1938 830 quae

367 857 498 911 vitio
521 864 802 910 creaturae
828 861 946 909 orta
967 862 1114 920 sunt,
1135 868 1259 907 cum
1277 867 1383 907 non
1405 853 1578 908 solum
1599 853 1766 922 ipsam
1787 867 1937 906 crea.

369 935 545 1002 turam
571 945 844 1016 sapienter
867 945 1102 1012 ordinet,
1130 943 1224 1000 sed
1255 945 1418 1000 etiam
1451 944 1638 1015 vitium
1667 941 1783 1012 ejus
1810 955 1938 997 suas

366 1038 509 1108 leges
534 1037 800 1093 excedere
827 1051 934 1098 non
962 1037 1126 1093 sinat.

433 1126 522 1201 ιγ.
563 1126 716 1194 Quod
744 1135 928 1182 autem
956 1127 1196 1182 latebrae
1218 1139 1513 1196 poenarum
1546 1125 1847 1204 norninant,
1883 1133 1936 1180 et

365 1219 838 1276 tenebrosissimae
863 1217 1217 1286 contritiones
1246 1216 1479 1270 filiorum
1514 1213 1704 1280 Adam,
1739 1215 1797 1270 in
1834 1216 1937 1276 hac

365 1308 580 1372 mortali
625 1309 734 1362 vita
773 1309 936 1362 etiam
975 1307 1115 1364 bene
1153 1306 1396 1361 volentes
1432 1305 1618 1360 vivere
1657 1321 1763 1360 nou
1798 1304 1936 1360 desi-

363 1410 496 1456 nunt
514 1400 724 1456 occulte
739 1401 950 1470 punire,
969 1401 1160 1455 beatus
1177 1399 1505 1468 Augustinus
1520 1398 1550 1438 δ
1568 1397 1620 1452 in
1638 1397 1774 1452 libro
1799 1397 1936 1452 Con-

363 1492 662 1558 fessiouum
693 1507 916 1547 suarum
949 1499 1160 1554 octavo,
1191 1491 1456 1545 humanae
1489 1488 1736 1544 miseriae
1763 1488 1932 1558 impc-

366 1565 478 1640 tum
511 1584 565 1638 in
599 1597 657 1640 se
685 1582 804 1654 ipso
829 1582 1132 1652 deplorans,
1168 1588 1355 1649 aperte
1396 1577 1564 1634 voluit
1605 1578 1885 1633 ostendere
1917 1597 1932 1630 :

367 1697 386 1727 ι
420 1675 531 1746 Ego
559 1694 604 1740 ι,
633 1673 828 1744 inquit,
864 1691 882 1722 c
909 1689 1033 1726 cum
1061 1669 1442 1733 deliberabam,
1466 1667 1650 1737 utjam
1672 1667 1932 1727 servirem

2040 485 2210 550 locus,
2239 501 2402 555 quem
2429 488 2858 557 praeclarissima
2896 487 2988 545 lux
3017 490 3215 562 ubique
3247 493 3461 556 diflusa,
3485 499 3602 553 auri
3631 533 3637 538 η

2037 577 2478 647 gemmarumque
2504 577 2676 632 honor
2702 595 2731 632 a
2760 580 3042 648 superficie
3073 583 3362 648 resultans,
3390 598 3607 642 eorum-

2037 681 2140 741 que
2169 669 2441 724 mirabiles
2465 669 2676 727 colores
2709 675 2930 728 trahens
2968 689 3073 730 non
3111 675 3415 745 profundat.
3463 679 3610 740 nulla

2038 757 2089 811 in
2121 773 2181 812 ea
2213 761 2388 826 sedes,
2417 778 2554 833 quae
2584 776 2690 819 non
2717 766 2786 820 sit
2816 767 2986 836 regia,
3018 767 3315 824 honoribus
3336 783 3607 840 quietiam:

2037 859 2195 918 apta;
2229 851 2282 934 in
2309 861 2454 919 tanta
2487 854 2677 914 deinde
2703 869 2766 910 ac
2799 864 2906 910 tam
2934 856 3165 912 mirabili
3196 857 3348 925 aede,
3381 869 3440 914 ut
3466 858 3605 916 dm-

2039 955 2176 1004 tuus,
2206 951 2362 1010 pater
2389 943 2523 1013 ipse,
2559 955 2746 1001 auctor
2770 946 3020 1008 videlicet
3060 945 3178 1018 ejus
3215 959 3270 1004 et
3306 953 3605 1017 ordinato",

2036 1033 2196 1087 aliter
2238 1034 2292 1088 in
2339 1049 2403 1089 ea
2452 1035 2592 1091 ﬁlios
2635 1051 2764 1093 suos
2811 1038 3142 1108 disponeret,
3191 1040 3348 1096 aliter
3390 1059 3563 1097 servo.
3591 1088 3607 1110 ,

2035 1123 2192 1178 aliter
2227 1127 2400 1195 gratia
2449 1137 2742 1198 perpetuae
2783 1131 3034 1186 sanitatis
3076 1144 3409 1200 muneratos,
3451 1136 3609 1192 aliter

2036 1214 2210 1285 inopia
2261 1218 2524 1273 malarum
2572 1204 2958 1290 cupiditatum,
3009 1237 3146 1292 quas
3193 1225 3606 1295 intemperantia

2034 1321 2164 1361 suae
2188 1307 2420 1364 libidinis
2444 1318 2742 1376 traxerant,
2770 1301 3068 1379 cruciatos,
3100 1315 3348 1372 dentibus
3378 1321 3607 1375 striden-

2037 1403 2115 1450 tes
2153 1397 2195 1462 ",
2226 1399 2498 1454 vermibus
2521 1410 2810 1467 scatentes,
2840 1403 3067 1458 diversis
3086 1403 3336 1474 perennis
3358 1409 3610 1464 tristitiae

2031 1487 2322 1555 generibus
2358 1488 2664 1545 laborantes
2701 1509 2714 1546 :
2764 1481 3001 1562 nuriquid
3045 1503 3193 1548 recte
3233 1496 3608 1552 aestimaretur

2034 1575 2357 1632 durissimus
2385 1579 2620 1646 punitor,
2654 1579 2744 1650 qui
2772 1579 3082 1638 laudaretur
3105 1581 3437 1652 justissimus
3464 1589 3610 1640 ordio

2034 1667 2236 1720 nator?
2281 1667 2464 1738 Neque
2505 1671 2646 1724 enim
2689 1671 3026 1727 honestatem
3055 1673 3246 1730 domus
3271 1691 3400 1731 suae
3425 1679 3612 1740 debuit

366 1765 594 1845 Domino
633 1765 652 1800 ³
693 1775 834 1827 meo,
874 1762 1014 1821 sicut
1057 1761 1149 1815 diu
1195 1760 1596 1829 disposueram,
1619 1771 1720 1828 ego
1761 1772 1930 1820 eram,
1969 1751 2006 1809 li
2037 1754 2396 1822 confundere,
2440 1773 2507 1812 ne
2541 1757 2815 1816 videretur
2843 1775 3092 1830 perverse
3121 1763 3451 1820 intuentibus
3479 1783 3608 1832 eos,

363 1856 454 1928 qui
501 1854 768 1930 volebam,
817 1867 938 1925 ego,
986 1851 1078 1922 qui
1124 1850 1391 1914 nolebam,
1432 1862 1534 1918 ego
1562 1847 1584 1886 '~
1620 1861 1788 1913 eram,
1831 1861 1930 1901 nec

361 1946 518 2016 plene
557 1943 820 2010 volebam,
852 1959 952 1998 nec
976 1943 1131 2014 plene
1161 1941 1428 2007 nolebam,
1460 1949 1516 1996 et
1557 1939 1678 1996 ideo
1721 1955 1929 1994 mecum

363 2035 771 2099 contendebam,
799 2043 854 2090 et
881 2032 1186 2104 dissipabar
1211 2046 1240 2086 a
1269 2047 1356 2087 me
1379 2033 1513 2102 ipso,
1541 2037 1596 2086 et
1623 2031 1740 2101 ipsa
1771 2031 1930 2086 dissi-

363 2128 510 2199 patio
535 2141 620 2181 me
645 2126 814 2181 invito
835 2125 1050 2196 quidem
1080 2123 1264 2189 fiebat,
1291 2137 1390 2178 nec
1417 2131 1591 2176 tamen
1617 2121 1934 2176 ostendebat

363 2225 612 2273 naturam
642 2217 836 2272 ruentis
857 2216 1082 2279 alienae,
1113 2206 1204 2272 sed
1231 2226 1458 2286 poenam
1485 2229 1637 2269 meae
1662 2213 1702 2277 ⁸,
1734 2221 1790 2267 et
1815 2213 1934 2266 ideo

363 2321 471 2388 non
489 2307 599 2378 jam
627 2316 726 2388 ego
774 2307 1038 2378 operabar
1084 2305 1249 2374 illam,
1283 2304 1376 2362 sed
1408 2304 1551 2376 quod
1599 2303 1850 2360 babitat‘
1879 2303 1932 2356 in

364 2384 450 2456 me
465 2384 742 2472 peccatum
758 2401 822 2456 de
839 2400 1098 2470 supplicio
1114 2399 1380 2455 liberioris
1395 2397 1627 2470 peccati,
1643 2396 1767 2468 quia
1783 2413 1931 2453 eram

364 2481 504 2546 illius
544 2491 715 2546 Adam
739 2511 784 2544 ο.
833 2490 948 2545 Νοη
983 2491 1162 2560 itaque
1187 2489 1274 2544 ille
1295 2489 1466 2559 punit,
1492 2489 1583 2559 qui
1611 2487 1934 2558 semetipsos

333 2587 337 2591 ‘
361 2579 636 2634 laedentes
662 2579 1184 2646 amaritudinemque
1214 2589 1433 2631 suorum
1461 2576 1748 2631 criminum
1773 2575 1827 2630 in
1851 2590 1934 2630 se-

361 2669 608 2741 metipsis
637 2671 904 2742 patientes
932 2670 989 2724 in
1037 2667 1143 2724 illis
1182 2666 1553 2723 universitatis
1594 2665 1810 2723 sedibus
1839 2665 1934 2723 lto-

363 2763 670 2818 nestissime
697 2760 948 2839 ordinat,
994 2758 1188 2830 quibus
1225 2771 1318 2814 eos
1355 2758 1601 2839 laborare
1634 2757 1934 2815 rectissime

363 2852 534 2908 decet.
1024 2853 1030 2860 ‘

431 2943 498 2998 ν.
543 2942 610 2999 Ut
638 2945 780 3000 enim
806 2943 1037 3014 quadam
1063 2941 1416 2999 similitudine
1443 2940 1748 3014 fungamur.
1795 2939 1934 3009 Quid
1967 2925 1972 2928 ’

363 3037 407 3091 si
439 3045 594 3108 pater
625 3037 914 3092 multarum
945 3035 1292 3101 familiarum,
1323 3035 1413 3106 qui
1451 3047 1547 3104 per
1581 3042 1751 3090 artem
1780 3022 1932 3092 suam

2033 1857 2166 1914 Quos
2190 1848 2422 1916 ordinat,
2451 1851 2660 1920 punire.
2691 1853 2797 1906 Aut
2841 1869 3000 1922 quam
3047 1853 3274 1910 formam
3311 1874 3608 1927 poenarum

2033 1935 2225 1992 fecisse
2253 1941 2684 2021 convinceretur,
2713 1944 2806 2016 qui
2836 1945 2857 1976 ⁸
2897 1947 3098 2010 omnia,
3131 1963 3268 2017 quae
3304 1948 3454 2014 fecit,
3503 1968 3612 2005 non

2033 2027 2086 2080 in
2117 2045 2246 2084 usus
2276 2031 2612 2086 miseriarum
2632 2075 2648 2100 ,
2687 2033 2780 2089 sed
2825 2036 2878 2090 itt
2923 2039 3289 2095 universitatis
3315 2041 3608 2110 plenitudi-

2033 2132 2175 2182 nem,
2203 2119 2722 2192 pulchritudinisquc
2753 2123 2866 2192 ejus
2898 2125 2920 2158 ⁹
2943 2129 3168 2195 gratiam
3213 2129 3326 2183 fieri
3359 2131 3529 2184 voluit
3552 2131 3614 2183 οἳ

2103 2205 2188 2262 Vl.
2225 2207 2362 2265 Hinc
2404 2211 2732 2283 Augustinus
2774 2215 2826 2269 in
2867 2212 3008 2270 libro
3033 2218 3099 2271 de
3139 2233 3263 2272 vera
3291 2219 3608 2289 lleligioue:

2038 2321 2056 2355 r
2079 2302 2306 2360 Animae
2329 2305 2517 2360 vitium
2540 2327 2586 2374 ι,
2603 2309 2795 2378 inquit,
2819 2327 2837 2358 ι
2857 2325 2963 2364 non
2994 2319 3188 2367 natura
3214 2309 3346 2378 ejus,
3363 2312 3458 2366 sed
3483 2327 3607 2365 cou-

2035 2401 2116 2446 tra
2167 2406 2410 2448 naturam
2461 2394 2577 2464 ejus
2601 2407 2704 2462 est,
2729 2398 2968 2467 nihilque
2996 2399 3138 2453 aliud
3164 2409 3270 2464 est,
3298 2415 3459 2468 quam
3484 2415 3636 2470 pec-'

2033 2491 2214 2536 catum
2241 2491 2293 2537 et
2321 2497 2494 2553 poena
2537 2487 2764 2556 peccati.
2790 2486 2941 2542 Unde
2965 2488 3008 2528 ι⁰
3040 2487 3376 2559 intelligitur,
3405 2490 3612 2546 nullam

2034 2580 2302 2637 naturam,
2332 2573 2437 2638 vel,
2485 2573 2532 2630 si
2579 2575 2770 2630 melius
2814 2577 2886 2631 ita
2933 2577 3219 2643 dicitur",
3250 2581 3448 2634 nullam
3481 2583 3612 2635 sub-

2033 2661 2288 2716 stantiam
2345 2663 2458 2720 sive
2506 2665 2796 2720 essentiam
2841 2667 3039 2722 malum
3113 2683 3271 2734 esse,
3321 2687 3498 2740 neque
3548 2675 3613 2726 de

2031 2752 2266 2824 peccatis
2314 2753 2608 2824 poenisque
2645 2757 2856 2812 animae
2878 2759 2920 2794 ι’
2947 2757 3196 2825 etlicitur,
3231 2769 3290 2813 ut
3344 2763 3615 2817 universi-

2033 2848 2116 2896 tas
2151 2841 2259 2897 ulla
2297 2843 2635 2900 deformitate
2673 2849 2941 2916 turpetur,
2989 2847 3113 2916 quia
3159 2848 3435 2903 rationalis
3478 2853 3612 2904 sub-

2035 2933 2248 2998 stantia,
2276 2949 2415 3006 quae
2441 2933 2508 2990 ab
2535 2935 2680 2992 omni
2717 2947 2938 3008 peccato
2973 2940 3172 2994 munda
3205 2949 3308 3005 est,
3343 2939 3454 2995 Deo
3485 2945 3615 2997 sub-

2029 3023 2204 3093 jecta,
2247 3025 2500 3094 subjectis
2537 3027 2638 3082 sibi
2689 3029 2885 3085 ceteris
2929 3027 3254 3086 dominatur.
3289 3031 3364 3086 Ea
3388 3030 3430 3068 ¹³
3461 3049 3615 3100 vero,

360 3103 530 3182 voluit
556 3114 942 3198 amplissimam
968 3127 1068 3184 sibi
1094 3127 1310 3182 domum
1333 3103 1669 3192 construere,
1699 3123 1932 3197 longitu-

2039 3129 2173 3195 quae
2199 3115 2461 3184 peccavit,
2495 3116 2566 3170 ibi
2590 3117 2834 3172 ordinata
2865 3130 2970 3186 est,
2993 3119 3081 3174 ubi
3120 3135 3242 3176 esse
3269 3121 3400 3175 tales
3430 3122 3612 3190 decet,

362 3218 508 3284 dine,
537 3219 844 3282 latitudine,
876 3216 1366 3288 profunditatisque
1403 3215 1704 3286 capacitate
1735 3217 1936 3287 spatio-

363 3325 502 3376 sam,
537 3309 808 3385 laterum,
863 3309 1214 3388 angulorum,
1263 3307 1571 3363 absidarum
1597 3305 1652 3373 ⁸,
1697 3307 1936 3363 diverso-

365 3417 591 3471 rumque
620 3401 1000 3469 schematum?
1037 3399 1298 3458 varietate
1339 3415 1717 3465 numerosam,
1755 3396 1937 3452 altitu-

365 3490 489 3556 dine
513 3481 988 3561 fundamentorum
1013 3489 1338 3560 stabilitam,
1380 3489 1622 3554 basium,
1655 3488 1899 3543 stitorum
1919 3528 1934 3552 ,

363 3576 844 3650 capitellorumque
905 3580 1209 3636 tramitibus
1265 3580 1610 3654 ordinatam,
1670 3595 1891 3636 arcuum
1920 3619 1934 3644 ,

367 3683 740 3744 tectorumque
788 3670 1198 3728 multiformium
1243 3667 1386 3728 elata
1431 3671 1758 3742 proceritate
1803 3667 1936 3732 emi-

368 3762 764 3829 acutissimam,
791 3761 1248 3818 excellentissimo
1280 3755 1506 3835 turrium
1536 3761 1784 3817 acumine
1811 3775 1938 3815 con-

365 3861 728 3918 summatam,
788 3853 1026 3909 exterius
1087 3854 1420 3924 interiusque
1465 3851 1934 3908 innumerabilium

367 3943 606 4021 colorum
641 3943 1044 4014 formarumque
1079 3941 1480 4014 pulchritudine
1512 3943 1566 3998 in
1595 3951 1743 3998 tanta
1767 3943 1939 4013 pictu-

368 4051 549 4090 rarum
600 4023 862 4091 varietate
905 4037 1154 4091 decoram
1181 4077 1200 4100 ,
1259 4034 1526 4091 omnium
1557 4033 1934 4097 metallorum,

368 4122 984 4196 pretiosissimorumque
1003 4121 1236 4195 lapidum
1253 4121 1530 4180 honestate
1554 4122 1826 4187 refertam,
1844 4138 1939 4193 per

371 4200 548 4272 varias
585 4213 1033 4288 multimodasque
1075 4215 1431 4272 fenestrarum
1476 4216 1682 4286 species
1722 4215 1935 4284 copiosa

369 4306 584 4376 luminis
605 4304 866 4366 effusione
895 4307 1240 4372 illustratum,
1267 4319 1551 4377 ceteraque
1576 4307 1640 4362 ad
1665 4303 1939 4378 perfectis-

370 4397 560 4466 simam
591 4397 1002 4469 pulchritudinis
1025 4397 1248 4468 gloriam
1277 4395 1634 4466 pertinentia,
1675 4409 1812 4464 quae
1842 4407 1939 4448 uu-

2039 3216 2096 3260 ut
2119 3207 2228 3262 Deo
2253 3207 2528 3267 conditore
2566 3219 2728 3280 atque
2779 3205 2989 3268 rectore
3017 3213 3384 3270 universitatis
3412 3215 3614 3276 decora

2036 3295 2144 3350 sint
2169 3296 2371 3350 omnia.
2409 3295 2475 3354 Et
2507 3306 2590 3352 est
2619 3297 2962 3368 pulchritudo
3005 3300 3292 3357 universae
3326 3311 3620 3359 creaturae

2035 3396 2134 3452 per
2157 3385 2291 3441 haec
2319 3387 2421 3440 tria
2455 3386 2812 3457 inculpabilis,
2844 3389 3185 3447 damnatione
3224 3402 3616 3462 peccatorum,

2036 3476 2420 3532 exercitatione
2441 3475 2732 3546 justorum,
2752 3479 3078 3552 perfectione
3109 3483 3388 3539 beatorum
3419 3505 3438 3538 ι
3471 3486 3523 3540 ά.
3549 3487 3618 3555 Et

2035 3575 2155 3636 post
2179 3566 2449 3636 aliquanta
2490 3567 2557 3622 de
2595 3569 2776 3628 anima
2805 3569 3024 3641 loquens
3057 3574 3172 3632 ait:
3217 3593 3236 3625 ι
3265 3571 3488 3640 Defectu
3519 3592 3618 3631 au-

2038 3669 2142 3713 tem
2176 3673 2273 3714 suo
2303 3659 2355 3714 in
2385 3659 2814 3730 pulchritudines
2856 3665 3311 3734 corruptibiliores
3333 3706 3348 3731 ,
3391 3665 3442 3719 id
3486 3678 3611 3731 est,

2037 3767 2328 3822 poenarum
2349 3755 2590 3810 ordinem
2609 3757 3014 3836 praecipitatur.
3032 3759 3142 3813 Nec
3169 3759 3446 3824 miremur,
3464 3762 3615 3830 quod

2037 3843 2211 3897 adhuc
2235 3843 2664 3920 pulchritudines
2691 3849 2926 3903 nomino.
2957 3845 3095 3904 Nihil
3128 3851 3270 3904 enim
3298 3861 3378 3906 est
3398 3851 3616 3906 ordina-

2039 3945 2170 4002 tum,
2195 3938 2335 4007 quod
2362 3953 2468 3996 non
2499 3940 2570 3994 sit
2596 3938 2902 4011 pulchrum.
2933 3941 2996 3996 Et
3023 3943 3161 3998 sicut
3185 3943 3260 3997 ait
3279 3939 3573 4013 Apostolus
3597 3959 3614 3998 :

2039 4027 2220 4084 Omnis
2246 4029 2372 4084 ordo
2398 4047 2429 4084 a
2458 4029 2564 4090 Deo
2589 4043 2662 4088 est
2687 4037 2712 4069 ο
2741 4051 2786 4086 ι.

2108 4117 2216 4186 Yll.
2255 4119 2392 4188 Quid
2412 4124 2754 4195 ergo-mirum
2779 4133 2881 4189 est,
2911 4125 2954 4180 si
2971 4125 3200 4180 hominis
3223 4125 3423 4191 anima,
3447 4139 3614 4194 quae,

2037 4209 2342 4282 ubicunque
2369 4212 2455 4276 sit,
2481 4222 2536 4268 et
2564 4215 2955 4286 qualiscunque
2981 4217 3073 4282 sit,
3101 4217 3245 4270 omni
3272 4231 3504 4284 corpore
3529 4227 3617 4270 est

2039 4299 2248 4365 melior,
2280 4299 2455 4356 dicam
2485 4300 2708 4371 pulchre
2731 4303 3007 4368 ordinari,
3054 4313 3110 4357 et
3154 4305 3220 4358 de
3265 4304 3452 4374 poenis
3496 4301 3619 4372 ejus

2042 4387 2175 4454 alias
2207 4390 2632 4460 pulchritudines
2657 4392 2775 4448 fieri
2800 4434 2814 4458 ,
2859 4410 2980 4449 cum
3028 4395 3100 4450 ibi
3140 4411 3244 4449 non
3277 4396 3363 4459 sit,
3395 4398 3617 4464 quando

373 4464 824 4558 lucrare-longum
850 4497 966 4554 est,
1017 4464 1086 4542 ita
1131 4496 1187 4540 ut
1229 4464 1428 4542 nullum
1463 4486 1515 4540 in
1547 4501 1609 4540 ea
1636 4486 1940 4546 inveniatur
1970 4464 2016 4521 D
2041 4481 2236 4536 misera
2263 4488 2378 4546 est,
2410 4479 2498 4544 ubi
2529 4499 2652 4539 esse
2683 4483 2869 4539 beatos
2899 4487 3072 4550 decet,
3118 4489 3210 4541 sed
3258 4488 3328 4540 ibi
3379 4489 3442 4541 sit
3471 4529 3488 4551 ,
3527 4489 3616 4542 ubi

370 4577 626 4646 spatium,
653 4577 795 4646 quod
829 4594 933 4634 non
964 4591 1151 4633 omnes
1181 4577 1514 4632 habitatores
1540 4577 1656 4646 ejus
1683 4577 1939 4648 amplitu-

375 4670 497 4736 dine
519 4670 600 4725 sui
634 4670 830 4746 capiat,
863 4669 1004 4724 nulla
1035 4686 1180 4740 pars,
1217 4685 1356 4740 quae
1385 4685 1491 4724 non
1521 4668 1760 4723 omnium
1789 4669 1938 4740 aspi-

2041 4585 2162 4626 esse
2192 4571 2418 4627 miseros
2447 4572 2621 4638 decet.
2649 4573 2878 4628 Proinde
2903 4574 3046 4640 nulla
3071 4576 3434 4632 universitatis
3460 4587 3619 4644 parte

2043 4663 2264 4733 punitur
2283 4663 2493 4735 impius,
2517 4665 2611 4729 sed
2634 4680 2730 4720 sua
2758 4667 2973 4738 propria
3001 4667 3272 4740 impietate
3316 4667 3368 4720 in
3392 4681 3450 4720 sc
3474 4668 3615 4736 ipso,

1647 4776 1904 4836 VARIAE
1941 4777 2342 4836 LECTIONES.

451 4904 466 4934 ι
498 4893 586 4950 Sic
613 4893 754 4958 cod.,
788 4893 854 4946 Μ.
893 4892 1113 4948 Domino
1137 4893 1244 4946 Deo
1293 4908 1424 4946 meo.
1501 4901 1522 4932 ι
1553 4890 1644 4946 Sic
1669 4890 1814 4955 cod.,
1868 4889 1939 4942 Μ.
1969 4906 2091 4961 ergo
2133 4903 2253 5014 ego.
2327 4889 2349 4921 ³
2377 4889 2470 4945 Sic
2521 4892 2665 4958 cod.,
2696 4891 2766 4948 Μ.

451 4963 496 5015 d.
570 4963 592 4995 ⁸
622 4963 712 5015 Sic
750 4961 898 5015 'cod..
951 4959 1019 5015 Μ.
1062 4963 1320 5015 obsidum.
1424 4961 1446 4992 °
1491 4959 1622 5015 Cod.
1673 4969 1978 5014 acematum.
2081 4961 2109 5013 ".
2196 4965 2244 5014 ic
2287 4961 2433 5015 cod..
2478 4960 2548 5015 Μ.
2598 4962 2766 5015 [renda

1573 4976 1622 5014 tl.
1673 4976 1978 5014 acematum.

1339 5030 1381 5064 ¹⁰
1411 5031 1501 5084 Sic
1529 5030 1669 5092 cod.,
1701 5027 1770 5084 al.
1809 5027 1948 5082 inde.
2025 5036 2070 5068 ιι
2099 5028 2188 5084 Sic
2226 5029 2342 5084 cod.
2386 5031 2480 5095 M.,
2517 5027 2742 5087 dicatur.
2821 5033 2864 5065 "
2895 5031 2986 5087 Sic
3035 5033 3181 5097 cod.,
3213 5033 3283 5094 al.
3335 5034 3448 5100 ejus
3489 5027 3613 5086 aui-

375 4963 496 5018 eod.
570 4963 592 4995 ⁸
622 4963 712 5017 Sic
750 4961 898 5026 cod.,
951 4959 1019 5016 Μ.
1062 4963 1320 5016 obsidum.

371 5035 513 5088 uiam
549 5034 652 5104 qui.
674 5102 719 5104 Γ
744 5031 766 5064 ⁹
797 5032 888 5104 Sic
917 5027 1164 5104 cod.,iltl.
1195 5033 1259 5085 ei.

377 5117 517 5158 tuae.
559 5102 565 5104 ⁷
593 5102 638 5139 ⁸³
667 5102 758 5158 Sic
779 5103 920 5166 cod.,
945 5103 1014 5156 Μ.
1039 5103 1131 5193 Et.

2819 4909 3008 4958 meam,
3063 4893 3133 4948 al.
3189 4909 3350 4959 ureae.
3445 4891 3615 4946 ‘Sic.

2081 4960 2244 5032 ';_Sic
2287 4961 2433 5032 cod.,
2478 4960 2548 5015 Μ.
2596 4962 2912 5030 frendentes.
3007 4963 3029 4995 ⁸
3062 4963 3153 5016 Sic
3205 4964 3349 5022 cod.,
3383 4962 3450 5014 Μ.
3481 4978 3618 5032 quo-

1905 5211 2150 5269 NOTAE.

451 5340 476 5370 ι
514 5329 838 5386 Prudentius
865 5347 877 5381 :
908 5326 972 5381 In
994 5327 1178 5380 divinis
1206 5325 1421 5394 eloquiis
1449 5340 1702 5393 nusquam
1729 5323 1824 5376 Dei
1849 5325 1942 5377 ha-

378 5400 675 5453 bitationem
697 5400 752 5451 in
780 5399 876 5456 his,
903 5413 1036 5466 quae
1064 5413 1165 5458 non
1194 5395 1336 5466 sunt,
1379 5395 1600 5464 positam
1636 5407 1764 5466 esse,
1794 5409 1944 5466 prae-

380 5469 646 5522 sciemiam
683 5485 800 5521 vero
838 5463 935 5521 Dei
969 5467 1124 5520 etiam
1151 5463 1386 5523 malitiae
1421 5473 1465 5518 et
1499 5463 1722 5532 peccatis
1753 5465 1942 5516 nostris

381 5554 482 5592 non
508 5537 702 5591 abesse.
1127 5585 1136 5593 ,

452 5609 478 5681 *3
518 5607 798 5681 angustia.
826 5603 1342 5681 Confeas._\_'lll,“t(i.
1483 5676 1490 5681 _
1541 5672 1558 5681 _
1704 5670 1714 5681 .

457 5675 477 5701 ε
519 5672 836 5731 Prudentius
861 5672 1138 5744 respondet
1169 5695 1180 5730 :
1211 5673 1378 5752 dicitur
1403 5692 1452 5728 Ut
1477 5672 1675 5752 inferno
1698 5672 1802 5735 iqui
1829 5689 1937 5732 ner-

2044 5336 2198 5393 petuo
2220 5325 2530 5394 mancipari,
2559 5327 2717 5380 bonos
2761 5342 2877 5378 vero
2911 5341 3070 5394 supra
3103 5339 3254 5394 omne
3292 5321 3386 5373 hoc
3420 5321 3618 5376 uisibile

2045 5395 2244 5448 caelum
2257 5435 2270 5459 ,
2284 5397 2422 5466 quod
2445 5395 2826 5464 ﬁrmamentum
2849 5393 3071 5466 sanctae
3087 5393 3389 5466 Scripturae
3413 5405 3632 5464 nunc“:

2044 5475 2188 5530 ptuit,
2219 5461 2531 5533 sempiterna
2562 5466 2874 5518 beatitudine
2898 5461 3203 5588 glorigran'.

2113 5533 2137 5571 ιι
2177 5534 2456 5588 Augustin.
2486 5535 2549 5586 de
2578 5551 2694 5586 vera
2723 5533 2888 5588 Retia.
2919 5549 2970 5588 ε.
2996 5533 3032 5587 2
3073 5572 3085 5586 .

2113 5533 2137 5571 ιι
2177 5534 2456 5604 Augustin.
2475 5535 2549 5604 de
2578 5551 2694 5586 vera
2723 5533 2888 5602 Relig.
2919 5549 2970 5588 ε.
2996 5533 3085 5588 25.

2120 5614 2141 5640 ο
2185 5601 2338 5658 Roin.
2371 5602 2506 5668 Xlll,
2577 5604 2626 5656 i.
2651 5634 2719 5642 —
2743 5601 3021 5672 Augustin.
3050 5603 3176 5656 ibid.
3207 5620 3253 5656 c.
3288 5601 3378 5656 61.
