3904 6148
275 261 368 322 ι’ὶὲ

1349 259 1549 316 LIBER
1587 263 1672 318 DE
1707 261 2412 323 PRAEDESTINATIONE.

3391 282 3418 334 ι
3429 279 3495 332 50

278 388 326 433 ut
353 375 652 440 praedictae
689 385 997 432 sanctorum
1034 375 1254 432 Patrum
1291 377 1588 432 sententiae
1620 386 1822 432 testan-
1847 384 1893 440 Α
1923 380 2220 451 eademque
2265 396 2402 450 aqua
2437 390 2707 436 natantem
2744 381 2918 436 elevat
2949 423 2962 444 ,
3026 384 3304 442 cadentem
3333 393 3501 448 sulfu-

271 485 362 526 tnr.
395 471 462 530 Ut
490 469 636 525 enim
665 469 800 524 Deus
828 485 933 523 non
967 469 1086 524 ideo
1118 467 1241 522 ferit
1273 467 1438 523 solem
1459 507 1473 531 ,
1502 476 1560 521 ut
1595 467 1710 536 ejus
1742 485 1823 522 ra-

270 561 360 616 diis
427 561 729 616 inordinate
785 577 908 616 cum
973 560 1283 632 aspicientis
1340 561 1618 617 oculorum
1676 561 1822 616 visus

271 649 531 722 refringat,
561 669 761 722 eosque
789 653 842 707 in
877 655 1124 708 tenebras
1156 653 1508 724 repercutiat,
1541 667 1675 722 quas
1704 667 1824 721 pro-

270 745 394 799 fecto
415 759 517 798 non
540 745 676 815 ipse,
704 745 797 800 sed
818 744 933 814 ipsa
955 743 1260 798 inordinata
1283 743 1420 798 visio
1441 743 1621 807 etiicit,
1648 757 1823 813 neque

269 841 321 889 ut
345 832 624 903 patientem
655 831 932 886 oculorum
963 831 1336 903 gravissimam
1376 832 1680 900 passionem
1713 841 1820 886 tor-

270 907 487 992 queat‘,
533 936 655 976 cum
698 921 773 975 illi
815 922 867 974 in
905 937 1000 975 sua
1039 922 1286 990 passione
1323 921 1458 976 nihil
1485 929 1688 976 tantum
1724 935 1819 976 no-

271 1017 396 1074 ccat,
417 1019 669 1079 quantum
701 1009 952 1080 splendor
977 1010 1190 1075 solaris,
1221 1011 1347 1065 dum
1369 1010 1480 1080 ipsa
1505 1009 1683 1079 passio
1710 1024 1816 1063 non

271 1101 580 1155 extrinsecus
609 1109 802 1153 natura
832 1114 1010 1153 rerum
1043 1099 1342 1170 contingat,
1367 1099 1462 1154 sed
1492 1098 1818 1153 intrinsecus

275 1189 426 1258 aliqua
456 1188 749 1259 corporalis
777 1188 1024 1243 sanitatis
1043 1191 1388 1259 corruptione
1412 1189 1679 1244 dolentem
1708 1198 1817 1244 tor-

273 1291 414 1352 queat
436 1301 449 1337 :
474 1283 549 1337 sic
575 1281 832 1336 nimirum
859 1281 998 1352 ignis
1028 1282 1116 1336 ille
1142 1292 1427 1348 aeternus,
1471 1284 1562 1356 qui
1590 1298 1812 1352 praepa-

275 1387 400 1430 ratus
425 1386 493 1430 est
521 1375 730 1429 diabolo
755 1384 806 1430 et
835 1375 1033 1446 angelis
1060 1375 1174 1446 ejus
1198 1389 1247 1442 ει,
1279 1375 1587 1431 nullomodo
1617 1377 1683 1431 ad
1712 1376 1815 1432 hoe

273 1473 480 1529 creatus,
505 1465 820 1534 praesertim
851 1465 896 1519 si
933 1474 1184 1534 quartum
1225 1467 1408 1521 mundi
1438 1465 1758 1521 elementum
1791 1467 1812 1496 ’

271 1557 332 1608 sit
354 1572 370 1621 ;
396 1555 712 1626 probabilius
743 1557 978 1611 creditur
1013 1557 1080 1609 ad
1131 1557 1496 1612 universitatis
1528 1558 1808 1628 integrita-

273 1656 386 1711 tem,
409 1663 557 1718 quam
585 1647 727 1702 Deus
753 1646 1052 1702 faciendam
1080 1647 1364 1716 praevidit,
1397 1662 1516 1703 esse
1541 1647 1810 1710 conditus,

1922 479 2047 536 cat;
2085 472 2310 526 duorum
2364 472 2415 524 in
2469 472 2586 525 aula
2631 472 2794 541 regali
2856 490 2960 528 uno
3031 475 3326 546 eodemque
3374 479 3494 535 loco

1925 562 2218 630 positorum
2247 577 2386 616 unus
2430 561 2740 626 febricitat,
2786 551 2926 619 alter
2961 569 3196 637 gaudet;
3241 571 3494 639 gaudenti

1921 652 2099 704 omnia
2132 653 2294 706 totius
2319 652 2470 707 aulae
2494 662 2810 708 ornamenta
2841 655 3230 714 delectabiliter
3259 661 3496 730 placent,

1925 740 2263 795 laudabiliter
2325 752 2614 812 apparent,
2671 744 3062 800 honorabiliter
3119 752 3448 805 concordant
3477 792 3492 814 ,

1922 830 2247 886 febricitanti
2305 847 2432 887 vero
2501 833 2650 912 intra.
2707 849 2765 889 se
2834 836 3009 904 ipsum
3041 876 3057 903 ,
3113 837 3493 910 doloribusque

1921 923 2034 977 suis
2059 924 2267 979 ardenti
2297 925 2570 990 omnium,
2599 941 2738 995 quae
2777 928 3114 984 extrinsecus
3153 929 3297 986 videt
3316 971 3332 993 ,
3362 933 3492 986 nihil

1919 1031 2039 1070 cum
2065 1015 2310 1080 delectat,
2344 1016 2475 1070 nihil
2503 1015 2784 1081 laudabile,
2820 1019 2945 1086 quia
2971 1021 3151 1076 omnia
3201 1021 3490 1092 vituperat,

1917 1106 2051 1161 nihil
2097 1107 2479 1170 consentiens,
2511 1107 2636 1176 quia
2681 1107 2920 1162 omnium
2972 1109 3226 1165 abhorret
3274 1113 3486 1168 merito.

1917 1195 2054 1262 Quid
2099 1196 2241 1249 enim
2273 1195 2535 1251 bonorum
2581 1197 2655 1252 illi
2709 1212 2816 1252 non
2869 1208 3126 1265 noceret,
3173 1205 3392 1270 quando
3439 1205 3486 1260 ei

1917 1291 2103 1338 auctor
2127 1285 2364 1339 omnium
2397 1285 2608 1355 placere
2638 1301 2742 1340 non
2772 1287 3014 1355 poterat?
3041 1289 3146 1343 Aut
3173 1291 3260 1344 ubi
3288 1293 3486 1347 nullmn

1917 1373 2113 1426 bonum
2175 1389 2278 1428 non
2327 1374 2582 1439 nocebit,
2640 1375 2726 1430 cui
2775 1392 2986 1432 summo
3037 1377 3180 1433 bono
3226 1379 3330 1436 frui
3381 1400 3486 1438 non

1916 1463 2116 1530 placuit
2140 1463 2164 1517 Ἰ

1984 1555 2074 1608 ΙΧ.
2091 1555 2320 1610 Proinde
2346 1557 2388 1610 si
2407 1557 2548 1611 nulla
2573 1560 2844 1612 beatitudo
2863 1571 2962 1622 est.
2990 1563 3090 1616 nisi
3115 1563 3222 1617 vita
3249 1543 3486 1624 autem;

1916 1644 2025 1697 vita
2051 1654 2226 1698 autem
2257 1654 2474 1700 acterna
2500 1656 2584 1700 est
2607 1649 2846 1704 veritatis
2875 1652 3130 1721 cognitio,
3162 1654 3303 1708 nulla
3331 1655 3490 1726 igitur

271 1751 412 1804 quam
439 1737 498 1790 ad
527 1736 790 1792 urendum
819 1743 1142 1806 epostatam,
1173 1737 1262 1792 cui
1292 1752 1390 1791 sua
1415 1736 1662 1806 superbia
1689 1735 1802 1789 suf-
1842 1740 1880 1796 η
1914 1734 2184 1789 beatitudo
2239 1745 2339 1798 est,
2378 1738 2478 1790 nisi
2530 1739 2772 1793 veritatis
2816 1742 3071 1810 cognitio.
3107 1742 3210 1797 Sed
3271 1759 3336 1797 ne
3387 1748 3488 1800 ista

272 1827 436 1881 ticeret
471 1829 532 1880 ad
576 1835 922 1882 tormentum.
957 1827 1094 1885 Huic
1134 1830 1325 1886 rationi
1373 1829 1620 1894 additur,
1667 1828 1808 1898 quod

269 1933 378 1970 cuin
402 1917 448 1972 in
475 1921 724 1973 aethereo
748 1933 974 1988 corpore
1001 1919 1238 1989 primum
1264 1937 1292 1971 a
1325 1920 1436 1974 Deo
1466 1929 1684 1974 creatus
1712 1919 1806 1983 sit,

270 2008 310 2062 in
343 2023 443 2078 quo
484 2009 608 2064 nihil
658 2009 766 2079 pati
815 2009 1023 2079 potuit,
1073 2024 1270 2082 corpus
1311 2008 1432 2078 ejus
1473 2010 1808 2074 aethereum,

267 2111 520 2172 postquam
567 2102 818 2174 superbia
867 2102 1143 2167 intumuit,
1192 2119 1224 2158 a
1273 2103 1522 2174 supernis
1569 2102 1808 2164 sedibus,

266 2192 488 2248 videlicet
509 2193 800 2256 aethereis,
829 2193 882 2248 in
912 2195 1057 2248 hunc
1086 2209 1266 2249 aerem
1309 2193 1627 2248 humiditate
1657 2209 1806 2248 cras-

265 2299 366 2336 sum
403 2283 438 2344 ³.
465 2284 684 2355 caligine
713 2283 1056 2338 tenebrosum
1075 2323 1092 2349 ,
1119 2283 1618 2354 perturbationibus
1640 2284 1810 2352 passi-

265 2372 408 2428 bilcrn
434 2375 674 2430 detrusus
713 2383 819 2440 est,
863 2383 922 2428 ut
964 2375 1014 2428 ei
1060 2373 1184 2430 inde
1225 2387 1422 2443 corpus
1460 2373 1667 2430 meritis
1695 2373 1811 2431 suis

268 2466 560 2534 condignum
595 2467 713 2536 ipso
744 2465 959 2520 nolente
989 2465 1332 2534 cepularetur
1353 2504 1370 2530 ,
1405 2479 1470 2518 ac
1499 2479 1595 2534 per
1624 2465 1726 2520 hoc
1757 2465 1809 2520 iu

268 2568 320 2608 eo
349 2555 616 2624 iniquitate
651 2569 748 2609 sua
784 2562 1126 2624 torqueretur
1145 2553 1193 2607 δ.

323 2665 441 2719 Vlll.
477 2664 599 2721 Sive
627 2666 808 2736 itaque
837 2667 977 2737 ignis
1013 2665 1102 2721 ille
1124 2680 1418 2736 corporeus
1441 2705 1454 2730 ,
1496 2670 1557 2719 ut
1585 2648 1661 2720 ait
1693 2664 1808 2718 Au-

266 2755 497 2822 gustinus,
523 2755 638 2810 sive
664 2756 1015 2826 incorporeus
1034 2795 1054 2822 ,
1077 2765 1135 2812 ut
1179 2755 1443 2827 Gregorio
1486 2755 1684 2825 placet,
1712 2770 1810 2825 pro

266 2843 352 2908 sui,
369 2853 421 2898 ut
441 2846 644 2916 opinor,
661 2846 958 2902 subtilitate
975 2855 1258 2919 prepterea
1281 2847 1706 2916 praedestinatus
1727 2845 1810 2900 vel

267 2946 584 3005 praeparatus
599 2938 1041 3007 dicitur,diabolo,
1059 2938 1312 3007 quoniam
1329 2938 1383 2992 in
1398 2953 1462 2991 eo
1479 2935 1653 2992 fuerat
1667 2936 1812 2992 ordi-

267 3027 594 3094 nandus,cum
610 3029 860 3084 omnibus
881 3029 1120 3084 malitiae
1137 3028 1476 3084 consortibus
1488 3029 1804 3098 puniendus.

267 3114 317 3170 Et
329 3121 758 3186 quemadmodum
779 3120 920 3176 idem
937 3122 1076 3192 ignis
1088 3121 1265 3177 bonus
1277 3119 1532 3191 profecto,
1550 3119 1800 3189 quoniam

263 3219 288 3258 a
313 3207 437 3262 bono
462 3207 653 3270 factus,
679 3225 782 3264 non
807 3210 966 3266 aliam
1005 3212 1076 3266 ob
1100 3226 1316 3265 causam
1341 3210 1541 3264 malum
1570 3210 1796 3273 dicatur,

263 3295 350 3349 nisi
372 3297 505 3366 quod
545 3300 600 3353 in
631 3314 698 3353 eo
726 3299 852 3355 mali
883 3300 1282 3356 ordinatissime
1310 3301 1684 3370 disponantur,
1727 3303 1799 3354 ita

263 3384 400 3439 etiam
414 3402 574 3456 poena
607 3404 715 3442 non
748 3389 1039 3455 incongrue
1059 3391 1338 3454 asseritur,
1362 3369 1615 3459 quoniam
1639 3389 1800 3445 iidem

263 3475 366 3532 mali
391 3479 438 3532 in
465 3481 651 3536 eodem
687 3482 1004 3538 criminibus
1029 3483 1140 3537 suis
1170 3482 1452 3537 libidinose
1499 3482 1803 3538 commissis

265 3565 499 3626 iaboriose
522 3573 1007 3642 miserabiliterque
1048 3575 1376 3629 cruciantur.
1409 3573 1522 3628 Non
1554 3589 1686 3644 ergo
1714 3573 1802 3630 ille
1882 3593 1886 3596 ’

263 3653 379 3724 ignis
393 3670 472 3714 est
497 3676 692 3730 poena,
718 3675 892 3732 neque
919 3665 987 3717 ad
1011 3677 1128 3717 eam
1153 3677 1350 3732 praepa
1360 3674 1506 3718 ratus
1529 3663 1613 3718 vel
1636 3679 1778 3734 prae-

263 3745 555 3816 destinatus,
581 3752 677 3806 sed
699 3753 790 3820 qui
813 3752 987 3808 fuerat
1011 3754 1467 3823 praedestinatus,
1494 3762 1553 3809 ut
1575 3766 1720 3810 esset
1745 3756 1798 3810 in

262 3835 576 3896 universitate
603 3842 845 3896 omnium
870 3842 1153 3908 bonormn,
1185 3845 1341 3900 sedes
1381 3843 1555 3899 factus
1591 3855 1672 3900 est
1698 3845 1789 3900 im-

260 3926 437 3992 piorum
461 3943 506 3987 ε.
532 3933 589 3988 In
611 3949 722 4004 quo
749 3935 1110 4003 proculdubio
1131 3951 1236 3990 non
1271 3936 1450 3993 minus
1481 3936 1800 3993 habitabant

260 4015 398 4083 beati,
425 4036 580 4090 quam
623 4024 808 4080 miseri
833 4024 898 4090 d;
931 4025 1024 4080 sed
1061 4027 1204 4081 sicut
1233 4041 1336 4080 una
1371 4026 1665 4096 eademque
1709 4027 1800 4082 lux

259 4107 400 4172 sanis,
429 4121 482 4164 ut
505 4113 760 4178 diximus,
804 4113 977 4169 oculis
1017 4115 1285 4178 convenit,
1318 4115 1542 4184 impedit
1569 4116 1797 4171 dolenti-

258 4191 374 4261 bus;
405 4214 537 4256 unus
563 4203 814 4272 idemque
858 4203 1011 4258 cibus
1033 4243 1048 4268 ,
1081 4203 1163 4257 vel
1203 4212 1361 4274 potus
1400 4205 1642 4260 .aucibus
1680 4205 1798 4259 lan-

257 4290 504 4352 guentium
548 4309 790 4359 amarus,
839 4295 1070 4350 sanitate
1110 4293 1404 4350 fruentium
1447 4295 1618 4352 dulcis
1643 4335 1658 4360 ,
1697 4295 1800 4352 illis

257 4377 426 4448 quippe
460 4397 588 4438 suae
653 4383 844 4438 salutis
896 4383 1070 4454 placet
1122 4384 1332 4454 integra
1385 4384 1626 4449 laetitia,
1683 4386 1800 4442 istis

1909 1823 2156 1878 collectio
2197 1825 2502 1880 nullomodo
2533 1826 2586 1880 in
2618 1829 3109 1884 mentibusnostris
3158 1842 3345 1896 tmtet,
3390 1850 3484 1887 au-

1909 1913 2118 1970 diamus
2168 1916 2310 1969 illam
2354 1918 2522 1987 ipsam
2551 1917 2841 1976 Veritatem
2889 1931 3074 1991 aperte
3113 1922 3434 1990 clamantem
3471 1946 3482 1978 :

1911 2003 2013 2070 Qui
2026 2005 2195 2075 diligit
2223 2023 2303 2060 me
2321 2047 2334 2071 ,
2359 2009 2606 2078 diligetur
2631 2010 2653 2042 ⁴
2677 2029 2708 2064 a
2725 2011 2886 2066 Patre
2917 2030 3054 2077 meo,
3084 2024 3131 2069 et
3153 2031 3246 2086 ego
3271 2016 3486 2086 diligam

1907 2111 2055 2158 eum,
2077 2107 2124 2150 et
2147 2098 2488 2167 manifestabo
2521 2104 2771 2170 meipsum
2794 2101 2871 2156 illi
2897 2115 2942 2156 θ.
2975 2104 3102 2158 Item
3139 2105 3263 2160 alibi
3293 2123 3306 2158 :
3345 2105 3485 2160 Ilaec

1907 2195 2179 2242 astantem
2217 2188 2321 2240 vita
2343 2200 2574 2252 aeterna,
2602 2201 2655 2244 ut
2693 2204 3000 2260 cognoscant
3025 2203 3074 2247 te
3113 2195 3282 2249 solum
3313 2213 3486 2253 rerum

1910 2274 2092 2340 Deum,
2121 2288 2165 2330 et
2195 2294 2344 2347 quem
2393 2279 2578 2332 misisti
2604 2280 2786 2336 Jesum
2831 2281 3092 2337 Christum
3141 2284 3183 2337 ί.
3215 2285 3484 2357 Quidquid

1909 2377 2086 2422 autem
2103 2369 2170 2422 de
2188 2369 2516 2423 beatitudine
2537 2371 2799 2435 creditur,
2823 2374 2889 2426 de
2929 2371 3044 2440 ejus
3065 2374 3300 2439 defectu,
3325 2377 3374 2430 id
3403 2387 3487 2430 est

1914 2459 2152 2522 miseria,
2179 2473 2395 2514 necesse
2420 2469 2504 2513 est
2527 2475 2556 2514 e
2582 2463 3144 2528 contrariocredamr.
3166 2465 3242 2520 lta
3270 2469 3314 2518 si
3341 2467 3482 2519 nulla

1909 2556 2123 2609 miseria
2155 2563 2258 2618 est,
2289 2554 2392 2608 nisi
2412 2550 2568 2606 ’mors
2599 2562 2837 2616 aeterna,
2861 2562 3084 2608 aeterna
3127 2563 3306 2608 autem
3336 2572 3482 2611 Iners

1908 2651 1990 2697 est
2051 2643 2294 2697 veritatis
2355 2642 2678 2712 ignorantia,
2711 2642 2875 2696 nuiia-
2913 2644 3076 2714 igitur
3125 2645 3342 2701 miseria
3399 2656 3486 2703 est

1909 2735 2007 2786 nisi
2065 2731 2312 2786 veritatis
2377 2731 2696 2800 ignorantia.
2784 2729 2884 2786 Ubi
2954 2733 3134 2802 itaque
3201 2735 3483 2805 ignoratur

1907 2822 2132 2882 veritas,
2163 2821 2234 2874 ibi
2259 2820 2404 2874 nulla
2429 2821 2554 2874 vita.
2584 2819 2684 2877 Ubi
2710 2831 2888 2874 autem
2937 2821 3078 2877 nulla
3113 2824 3250 2888 vita,
3285 2825 3354 2878 ibi
3387 2843 3480 2880 nc—

1908 2927 2056 2966 cesse
2082 2921 2162 2965 est
2184 2909 2494 2966 continuam
2525 2921 2754 2966 mortem
2777 2913 3148 2979 adesse.Quae
3177 2915 3219 2968 si
3250 2915 3321 2968 ita
3349 2916 3478 2973 sint.

1908 3001 2028 3070 quis
2080 3002 2274 3055 amicat
2325 3001 2526 3065 dicere,
2581 3003 2748 3056 Deum
2797 3016 2916 3056 esse
2962 3003 3475 3071 praedestinatorem

1833 3091 1876 3152 C
1911 3107 2129 3162 poenae,
2158 3093 2258 3147 nisi
2289 3093 2378 3164 qui
2402 3093 2563 3146 audet
2589 3107 2712 3146 eum
2742 3107 2986 3146 asserere
3021 3105 3295 3150 auctorem
3322 3097 3476 3168 igno-

1905 3181 2132 3246 rantiae,
2160 3183 2283 3236 dum
2328 3183 2488 3236 abeo
2531 3181 2601 3235 sit
2641 3183 2818 3236 omnis
2859 3183 3226 3255 intelligentia.
3271 3185 3480 3242 Unum-

1901 3287 2168 3344 quemque
2181 3274 2342 3342 igitur
2357 3289 2450 3328 sua
2470 3273 2621 3343 punit
2633 3274 2992 3339 contumacia,
3006 3261 3303 3342 quaeimllo
3323 3281 3481 3334 modo

1902 3380 1930 3416 a
1960 3363 2070 3420 Deo
2095 3372 2182 3418 est
2209 3381 2222 3428 ;
2255 3380 2320 3418 ac
2346 3379 2442 3434 per
2489 3365 2590 3418 hoc
2618 3363 2736 3432 ejus
2773 3372 2964 3419 auctor
3009 3365 3318 3423 uullomodo
3360 3385 3476 3428 cre—

1901 3451 2109 3508 dendus
2131 3461 2216 3508 est
2241 3460 2290 3506 ε.

2379 3519 2776 3579 CAPITULUM
2817 3520 2995 3580 XVI".

1903 3607 2056 3675 Quod
2093 3627 2252 3685 error
2291 3627 2504 3685 eorum,
2548 3613 2636 3685 qui
2663 3612 2851 3685 _aliler,
2889 3630 3046 3685 quam
3085 3613 3267 3685 Patres
3311 3622 3477 3672 δίαιτ’ιὲ

1971 3681 2281 3756 sentiuntur:
2303 3681 2792 3756 praedestinatione,
2825 3681 3220 3739 exvlibcmlium
3250 3689 3478 3756 discipli-

1973 3769 2162 3806 narum
2188 3753 2486 3821 ignorantia
2507 3751 2736 3807 inolevit.

1974 3842 2014 3898 I.
2032 3843 2280 3896 Errorem
2296 3841 2476 3914 itaque
2497 3841 2871 3896 saevissimum
2895 3857 3102 3909 eorum,
3133 3845 3224 3913 qui
3256 3861 3476 3899 venera-

1903 3931 2087 3985 bilium
2109 3931 2350 3994 Patrum,
2375 3931 2716 4000 maximeque
2743 3933 2916 3986 sancti
2939 3933 3222 4001 Augustini
3255 3945 3472 3989 senten-

1901 4022 2005 4075 tias
2033 4019 2278 4082 confuse,
2311 4034 2376 4072 ac
2401 4034 2501 4088 per
2525 4021 2625 4074 hoc
2657 4021 2936 4077 mortifere
2973 4024 3040 4078 ad
3078 4039 3234 4078 suum
3271 4028 3472 4092 μαινίδι
3564 4058 3568 4062 -

1901 4113 2098 4168 simum
2125 4127 2340 4167 sensum
2364 4113 2640 4182 redigunt,
2681 4128 2748 4168 ex
2787 4114 2998 4178 utilium
3035 4117 3470 4185 disciplinarum,

1901 4217 2036 4272 quas
2062 4203 2177 4273 ipsa
2227 4202 2488 4270 sapientia
2523 4217 2649 4256 suas
2675 4204 2900 4260 comites
2940 4206 3474 4277 investigatricesque

1900 4296 2019 4351 ﬁeri
2075 4296 2278 4361 voluit,
2332 4294 2682 4368 [ignorantia]
2738 4297 2762 4328 ⁸
2805 4297 3122 4353 crediderim
3179 4301 3473 4370 sumpsisse

1900 4385 2216 4456 primordia.
2260 4385 2483 4453 Insuper
2521 4385 2683 4438 etiam
2726 4400 2791 4440 ex
2841 4401 3156 4456 graecarum
3189 4389 3466 4445 literarum

255 4480 365 4522 suae
419 4475 778 4546 corruptionis
828 4475 1075 4546 displicet
1127 4476 1368 4546 poenalis
1395 4476 1652 4542 tristitia;
1693 4493 1798 4532 una
1833 4474 1878 4532 Ι)
1904 4477 2115 4532 inscitia
2141 4477 2192 4529 ιι.
2226 4475 2280 4530 lu
2311 4476 2505 4544 quibus
2550 4475 3056 4543 praedestinationis
3095 4480 3470 4551 interpretatio

1506 4590 1755 4644 VARIAE
1788 4589 2074 4647 LECTION
2085 4589 2183 4644 ES.

316 4669 433 4758 lSic
468 4676 1060 4758 cod.,_§d._ratorqueat.
1136 4679 1157 4710 ⁸
1187 4678 1318 4736 Cod.
1373 4679 1689 4736 elimentum.
1766 4681 1787 4712 ³
1819 4680 1950 4735 Cod.
2014 4699 2243 4738 erasum.
2314 4680 2334 4712 ‘
2375 4681 2464 4738 Sic
2500 4681 2646 4748 cod.,
2697 4681 2756 4736 Μ
2787 4683 3042 4754 diligitur.
3121 4687 3142 4719 ⁸
3174 4693 3477 4758 ignorantia

255 4753 346 4794 ein.
385 4747 529 4812 cod.,
557 4747 683 4802 add.
715 4744 788 4801 Il.

1701 4809 1973 4898 INOTAE

313 4951 336 5009 ξ
373 4941 551 4998 Manli.
583 4945 750 5009 XXV,
775 4947 864 5002 4t.
1470 4987 1484 5002 ς

311 5008 337 5046 δ
371 5009 530 5088 Becte
576 5008 904 5072 Prudentius
945 5036 958 5070 :
1011 5017 1078 5074 Id
1135 5017 1444 5070 auctoritate
1498 5017 1800 5088 Scripturae

255 5081 556 5156 propheticae
584 5097 739 5156 atque
763 5088 1075 5156 apostolicae
1096 5089 1308 5141 minime
1331 5104 1479 5156 posse
1503 5081 1734 5156 probari.

316 5159 344 5228 ε·
359 5148 614 5208 Dominus
636 5148 757 5210 cum
780 5148 1087 5228 parabolarp
1105 5148 1609 5228 piscium'bonorum
1635 5168 1798 5228 atque

257 5215 494 5296 malorum
533 5215 984 5296 pronunti-asset:
1027 5215 1276 5296 Exibunt,
1310 5227 1499 5294 inquit,
1532 5215 1726 5296 angeli.
1747 5239 1796 5282 et

257 5291 548 5364 “parabunt
566 5293 733 5364 malos
754 5297 817 5348 de
841 5295 1006 5348 medio
1020 5295 1312 5364 justorum,
1338 5291 1395 5349 εί
1413 5291 1623 5349 τηὶιιεηῖ
1639 5313 1724 5352 eos
1745 5301 1798 5352 in

257 5369 489 5434 caminum
517 5363 678 5434 ignis,
710 5365 795 5416 ubi
817 5366 917 5434 erit
938 5367 1088 5434 [lctus
1109 5376 1156 5418 et
1197 5365 1392 5418 stridor
1411 5366 1666 5419 dentium.
1693 5367 1800 5422 Illa

259 5433 417 5508 igitur.
441 5429 579 5498 quae
612 5429 847 5488 Joannes
903 5429 1094 5490 Scotus
1147 5435 1413 5504 disputat,
1444 5437 1655 5490 veritati
1693 5453 1799 5492 non

259 5504 713 5571 satismeongrunnt.

317 5561 340 5646 fi
369 5561 536 5622 Errat.
569 5569 686 5625 Non
729 5572 908 5626 sedem
959 5575 1241 5627 suavitatis
1275 5585 1328 5628 ct
1363 5576 1635 5646 dignitatis
1663 5619 1674 5640 ,
1707 5579 1798 5631 sed

259 5640 512 5690 aeternum
539 5649 866 5696 iurulentum
885 5647 1082 5699 veritas
1095 5645 1249 5697 duret
1273 5662 1389 5699 εσδῖδίε
1423 5640 1569 5700 illum
1603 5650 1650 5716 ig
1676 5668 1796 5710 tum,

1905 4952 2117 5032 dicente
2160 4951 2423 5031 Domino;
2457 4949 2614 5006 Ibunt
2643 4951 2782 5020 ltiin
2821 4952 3130 5078 suﬁplicium
3175 4968 3474 5022 (retentum,

1905 5030 2024 5078 mstt
2055 5030 2226 5074 autent
2273 5037 2324 5074 tn
2363 5030 2519 5074 vitam
2561 5031 2843 5076 aeternam.
2927 5041 3149 5078 usuuam
3196 5042 3472 5078 sacrarum

1891 5021 2024 5096 justi
2055 5020 2342 5096 amentum.
2363 5022 2540 5096 vitam
2561 5031 2843 5076 aeternam.
2878 5020 3149 5096 Nusquam
3196 5020 3472 5083 sacrarum

1899 5089 2468 5166 litter_arumilleignis
2493 5091 2602 5146 vita
2625 5103 2842 5158 aeterna
2867 5089 3223 5166 nuncupatur.

1947 5171 1999 5199 τε
2029 5158 2184 5213 Joan.
2215 5158 2468 5220 XIV,72|.

1979 5230 1998 5268 ε
2032 5227 2188 5282 Joan.
2229 5228 2391 5292 XVII,
2415 5225 2471 5282 5.

1976 5301 2000 5339 ε
2034 5299 2356 5373 Prudentius
2382 5300 2635 5356 observat
2659 5319 2671 5354 :
2706 5301 2764 5356 Si
2788 5304 2934 5372 impii
2963 5304 3017 5356 in
3046 5301 3136 5356 illo
3163 5305 3279 5373 igne
3299 5306 3469 5358 sedem

1899 5379 2104 5422 tantum
2129 5367 2377 5432 habituri,
2393 5385 2494 5422 non
2515 5381 2563 5424 et
2581 5387 2799 5439 poenam
2821 5367 3028 5439 passuri
3053 5367 3201 5435 sunt,
3212 5378 3472 5436 quomodo

1903 5439 2104 5492 nullam
2140 5439 2297 5490 vitam
2323 5439 2578 5493 habebunt
2607 5441 2632 5495 ἵ
2665 5439 2767 5495 Sed
2795 5442 2979 5494 veritas
3022 5439 3236 5506 clamat,
3265 5442 3471 5494 habitu-

1903 5525 1986 5561 ros
2013 5507 2119 5560 illic
2149 5508 2331 5572 impios
2361 5509 2640 5570 vitam,sed
2668 5511 2957 5577 poenalem.

1975 5580 1996 5618 ιι
2021 5579 2368 5631 Prudentius:
2400 5579 2577 5632 Patres
2598 5579 3173 5646 per/cctamearundem
3201 5581 3472 5634 scientiam

1903 5649 2142 5700 habuisse
2169 5647 2462 5701 nullatenus
2491 5650 2715 5704 dubitari
2741 5665 2885 5717 posse
2904 5691 2916 5713 ,
2949 5649 3262 5722 Scotnmque
3303 5653 3473 5720 potius
