3834 6152
302 334 305 335 ν
393 266 492 330 ιὸι

1762 271 2043 331 JOANNIS
2082 274 2277 332 SCOT‘I

3486 287 3576 346 432

388 385 589 441 nullam
630 381 994 455 ambiguitatis
1016 380 1294 455 caliginem
1340 381 1527 453 gignit.
1565 384 1714 452 Quae
1747 384 1793 439 si
1829 384 1949 438 dili-
1980 396 2025 451 Α
2056 387 2337 451 bonorum,
2364 396 2417 443 et
2452 389 2607 453 bonis
2636 388 2920 445 consulens
2946 391 3108 447 etiam
3139 392 3202 449 de
3240 386 3414 465 poenis
3436 403 3564 460 malo

387 473 602 543 gentilis
626 472 694 528 ab
718 469 1122 542 inquisitoribus
1147 470 1411 535 veritatis,
1444 485 1548 526 non
1572 473 1641 527 ab
1659 473 1944 529 asserturi-

388 574 489 618 bus
534 560 783 617 falsitatis
827 560 1173 616 attendantur
1199 598 1214 623 ,
1264 560 1687 632 quotiescunque
1731 563 1847 618 sive
1878 562 1946 618 de

389 651 543 705 bonis
569 649 784 714 usitate,
808 648 921 703 sive
963 648 1030 703 de
1081 646 1236 702 malis
1266 648 1487 725 abusive
1528 649 1946 720 praedestinatio

389 739 579 794 frontis
605 752 754 800 suae,
783 736 1113 807 sapientibus
1133 736 1350 808 quidem
1382 737 1715 801 notissimae,
1750 736 1947 793 inﬂatis

386 845 516 885 vero
540 829 821 900 superbiae
851 828 1018 898 typho
1040 828 1492 893 abstrusissimae,
1531 830 1734 899 primas
1763 838 1945 898 partes

384 919 672 991 aperuerit,
706 927 814 973 tota
839 918 1116 985 nimirum,
1154 913 1297 972 nulla
1327 918 1647 973 interstante
1667 933 1838 984 mora,
1860 920 1946 991 pie

384 1009 805 1081 intelligentibus
829 1021 948 1062 eam
984 1006 1208 1077 patebit.

450 1100 511 1155 ll.
535 1100 631 1156 Est
644 1099 806 1171 igitur
824 1096 1046 1153 verbum
1063 1096 1202 1167 apud
1222 1095 1456 1153 Graecos
1470 1097 1571 1173 ὁρῶ
1588 1098 1603 1129 ⁸
1615 1137 1629 1163 ,
1643 1097 1785 1168 quod
1804 1098 1946 1167 apud

384 1192 601 1247 Latinos
624 1190 796 1245 tribus
820 1188 1086 1258 excipitur
1109 1187 1287 1243 verbis
1311 1204 1325 1254 ;
1349 1188 1452 1262 ὁρῶ
1472 1189 1667 1259 quippe
1691 1196 1746 1242 et
1768 1188 1946 1252 video,

382 1294 436 1338 et
451 1262 666 1349 deﬁnio,
683 1287 739 1334 et
762 1278 973 1335 destino
991 1277 1392 1347 interpretatur.
1408 1276 1666 1332 Similiter
1686 1278 1950 1347 composi-

384 1382 493 1426 tum
507 1376 728 1446 προορῶ,
742 1368 1048 1439 praevideo,
1064 1366 1411 1451 praedeﬁnio,
1424 1368 1780 1438 praedestino.
1796 1368 1947 1435 Quod

380 1478 445 1516 ex
484 1467 737 1515 contextu
774 1472 962 1517 sacrae
1007 1457 1318 1528 Scripturae
1344 1457 1597 1514 facillime
1633 1458 1944 1530 colligitur;

383 1554 435 1607 in
465 1549 688 1622 epistola
732 1549 799 1605 ad
836 1548 1109 1605 Romanos
1135 1566 1148 1603 :
1179 1556 1267 1606 τοῦ
1295 1550 1575 1629 ὁρισθέντος
1600 1553 1716 1607 υζοῦ
1738 1559 1864 1609 Θεοῦ
1896 1554 1946 1617 ἐν

380 1642 586 1714 δυνάμει
604 1642 648 1707 ³,
678 1639 923 1694 destinati
937 1638 1035 1708 ﬁlii
1057 1637 1151 1693 Dei
1168 1639 1222 1693 in
1240 1639 1495 1706 virtutea;
1520 1642 1589 1695 ad
1618 1641 1877 1711 Ephesios
1900 1641 1942 1695 ³.

2045 492 2165 531 rum
2203 498 2221 529 ι
2251 490 2296 533 ε.
2315 477 2418 535 Ubi
2456 477 2699 549 proiecto
2745 480 3295 551 intelligendum,non
3342 488 3468 543 aiuu
3502 506 3575 549 vo-

2044 560 2209 623 luisse
2236 569 2288 623 in
2333 569 2496 626 verbo
2536 570 3065 641 praedestinationis,
3101 590 3263 645 quam
3287 577 3419 647 quod
3440 583 3578 641 voluit

2043 654 2098 710 in
2118 655 2282 713 verbo
2308 659 2679 726 praevisionis.

2111 743 2200 797 iV.
2231 743 2362 812 Quis
2389 759 2519 814 ergo
2546 746 2646 804 nisi
2677 748 2953 805 insaniens
2984 766 3088 807 non
3117 750 3318 821 videat,
3351 772 3444 813 non
3482 773 3580 819 esse

2044 831 2186 887 aliud
2201 832 2311 890 Deo
2330 837 2750 907 praedestinare,
2774 854 2935 911 quam
2957 844 3335 912 praedcfinire,
3355 864 3445 910 nec
3464 851 3579 908 aliud

2045 935 2166 976 esse
2180 924 2555 992 praedefinire,
2580 941 2738 997 quam
2760 930 3074 999 praevidere
3094 932 3139 986 ί.
3164 933 3278 990 Non
3300 936 3582 1010 aliudigitur

1950 1020 1959 1029 '
2044 1012 2461 1080 praedestinare,
2491 1030 2650 1085 quam
2676 1017 3008 1087 praevidere.
3033 1019 3284 1090 Proinde,
3313 1025 3445 1081 sicut
3472 1028 3580 1082 dici-

2042 1113 2195 1176 mus,
2221 1099 2385 1156 Deum
2429 1104 2777 1172 praevidisse,
2799 1120 2938 1175 quae
2963 1107 3207 1166 facturus
3243 1121 3300 1168 et
3343 1131 3472 1186 quae
3498 1131 3583 1173 non

2045 1187 2308 1257 facturus,
2339 1205 2461 1246 eum
2482 1193 2869 1263 proculdubio,
2892 1212 3031 1266 quae
3060 1199 3175 1269 ipse
3197 1217 3303 1257 non
3346 1203 3583 1270 faciams,

2052 1279 2184 1332 nihil
2227 1288 2384 1346 sunt;
2418 1283 2591 1336 omnia
2617 1284 2814 1355 quippe
2853 1302 2947 1356 per
2969 1286 3140 1357 ipsum
3187 1291 3335 1359 facta
3380 1304 3515 1360 sunt,
3546 1306 3585 1349 et

2046 1371 2157 1425 sine
2178 1370 2289 1440 ipso
2313 1372 2509 1440 factum
2544 1384 2619 1429 est
2654 1374 2783 1429 nihil
2813 1377 2873 1441 ⁸,
2907 1377 3041 1432 nihil
3078 1390 3257 1436 autem
3300 1384 3464 1441 videri
3501 1402 3585 1439 non

2048 1469 2224 1535 potest
2250 1478 2265 1516 :
2290 1461 2363 1517 ita
2393 1477 2556 1534 saepe
2601 1475 2851 1521 auctores
2876 1466 3056 1523 dicere
3085 1468 3410 1538 invenimus,
3447 1471 3586 1529 Deum

2048 1552 2499 1623 praedestinasse,
2524 1569 2662 1627 quae
2681 1553 2937 1620 facturus,
2963 1567 3018 1611 et
3039 1573 3179 1628 quae
3208 1576 3313 1616 non
3344 1562 3587 1629 facturus,

2049 1642 2295 1698 similiter
2305 1643 2689 1713 praedellnisse
2706 1645 2768 1700 “'.
2792 1644 2848 1702 Si
2869 1647 3013 1702 enim
3036 1647 3089 1702 in
3114 1651 3325 1720 graecis
3342 1653 3587 1707 codicibus

380 1733 431 1788 ἰν
465 1735 634 1808 ἀγάπῃ
659 1734 937 1811 προορίσας
964 1733 1100 1803 ἡμᾶς
1122 1730 1160 1797 ’⁵,
1194 1732 1249 1785 in
1297 1733 1514 1786 caritate
1559 1734 1944 1803 praedestinam

2053 1732 2385 1789 invenientes
2427 1737 2754 1810 προῶρισιν,
2803 1752 2909 1791 ηοη
2955 1737 3265 1796 dubitamus
3318 1740 3587 1813 intelligere

380 1840 471 1877 nos
485 1825 511 1863 δ
529 1840 543 1889 ;
557 1832 611 1878 et
624 1822 783 1894 paulo
794 1832 924 1893 post
937 1840 950 1875 :
965 1822 1350 1900 προορισθέντες
1363 1823 1489 1879 κατὰ
1507 1824 1877 1895 πρόθεσινθιοῦ
1891 1823 1914 1856 ⁸
1930 1864 1946 1889 ,

378 1914 748 1985 praedestinati
774 1913 1057 1969 secundum
1083 1913 1404 1982 propositum
1430 1911 1524 1965 Dei
1554 1922 1602 1968 ε.
1627 1910 1682 1965 In
1722 1912 1808 1967 bis
1830 1927 1948 1967 om-

380 2005 818 2073 nibusinterpres
839 2003 1004 2058 verbo
1026 2002 1536 2073 praedestinationis
1554 2018 1684 2061 usus
1704 2016 1808 2071 est,
1828 2019 1949 2060 eum

378 2103 624 2164 possetet
636 2091 754 2147 aliis
768 2092 863 2156 uti,
879 2091 933 2147 id
947 2099 1106 2157 est,et
1122 2090 1549 2160 praevisionis,et
1562 2091 1952 2160 praedellnitio-

380 2186 486 2251 nis,
501 2183 754 2254 quoniam
768 2182 903 2238 haec
915 2182 1015 2237 tria
1031 2182 1214 2247 verba,
1232 2189 1289 2234 ut
1321 2181 1572 2247 diximus,
1604 2183 1761 2238 unius
1773 2185 1949 2252 graeci

377 2278 525 2335 verbi
537 2292 753 2334 sensum
768 2277 1093 2349 exprimunt.
1109 2276 1244 2333 llinc
1257 2276 1383 2331 illud
1398 2290 1590 2331 nomen
1610 2276 1794 2355 ὅρασις
1810 2279 1853 2311 ⁸⁹
1871 2282 1951 2334 vel

376 2369 659 2444 προόρασις
678 2367 729 2435 ⁸,
758 2369 901 2439 quod
928 2366 1066 2439 apud
1100 2367 1220 2423 illos
1247 2382 1279 2422 a
1307 2367 1468 2424 verbo
1493 2366 1594 2443 ὁρῶ
1622 2368 1703 2424 vel
1723 2376 1946 2449 προορῶ,

378 2460 675 2527 derivatur,
706 2457 848 2529 apud
872 2472 973 2513 nos
1013 2457 1212 2513 dicitur
1239 2457 1408 2523 visio,
1435 2458 1520 2513 vel
1559 2458 1832 2526 definitio,
1867 2460 1951 2514 vel

376 2549 753 2615 destinatio,et
780 2561 966 2602 eorum
992 2546 1288 2617 composita
1317 2547 1603 2618 praevisio,
1628 2548 1948 2618 praedelini-

378 2639 471 2704 tio,
499 2655 529 2692 a
556 2628 854 2713 composito
895 2634 1099 2692 Grata)
1128 2636 1374 2702 veniunt,
1406 2638 1548 2706 quod
1589 2639 1874 2711 προόρασις
1904 2640 1945 2691 ⁷.

378 2730 581 2786 Dehinc
629 2736 814 2798 aperte
846 2728 1131 2784 conﬁcitur
1154 2766 1170 2794 ,
1212 2727 1267 2783 in
1312 2727 1398 2783 bis
1430 2723 1600 2783 tribus
1627 2730 1807 2787 verbis
1857 2740 1950 2786 aut

374 2818 600 2874 eundem
631 2830 848 2873 sensum
878 2832 1018 2883 esse,
1045 2826 1136 2871 aut
1180 2825 1380 2875 tantam
1412 2816 1793 2890 intelligentiae
1816 2821 1947 2879 vici-

268 2942 277 2945 -
376 2911 537 2971 niam,
571 2917 631 2964 nt
660 2901 1078 2979 unumquodque
1104 2908 1328 2964 alterius
1356 2909 1474 2967 loco
1498 2902 1623 2982 poni
1651 2913 1842 2982 possit.

2048 1824 2332 1895 praevidit,
2365 1824 2446 1881 vel
2463 1826 2854 1896 praedelinivit,
2889 1829 2970 1884 vel
2994 1830 3412 1899 praedestinavit
3440 1852 3455 1887 :
3485 1836 3588 1905 quid

2052 1930 2149 1971 nos
2200 1916 2469 1985 prohibet,
2508 1917 2786 1973 audientes
2812 1918 3233 1988 praedestinavit
3264 1925 3305 1954 "
3333 1964 3349 1990 ,
3372 1927 3591 1997 accipere

2050 2007 2313 2077 praevidit
2338 2007 2419 2063 vel
2438 2007 2828 2078 praedelinivit,
2845 2019 3055 2065 servata
3076 2011 3165 2067 illa
3195 2015 3588 2071 incommutabili

2050 2096 2277 2162 ratione,
2293 2111 2396 2166 qua
2420 2097 2553 2153 haec
2579 2108 2634 2152 et
2662 2096 2964 2168 huiusmodi
2996 2102 3157 2156 verba
3188 2102 3243 2156 in
3276 2104 3360 2158 his
3389 2114 3591 2168 tantum,

2049 2199 2188 2256 quae
2220 2184 2361 2240 Deus
2398 2183 2547 2252 fecit,
2596 2185 2963 2258 intelligantur
3000 2188 3210 2257 inesse,
3238 2190 3307 2245 in'
3340 2191 3443 2249 illis
3466 2209 3590 2259 vero,

2051 2289 2188 2343 quae
2212 2274 2353 2330 Deus
2378 2289 2481 2329 non
2507 2272 2698 2340 fecit,e
2729 2278 3005 2335 contrario
3023 2279 3128 2334 dici
3149 2294 3328 2349 posse,
3356 2298 3478 2338 cum
3501 2300 3589 2339 non

2051 2364 2189 2419 sint?
2209 2364 2253 2421 Ο
2266 2371 2479 2420 aeterna
2504 2365 2720 2431 veritas,
2734 2374 2789 2421 et
2803 2381 2928 2422 vera
2948 2369 3407 2435 caritas,ostende
3431 2383 3593 2429 temet-

2053 2457 2221 2527 ipsam
2266 2457 2647 2527 quaerentibus
2694 2460 2748 2515 te
2797 2459 2852 2515 in
2902 2462 3173 2528 omnibus,
3205 2464 3261 2517 in
3305 2466 3581 2535 quibuscs.

2050 2548 2306 2617 Ostende,
2332 2551 2567 2607 creatrix
2597 2551 3018 2621 sapientissima,
3053 2555 3188 2617 nihil
3215 2571 3335 2612 esse
3356 2570 3504 2612 extra
3529 2570 3590 2621 tr,

2050 2649 2100 2694 et
2124 2643 2326 2707 omnia,
2351 2655 2489 2710 quae
2515 2648 2642 2696 sunt
2660 2641 2799 2695 intra
2827 2649 2898 2706 te,
2925 2655 2993 2696 ea
3015 2642 3058 2677 "
3085 2653 3293 2699 tantum
3316 2663 3346 2700 a
3376 2658 3426 2701 te
3454 2664 3590 2718 prae-

2050 2731 2164 2786 visa
2193 2739 2249 2786 et
2279 2730 2674 2801 praedestinata
2693 2771 2708 2795 ,
2737 2733 3086 2801 praedeliuita
3102 2740 3159 2789 et
3177 2738 3439 2805 praescita
3471 2754 3590 2797 esse.

2050 2820 2141 2874 illa
2170 2834 2469 2889 vero,quae
2495 2819 2749 2875 dicuntur
2773 2833 2914 2885 esse,
2942 2837 3068 2876 cum
3098 2837 3203 2878 non
3226 2825 3354 2891 sint,
3383 2841 3477 2882 nec
3497 2844 3526 2880 a
3548 2839 3595 2880 tu

2049 2925 2193 2975 esse,
2219 2926 2319 2965 nec
2344 2911 2396 2964 in
2428 2919 2478 2964 te
2515 2924 2656 2976 esse,
2681 2911 2908 2981 ideoque
2928 2929 3029 2968 nec
3052 2928 3083 2967 a
3113 2923 3164 2970 te
3182 2920 3588 2985 praedestiuata,

445 3000 525 3055 lll.
556 3000 706 3066 Quae
724 3000 863 3054 ratio
892 2998 960 3054 ab
985 2999 1267 3069 Augustini
1292 2999 1617 3056 dictionibus
1643 3002 1949 3057 firmissime
2000 3070 2017 3076 _
2052 3016 2150 3056 nec
2164 3000 2527 3073 praedeﬁnita,
2545 3004 3595 3076 necpraescita,necpraevisa.ODornine

374 3096 774 3162 comprobatur.
827 3092 961 3147 Cum
1006 3092 1152 3147 enim
1200 3092 1389 3161 ipsein
1422 3091 1579 3159 libro,
1605 3092 1697 3162 qui
1723 3104 1942 3148 vocatur
1977 3070 2020 3129 ί)
2054 3092 2889 3161 miscricordissimeipeccatum
2922 3110 3028 3150 non
3055 3095 3250 3161 fecisti,
3274 3112 3446 3170 neque
3468 3115 3591 3155 mor-

373 3184 720 3239 Enehiridion
777 3183 823 3248 “,
851 3180 1285 3253 Psalmographi‘
1315 3192 1608 3252 exponeret
1666 3197 1879 3239 versum
1929 3203 1943 3236 :

375 3273 767 3345 Hagntt‘opera
785 3273 1015 3337 Domini,
1063 3270 1320 3345 exquisita
1354 3274 1408 3328 in
1449 3289 1625 3328 omnes
1661 3274 1946 3330 voluntates

373 3365 486 3435 ejus
517 3404 532 3427 ,
574 3365 719 3419 inter
763 3372 943 3418 cetera
985 3363 1121 3417 dixit
1159 3379 1172 3416 :
1216 3380 1235 3414 ι
1279 3361 1424 3429 Quos
1461 3360 1607 3430 iuste
1647 3363 1946 3433 praedesti-

375 3456 524 3512 navit
550 3456 614 3511 ad
629 3440 856 3527 poenam
889 3473 936 3525 ρ,
954 3463 1007 3509 et
1032 3454 1306 3527 continuo,
1343 3472 1362 3506 ι
1383 3469 1519 3525 quos
1540 3455 1768 3526 benigne
1795 3471 1949 3526 prae-

374 3548 666 3603 destinavit
715 3546 781 3600 ad
830 3543 1109 3617 gratiamtl
1148 3564 1196 3598 ι.
1243 3545 1485 3603 Eundem
1546 3560 1760 3600 versum
1795 3546 1849 3601 in
1896 3545 1946 3599 xi

376 3639 715 3695 Exemeron’
738 3639 875 3695 libro
888 3652 1163 3709 exponens
1189 3635 1379 3692 eodem
1399 3636 1558 3693 modo
1583 3653 1596 3690 :
1632 3654 1651 3708 ς
1681 3635 1877 3709 Magna
1900 3657 1944 3702 ο,

377 3730 584 3800 inquit,
617 3748 636 3782 ι
666 3745 822 3800 opera
845 3727 1082 3793 Domini,
1109 3727 1366 3799 exquisita
1393 3729 1448 3780 in
1468 3742 1641 3781 omnes
1663 3727 1948 3781 voluntates

376 3822 509 3892 ejus.
534 3840 552 3874 ι
573 3816 854 3875 Praevidet
868 3817 1041 3874 bonos
1064 3817 1271 3873 futuros
1284 3827 1338 3873 et
1353 3825 1523 3885 creat,
1545 3818 1820 3888 praevidet
1841 3833 1949 3872 ma-

377 3904 457 3967 los
484 3910 694 3967 futuros
720 3917 775 3963 et
799 3918 949 3964 creat
973 3925 986 3963 :
1016 3924 1076 3964 se
1096 3909 1268 3979 ipsum
1295 3909 1361 3961 ad
1384 3906 1664 3962 fruendum
1687 3907 1949 3977 praebens

376 3988 551 4065 bonis,
601 3999 769 4056 multa
810 4012 1091 4053 munerum
1122 4012 1339 4053 suorum
1379 3996 1612 4066 largiens
1656 4006 1711 4051 et
1754 3997 1946 4062 malis,

377 4080 801 4148 inliserieorditer
823 4091 1123 4161 ignescens,
1168 4085 1312 4156 iuste
1343 4086 1608 4143 ulciscens
1636 4104 1650 4152 ;
1688 4088 1815 4143 item
1846 4088 1947 4141 mi-

378 4184 723 4239 sericorditer
754 4182 1051 4244 ulciscens,
1099 4179 1245 4249 iuste
1293 4178 1607 4249 ignescens,
1658 4180 1790 4233 nihil
1834 4194 1948 4232 me-

378 4285 535 4329 tuens
558 4274 625 4328 de
645 4271 963 4343 cujusquam
991 4267 1217 4333 malitia,
1247 4265 1380 4321 nihil
1407 4266 1650 4335 indigens
1676 4267 1741 4323 de
1771 4265 1949 4335 cujus-

376 4379 537 4435 quam
559 4363 803 4436 jiistitia,
834 4358 968 4417 nihil
993 4358 1096 4418 sibi
1132 4357 1447 4424 consulens,
1480 4372 1580 4414 nec
1604 4358 1672 4412 de
1692 4357 1943 4427 operibus

2052 3188 2176 3242 tem,
2209 3195 2379 3249 neque
2407 3182 2701 3250 interitum,
2727 3197 2905 3254 neque
2922 3187 3269 3257 supplicium,
3293 3198 3347 3244 et
3367 3192 3482 3245 ideo
3499 3207 3589 3245 non

2049 3280 2193 3335 sunt,
2220 3286 2322 3325 nec
2345 3284 2377 3324 a
2406 3280 2457 3324 te
2485 3282 2663 3342 potest
2687 3288 2831 3339 esse,
2852 3278 2995 3344 quod
3029 3284 3081 3330 tu
3108 3276 3229 3334 ﬁeri
3256 3280 3302 3311 “
3348 3282 3546 3335 noluisti
3575 3300 3587 3332 :

2050 3360 2175 3415 Non
2200 3362 2274 3416 vis
2318 3371 2532 3416 mortem
2558 3367 2875 3433 peccatoris,
2903 3367 2995 3425 sed
3020 3368 3094 3422 vis
3120 3379 3177 3424 ut
3206 3384 3526 3429 convertatur
3546 3384 3587 3426 et

2048 3452 2181 3507 vivat
2208 3454 2259 3506 ιι.
2294 3452 2339 3509 Ο
2374 3463 2591 3509 aeterna
2632 3455 2922 3524 sapientia!
2960 3460 3025 3512 da
3050 3498 3065 3521 ,
3104 3462 3195 3529 qui
3234 3462 3414 3519 videat
3446 3464 3587 3516 vitam

2048 3545 2362 3600 creati-icero
2389 3544 2694 3601 nullomodo
2726 3544 2918 3602 fecisse
2947 3561 3174 3607 mortem
3206 3553 3346 3608 vitae
3364 3562 3585 3620 creatae,

2047 3637 2280 3705 quando,
2307 3634 2352 3689 si
2379 3645 2700 3699 moreretur,
2738 3650 2941 3705 poenas
2962 3653 3067 3694 non
3092 3648 3363 3709 pateretur
3387 3645 3428 3696 ί.
3455 3642 3588 3711 Quod

2048 3724 2093 3785 si
2134 3723 2308 3783 anima
2333 3724 2605 3793 peccatrix
2653 3739 2854 3793 poenas
2890 3727 3123 3796 patitur,
3168 3729 3346 3785 vivere
3390 3733 3587 3787 eonvin-

2048 3814 2208 3873 citur.

2122 3902 2182 3959 V.
2223 3902 2367 3963 Mors
2412 3903 2574 3973 igitur
2615 3905 2826 3960 animae
2868 3914 3147 3976 peccatum
3172 3917 3294 3963 est:
3326 3910 3455 3964 Deus
3496 3924 3586 3961 non

2050 3993 2173 4049 fecit
2197 4004 2473 4064 peccatum
2504 3996 2738 4062 anituae,
2766 3998 3199 4068 quandoquidem
3227 4001 3295 4054 de
3324 4016 3385 4054 eo
3418 4000 3585 4054 liberat

2047 4102 2195 4141 cum:
2245 4102 2349 4141 non
2382 4087 2566 4157 itaque
2599 4098 2826 4144 mortem
2853 4089 2993 4143 vitae
3033 4088 3159 4144 fecit
3200 4091 3307 4145 vita
3344 4090 3400 4142 η.
3430 4089 3580 4142 Poena

2046 4178 2251 4250 peccati
2304 4193 2448 4233 mors
2495 4187 2576 4232 est
2612 4194 2626 4231 :
2671 4177 2812 4233 Deus
2852 4189 3076 4234 mortem
3142 4178 3581 4236 nou-tecitizmm

2048 4270 2173 4325 fecit
2207 4269 2366 4339 igitur
2386 4284 2633 4339 poenam.
2651 4268 2981 4339 Supplicium
3001 4285 3170 4339 poena
3198 4282 3316 4327 esu
3350 4272 3473 4326 Deus
3494 4286 3581 4321 uoti

2048 4359 2175 4417 fecit
2214 4375 2484 4428 poenam:
2528 4374 2632 4414 non
2679 4359 2840 4429 igitur
2891 4358 3020 4423 fecit
3066 4361 3400 4431 supplicium.
3428 4360 3579 4415 Poena

1666 4488 1750 4541 VA
1760 4486 1917 4541 RIAE
1959 4485 2357 4542 LECTIONES.

447 4611 465 4651 ι
497 4605 628 4662 Cod.
662 4626 777 4680 ωρω
814 4624 1070 4680 “tt-pompa),
1096 4602 1175 4656 sic
1201 4601 1415 4668 ubique.
1491 4598 1511 4629 ¹
1542 4597 1673 4654 Cod.
1704 4618 1794 4653 του
1824 4601 2101 4680 ορισϐενῖιξς
2125 4599 2317 4680 uacuam
2345 4597 2640 4680 “dirupto.
2687 4596 2707 4625 ³
2738 4598 3103 4680 Οοάιρίςδὶρδ.
3182 4596 3201 4627 ⁸
3394 4617 3578 4680 aqua;

377 4696 682 4752 «(temptanti
695 4696 825 4752 ῃμας
837 4712 852 4727 ο

929 4672 1093 4748 tum,
1121 4689 1526 4748 ,ερρωριστηνςξις
1547 4689 1679 4723 κατα
1706 4672 1987 4748 προσέξησιν
2018 4677 2097 4723 Θῖ.

2175 4669 2212 4699 δ’
2243 4667 2428 4743 Cone"
2449 4669 2592 4743 ‘cod.
2619 4667 2817 4743 ὁροςηα,
2860 4668 2909 4743 Δ]
2944 4670 3155 4743 clipeata:
3243 4668 3264 4701 ⁸
3289 4667 3577 4743 (Iouini-tat.

377 4738 634 4822 apodixin,
665 4738 1065 4822 Μ’πεοωρὸσιαε
1080 4811 1090 4822 ι
1126 4738 1349 4822 1091i)?
1375 4738 1828 4822 θοαίπροωροοξια,
1935 4758 2252 4822 προωροᾳις..
2316 4738 2484 4822 “god.
2515 4738 2828 4822 ενέσιριςῖρητ.
2878 4738 2900 4767 θ
2925 4738 3406 4822 υεὶά.υιξημερςιενῖμ
3442 4739 3478 4768 ³⁸
3510 4740 3583 4789 Sic

378 4805 521 4881 εὸάη
554 4805 629 4869 Μ(
654 4805 976 4884 praeﬁntése.
1053 4811 1093 4884 ‘f
1126 4808 1217 4884 Sic
1240 4805 1384 4873 cod.,
1411 4806 1485 4884 rei
1506 4805 2391 4877 praedestinavit«Jprdedestinavit
2414 4821 2525 4860 om.
2556 4805 2655 4859 ΜΣ
2704 4808 2745 4836 ¹²
2775 4806 2864 4861 δίο
2894 4810 3036 4870 cod.,
3060 4807 3107 4860 Μ
3138 4805 3206 4861 αξ

386 4876 625 4942 (ξενὶὀιη.
654 4876 725 4938 Μ.
780 4876 846 4913 ’⁸⁸
877 4883 969 4939 Sic
994 4880 1138 4946 cod.,
1164 4880 1268 4937 vita
1297 4894 1407 4932 om.
1438 4876 1505 4929 Μ.

3287 4810 3328 4839 u
3463 4822 3584 4869 l'UtI.,

1875 4952 2136 5023 NOTAE.

379 5068 645 5149 tantillula
672 5103 851 5144 earnm
897 5085 1166 5141 scientiola
1204 5082 1344 5136 ultra
1373 5082 1502 5136 vires
1524 5095 1647 5133 suas
1674 5077 1942 5142 tumuisse,
1973 5091 2023 5148 ι)
2048 5079 2628 5148 praedestinanturuec
2652 5079 3126 5149 praedeliniuntur.

379 5164 615 5236 atquein
639 5159 979 5236 blasphemiae
1004 5154 1158 5221 impie
1186 5156 1494 5223 prorupisset

450 5230 477 5274 λι
516 5232 666 5285 Rom.
692 5230 735 5295 ι,
751 5230 803 5285 4.

453 5305 479 5343 b
511 5303 719 5373 Ephcs.
741 5301 778 5373 ι2
800 5301 858 5373 β.

453 5372 630 5446 °_lbttl.
658 5370 865 5446 5,111..
944 5437 989 5446 Η
1025 5435 1036 5446 .

450 5442 478 5481 ά
512 5429 787 5510 Augustin.
821 5435 1091 5510 Euenit-id.
1128 5448 1177 5510 c.
1214 5429 1334 5510 ΠΟ.

458 5524 481 5552 ο
508 5500 787 5580 Augustin.
814 5509 876 5560 de
901 5506 1084 5559 Cenes.
1113 5505 1307 5580 amitti.
1344 5500 1432 5580 XI,
1467 5501 1547 5553 II.

459 5581 475 5619 ί
512 5573 1053 5633 l’raetlestinatitmem
1082 5575 1209 5627 nihil
1235 5573 1372 5624 aliud
1397 5586 1513 5625 esse
1552 5584 1711 5639 quam
1745 5582 1939 5635 piacu-

383 5665 584 5711 Itmiein
614 5650 805 5701 falsum
831 5658 912 5699 est
953 5647 1264 5698 tilultnrnim
1291 5644 1655 5711 pl'ilt‘i'ltit'lllill
1694 5656 1826 5707 quae
1856 5654 1947 5687 nrt;

2121 5151 2148 5189 ⁸
2178 5149 2329 5204 Joan.
2360 5151 2398 5211 Ι,
2431 5151 2483 5203 5.

2114 5221 2139 5258 ιι
2180 5221 2375 5273 Εχυριι.
2418 5219 2657 5284 XXXIII,
2685 5220 2769 5272 II.

2130 5292 2142 5326 δ
2178 5290 2500 5343 Prudentius
2518 5309 2528 5342 :
2548 5290 2711 5343 Deum
2735 5301 2780 5342 ct
2806 5286 3115 5358 praecidisse
3136 5297 3183 5341 et
3210 5289 3598 5358 praetlestinasse

2051 5371 2263 5412 mortem
2278 5370 2324 5412 et
2336 5375 2550 5429 paenas,
2570 5361 2658 5431 qui
2676 5370 3003 5428 peccaturum
3018 5358 3275 5431 hominem
3296 5360 3595 5431 privandum,

2054 5432 2116 5490 ri,
2147 5444 2208 5481 ne
2241 5426 2471 5497 peccaret
2499 5471 2512 5495 ,
2556 5426 2881 5482 summa»
2904 5468 2917 5489 ,
2949 5436 3012 5487 et,
3040 5426 3087 5478 si
3128 5440 3374 5495 ραταηί,
3404 5427 3598 5480 merita.

2060 5518 2070 5537 ο
2088 5515 2166 5549 ma
2202 5500 2347 5549 illam
2378 5501 2713 5567 prttwlia‘cr‘it.

2132 5580 2139 5613 1
2184 5577 2287 5634 L‘uli'
2350 5574 2387 5631 Ι,
