3904 6148
397 271 502 330 ιδεν)

1809 277 2092 334 toanms
2133 278 2328 348 soon

3538 276 3643 336 430

393 400 616 461 τελειιειιι,
652 403 938 464 antequam
966 407 1154 448 omnes
1181 390 1232 444 in
1259 405 1365 444 uno
1395 397 1706 460 peccarent,
1733 387 1829 443 sed
1857 403 1964 441 non
1996 397 2040 452 Α
2068 405 2202 442 auae
2241 390 2400 444 uoluit
2457 389 2596 455 fecit,
2656 391 2838 448 omnia
2889 391 3316 448 substantialiter
3341 393 3650 463 constituit,

395 487 645 545 omnibus
671 485 934 556 tribuens,
971 491 1029 536 ut
1067 480 1251 544 velint,
1283 489 1403 550 post
1434 487 1715 548 peccatum
1747 492 1966 546 praepa-

399 560 525 633 rans
548 579 748 633 electos
767 575 834 627 ad
859 571 1264 634 beatitudinem,
1288 569 1579 638 disponens
1611 565 1890 635 reprobos,
1909 573 1966 620 ut

396 667 530 728 suis,
560 666 806 736 quamvis
833 662 1009 724 inviti,
1059 660 1268 730 legibus
1296 658 1554 721 serviant,
1588 672 1709 712 cum
1741 672 1873 720 non,
1904 665 1964 708 ut

396 773 473 812 Sic
496 755 597 811 sibi
625 754 912 818 servirent,
959 751 1384 822 praedestinavit
1429 765 1524 806 eos
1547 749 1844 826 faciendos,
1873 747 1965 804 sed

397 857 454 901 ut
478 847 526 901 ei
553 843 829 899 voluntate
869 843 1104 912 perfecta
1151 842 1539 905 adhaeret-ent;
1580 839 1733 893 inviti
1785 847 1965 892 autem

397 941 445 993 ei
478 936 742 1000 serviunt,
769 951 873 988 non
914 933 1124 988 iliorum
1157 941 1370 995 natura,
1410 945 1571 1001 quam
1617 930 1668 983 in
1695 930 1776 984 eis
1817 930 1964 994 fecit,

394 1040 444 1084 el
485 1033 539 1083 in
571 1027 650 1082 eis
702 1042 808 1083 non
852 1025 1030 1096 punit,
1081 1023 1173 1077 sed
1226 1021 1362 1074 mala
1413 1020 1692 1074 voluntate
1737 1021 1774 1084 ¹,
1809 1035 1968 1088 quam

396 1123 449 1177 in
483 1121 563 1176 eis
592 1135 696 1176 non
741 1117 886 1184 fecit,
921 1125 976 1170 et
1007 1117 1057 1170 in
1083 1115 1162 1168 eis
1187 1117 1360 1182 punit.
1386 1126 1411 1154 ιι
1445 1111 1500 1166 lu
1530 1129 1595 1168 eo
1628 1113 1793 1175 enim,
1827 1113 1970 1182 quod

396 1213 443 1266 ei
473 1211 624 1266 inviti
679 1209 940 1271 serviunt,
987 1205 1281 1274 puniuntur
1313 1205 1364 1256 in
1399 1204 1592 1272 seipsis
1626 1218 1720 1258 sua
1750 1216 1922 1271 poena
1953 1242 1969 1268 ,

394 1307 460 1358 de
487 1317 591 1374 qua
638 1317 769 1371 quos
796 1298 940 1368 justo
992 1300 1128 1352 Deus
1177 1312 1280 1350 non
1327 1297 1542 1360 liberat,
1590 1297 1657 1349 ad
1690 1311 1807 1349 eam
1855 1294 1975 1350 illos

393 1392 788 1464 quodammodo
817 1399 1123 1461 praeparat,
1157 1389 1283 1442 dum
1333 1403 1426 1442 eos
1473 1387 1538 1442 ad
1583 1403 1700 1441 eam
1746 1402 1804 1442 se
1831 1388 1974 1456 ipsos

394 1497 716 1552 praeparare
736 1477 1214 1550 permittatkcum
1239 1478 1444 1530 veritas
1468 1477 1678 1541 doceat,
1696 1485 1747 1530 et
1773 1477 1972 1531 nullum

395 1571 829 1644 praedestinasse
891 1569 955 1623 ad
1007 1570 1324 1633 interitum,
1383 1575 1438 1622 et
1499 1567 1630 1624 nulli
1695 1567 1974 1624 interitum

395 1675 770 1732 praeparasse.

463 1774 554 1828 IX.
594 1773 1023 1829 Praedestinavit
1075 1773 1280 1843 itaque,
1325 1773 1519 1842 impios
1576 1773 1816 1827 aeternis
1861 1771 1974 1828 suis

388 1864 810 1932 justissimisque
863 1863 1067 1932 legibus
1122 1863 1275 1918 inviti
1316 1864 1338 1896 '
1383 1863 1719 1925 servituros,
1772 1877 1974 1931 easque

395 1955 542 2009 nullo
569 1958 770 2023 impetu
803 1954 1094 2023 impietatis
1123 1969 1251 2008 suae
1297 1955 1352 2008 in
1385 1952 1713 2024 profundum
1738 1952 1975 2006 malitiae

399 2047 668 2103 tendentis
715 2046 1058 2109 transituros,
1089 2060 1262 2114 eoque
1303 2046 1464 2098 modo
1493 2043 1747 2113 puniendi
1790 2040 1974 2096 interi—

397 2137 565 2191 turos.
593 2137 993 2205 Nulla'quippe
1035 2136 1252 2206 gravior
1306 2149 1478 2205 poena
1514 2133 1772 2204 inﬂigitur
1817 2147 1975 2186 servo

395 2226 600 2296 iniquo,
624 2241 784 2294 quam
819 2236 876 2280 ut
902 2235 1124 2296 cogatur
1147 2225 1352 2280 servire
1395 2223 1599 2278 invitus
1619 2221 1974 2291 justo-Domi-

395 2332 484 2372 t.o.
515 2316 638 2370 Plus
669 2315 865 2370 etenim
897 2315 950 2368 in
977 2330 1035 2370 se
1062 2314 1177 2384 ipso
1223 2314 1449 2368 interius
1479 2311 1744 2384 superbae
1776 2309 1970 2365 volun-

398 2409 526 2462 tatis
553 2408 755 2476 patitur
782 2407 1152 2473 incitamenta,
1183 2421 1344 2474 quam
1381 2405 1622 2460 exterius
1668 2402 1721 2456 in
1749 2417 1976 2472 corpore

395 2501 682 2554 durissima
714 2498 948 2570 ﬂagella,
973 2499 1118 2570 quia,
1148 2515 1270 2554 cum
1293 2495 1502 2552 Domini
1531 2495 1610 2550 sui
1641 2495 1974 2550 voluntatem

395 2604 652 2660 spernere
681 2603 787 2643 non
835 2589 1029 2644 sinitur
1072 2588 1116 2652 ⁸,
1150 2589 1291 2641 intra
1327 2587 1677 2656 semetipsum
1715 2601 1746 2638 a
1778 2599 1836 2638 se
1859 2586 1975 2654 ipso

395 2680 691 2733 cruciatur.
715 2677 846 2744 Quis
863 2687 1040 2732 autem
1077 2689 1222 2731 recte
1246 2675 1608 2744 iudicantium
1628 2675 1749 2728 talis
1770 2689 1975 2744 poenae

397 2774 770 2828 auctoritatem
804 2772 949 2842 justo
994 2771 1253 2836 Domino,
1299 2779 1356 2825 et
1404 2785 1511 2824 non
1553 2769 1732 2838 potius
1777 2766 1976 2846 referat

398 2865 596 2933 injusto
639 2880 819 2930 servo,
865 2863 1302 2932 quandoquidem
1355 2861 1495 2917 intra
1527 2863 1762 2930 seipsum
1791 2861 1976 2915 inube-

397 2955 634 3009 dientiae
663 2969 791 3009 suae
824 2953 1033 3009 facibus
1081 2953 1386 3008 incenditur
1407 2993 1422 3014 ,
1460 2952 1776 3022 priusquam
1807 2967 1839 3005 a
1869 2949 1974 3005 Do-

400 3043 546 3099 mino
582 3045 923 3100 extrinsecus
961 3043 1030 3098 ad
1083 3042 1356 3098 cumulum
1401 3057 1606 3110 poenae
1649 3050 1973 3095 tormentum

397 3137 611 3208 aliquod
660 3137 905 3192 addatur.
946 3137 1021 3190 Eo
1048 3135 1213 3206 "igitur
1248 3135 1496 3204 loquendi
1531 3133 1688 3188 modo
1729 3133 1972 3188 Densdi-

397 3232 540 3285 citur
575 3230 771 3300 impios
793 3229 859 3282 ad
885 3229 1162 3281 interitum
1194 3227 1648 3295 praedestinasse,
1675 3241 1783 3294 quo
1819 3226 1970 3284 dice-

398 3331 550 3375 retur
575 3335 760 3375 eorum
789 3320 1144 3389 impietatem,
1171 3333 1273 3386 qua
1303 3318 1591 3397 intereunt,
1624 3317 1832 3385 legibus
1863 3315 1976 3370 suis

401 3411 914 3482 cirrmnscripsisse,
943 3412 1309 3480 impetumque
1333 3409 1648 3462 libidinosae
1673 3423 1858 3461 eorum
1887 3423 1976 3462 su-

399 3501 620 3568 perbiae
655 3499 956 3568 justiSsimo
990 3499 1072 3552 sui
1132 3495 1517 3552 moderaminis
1552 3506 1976 3566 temperamento

407 3593 723 3654 refreuasse,
757 3601 816 3644 ut
840 3607 979 3646 miro
1008 3598 1169 3660 atque
1195 3587 1449 3644 ineffabili
1476 3589 1633 3642 modo
1669 3589 1972 3658 divinarum

406 3685 580 3754 legum
627 3682 986 3753 pulcherrima
1037 3680 1332 3736 moderatio
1367 3694 1554 3735 eorum
1595 3679 1865 3748 nequitiae
1893 3693 1976 3732 es-

405 3787 488 3832 set
515 3775 808 3831 deterrima
849 3775 1143 3832 damnatio.
1179 3772 1292 3828 Una
1323 3773 1622 3840 eademque
1653 3770 1736 3825 lex
1763 3771 1976 3840 aequis-

403 3868 542 3921 simo
568 3863 952 3933 rempublicam
1000 3863 1189 3918 ordine
1227 3862 1539 3932 disponens,
1569 3861 1710 3916 sicut
1729 3861 1864 3915 bene
1892 3859 1974 3912 vi-

400 3973 529 4012 vere
570 3956 870 4010 volentibus
899 3955 1119 4008 adhibet
1145 3953 1334 4016 vitam,
1371 3953 1440 4005 ita
1489 3952 1630 4004 male
1670 3953 1852 4004 vivere
1880 3965 1973 4004 cu-

405 4049 675 4120 pientibus
703 4047 1000 4101 interitum.
1024 4045 1168 4098 lntra
1200 4043 1386 4097 eadem
1417 4055 1566 4112 septa
1600 4041 1792 4111 regalis
1821 4040 1975 4093 aulae

407 4142 722 4198 febricitans
755 4155 850 4194 sua
903 4139 1120 4192 miseria
1162 4144 1462 4204 torquetur,
1493 4135 1724 4187 sanitate
1767 4131 1975 4201 pollens

405 4236 656 4286 laetatur.
690 4231 928 4285 Dttorum
970 4229 1136 4282 solem
1185 4223 1344 4279 simul
1376 4223 1786 4292 adSpieientium
1834 4235 1974 4276 unus

404 4323 654 4376 ordinato
682 4321 800 4374 visu
829 4319 1182 4382 illuminatur,
1210 4315 1346 4370 alter
1392 4315 1696 4369 inordinate
1733 4313 1968 4369 tenebris

2002 3103 2043 3161 C

2067 479 2248 533 omnia
2287 479 2494 551 legibus
2525 481 2639 535 suis
2685 481 3086 551 pulcherrimis,
3112 481 3449 550 iustissimis,
3480 485 3651 541 mise—

2069 571 2564 642 ricordissimisque
2599 574 2893 637 ordinavit,
2949 583 3006 627 ut
3041 574 3248 628 liberati
3278 590 3374 644 per
3405 577 3654 645 unigeni-

2071 667 2181 712 tum
2207 661 2302 715 Dei
2349 661 2519 716 lilium
2555 663 2838 717 Dominum
2883 672 3126 718 nostrum
3161 663 3344 718 Jcsum
3369 664 3647 719 Christum

2067 749 2235 804 libere
2267 751 2529 820 beateque
2559 751 2610 804 in
2637 751 2716 805 eis
2739 761 3044 821 regnarent.
3073 751 3142 805 ab
3191 768 3256 808 eo
3298 761 3482 807 autem
3506 751 3526 783 ³
3561 768 3650 807 re-

2069 841 2178 894 licti
2217 841 2368 896 inviti
2399 841 2477 896 eis
2504 842 2788 908 servirent,
2814 859 2878 898 ac
2898 859 2995 914 per
3018 842 3118 897 hoc
3143 845 3242 898 sub
3273 845 3350 898 eis
3380 845 3653 914 perirent,

2071 948 2174 985 non
2207 932 2358 986 atde
2385 947 2571 987 eorum
2611 932 2830 1000 natura,
2870 950 3034 1003 quam
3088 931 3202 1004 ipse
3249 935 3398 1000 fecit,
3437 935 3649 1004 aliquid

2072 1035 2280 1094 pereat,
2310 1028 2400 1078 sed
2429 1033 2489 1078 ut
2516 1026 2568 1078 in
2600 1024 2702 1090 eis,
2732 1027 2874 1095 quod
2898 1027 3010 1094 ipse
3038 1043 3144 1080 non
3173 1025 3317 1090 fecit,
3346 1027 3532 1097 puniri
3564 1043 3656 1082 co-

2072 1125 2181 1186 gat.
2209 1115 2342 1171 Cum
2363 1117 2544 1185 itaque
2571 1117 2732 1172 audio
2763 1135 2782 1169 t
2813 1119 3110 1192 quosjuste
3133 1120 3565 1188 praedestinavit
3586 1120 3652 1173 ad

2072 1222 2299 1277 pcrenam
2325 1227 2372 1268 ι,
2407 1206 2663 1279 intelligo,
2709 1223 2936 1277 quorum
2974 1208 3254 1273 malitiam,
3285 1200 3388 1276 qua
3421 1208 3660 1280 puniun-

2076 1310 2162 1353 tur
2181 1300 2388 1368 legibus
2429 1301 2560 1364 suis,
2591 1301 2970 1355 refrenandam
3015 1299 3460 1370 praedestinavit.
3504 1300 3656 1355 Sicut

2073 1395 2214 1449 enim
2238 1395 2382 1449 nullo
2414 1395 2573 1450 modo
2600 1395 2770 1449 malos
2811 1395 3234 1464 praedestinavit
3263 1394 3331 1448 ad
3356 1394 3657 1463 malitiam,

2076 1487 2145 1540 ita
2179 1485 2324 1540 nullo
2353 1486 2512 1539 modo
2561 1486 2984 1554 praedestinavit
3028 1484 3288 1539 malitiam
3319 1485 3386 1539 ad
3415 1485 3658 1554 punien-

2076 1577 2172 1630 dos
2203 1576 2390 1630 malos.
2418 1574 2484 1630 Et
2509 1576 2652 1631 sicut
2681 1575 3106 1646 praedestinavit
3138 1577 3310 1632 malos
3340 1576 3550 1632 invitos
3577 1575 3664 1633 le.

2076 1668 2232 1739 gibus
2278 1666 2389 1722 suis
2414 1666 2730 1733 servituros,
2767 1666 2839 1722 ita
2882 1667 3028 1740 leges
3057 1684 3184 1724 suas
3224 1654 3660 1738 praedestinavit

2004 1743 2048 1802 Β
2081 1758 2252 1814 malos
2290 1757 2493 1813 malitia
2522 1774 2618 1813 sua
2643 1759 2860 1830 punitos
2893 1776 2998 1814 non
3029 1775 3308 1815 evasuros.
3337 1758 3443 1814 Ubi
3476 1761 3661 1816 subti-

2079 1852 2203 1905 liter
2231 1851 2660 1922 intelligendum,
2684 1852 2827 1921 quod
2850 1851 3272 1921 praedestinatio
3301 1852 3420 1922 ipsa
3447 1853 3524 1908 sit
3555 1855 3656 1918 lex,

2077 1953 2131 1998 et
2159 1944 2242 1999 lex
2268 1945 2380 2015 ipsa
2413 1945 2485 1998 sit
2511 1943 2950 2013 praedestinatio.
2997 1942 3052 1996 Si
3080 1941 3222 1997 enim
3269 1941 3452 1997 omnis
3495 1956 3664 2012 prae—

2077 2037 2366 2090 destinatio
2393 2033 2637 2089 deﬁnitio
2663 2043 2768 2098 est,
2795 2044 2851 2088 et
2879 2031 3052 2086 omnis
3076 2033 3161 2087 lex
3189 2031 3456 2096 deﬁnitio,
3483 2033 3665 2087 omnis

2082 2127 2244 2198 igitur
2273 2125 2694 2196 praedestinatio
2717 2124 2802 2179 lex
2830 2131 2932 2186 est,
2965 2132 3021 2178 et
3047 2122 3222 2179 omnis
3245 2120 3328 2176 lex
3355 2123 3667 2191 praedesti-

2078 2221 2243 2274 natio.
2261 2219 2450 2272 Divina
2469 2219 2648 2286 itaque
2661 2215 3079 2288 praodestinatio
3092 2224 3174 2269 est
3190 2215 3277 2269 lex
3296 2215 3549 2268 omnium
3571 2229 3670 2268 na-

2079 2323 2325 2368 turarutn
2347 2323 2587 2376 aeterna,
2607 2320 2660 2364 et
2681 2307 3128 2363 incommutabilis
3150 2305 3456 2376 disciplina,
3477 2309 3670 2361 ruinas

2079 2405 2352 2458 mutabilis
2390 2412 2670 2457 creaturae
2706 2401 2759 2454 in
2805 2401 2908 2465 his,
2941 2413 3074 2470 quos
3115 2398 3286 2472 gratia
3331 2414 3433 2454 sua
3475 2399 3667 2470 elegit,

2080 2497 2500 2552 misericorditer
2535 2511 2824 2558 renovans,
2857 2497 2909 2549 in
2939 2496 3024 2549 his
3056 2511 3207 2560 vero,
3239 2509 3374 2564 quos
3395 2493 3556 2564 juste
3585 2511 3673 2549 re—

2078 2588 2228 2658 pulit,
2247 2595 2492 2657 potenter
2513 2586 2789 2648 ordinans,
2807 2587 2880 2638 ita
2904 2594 2960 2639 ut
2977 2586 3090 2654 ipsa
3113 2585 3417 2656 disciplina,
3437 2587 3574 2639 dum
3599 2587 3671 2638 sit

2077 2682 2266 2736 eadem
2299 2681 2351 2735 in
2379 2695 2441 2736 se
2464 2695 2677 2752 semper
2715 2681 3013 2752 aequaliter
3035 2695 3277 2744 manens,
3310 2678 3672 2750 diligentibus

2075 2788 2194 2826 eam
2227 2772 2297 2826 sit
2321 2771 2670 2832 beatitudinis
2713 2771 2902 2841 gloria,
2943 2769 3248 2825 odieutibus
3273 2783 3392 2822 eam
3422 2769 3500 2821 sit
3533 2785 3668 2837 sup-

2077 2866 2352 2936 pliciorum
2399 2863 2741 2922 contumelia.
2776 2863 2903 2917 dum
2942 2862 3274 2934 diligentium
3323 2859 3461 2914 nihil
3518 2858 3676 2914 aliud

2075 2960 2144 3012 sit
2191 2955 2495 3020 beatitudo,
2543 2955 2649 3009 nisi
2685 2954 2938 3026 gaudium
2979 2953 3044 3007 de
3069 2951 3324 3013 veritate,
3356 2947 3674 3002 odieutiut-z

2080 3046 2223 3100 nulla
2267 3046 2338 3100 sit
2373 3045 2610 3104 miseria.
2656 3043 2754 3096 nisi
2785 3041 2936 3096 dolor
2974 3041 3040 3094 de
3086 3039 3332 3092 veritatis
3358 3035 3678 3106 aequitate.

2076 3135 2199 3189 lllos
2228 3149 2321 3188 sua
2373 3132 2568 3186 invidia
2621 3137 2836 3201 torquet
2881 3129 3096 3194 invitos,
3149 3127 3278 3182 istos
3323 3139 3422 3180 sua
3459 3121 3676 3182 carita~

2077 3237 2301 3282 coronat
2333 3223 2622 3281 benevolos
2647 3225 2687 3278 ⁸.

2574 3330 2972 3389 CAPITULUM
3011 3330 3130 3386 XIX

2633 3425 2710 3478 De
2726 3425 2843 3492 igne
2859 3431 3091 3476 aeterno.

2141 3519 2182 3576 l.
2226 3520 2300 3572 De
2329 3527 2548 3572 aeterno
2570 3529 2696 3569 vero
2720 3515 2864 3584 igne,
2893 3514 2957 3566 de
2979 3527 3087 3582 quo
3117 3511 3372 3564 Dominus
3399 3522 3456 3562 ιιι
3491 3511 3652 3567 Evan

2075 3612 2213 3685 gelio
2235 3611 2311 3666 ait
2336 3634 2345 3664 :
2373 3609 2475 3673 Ite,
2493 3607 2778 3673 maledicti,
2803 3607 2858 3658 in
2879 3605 3048 3674 ignem
3073 3611 3359 3663 aeternum,
3383 3617 3481 3670 qui
3509 3617 3680 3661 prae-

2075 3715 2290 3773 paratus
2326 3712 2399 3756 est
2435 3697 2644 3754 diabolo
2679 3707 2726 3750 et
2784 3695 2980 3766 angelis
3011 3693 3126 3764 ejus
3160 3704 3208 3758 ο,
3242 3688 3371 3746 nulli
3403 3693 3678 3745 dtnutan-

2077 3799 2225 3862 dum,
2250 3807 2570 3863 corporeum
2616 3804 2754 3851 esse,
2785 3786 3029 3856 quamvis
3077 3799 3176 3854 pro
3213 3780 3516 3838 subtilitate
3569 3798 3675 3835 ua-

2077 3897 2228 3939 turae
2254 3886 2602 3952 incorporeus
2627 3895 2746 3934 esse
2773 3879 3004 3941 dicatur,
3037 3873 3495 3946 quemadmodum
3527 3872 3680 3927 sole.

2077 3992 2195 4031 mus
2225 3976 2403 4030 dicere
2442 3973 2752 4026 aethereum
2803 3969 3074 4039 spiritum,
3122 3981 3244 4020 cum
3293 3973 3489 4032 quarta
3539 3981 3677 4033 pars

2074 4066 2450 4138 sitcorporalis
2473 4071 2772 4120 creaturae.
2802 4061 2914 4116 Nec
2941 4059 3095 4114 facile
3114 4056 3462 4121 crediderim,
3495 4058 3677 4112 alium

2077 4159 2252 4229 ignem
2299 4161 2676 4230 praeparatum
2728 4152 2797 4207 ad
2837 4149 3166 4220 puniendum
3213 4147 3489 4202 diabolum
3541 4163 3680 4202 cum

2075 4247 2325 4302 omnibus
2353 4247 2466 4300 suis
2518 4243 2797 4307 membris,
2840 4249 3054 4312 praeter
3102 4239 3264 4292 istum
3309 4237 3532 4306 ipsum,
3577 4241 3678 4308 qui

2080 4349 2165 4396 est
2185 4347 2437 4408 quartum
2475 4335 2656 4390 mundi
2689 4331 3080 4389 elementumd.
3121 4329 3259 4396 Quid
3298 4329 3482 4383 enim?
3501 4329 3658 4384 Num

405 4413 724 4483 νθνθυίίιυν·
773 4411 924 4468 Unus
978 4411 1225 4478 mcmq‘w
1276 4408 1432 4500 οίβμε
1477 4421 1694 4500 ίξξυίξνυδ
1729 4405 1964 4500 ξιιίῖτιῖιξξο
2003 4439 2051 4497 ι)
2079 4405 2218 4500 quid
2242 4427 2460 4492 mirum,
2511 4425 2554 4479 si
2599 4423 2694 4500 illa
2743 4422 3028 4492 impiorum
3060 4434 3312 4488 corpora,
3341 4432 3485 4488 quae
3543 4435 3652 4489 pro

406 4505 580 4559 dulcis
606 4518 774 4567 sano;
810 4517 914 4554 una
939 4501 1234 4569 eademque
1257 4495 1554 4568 spiritualis
1575 4496 1819 4552 doctrina
1851 4495 1972 4552 aliis

411 4599 544 4650 odor
569 4594 714 4648 vitae
741 4593 794 4646 in
818 4593 1006 4656 vitam,
1039 4591 1159 4645 aliis
1191 4591 1326 4646 odor
1354 4589 1546 4646 mortis
1574 4589 1626 4643 in
1653 4596 1902 4644 mortem.

477 4707 548 4762 Χ.
573 4706 806 4762 Proinde
834 4703 1014 4759 divina
1045 4702 1486 4773 praedestinatio,
1511 4717 1651 4776 quae
1673 4700 1864 4771 procul
1880 4699 1978 4753 du-

410 4801 501 4857 bio
536 4800 670 4854 nihil
697 4798 842 4856 aliud
883 4807 983 4862 est,
1014 4814 1176 4868 quam
1223 4797 1405 4854 divina
1459 4797 1747 4866 praevisio,
1803 4795 1981 4848 omnia

2084 4523 2222 4576 fecto
2269 4519 2336 4574 de
2361 4519 2445 4573 bis
2473 4511 2729 4587 quatlnor
2776 4512 3147 4582 corporalibus
3198 4511 3486 4566 elementis
3543 4525 3679 4565 sunt

2082 4617 2398 4680 compacta,
2450 4609 2504 4662 in
2551 4607 2740 4662 eadem
2779 4603 3089 4658 resolvenda
3151 4610 3391 4672 tempore
3446 4617 3683 4672 quoqm

2083 4699 2456 4772 praedelinito,
2496 4699 2564 4753 ab
2607 4698 2810 4752 eisdem
2851 4695 3042 4749 iterum
3096 4692 3512 4747 resurrectionis
3551 4709 3680 4747 mo-

2086 4800 2269 4846 mento
2326 4789 2648 4854 revocanda,
2702 4789 2754 4840 in
2806 4785 2897 4840 illo
2946 4783 3086 4852 igne,
3140 4799 3245 4853 quo
3283 4792 3684 4837 resurrectura

1687 4898 1938 4982 vitatas
1973 4924 2375 4984 LECTiONES.

510 5053 528 5085 ¹
555 5052 645 5108 Sic
670 5049 742 5115 M,
766 5049 884 5105 cod.
910 5049 1102 5103 malam
1142 5045 1472 5102 voluntatem.

411 5125 434 5163 ⁸
463 5123 596 5182 Cod.
629 5120 906 5175 benivolos.

1586 5042 1606 5071 ³
1633 5038 1722 5094 Sic
1750 5040 1893 5102 cod.,
1915 5039 1962 5092 Μ
2011 5041 2186 5096 invite.

2285 5007 2416 5094 istc
2437 5035 2653 5103 cod.,M
2681 5037 2906 5089 sinatur.
3021 5035 3043 5063 δ
3084 5031 3174 5087 Sic
3212 5032 3356 5096 cod.,
3387 5027 3437 5082 tu
3460 5041 3660 5084 tamen

1916 5179 2167 5234 NOTAE.

487 5302 510 5328 α
541 5284 862 5342 Prudentius
888 5283 1158 5341 observat,
1183 5289 1479 5346 utrumque,
1501 5283 1546 5327 et
1577 5283 1819 5346 naturam
1842 5271 1990 5346 scili—

414 5369 514 5420 cet,
545 5367 592 5410 et
627 5354 944 5409 uoluntatem
973 5352 1247 5420 impiorum
1280 5342 1386 5400 Deo
1416 5343 1806 5420 inviteseruire,
1822 5342 1993 5420 juste-

414 5410 514 5499 ῥιιέ
537 5425 736 5494 puniri,
768 5439 869 5499 non
893 5438 924 5472 a
947 5437 999 5472 se
1019 5410 1143 5487 ipsis
1167 5433 1262 5469 sua
1286 5432 1472 5486 poena,
1496 5413 1585 5467 sed
1610 5413 1672 5464 ab
1702 5410 1813 5474 illo,
1840 5413 1990 5479 cujus

417 5491 492 5553 ἓςι
522 5491 746 5563 potestas
764 5491 934 5563 justa.

491 5552 532 5619 δ’
560 5552 882 5621 Prudentius
914 5576 926 5610 :
966 5557 1026 5610 Id
1065 5555 1246 5609 Patres
1288 5571 1552 5622 nunquam
1591 5553 1684 5606 tali
1737 5552 1994 5622 locutione

418 5619 612 5705 dictum
643 5631 879 5694 sensisse,
903 5630 1024 5698 quin
1047 5627 1148 5680 into
1169 5627 1292 5679 istos
1305 5635 1350 5680 et
1375 5619 1687 5698 praeparare
1704 5641 1756 5677 se
1774 5638 1906 5690 ipsos
1925 5619 1992 5672 ad

2089 5287 2304 5340 poenam
2339 5270 2510 5338 inique
2535 5267 2766 5329 rirendo,
2797 5267 2926 5340 ct_in
2961 5263 3686 5340 iniquitate.persererando,

2089 5331 2136 5394 cl
2169 5342 2329 5393 Ucum
2377 5331 2689 5407 praeparare
2730 5353 2814 5389 eos
2845 5335 3126 5403 iustissime
3140 5331 3450 5400 judicando.

2163 5421 2185 5446 ε
2229 5409 2414 5462 Matth.
2444 5421 2568 5467 xxv,
2602 5408 2687 5458 41.

2159 5479 2185 5518 ἀ
2229 5481 2302 5532 De
2341 5480 2442 5531 hac
2475 5493 2531 5530 re
2560 5466 2710 5528 nihil
2759 5480 2992 5528 constat.
3024 5469 3316 5525 Prudentio
3357 5466 3494 5520 alius
3552 5482 3690 5522 οη.-

2091 5552 2218 5603 ηἰιιο
2243 5549 2380 5618 ignis
2398 5561 2518 5601 esse
2547 5547 2780 5610 videtur,
2812 5545 3062 5620 qmmiam
3105 5542 3346 5605 diversae
3380 5537 3696 5606 qualitatis

2091 5621 2214 5673 sint.
