3904 6148
215 258 279 309 457
1167 250 1361 302 LIBER
1410 248 1495 301 DE
1537 249 2240 311 PliAEDESTlNATlONE.

3283 265 3386 320 458

208 363 385 419 omnium
405 376 621 430 corpora
656 361 892 416 maxime
914 363 1339 418 substantialiter
1365 365 1710 428 constabunt,
1743 372 1787 428 Α
1812 366 1931 437 jici,
1959 382 2066 422 non
2122 371 2498 439 substantiam,
2545 390 2717 445 neque
2743 377 2766 409 ⁸
2805 375 2923 447 ejus
2963 378 3253 448 qualitates
3296 393 3388 447 ge—

211 462 346 507 mento
370 452 643 521 impietatis
673 467 805 507 suae
834 459 1103 506 tormenta
1130 458 1397 522 patientur
1423 455 1681 508 aeterna?

254 542 298 596 ll.
334 541 425 597 Ubi
464 557 563 594 non
609 541 904 611 incongrue
938 544 1286 609 credendum,
1314 545 1455 613 quod
1488 560 1713 615 corpora

212 642 450 689 tanctorum
487 633 536 685 in
595 633 907 686 aetheream
977 635 1328 687 mutabuntur
1377 635 1716 704 qualitatem,

214 738 307 791 quae
331 726 387 775 ab
422 722 513 774 alia
544 722 804 789 qualitate
824 722 1068 776 consumi
1102 741 1205 777 non
1230 733 1421 792 potest,
1444 740 1568 782 cum
1587 725 1707 779 iul'e-

213 815 362 868 riorum
391 827 656 879 corporum
714 814 1002 880 qualitates
1042 815 1093 868 in
1146 832 1203 869 se
1235 823 1442 870 mutare
1481 818 1690 885 pussit‘

210 902 435 975 impiorum
457 917 575 955 vero
603 918 825 971 corpora
858 904 909 956 in
941 920 1151 958 aeream
1178 905 1488 974 qualitatem
1541 915 1717 961 trans-

214 1003 395 1054 uura,ut
417 1007 442 1044 a
469 992 741 1059 superiore
770 994 893 1062 igne
913 995 1184 1062 patiantur
1210 1008 1256 1046 ει.
1284 994 1416 1049 llinc
1447 1007 1551 1059 est,
1579 997 1717 1064 quod

212 1081 400 1139 diabolus
432 1090 541 1151 post
580 1082 789 1149 lapsum
821 1084 1071 1138 detrusus
1119 1084 1185 1137 ab
1229 1086 1481 1140 aethereo
1524 1087 1718 1156 spatio,

209 1171 457 1241 adjunctum
470 1184 547 1227 est
567 1174 617 1227 ei
642 1174 808 1227 invito
834 1190 1052 1229 aereum
1071 1190 1285 1245 corpus,
1309 1178 1361 1231 in
1386 1193 1493 1247 quo
1522 1194 1722 1248 poenas

207 1278 300 1319 suae
317 1265 573 1333 superbiae
602 1266 733 1319 luat.
772 1266 906 1319 Miro
933 1275 1095 1335 atque
1127 1266 1380 1322 ineffabili
1409 1278 1720 1323 naturarum

203 1357 323 1412 modo
375 1359 655 1428 peragitur,
698 1359 909 1413 occulto
963 1362 1154 1416 'tamen
1196 1360 1447 1430 justeque
1496 1361 1718 1431 judicio,

204 1454 263 1513 ut,
282 1448 413 1517 quod
444 1448 692 1501 elementa
722 1448 902 1502 mundi
925 1448 1071 1507 inter
1100 1464 1159 1504 se
1187 1450 1340 1517 quasi
1363 1451 1593 1519 quodam
1623 1466 1720 1504 na-

202 1537 347 1593 turalis
390 1538 567 1590 amoris
621 1536 835 1591 vinculo
869 1538 1149 1608 complexa
1189 1538 1727 1608 iuseparabiliterque

207 1627 441 1697 coniuncta
473 1627 870 1681 ordinatissime
915 1637 1062 1682 motu
1103 1636 1383 1698 appetunt,
1434 1630 1724 1684 veritatem

1817 457 2028 512 bennali
2053 456 2267 514 flamma
2296 466 2641 532 torquendus,
2673 467 2765 520 sed
2797 484 3011 523 sensum
3044 472 3294 539 patientis
3339 477 3391 520 ct

1817 548 2056 605 animum
2084 549 2401 607 reluctantis
2426 563 2643 608 aeterna
2676 558 2889 611 miseria
2931 554 3247 615 luctaturos.
3414 550 3419 557 ’

2430 687 2668 743 El’lLOG
2683 688 2782 743 US.

2206 794 2282 850 De
2315 795 2488 849 divina
2518 798 3005 867 praedestinatione.

1892 906 1927 958 l.
1972 905 2122 972 Quae
2170 922 2293 962 cum
2344 908 2415 963 ita
2462 908 2592 972 sint,
2644 923 2792 971 ecce,
2835 926 2999 964 unum
3042 912 3209 966 Deum
3254 910 3395 974 colo,

1819 1013 1987 1051 unum
2016 999 2254 1052 omnium
2284 999 2604 1069 principium
2626 1000 3153 1070 etsapicuuam,qua
3181 1003 3389 1073 sapiens

1821 1096 1925 1152 est,
1953 1102 2303 1157 quaecunque
2322 1087 2501 1143 anima
2531 1090 2744 1159 sapiens
2776 1099 2879 1153 est,
2900 1099 2955 1144 et
2978 1092 3147 1159 ipsum
3174 1107 3388 1151 munus,

1821 1193 1928 1246 quo
1975 1178 2130 1233 beata
2170 1189 2335 1244 sunt,
2384 1195 2735 1249 quaecunque
2780 1183 2935 1235 beata
2986 1191 3144 1245 sunt,
3186 1191 3238 1235 et
3283 1183 3397 1251 ejus

1823 1281 1983 1320 unam
2031 1275 2084 1318 et
2133 1267 2299 1320 solam
2327 1277 2382 1321 et
2411 1282 2592 1321 veram
2643 1269 3188 1336 praedestinationem
3238 1271 3400 1338 proli-

1825 1364 1962 1420 teor,
1986 1373 2125 1426 quae
2151 1366 2255 1420 est,
2278 1358 2558 1433 quodjpse
2592 1368 2693 1422 eSt,
2734 1359 2858 1427 quia
2888 1359 2973 1413 lex
3015 1358 3133 1428 ejus
3176 1367 3394 1411 aeterna

1823 1457 1879 1502 et
1904 1447 2356 1503 incommutabilis
2386 1457 2488 1512 est,
2515 1463 2655 1518 quae
2687 1448 2825 1503 sicut
2866 1448 3135 1502 neminem
3174 1447 3400 1516 praede—

1826 1537 2047 1593 stinavit
2072 1537 2138 1591 ad
2166 1537 2602 1606 interitum,quia
2632 1538 2739 1591 vita
2770 1545 2869 1598 est,
2907 1545 2959 1590 et
2989 1535 3246 1599 reﬂexim,
3265 1535 3405 1589 sicut

1827 1626 1957 1689 nulli
1999 1626 2145 1682 malo
2183 1626 2601 1696 praedestinavit
2643 1626 2923 1688 malitiam,
2971 1641 3108 1694 quae
3154 1625 3403 1679 interitus

213 1715 458 1770 ulientibus
481 1723 719 1770 vertatur
746 1716 797 1770 in
824 1718 1159 1789 supplicium.
1181 1718 1338 1789 Ignea
1369 1719 1565 1790 quippe
1589 1736 1721 1789 qua-
1751 1711 1797 1770 B
1824 1728 1927 1784 est,
1962 1719 2034 1773 ita
2078 1718 2207 1773 nulli
2258 1718 2400 1772 malo
2445 1718 2865 1788 praedestinavit
2911 1717 3221 1783 interitum,
3277 1717 3401 1784 quia

215 1802 309 1857 litas
327 1807 553 1876 superior
595 1809 824 1863 naturali
876 1809 926 1862 vi
984 1810 1299 1864 inferiorum
1331 1811 1722 1865 elementorum

214 1894 446 1964 qualitates
473 1896 519 1950 in
551 1912 609 1951 se
638 1897 1011 1952 transfundere
1033 1914 1244 1968 semper
1266 1900 1470 1971 appetit
1494 1900 1725 1956 naturali

212 1995 344 2051 motu,
367 1989 504 2055 quasi
532 1990 796 2057 quoddam
820 1990 901 2044 sui
936 1990 1269 2049 alimentum.

266 2075 333 2130 lll.
367 2076 487 2132 Cum
513 2093 659 2149 ergo,
695 2088 748 2133 ut
781 2079 1034 2144 diximus,
1058 2096 1305 2150 suprema
1341 2084 1580 2139 omnium
1602 2098 1725 2138 cor-

212 2180 357 2234 porum
381 2168 622 2236 qualitas,
647 2184 782 2237 quae
804 2178 885 2224 est
915 2170 1192 2235 aetherea,
1226 2170 1513 2227 inferiores
1556 2172 1729 2241 quali-

213 2264 320 2309 tates
335 2266 383 2311 et
414 2258 543 2312 intra
581 2273 639 2314 se
661 2257 944 2314 ambiendo
982 2269 1212 2325 coartat,
1265 2270 1319 2315 et
1356 2260 1409 2314 in
1443 2276 1522 2328 se,
1567 2271 1728 2332 prout

208 2346 274 2400 lex
293 2360 576 2405 naturarum
609 2350 758 2414 sinit,
787 2366 1131 2407 commovere
1176 2368 1281 2407 non
1316 2352 1548 2417 desinat,
1580 2366 1730 2407 natu-

210 2452 350 2493 rarum
374 2442 499 2495 intra
523 2457 583 2497 se
612 2442 856 2497 mirabile
882 2443 1161 2513 perficitur
1180 2443 1453 2513 gaudium,
1471 2444 1728 2501 malarum

205 2543 306 2583 vero
344 2533 660 2590 voluntatum
708 2534 976 2590 ineffabile
1030 2542 1362 2588 tormentum
1401 2534 1448 2588 δ.
1506 2535 1736 2592 Proinde

209 2621 449 2689 impiorum
483 2623 721 2676 omnium
743 2663 758 2687 ,
799 2624 1110 2693 angelorum
1136 2625 1387 2680 videlicet
1430 2626 1737 2681 hominum-

206 2723 290 2779 que
309 2725 684 2779 perversurum,
714 2726 943 2783 corpora
998 2714 1069 2767 ita
1118 2724 1244 2769 sunt
1294 2716 1554 2786 supplicia
1600 2718 1738 2787 ignis

207 2804 375 2857 aeterni
404 2819 733 2875 perpessum,
761 2814 820 2860 ut
851 2805 1165 2877 integritate
1185 2823 1373 2864 eorum
1403 2811 1737 2867 substantiae

205 2893 324 2949 inulto
349 2897 495 2952 modo
540 2895 813 2963 defutura,
849 2912 1039 2952 eorum
1084 2898 1314 2953 naturali
1368 2900 1737 2956 incolumitate

205 2998 532 3053 permansura,
559 2986 813 3042 omnibus
852 2987 1044 3041 deinde
1083 2997 1307 3043 naturae
1335 2990 1491 3045 bonis
1520 2991 1588 3045 ad
1614 2992 1736 3046 uni-

1825 1811 2031 1866 malitia
2071 1820 2174 1865 est.
2225 1809 2360 1863 Nulli
2407 1824 2637 1879 namque
2688 1809 2953 1863 catholico
2991 1808 3118 1863 licet
3158 1807 3405 1869 credere,

1826 1917 2090 1957 summam
2116 1901 2427 1961 bonitatem,
2457 1914 2522 1953 ex
2559 1916 2661 1968 qua
2687 1908 2771 1954 est
2792 1915 2952 1953 omne
2981 1900 3202 1962 bonum,
3255 1913 3407 1967 prae.

1826 1992 2127 2048 destinasse
2150 1989 2307 2043 alicui
2324 1989 2556 2058 aliquam
2584 1988 2922 2047 malitiam,et
2938 2002 3203 2042 summam
3221 1987 3406 2049 vitam,

1827 2104 1893 2142 ex
1921 2103 2047 2157 qua,
2076 2095 2131 2139 et
2154 2086 2207 2139 in
2239 2100 2368 2154 qua,
2388 2092 2444 2137 et
2482 2097 2581 2152 per
2604 2097 2766 2152 quam
2791 2082 2970 2135 omnia
2998 2080 3206 2144 vivunt,
3247 2079 3407 2132 alicui

1827 2178 2256 2250 praedestinasse
2303 2173 2579 2228 interitum
2629 2173 2711 2226 vel
2751 2186 3001 2242 poenam,
3040 2170 3259 2239 quando
3290 2184 3357 2224 ne
3389 2168 3410 2198 ’

1828 2270 1883 2324 id
1932 2268 2149 2338 quidem
2177 2307 2193 2332 ,
2231 2264 2378 2335 quod
2418 2278 2476 2319 se
2515 2263 2744 2319 invicem
2787 2261 3002 2332 perdit,
3047 2260 3229 2330 perire
3280 2274 3409 2327 per-

1829 2362 2025 2417 mittat.

1904 2450 1966 2504 ll.
2008 2447 2239 2504 Proinde
2263 2462 2384 2502 cum
2415 2444 2574 2500 audio
2602 2444 3005 2515 praedicatores
3036 2451 3177 2505 tuos,
3223 2456 3257 2495 ο
3281 2441 3403 2494 bea-

1836 2543 2041 2597 tissima
2063 2540 2285 2601 veritas,
2313 2539 2420 2592 vita
2442 2537 2682 2593 omnium
2709 2533 3030 2597 communis,
3059 2532 3318 2596 dicentes,
3366 2539 3419 2584 te

1834 2631 2268 2702 praedestinasse
2292 2629 2495 2697 impios
2544 2627 2610 2681 ad
2656 2625 2953 2687 interitum,
2989 2631 3083 2677 aut
3137 2621 3413 2675 interitum

1834 2723 2032 2791 impiis,
2085 2721 2359 2784 continuo,
2409 2718 2497 2772 lux
2558 2716 2899 2780 clarissima,
2956 2723 3007 2768 te
3071 2712 3411 2767 illuminante

1838 2811 2088 2866 tenebras
2115 2810 2367 2876 meas,.in
2395 2818 2445 2863 te
2473 2808 2629 2862 video
2655 2815 2709 2861 te
2736 2806 3193 2877 praedestinasse,
3225 2804 3277 2857 id
3311 2812 3413 2863 est.

1837 2910 1961 2958 ante
1999 2901 2180 2956 secula
2209 2900 2483 2955 definiisse
2515 2898 2557 2933 ¹⁰
2582 2899 2723 2952 intra
2753 2897 2899 2965 leges
2922 2904 3041 2950 tuas
3059 2895 3413 2949 incommuta-

1839 2993 1973 3047 biles
1993 3000 2203 3050 certum
2229 3006 2511 3045 numerum
2538 3004 2746 3054 eorum,
2779 2987 2871 3057 qui
2900 2988 2954 3040 in
2987 3001 3083 3040 sua
3119 2985 3414 3054 impietate,

205 3076 442 3132 versitatis
458 3085 832 3133 ornamentum
859 3077 1092 3133 mirabili
1138 3078 1328 3135 ordine
1373 3078 1658 3136 refulsuris
1688 3093 1735 3148 ε,
1766 3063 1810 3124 C
1841 3098 2002 3153 quam
2026 3096 2303 3150 nunquam
2330 3088 2384 3136 et
2406 3095 2667 3149 nusquam
2695 3075 3418 3150 praedestinasti,interituzi

204 3177 390 3235 excepta
418 3167 781 3236 beatitudine,
813 3183 917 3238 qua
944 3169 1321 3237 privabuntur,
1344 3184 1482 3239 quae
1506 3187 1612 3228 non
1655 3183 1738 3228 est

205 3273 254 3309 ιι
278 3271 471 3326 natura,
503 3263 599 3317 sed
626 3277 697 3317 ex
732 3263 939 3334 gratia,
986 3263 1285 3333 superioris
1311 3263 1450 3334 ignis
1490 3265 1738 3334 corporei

203 3363 299 3401 iam
318 3351 578 3408 inferioris
596 3354 741 3409 aeris
770 3355 1091 3423 corporibus
1111 3354 1371 3423 qualitate
1394 3354 1739 3419 colluctante,

206 3442 394 3495 taturali
423 3444 474 3498 vi
501 3453 732 3509 servata,
778 3444 1066 3500 infelicium
1096 3446 1394 3500 animarum
1424 3442 1647 3502 intentio
1676 3447 1743 3499 de

204 3534 483 3598 t‘orporibus
509 3539 624 3593 suis
656 3546 904 3593 aeternas
943 3539 1179 3607 patiatur
1206 3540 1226 3569 ⁸
1252 3554 1540 3594 aerumnas
1561 3538 1587 3577 ἀ
1620 3557 1633 3592 :
1671 3539 1742 3593 ita

206 3620 433 3692 tidelicet,
457 3637 519 3682 ut
539 3628 684 3684 idem
713 3629 827 3699 ipse
848 3630 988 3700 ignis
1019 3631 1270 3687 omnibus
1301 3631 1620 3700 corporibus
1650 3629 1744 3684 liat

202 3708 341 3773 ﬂoris
373 3726 419 3779 °,
468 3732 575 3787 quo
603 3718 923 3774 damnandis
957 3719 1240 3775 animabus
1280 3720 1607 3776 intrinsecus
1636 3721 1742 3776 ini-

204 3802 375 3866 ‘luilate
400 3810 641 3878 propria,
673 3810 1010 3866 extrinsecus
1036 3811 1398 3866 cumulabitur
1423 3827 1616 3882 poena.

255 3890 330 3947 lV.
383 3896 536 3963 Quod
583 3898 631 3955 si
675 3899 836 3955 alicui
886 3901 1200 3957 incredibile
1232 3903 1467 3969 videtur,
1516 3919 1740 3974 corpora

202 3978 385 4041 quidem
415 4000 632 4058 semper
655 3974 869 4061 arsura,
898 3999 954 4044 et
988 3991 1056 4045 de
1097 3991 1335 4061 ipsorum
1378 3993 1512 4047 nihil
1543 3995 1745 4063 peritu-

199 4082 295 4125 rum
314 4084 521 4145 natura,
553 4080 735 4135 videat
757 4081 905 4136 illum
936 4083 1183 4152 lapidem,
1207 4085 1299 4153 qui
1324 4084 1374 4139 in
1398 4085 1624 4139 Arcadia
1648 4088 1746 4143 sub

201 4173 353 4219 tuente
398 4171 644 4226 nascitur
699 4156 1071 4239 Erimanthi‘;
1097 4175 1334 4242 quicum
1371 4176 1440 4230 sit
1462 4174 1624 4237 ferrei
1668 4176 1748 4229 ni-

198 4254 324 4319 ιθτίδ,
342 4267 481 4316 tacto
507 4277 794 4329 accensus,
815 4263 882 4318 ab
901 4263 1008 4335 igni
1025 4263 1050 4303 οδ
1070 4264 1307 4334 extingui
1330 4266 1514 4335 nequit
1534 4265 1576 4329 ⁵,
1591 4280 1748 4334 quem

199 4344 367 4403 Graii‘
388 4355 612 4409 nomine
638 4369 770 4410 vero
819 4354 1110 4419 asbestum,
1154 4356 1207 4410 id
1230 4367 1330 4417 est,
1372 4356 1748 4425 inextinguibi-

196 4440 280 4493 lem
301 4452 627 4510 memorant,
656 4445 752 4509 ita,
779 4453 839 4499 ut
874 4451 928 4498 et
956 4445 1106 4499 color
1133 4445 1193 4498 ei
1222 4444 1542 4514 praebeatur
1591 4446 1745 4515 ignea

198 4537 379 4598 natura,
408 4544 463 4589 et
486 4534 628 4589 nihil
652 4535 928 4590 minuatur
959 4536 1026 4591 de
1052 4536 1168 4606 ejus
1204 4536 1503 4591 substantia
1529 4556 1542 4592 :
1568 4538 1747 4594 videat

197 4616 567 4680 tﬂlamaudram
602 4625 623 4656 ⁷
652 4625 709 4681 in
746 4623 870 4695 igne
916 4624 1204 4679 viventem.
1248 4622 1383 4678 Hinc
1414 4636 1590 4694 potest
1614 4642 1745 4681 cou-

1842 3183 2042 3230 essent.
2074 3174 2226 3241 Quod
2256 3173 2362 3235 alio
2395 3173 2552 3226 modo
2595 3171 2699 3226 dici
2740 3176 2916 3240 potest
2940 3186 2957 3222 :
2980 3166 3415 3238 praedestinasti,

1847 3268 2094 3332 Domine,
2119 3267 2170 3321 in
2205 3273 2294 3319 tua
2340 3263 2717 3335 praescientia,
2763 3275 2903 3330 quae
2948 3259 3061 3313 falli
3115 3257 3420 3324 mutarique

1846 3377 1950 3416 non
1974 3370 2173 3430 potest,
2200 3373 2483 3413 numerum
2513 3357 2749 3421 illorum,
2782 3369 2921 3424 quae
2957 3368 3085 3408 suae
3131 3352 3423 3420 impietatis

1844 3461 1900 3507 et.
1929 3466 2150 3520 poenam
2192 3460 2249 3504 et
2278 3451 2555 3503 interitum
2582 3446 2951 3517 praeparaturi
2993 3452 3191 3507 essent,
3234 3459 3339 3496 non
3372 3445 3422 3495 iu

1845 3545 1952 3609 eis,
1979 3543 2120 3613 quod
2155 3542 2351 3608 fecisti,
2394 3542 2702 3611 puniturus,
2733 3539 2853 3607 sed.
2879 3538 2932 3591 in
2985 3537 3083 3600 eis,
3130 3535 3272 3605 quod
3319 3550 3422 3586 nou

1846 3636 2044 3700 fecisti,
2089 3636 2268 3706 puniri
2319 3634 2626 3689 relicturus.
2705 3630 2851 3685 Haec
2896 3637 2979 3684 est
3032 3627 3162 3682 ﬁdes
3203 3640 3344 3687 mea,
3393 3645 3425 3675 υ

1846 3736 2064 3783 aeterna
2113 3727 2204 3783 lux
2280 3725 2573 3789 mentium,
2628 3724 2693 3778 de
2740 3730 2830 3776 tua
2902 3716 3419 3790 praedestinatione,

1847 3832 1985 3887 quae
2009 3825 2062 3871 tu
2097 3832 2176 3871 es.

1917 3909 2001 3963 Ill.
2045 3910 2123 3962 Ac
2152 3923 2249 3977 per
2278 3908 2381 3961 hoc
2406 3920 2528 3961 cum
2552 3904 2801 3959 omnibus
2825 3899 3140 3957 orthodoxis
3170 3896 3417 3951 fidelibus

1849 4000 2245 4055 anathematizo
2272 4012 2386 4062 eos,
2409 3996 2500 4065 qui
2531 3995 2733 4054 dicunt,
2751 3994 2883 4047 duas
2902 3986 3420 4059 praedestinationes

1849 4105 1989 4155 esse,
2020 4097 2113 4142 aut
2146 4102 2305 4143 unam
2334 4086 2628 4157 geminam,
2680 4082 3008 4151 bipertitam,
3057 4084 3149 4131 aut
3183 4073 3419 4143 duplam.

1850 4181 1910 4235 Si
1940 4180 2083 4235 enim
2109 4177 2248 4232 duae
2268 4187 2415 4238 sunt,
2433 4190 2538 4229 non
2562 4182 2646 4229 est
2666 4188 2772 4227 una
2807 4171 2985 4227 divina
3011 4166 3332 4223 substantia.
3364 4164 3421 4216 Si

1850 4269 2087 4340 gemina,
2132 4274 2351 4320 nonest
2400 4263 2692 4318 individua.
2745 4260 2802 4315 Si
2850 4258 3133 4328 bipertita,
3182 4270 3288 4308 non
3344 4263 3427 4307 est

1855 4359 2104 4429 simplex,
2134 4356 2224 4412 sed
2252 4354 2494 4424 partibus
2521 4349 2836 4419 composita.
2862 4347 2918 4402 Si
2944 4346 3101 4415 dupla
3123 4355 3228 4409 est,
3273 4357 3422 4398 com-

1854 4448 2047 4518 plicata
2086 4455 2188 4499 est.
2235 4442 2388 4509 Quod
2434 4441 2481 4494 si
2522 4439 2870 4509 prohibemur
2898 4435 3134 4491 divinam
3165 4430 3425 4487 unitatem

1854 4539 2038 4592 dicere
2064 4534 2299 4605 triplam,
2322 4547 2427 4601 qua
2458 4527 2728 4585 dementia
2771 4527 2933 4581 audet
2972 4526 3278 4581 haereticus
3306 4537 3429 4585 eam
3445 4601 3448 4604 .

1855 4641 2100 4682 asserere
2127 4622 2381 4694 duplam?
2416 4620 2532 4675 Tali
2574 4618 2733 4691 igitur
2777 4625 3104 4682 monstroso,
3134 4627 3428 4681 venenosa,

1446 4733 1700 4790 VARIAE
1736 4736 2138 4793 LECTIONES.

249 4826 265 4907 ξ
301 4827 387 4886 Sic
441 4832 597 4907 cod.,
747 4837 950 4907 posset;
1010 4832 1035 4907 ξ
1070 4827 1179 4907 Sic_
1202 4828 1421 4907 cp_d._et
1465 4827 1535 4881 M.

190 4896 590 4971 μρεῃιεᾳιιίιυτζ
685 4899 708 4932 ⁶
743 4896 877 4955 Cod.
908 4896 1055 4953 Grai.

195 4964 229 4992 "
260 4964 389 5025 Cod:
412 4972 691 5043 diﬂinisse.

1646 4830 1666 4861 ³
1703 4831 1833 4885 Cod.
1878 4831 2140 4884 erimauti.

1159 4899 1179 4932 τ
1220 4899 1311 4954 Sic
1339 4897 1414 4963 M,
1466 4900 1586 4955 cod.
1638 4900 1996 4956 salamandra.

2250 4828 2271 4858 ⁸
2312 4827 2403 4883 Sic
2460 4825 2603 4888 cod.,
2658 4823 2708 4877 M
2767 4824 2949 4893 ignea
3014 4820 3035 4853 '
3073 4818 3429 4893 God.__ea:tiu-

2107 4900 2129 4933 ⁸
2168 4898 2259 4954 Sic
2309 4898 2454 4961 cod.,
2487 4895 2535 4949 Μ
2558 4905 2730 4964 atque.
2787 4887 2805 4893 ’
2834 4894 2855 4926 ⁹
2899 4891 2990 4946 Sic
3030 4892 3173 4953 cod.,
3213 4887 3265 4942 Μ
3314 4903 3431 4957 nec._

1694 5056 1943 5115 NOTAE.

248 5153 678 5234 fnPrudentius;
721 5154 1037 5234 Sanctorum
1063 5169 1281 5234 corpora
1322 5168 1644 5234 nequaquam
1672 5149 1751 5234 uel

185 5226 228 5276 in
247 5227 329 5278 illo
349 5228 490 5296 igne,
514 5227 600 5280 vel
622 5225 816 5293 absque
835 5226 944 5292 ipso
971 5225 1022 5296 in
1056 5221 1346 5296 aet/teream
1366 5221 1559 5275 mutari
1585 5221 1751 5296 quali—
1814 5228 1823 5238 '

187 5306 343 5359 tatem,
368 5292 461 5350 sed
490 5299 550 5349 in
572 5292 794 5349 veritate
817 5294 1057 5363 provriae
1096 5293 1269 5345 carnis
1297 5301 1452 5363 atque
1498 5292 1753 5345 membro-

188 5310 343 5359 uuem,
370 5310 460 5350 sea
490 5314 550 5349 m
572 5310 794 5349 veritate
856 5310 1057 5347 νοω-ωε
1096 5310 1269 5345 carnis
1297 5310 1452 5363 atque.
1498 5310 1753 5345 memoro-

188 5378 306 5427 rum,
330 5366 626 5436 quantlibet
656 5310 974 5436 gloriffrata,
1013 5378 1286 5436 mansura,
1312 5373 1470 5430 atque
1497 5363 1551 5436 in
1588 5369 1754 5415 aeter-

185 5450 290 5486 num
325 5431 550 5499 rictum,
605 5431 814 5503 praeter
848 5431 1309 5503 immortalitatem,
1341 5448 1444 5500 qua
1481 5434 1599 5503 jam
1642 5446 1755 5482 cor-

189 5507 336 5577 rumpi
356 5523 447 5574 per
476 5501 704 5577 mortem
736 5511 893 5577 atque
914 5501 1138 5577 deficere
1147 5516 1413 5577 nunquam
1437 5501 1652 5569 possint.

244 5569 642 5631 bPrudentius
672 5586 687 5625 :
726 5569 948 5623 Nullum
973 5570 1080 5623 illic
1102 5569 1216 5636 ﬁeri
1256 5570 1503 5638 gaudium
1536 5579 1751 5622 natura-

187 5661 301 5708 rum.
327 5647 435 5711 ubi,
461 5652 697 5701 testante
740 5640 1008 5703 Domino,.
1032 5641 1185 5707 ﬂetus
1209 5640 1301 5691 erit
1335 5649 1379 5692 et
1404 5641 1596 5692 stridor
1627 5640 1754 5690 «len—

1855 5160 2320 5271 mznl’rudentius
2357 5232 2370 5267 :
2418 5211 2603 5266 Dicere
2631 5208 2998 5280 Scripturam:
3031 5225 3049 5259 ί
3110 5206 3208 5259 Ubi
3252 5206 3435 5277 nullusE

1858 5288 1987 5342 ordo
2009 5298 2058 5341 et
2084 5289 2430 5355 sempiternus
2452 5282 2638 5335 horror
2665 5280 2921 5355 inhabitat
2959 5297 3005 5329 ο.

1928 5357 1954 5396 ἀ
1992 5351 2314 5411 Prudentius
2341 5372 2352 5408 :
2385 5353 2492 5406 Eos
2518 5364 2563 5406 et
2587 5351 2883 5405 animarum
2904 5359 2949 5401 et
2972 5361 3244 5403 corporum
3268 5356 3429 5401 aeter:

1861 5445 1952 5481 nos
1974 5428 2164 5494 perpeti
2192 5426 2475 5494 cruciatus.

1935 5484 2322 5550 e'Pr'udentius
2353 5512 2365 5546 :
2402 5490 2617 5544 Nullam
2652 5504 2864 5558 prorsus
2908 5486 3024 5552 ﬁeri
3052 5484 3290 5559 gloriam.
3338 5501 3423 5539 εί-

1865 5584 1973 5619 rum
1999 5564 2377 5620 iltlet'tttittrtbilc
2400 5572 2729 5615 tormentum.
