3904 6148
200 308 274 365 tn
733 282 744 294 ’
1098 309 1185 366 ea
1216 312 1557 370 mvnswuu
1597 314 1948 371 NATURAE.
1980 348 2048 357 .-
2078 317 2280 375 LIBER
2320 321 2593 379 PRIMUS.

3311 334 3415 390 ΗΞ

212 486 217 491 ,
259 435 364 489 [ala
387 434 482 488 bac
502 432 768 489 sententia
793 434 1170 498 acerbissima,
1194 436 1340 490 nulla
1362 439 1542 491 medio
1564 454 1699 494 aevo
1724 441 1943 494 illarum
1968 442 2237 496 librorum
2266 433 2500 513 amplius
2516 446 2723 500 mentio
2749 446 2823 500 lit.
2857 450 3013 503 Anno
3034 450 3254 510 demum
3282 456 3413 513 1681

206 522 485 595 prodierunt
507 524 649 591 typis
670 526 855 577 excusi
883 540 1016 577 cura
1040 523 1282 579 Thomae
1301 525 1474 587 Galei,
1504 527 1681 596 Angli.
1703 528 1897 586 Statim
1931 536 2202 601 repetitur
2239 552 2471 591 censura
2499 537 2792 593 Ecclesiae.
2820 539 2947 595 Nam
2970 544 3025 596 in
3048 544 3229 603 indice
3248 548 3417 602 libru-

205 631 295 705 rum
316 614 719 705 prohibiturum
752 615 886 705 bace
919 618 1161 705 reperis:
1188 616 1419 705 Erigone
1450 617 1682 672 Joannes
1711 619 1895 705 Scotus
1921 620 1983 675 de
2004 622 2274 676 Diuisione
2307 634 2532 679 naturae
2566 624 2686 680 libri
2725 626 2783 685 V.
2823 629 3032 685 Accedit
3059 634 3336 705 Appendix
3352 654 3416 693 ea:

208 702 435 771 Ambiguis
465 698 522 755 S.
548 699 778 755 Maximi
810 718 996 772 graece
1027 715 1071 756 et
1110 702 1294 758 latine.
1324 702 1602 758 Decretum
1638 704 1727 760 111
1761 708 1935 775 April.
1974 710 2310 767 .liDCLXXX
2327 712 2389 769 V.

259 794 383 849 Ilaec
412 795 571 865 igitur
600 809 767 862 quum
798 794 872 849 ita
894 810 953 850 se
983 795 1242 860 habeant,
1277 796 1409 865 quid
1442 796 1508 852 de
1540 797 1725 852 indole
1751 812 1814 851 ac
1842 807 2035 852 natura
2095 800 2294 854 borum
2326 802 2591 859 librorum
2625 807 2976 863 statuendum
3004 809 3098 873 sit,
3127 811 3272 867 inter
3327 828 3419 868 ca-

207 882 402 936 tholicas
422 881 644 936 dubium
688 896 810 937 esse
845 881 1059 952 nequit.
1091 880 1203 937 Cur
1242 882 1279 937 ii
1312 883 1403 939 hic
1431 886 1573 956 typis
1605 882 1945 956 repettmtur,
1977 890 2029 944 in
2051 890 2339 948 Prooemio
2358 897 2695 964 aperuimus.
2727 899 2972 971 Systema
3007 911 3190 958 autem
3218 920 3411 961 eorum

206 988 461 1042 exponere,
495 973 856 1044 singulosque
886 989 1104 1030 errores
1133 977 1528 1046 perstringere,
1562 978 1711 1046 quod
1748 977 1853 1031 hoc
1884 976 2007 1032 loco
2049 981 2414 1049 supersedere
2445 998 2759 1054 possumus,
2787 988 3041 1057 scriptori
3066 990 3417 1047 Commenta-

208 1060 339 1114 tionis
363 1060 425 1115 de
452 1059 659 1116 Joanne
691 1059 860 1116 Scoto
889 1076 1058 1131 supra
1092 1062 1392 1131 impressae
1416 1064 1647 1119 debetur
1684 1084 1697 1120 :
1724 1066 1881 1138 cujus
1914 1069 1979 1124 ad
2011 1083 2221 1140 partem
2266 1073 2515 1141 alteram,
2550 1091 2691 1147 quae
2718 1076 2772 1132 in
2797 1078 2900 1134 hoc
2922 1093 3247 1151 argumento
3278 1084 3416 1139 inte-

206 1168 277 1223 gra
305 1164 554 1219 versatur,
588 1170 656 1208 ne
688 1164 812 1210 acta
840 1169 1002 1224 agere
1037 1154 1344 1217 videamur,
1383 1155 1719 1226 delegamus.

257 1241 535 1299 Guilelmus
575 1241 1078 1297 Malmesbnriensis
1116 1257 1256 1312 opus
1292 1236 1423 1297 illud
1459 1244 1736 1313 praedicat
1771 1260 1985 1317 propter
2016 1253 2415 1322 perplexitatem
2445 1260 2784 1324 quarundam
2818 1264 3184 1331 quaestionum
3214 1265 3420 1321 soluen-

208 1334 303 1384 dum
330 1332 444 1385 bene
465 1333 589 1386 utile
616 1350 636 1399 ;
663 1333 759 1389 sed
786 1332 939 1388 addit
974 1348 989 1388 ι
1014 1335 1060 1388 si
1090 1346 1263 1389 tamen
1288 1336 1596 1403 ignoscatur
1616 1337 1664 1389 ei
1689 1336 1906 1407 (Joanni
1932 1336 2120 1409 Scuto)
2155 1343 2208 1394 in
2234 1343 2567 1410 quibusdam,
2597 1349 2781 1416 quibus
2809 1367 2841 1402 a
2867 1350 3178 1406 Latinorum
3203 1356 3417 1408 tramite

205 1422 416 1483 deviavit,
447 1426 567 1476 dum
597 1422 652 1475 in
679 1421 907 1477 Graecos
935 1422 1130 1476 acriter
1155 1422 1335 1477 oculos
1370 1422 1612 1478 intendit.
1650 1424 1990 1497 Quapropter
2035 1439 2083 1483 et
2121 1434 2410 1489 haereticus
2435 1446 2654 1505 putatus
2691 1448 2789 1495 est.
2815 1479 2830 1494 .
2856 1479 2871 1496 .
2908 1442 3045 1498 Sunt
3073 1446 3211 1507 enim
3243 1463 3422 1500 revera

205 1509 248 1560 in
273 1507 395 1563 libro
420 1509 538 1564 Peri
563 1509 786 1578 physion
820 1511 1171 1578 perplurima,
1200 1524 1356 1579 quae,
1395 1511 1501 1564 nisi
1535 1511 1819 1580 diligenter
1847 1517 2221 1583 discutiantur,
2254 1538 2285 1573 a
2334 1522 2439 1589 ﬁde
2468 1526 2727 1579 catholica
2755 1529 3091 1584 abhorrentia
3118 1534 3418 1589 uideantur.

205 1598 412 1665 Angelus
426 1613 541 1651 cum
569 1597 735 1652 Scoto
753 1597 955 1655 leniter
975 1613 1136 1667 agere
1153 1596 1616 1685 videturZLibros
1640 1614 1774 1655 vero
1803 1603 1931 1672 περὶ
1955 1604 2173 1667 Φύσεως
2211 1608 2489 1677 μερισμοῦ
2503 1611 2545 1664 si
2564 1622 2772 1668 attente
2802 1618 3117 1685 perlegeris,
3145 1620 3238 1673 tibi
3263 1620 3421 1676 facile

204 1685 546 1757 persuadebis,
579 1701 817 1751 errores,
847 1702 989 1758 quos
1019 1687 1074 1742 in
1105 1685 1251 1742 libro
1284 1686 1351 1742 de
1386 1683 1899 1744 Praedestinatione
1927 1695 2309 1761 cognovimus,
2343 1712 2407 1749 ex
2442 1696 2659 1753 illorum
2689 1683 2981 1771 systcmate
3012 1706 3165 1775 quasi
3224 1719 3419 1775 sponte

204 1775 493 1842 procedere.

212 1975 255 1999 μ

328 1985 2451 2023 .___.______________________

1372 2141 1537 2194 ΠΕΡΙ
1570 2144 1824 2195 ΦΥΣΕΩΣ
1864 2148 1909 2196 Μ
1923 2147 2233 2198 ΕΡΙΣΜΟΥ

1660 2318 1737 2360 ID
1792 2321 1924 2365 EST

745 2394 943 2598 DE
1046 2485 1913 2617 DIVISIONE
2016 2490 2831 2610 NATURAE.

1348 2864 1365 2879 κ
1389 2830 1694 2909 LIBER
1765 2822 2181 2912 PRIMUS‘

251 3115 532 3176 Cessissent.
592 3120 767 3189 Saepe
823 3119 953 3174 mibi
1008 3118 1289 3191 cogitanti,
1325 3117 1740 3189 diligentiusque
1769 3128 1815 3185 Α
1847 3129 2101 3189 quattuor
2127 3120 2286 3175 binae
2314 3119 2414 3191 sibi
2450 3120 2680 3176 invicem
2712 3133 3087 3192 opponuntur'
3122 3140 3245 3179 nam
3278 3127 3436 3183 tertia
3472 3114 3491 3120 ’

197 3219 422 3275 quanwm
448 3210 593 3264 vires
620 3221 913 3280 suppetunt
943 3214 1258 3283 inquirenti,
1280 3228 1456 3268 rerum
1478 3215 1740 3281 omnium,

195 3314 311 3367 quae
339 3302 417 3356 vel
450 3304 635 3358 animo
689 3305 891 3374 percipi
954 3315 1199 3376 possunt,
1255 3306 1336 3359 vel
1390 3307 1743 3362 intentionem

195 3386 290 3454 eius
317 3404 589 3462 superant,
613 3395 843 3465 primam
872 3410 1248 3466 summamque
1277 3395 1595 3452 divisionem
1625 3412 1745 3452 esse

198 3479 237 3532 in
265 3496 321 3535 ea
347 3498 481 3552 quae
510 3494 657 3547 sunt,
688 3492 743 3541 et
784 3486 836 3539 in
884 3501 947 3541 ea
993 3501 1131 3555 quae
1182 3502 1289 3541 non
1337 3498 1494 3551 sunt,
1551 3487 1741 3541 borum

194 3574 399 3628 omnium
429 3578 685 3640 generale
711 3578 1029 3632 vocabulum
1061 3579 1343 3643 occurrit,-
1365 3580 1506 3648 quod
1552 3593 1744 3650 graece

194 3660 342 3731 pica,
369 3664 535 3722 latine
560 3682 691 3723 vero
719 3680 910 3722 natura
958 3670 1231 3724 vocitatur
1257 3669 1297 3723 '.
1323 3669 1406 3723 An
1461 3669 1553 3724 tibi
1585 3669 1745 3723 aliter

194 3753 785 3814 videtur?Dtsc1ruws.
830 3757 961 3824 lmo,
1008 3760 1318 3825 consentio;
1367 3773 1493 3813 nam
1543 3767 1596 3813 et
1644 3773 1744 3830 ego

192 3838 293 3894 dum
320 3846 674 3917 ratiocinandi
717 3847 856 3901 viam
890 3849 1181 3917 ingredior,
1214 3850 1346 3905 haec
1377 3850 1452 3905 ita
1498 3849 1613 3905 ﬁeri
1661 3866 1743 3905 re-

193 3934 332 3999 perio.
375 3936 516 3994 me.
549 3938 649 3993 Est
693 3938 855 4008 igitur
899 3948 1091 3994 natura
1138 3939 1390 4011 generale
1443 3954 1656 4003 nomen,
1687 3947 1745 3993 nt

192 4025 408 4093 diximus,
431 4030 679 4085 omnium
709 4046 847 4100 quae
877 4041 1000 4085 sunt
1028 4041 1081 4085 et
1106 4047 1249 4101 quae
1279 4045 1384 4085 non
1411 4039 1556 4085 sunt.
1592 4031 1740 4085 Dtsc.

190 4115 265 4171 Est
286 4121 526 4188 quidem;
568 4123 700 4176 nihil
751 4124 893 4177 enim
938 4123 990 4177 in
1029 4124 1279 4178 universo
1328 4122 1745 4195 cogitationibus

189 4213 356 4266 nostris
392 4223 575 4283 potest
598 4229 905 4276 occurrere,
932 4214 1071 4285 quod
1117 4214 1209 4269 tali
1258 4215 1516 4270 vocabulo
1569 4215 1746 4271 valeat

189 4314 346 4358 carere
378 4304 419 4357 ³.
454 4304 601 4360 MAG.
630 4305 895 4372 Quoniam
922 4306 1086 4374 igitur
1116 4307 1258 4361 inter
1284 4320 1384 4360 nos
1403 4305 1655 4360 convenit
1678 4306 1745 4361 de

192 4390 273 4447 hoc
315 4398 571 4452 vocabulo
598 4397 848 4467 generale
870 4411 1014 4463 esse,
1059 4396 1218 4451 velim
1267 4397 1415 4451 dicas
1465 4396 1744 4451 divisionis

186 4482 282 4549 eius
304 4501 393 4554 per
415 4488 756 4544 diﬂerentias
797 4489 850 4542 in
896 4489 1106 4559 species
1156 4488 1422 4543 rationem
1466 4498 1482 4540 :

188 4574 286 4627 cnbi
310 4577 330 4607 ‘
357 4579 506 4644 libet,
540 4566 697 4650 prius
725 4579 962 4634 conabor
987 4579 1244 4643 dividere,
1270 4587 1419 4631 tuum
1458 4591 1585 4633 vero
1614 4576 1738 4641 erit,

188 4664 329 4723 divisa
345 4671 617 4739 judicare.
654 4671 799 4726 Dtsc.
830 4669 1139 4741 Ingredere,
1168 4683 1409 4739 quaeso;
1458 4667 1741 4737 impatiens

189 4758 305 4812 enim
334 4765 557 4827 sum,de
589 4764 675 4817 bis
696 4777 876 4817 veram
906 4762 1167 4815 rationem
1190 4776 1221 4813 a
1246 4768 1296 4814 te
1321 4759 1506 4813 audire
1535 4757 1737 4810 volens.

244 4848 288 4903 Ι.
316 4851 449 4908 Msa.
491 4852 724 4908 Videtur
768 4852 896 4907 mihi
950 4852 1145 4907 divisio
1186 4858 1412 4905 naturae
1461 4863 1558 4918 per
1585 4854 1740 4916 quat-

186 4946 287 4991 tnor
332 4943 668 4997 differentias
724 4950 982 5012 quattuor
1035 4941 1241 5011 species
1284 4939 1524 5009 recipere
1558 4956 1570 4991 :
1602 4952 1737 5006 qua—

187 5044 281 5087 nun
343 5036 515 5104 prima
573 5045 658 5090 est
688 5037 741 5088 in
779 5050 899 5090 eam
925 5035 966 5098 ⁸,
999 5049 1138 5104 quae
1168 5042 1318 5101 creat
1345 5041 1400 5086 ct
1447 5048 1549 5084 non
1581 5044 1738 5085 crea-

184 5130 288 5187 tur;
349 5127 585 5179 secunda
646 5128 700 5179 in
756 5141 910 5188 eam,
982 5139 1121 5194 quae
1185 5133 1402 5177 creatur
1450 5129 1504 5176 et
1555 5127 1737 5184 creat;

185 5215 314 5265 tertia
378 5216 428 5269 in
507 5232 667 5279 eam,
740 5231 878 5284 quae
956 5225 1173 5270 creatur
1245 5224 1299 5270 et
1368 5231 1471 5271 non
1541 5224 1731 5279 creat;

183 5311 347 5365 quarta
368 5344 380 5366 ,
408 5320 552 5373 quae
592 5318 691 5357 nec
721 5313 872 5368 creat
899 5321 998 5359 nec
1040 5313 1274 5358 creatur.
1327 5303 1525 5358 Harum
1563 5318 1689 5358 vero
1716 5303 1737 5334 °

1846 3210 2133 3279 opponitur
2168 3211 2393 3279 primae,
2415 3221 2608 3281 quarta
2633 3227 2761 3267 vero
2786 3213 3083 3280 secundae;
3117 3216 3210 3270 sed
3236 3226 3431 3286 quarta

1847 3300 1987 3354 inter
2039 3301 2384 3369 impossibilia
2434 3303 2685 3371 ponitur,
2745 3301 2898 3371 cujus
2944 3303 3243 3360 dill'erentia
3296 3309 3428 3363 est"

1846 3407 1949 3444 non
1990 3406 2144 3460 posse
2172 3406 2310 3447 esse.
2342 3391 2578 3448 Rectane
2607 3394 2699 3448 tibi
2729 3394 2850 3447 talis
2874 3394 3065 3449 divisio
3097 3396 3329 3462 videtur,
3354 3415 3422 3452 an

1844 3484 1993 3537 non?
2036 3484 2175 3537 DISC.
2209 3483 2378 3538 Recta
2422 3485 2639 3553 quidem
2675 3496 2690 3537 ε
2732 3486 2824 3539 sed
2884 3485 3039 3539 velim
3095 3495 3327 3556 repetas,
3379 3500 3438 3544 nt

1843 3573 2241 3642 praedictarum
2274 3572 2570 3629 formarum
2593 3575 2859 3644 oppositio
2886 3576 3081 3631 clarius
3130 3578 3425 3634 elucescat.

1845 3664 1983 3720 MAG.
2014 3663 2197 3731 Vides,
2232 3664 2287 3718 ni
2340 3664 2521 3730 fallor,
2554 3666 2744 3721 tertiae
2793 3668 2989 3739 speciei
3032 3667 3239 3738 primae
3263 3685 3431 3741 Oppo-

1845 3756 2113 3810 sitionem.
2141 3754 2323 3809 Prima
2353 3770 2585 3824 namque
2613 3765 2763 3812 creat
2804 3766 2859 3811 et
2906 3772 3010 3811 non
3050 3768 3293 3821 creatur;
3347 3762 3434 3817 cui

1844 3861 1874 3901 e
1902 3847 2175 3902 contrario
2202 3846 2489 3916 opponitur
2511 3847 2623 3912 illa,
2652 3863 2788 3917 quae
2817 3858 3033 3902 creatur
3059 3858 3115 3904 et
3133 3866 3236 3904 non
3262 3864 3430 3907 creat.

1847 3935 2091 3991 Secunda
2114 3950 2242 3991 vero
2264 3944 2518 4006 quartae;
2551 3936 2813 4005 siquidem
2858 3937 3091 3991 secunda
3121 3946 3173 3992 et
3216 3950 3435 3993 creatur

1846 4036 1901 4083 et
1952 4036 2103 4083 creat
2139 4027 2186 4093 ⁸,
2238 4028 2324 4082 cui
2386 4026 2764 4081 universaliter
2806 4035 2996 4095 quarta
3066 4027 3427 4091 contradicit,

1846 4135 1985 4189 quae
2012 4136 2113 4175 nec
2139 4130 2288 4175 creat
2314 4134 2488 4189 neque
2509 4127 2740 4173 creatur.
2772 4118 2915 4173 DISC.
2941 4117 3094 4172 Clare
3122 4118 3295 4171 video.
3323 4116 3431 4173 Sed

1848 4213 2070 4267 multum
2102 4226 2188 4265 me
2217 4219 2395 4266 movet
2419 4216 2609 4278 quarta
2640 4208 2866 4278 species,
2897 4222 3034 4277 quae
3082 4224 3113 4261 a
3145 4216 3195 4261 te
3247 4207 3428 4262 addita

1840 4311 1951 4361 ’est.
1986 4305 2120 4360 Nam
2149 4306 2214 4360 de
2243 4302 2363 4358 aliis
2393 4304 2563 4358 tribus
2585 4302 2728 4358 nullo
2753 4303 2911 4356 modo
2936 4301 3206 4356 haesitare
3231 4300 3426 4367 ausim,

1847 4413 1967 4453 cum
1998 4397 2194 4468 prima,
2220 4405 2278 4449 ut
2304 4394 2561 4459 arbitror,
2589 4395 2640 4447 in
2669 4408 2829 4448 causa
2859 4392 3276 4462 omnium,quae
3305 4402 3433 4448 sunt

1530 4494 1623 4540 aut
1665 4486 1740 4541 si-
1773 4486 1815 4545 Β
1843 4495 1897 4542 et
1925 4502 2061 4556 quae
2089 4502 2192 4541 non
2220 4494 2363 4551 sunt,
2394 4484 2755 4556 intelligatur;
2781 4484 3015 4539 secunda
3045 4498 3199 4565 vero.
3222 4484 3274 4538 in
3307 4483 3425 4554 pri-

1846 4573 2194 4630 mordialibus
2216 4572 2423 4639 causis;
2445 4573 2601 4627 tertia
2626 4574 2680 4627 in
2706 4572 2806 4635 bis,
2824 4587 2965 4642 quae
2999 4572 3052 4626 in
3084 4574 3432 4643 generatione

1841 4668 2278 4737 temporibusque
2308 4674 2363 4721 et
2386 4665 2517 4721 locis
2542 4674 2957 4736 cognoscuntur.
2981 4665 3160 4736 Atque
3190 4665 3312 4721 ideo
3364 4665 3431 4720 de

1836 4757 2064 4828 singulis
2110 4757 2370 4826 diSputari
2400 4756 2649 4812 subtilius
2678 4757 3045 4812 necessarium
3072 4760 3115 4823 ⁸,
3160 4767 3219 4812 ιιι
3248 4757 3426 4813 video.

1841 4847 1978 4903 MAG.
2013 4846 2177 4903 [lecte
2203 4848 2477 4902 aestimas.
2511 4847 2616 4902 Sed
2640 4861 2747 4917 quo
2789 4847 2977 4902 ordine
3003 4847 3431 4903 ratiocinationis

1841 4940 1927 4993 via
1961 4940 2189 4994 tenenda
2215 4940 2307 5005 sit,
2331 4940 2433 4995 boc
2453 4948 2556 5005 est,
2572 4940 2637 4995 de
2664 4954 2769 5009 qua
2792 4941 2971 5011 specie
3002 4947 3228 4995 naturae
3255 4941 3430 5009 primo

1843 5030 2259 5093 discutiendum,
2290 5039 2382 5084 tuo
2421 5028 2644 5083 arbitrio
2690 5029 2992 5085 committo.
3038 5028 3183 5084 Dtsc.
3230 5028 3426 5082 Ratum

1848 5112 1989 5174 mibi'
2020 5120 2254 5184 videtur,
2303 5127 2423 5175 ante
2474 5118 2607 5175 alias
2665 5119 2730 5174 de
2790 5120 2986 5189 prima,
3035 5120 3290 5189 quiequid
3335 5119 3428 5173 lux

1846 5211 2102 5265 mentium
2137 5210 2325 5281 largita
2354 5209 2533 5277 fuerit,
2564 5210 2766 5267 dicere.

1910 5303 1963 5356 ἓ.
2004 5302 2141 5358 MAG.
2172 5303 2248 5358 lla
2274 5303 2383 5358 liat.
2419 5302 2524 5358 Sed
2545 5306 2693 5373 prius
2717 5303 2782 5359 de
2810 5318 3018 5359 summa
3046 5317 3107 5356 ac
3134 5300 3423 5370 principali

1450 5464 1703 5520 VARIAE
1739 5462 2138 5520 LECTIONES.

245 5583 258 5611 ‘
290 5582 375 5640 Sic
401 5585 477 5647 A;
508 5584 553 5641 C
605 5585 784 5653 incipit
823 5586 1021 5662 primus
1057 5589 1177 5662 περᾷ
1223 5588 1450 5662 quassati}
1488 5585 1533 5638 D
1582 5584 1794 5638 titulum
1841 5583 2059 5662 omittit.

1263 5660 1292 5711 i.
1373 5657 1392 5687 '
1420 5658 1474 5710 in
1520 5671 1633 5710 eam
1686 5670 1794 5711 om.
1826 5657 1891 5710 A.

184 5650 321 5719 igitur
349 5650 793 5710 natura—carere
814 5650 918 5708 om.
947 5657 1012 5710 A.
1090 5650 1187 5711 ⁸Ἀ
1228 5650 1292 5712 3i.

186 5731 272 5777 tur.
343 5724 364 5757 ’
395 5726 439 5780 Δ
471 5727 826 5781 necessarium
850 5736 944 5779 est.

2161 5586 2180 5616 '
2220 5584 2263 5639 Α
2327 5594 2569 5647 vocatur,
2618 5584 2662 5636 D
2701 5581 2966 5650 vocitetur.
3068 5576 3087 5607 ³
3139 5577 3283 5650 Mog.
3316 5589 3424 5635 .est

1968 5655 1988 5685 ⁶
2017 5671 2133 5709 vero
2168 5671 2276 5712 om.
2306 5653 2369 5708 Α.
2444 5656 2463 5686 ⁷
2492 5665 2564 5709 est
2593 5669 2700 5709 om.
2732 5653 2793 5705 Ι).
2869 5648 2892 5681 ⁸
2924 5647 2967 5701 Δ
3013 5660 3153 5705 creat
3181 5647 3247 5705 ρι’
3280 5667 3422 5706 crea-

3500 964 3547 987 ν
