3904 6148
401 308 504 361 4ὶὸ

1805 269 2096 328 JOANNIS
2144 270 2337 326 SCO'll

3564 266 3592 319 ι
3609 269 3664 323 Η

399 426 669 490 "mnium,
704 430 762 475 ut
798 420 1054 478 diximus,
1085 411 1354 466 divisione
1390 406 1440 458 ίη
1471 419 1555 462 οε,
1586 414 1727 468 quae
1761 406 1888 450 sunt
1916 401 1971 445 et
2000 394 2046 449 Α
2072 391 2165 459 qui
2199 393 2251 444 in
2275 400 2591 444 naturarum
2616 401 2919 444 creatarnm
2945 388 3291 445 “ordinibus
3322 398 3489 460 atque
3511 387 3669 442 diti'eo

402 534 545 586 quae
577 487 684 569 non
713 518 861 571 sunt,
889 506 1124 562 breviter
1154 497 1446 554 dicendum
1479 492 1733 548 existimo
1760 488 1796 541 ί.
1832 487 1976 586 inse.

403 575 533 662 iure
557 602 912 675 provideque.
933 595 1049 649 Non
1066 588 1211 645 enim
1226 605 1288 643 ea
1316 587 1422 641 alio
1446 579 1744 675 primordio
1761 575 1981 675 ratioci-

408 669 681 750 nationem
713 687 952 743 inchoari
977 693 1229 752 oportere
1282 678 1441 733 video
1465 687 1595 739 ;nec
1616 669 1816 731 solum,
1855 669 1980 734 quia

408 790 580 859 prima
612 784 856 839 omnium
887 782 907 813 ⁸
943 776 1277 836 diﬂ‘erentia,
1314 770 1408 835 sed
1426 767 1553 837 quia
1586 760 1873 863 Obscurior
1894 772 1984 812 ce-

406 858 541 933 teris
576 878 794 931 videtur
822 889 962 936 esse,
998 880 1052 923 et
1083 876 1189 922 est.
1217 864 1355 920 MAG.
1383 862 1499 931 Ipsa
1530 858 1714 925 itaque
1754 858 1986 924 primor-

406 969 567 1025 dialis
606 967 857 1020 omnium
890 959 1181 1017 discretiva
1208 952 1519 1009 ditl'erentia
1543 956 1724 1004 certos
1749 958 1880 999 suae
1902 940 1987 994 iu-

408 1057 817 1130 terpretationis
848 1051 1037 1108 modos
1086 1046 1340 1117 inquirit.

483 1154 536 1205 5.
569 1150 810 1216 Quorum
844 1145 1054 1215 primus
1090 1141 1306 1195 videtur
1340 1150 1460 1191 esse
1507 1133 1644 1202 ipse,
1687 1144 1784 1200 per
1825 1141 1983 1196 quem

413 1245 553 1299 ratio
576 1242 790 1302 suadet,
811 1238 1163 1306 omnia,quae
1190 1244 1456 1300 corporeo
1479 1225 1688 1288 sensui,
1711 1220 1795 1275 vel
1826 1218 1989 1273 intel-

412 1335 665 1406 ligentiae
682 1330 1021 1403 perceptioni
1044 1313 1428 1386 succumbunt,
1459 1334 1615 1389 posse
1647 1314 1987 1370 rationabili—

412 1438 498 1483 ter
513 1427 621 1481 diei
643 1441 763 1480 esse
790 1442 805 1489 ;
827 1438 888 1477 ea
908 1434 1201 1479 ve:o.quae
1223 1433 1319 1487 per
1333 1412 1715 1470 excellentiam
1735 1424 1865 1464 suae
1892 1423 1988 1460 na—

415 1532 569 1575 turac
595 1534 701 1574 non
731 1517 905 1571 solum
933 1514 1098 1575 ὕὶιον,
1128 1512 1181 1565 id
1212 1519 1295 1565 est
1337 1508 1357 1539 ‘
1385 1519 1600 1560 munem
1631 1516 1872 1561 sensum,
1897 1498 1987 1553 5rd

415 1610 577 1664 etiam
614 1605 945 1661 intellectum
984 1603 1359 1670 rationemque
1405 1597 1642 1667 fugiunt,
1666 1595 1789 1662 jure
1820 1590 1989 1645 videri

2089 484 2281 539 rcutiis
2313 483 2721 550 consideratur,
2754 484 2847 552 qui
2907 482 2976 537 ab
3007 482 3380 537 excelsissima
3413 490 3471 535 et
3522 482 3669 537 circa

2090 577 2256 629 Deum
2321 577 2564 645 proxime
2587 577 2889 631 constituta
2944 575 3296 630 intellectuali
3326 575 3532 629 virtute
3584 577 3670 629 in-

2086 673 2313 736 clinans,
2343 685 2519 740 usque
2545 672 2609 723 ad
2633 670 3039 724 extremitatem
3062 670 3344 724 rationalis
3377 668 3673 724 irrationa-

2087 764 2263 834 lisque
2288 774 2571 818 creaturae
2616 763 2963 825 descendit“
3003 780 3017 829 ;
3049 763 3153 819 hoc
3185 770 3291 825 est,
3326 772 3386 817 ut
3425 765 3671 834 apertius

2087 858 2354 921 dicamus,
2389 870 2418 909 a
2439 838 2832 910 sublimissimo
2851 856 3047 931 angelo
3069 869 3243 922 usque
3270 854 3334 908 ad
3368 866 3670 909 extremam

2093 948 2432 1003 rationabilis
2465 947 2972 1015 irrationabilisque
2992 947 3206 1007 animae
3234 956 3467 1016 partem,
3495 948 3674 1001 nutri-

2092 1043 2256 1094 tivam
2272 1040 2399 1094 dico
2414 1038 2756 1095 et‘auctivani
2781 1041 2829 1070 “
2849 1040 3016 1094 vitam
3035 1041 3105 1095 ".
3129 1037 3280 1104 Quae
3299 1054 3425 1107 pars
3445 1053 3674 1107 genera-

2091 1137 2156 1191 lis
2185 1134 2397 1189 animae
2417 1134 2606 1188 ultima
2631 1143 2736 1195 est,
2761 1147 2901 1201 quae
2923 1131 2968 1164 ²⁵
2983 1146 3182 1201 corpus
3212 1130 3382 1185 nutrit
3409 1139 3464 1184 et
3488 1140 3672 1199 auget.

2091 1228 2195 1284 Ubi
2223 1226 2458 1280 mirabili
2493 1224 2886 1294 intelligentiae
2913 1223 3078 1279 modo
3125 1224 3504 1293 unusquisque
3537 1223 3677 1276 ordo

2093 1332 2217 1372 cum
2247 1317 2364 1387 ipso
2389 1316 2647 1371 deorsum
2678 1332 2867 1371 versus
2892 1317 3209 1383 novissimo,
3240 1317 3333 1386 qui
3363 1328 3449 1371 est
3479 1332 3679 1383 corpo-

2096 1404 2238 1469 rui‘n,
2266 1416 2319 1460 et
2350 1407 2403 1461 in
2429 1422 2537 1476 quo
2561 1408 2741 1461 omnis
2768 1406 2966 1463 divisio
2995 1408 3345 1474 terminatur,
3369 1418 3549 1478 potest
3567 1410 3676 1462 diti

2094 1513 2214 1552 esse
2235 1509 2291 1552 et
2319 1513 2427 1551 non
2451 1512 2592 1552 esse.
2618 1496 2899 1552 Inferioris
2914 1499 3062 1553 enim
3092 1498 3399 1564 affirmatio,
3426 1499 3680 1568 superio-

2098 1592 2502 1662 risestncgatio
2541 1591 2781 1661 Itemque
2813 1590 3091 1649 inferioris
3120 1593 3681 1663 uegatio,superioris

419 1716 526 1754 non
558 1712 701 1751 esse.
731 1697 884 1763 Quae
904 1694 1121 1749 nonnisi
1168 1694 1221 1747 in
1242 1692 1361 1747 solo
1385 1685 1993 1769 Deo,materiaque,'et
2029 1730 2069 1785 Β
2097 1694 2183 1737 est
2237 1682 2544 1739 allirinatio.
2579 1686 2893 1755 Eodemque
2954 1687 3116 1741 modo
3179 1690 3484 1757 superioris
3537 1690 3685 1741 alitr-

418 1794 472 1846 in
495 1793 737 1845 omnium
774 1801 1148 1856 rerntn,,quae
1172 1786 1241 1839 ab
1261 1799 1329 1840 eo
1348 1783 1602 1838 conditae
1636 1786 1789 1843 sunt,
1821 1776 1993 1831 ratio-

418 1884 759 1947 nibusatigue
782 1878 1038 1934 essentiis
1061 1888 1208 1931 recte
1231 1876 1631 1944 intelliguntur.
1658 1868 1773 1951 Nec
1804 1869 2001 1922 imme-

420 1980 563 2042 rito;
589 1976 705 2043 ipse
740 1986 977 2041 namque
1008 1970 1253 2023 omnium
1289 1967 1524 2022 essentia
1571 1973 1657 2019 est
1682 1962 1705 1992 "
1732 1961 1827 2032 qui
1855 1959 2004 2015 solus

423 2078 549 2118 vere
578 2072 680 2128 est,
722 2071 780 2114 ut
807 2064 883 2114 ait
916 2060 1206 2130 Dionysius
1229 2056 1551 2126 Areopagita
1587 2053 1768 2116 :Esse,
1800 2052 2001 2122 inquit,

421 2154 660 2207 onmium
688 2160 1058 2220 est,superesse
1085 2149 1344 2202 Divinitas
1370 2149 1411 2200 ⁵.
1466 2144 1763 2214 Gregorius
1788 2141 1955 2196 etiam
1983 2140 2004 2171 ⁸

436 2241 738 2312 Theologus
754 2243 939 2298 multis
966 2242 1284 2307 rationibus,
1308 2241 1510 2295 nullam
1536 2242 1889 2297 sabsmuti‘am
1913 2255 2010 2299 seu

436 2335 723 2389 essentiam
756 2335 802 2399 ',
850 2336 963 2391 sive
989 2334 1216 2390 visibilis
1243 2335 1356 2389 sive
1384 2333 1669 2411 invisibilis
1709 2343 2009 2397 creaturae,

438 2426 709 2480 intellectu
751 2425 832 2480 vel
874 2426 1080 2481 ratione
1104 2426 1488 2495 comprehendi
1526 2439 1682 2495 posse
1704 2424 2010 2489 conﬁrmat,

438 2516 563 2585 quid
590 2517 676 2569 sit.
704 2515 835 2569 Nam
870 2517 1007 2572 sicut
1030 2517 1143 2586 ipse
1168 2517 1312 2573 Deus
1349 2518 1401 2571 in
1430 2517 1610 2585 seipso
1639 2516 1777 2570 ultra
1796 2532 2013 2572 omnem

440 2614 741 2660 creaturam
757 2606 778 2635 ⁸
803 2606 950 2662 nullo
965 2607 1237 2662 intellectu
1259 2609 1752 2676 comprehenditur,
1770 2609 1841 2661 ita
1853 2608 2014 2662 etiam

442 2696 497 2750 in
525 2695 902 2751 sccretissimis
955 2697 1162 2754 sinibus
1183 2701 1206 2733 ν
1232 2708 1511 2754 creaturae
1540 2700 1608 2754 ab
1640 2714 1704 2753 eo
1756 2698 1929 2753 factae
1964 2708 2017 2752 et

439 2787 493 2839 in
532 2801 597 2839 eo
638 2787 921 2843 existentis
948 2787 993 2820 ¹⁰
1019 2790 1359 2844 considerata
1388 2791 1535 2846 οὐσία
1564 2790 2018 2860 incomprehensi-

442 2875 563 2930 bilis
585 2887 686 2929 est.
713 2875 976 2947 Quicquid
999 2889 1175 2934 autem
1208 2880 1261 2934 in
1309 2880 1456 2934 omni
1480 2888 1728 2934 creatura
1753 2879 1834 2933 vel
1858 2892 2015 2933 sensu

445 2979 704 3034 corporeo
724 2968 1035 3038 percipitur,
1052 2985 1144 3025 seu
1174 2970 1449 3027 intellectu
1473 2974 1861 3039 consideratur,
1887 2969 2019 3024 nihil

445 3055 586 3108 aliud
609 3064 712 3123 est,
744 3058 847 3113 nisi
878 3061 1143 3129 quoddam
1179 3063 1433 3119 accidens
1478 3063 2017 3134 incomprehensibilia

443 3161 539 3217 per
564 3161 643 3213 se,
675 3155 732 3200 ut
753 3148 951 3204 dictum
982 3151 1518 3223 est,uniuscujusque
1543 3155 1840 3221 csseutiae;
1876 3170 2016 3227 quae
2045 3120 2059 3171 ‘

445 3252 539 3297 aut
558 3241 603 3277 *ί
641 3258 738 3323 per
771 3245 1107 3314 qualitatem,
1133 3247 1619 3316 autquantitatem,
1648 3255 1741 3301 aut
1765 3245 2012 3310 formam,

445 3345 537 3389 aut
583 3336 862 3391 materiem
928 3336 989 3399 ι’,
1045 3343 1139 3388 aut
1184 3335 1541 3391 differentiam
1587 3337 1875 3407 quandam,
1924 3347 2016 3391 aut

446 3425 653 3487 locum,
706 3431 798 3476 aut
850 3431 1056 3490 tempus
1110 3425 1537 3493 cognoscitur”,
1568 3441 1674 3483 non
1720 3426 1848 3498 quid
1901 3437 2013 3491 est,

445 3509 537 3562 sed
581 3511 706 3581 quia
766 3518 866 3565 est.
920 3509 1026 3566 iste
1066 3512 1230 3580 igitur
1270 3515 1459 3571 modus
1494 3516 1701 3585 primus
1749 3532 1813 3572 ac
1865 3531 2014 3571 sum-

447 3615 566 3653 nius
590 3609 673 3654 est
698 3601 976 3656 divisionis
997 3615 1204 3668 eorum,
1237 3618 1376 3674 quae
1406 3604 1657 3660 dicuntur
1708 3604 1751 3640 ιδ
1796 3622 1917 3664 esse
1963 3622 2017 3663 et

447 3705 551 3743 non
580 3706 727 3757 esse;
752 3692 874 3760 quia
908 3707 1033 3748 vero
1055 3692 1103 3725 ¹⁸
1127 3695 1316 3750 modus
1341 3695 1444 3751 iste
1464 3736 1479 3760 ,
1508 3698 1598 3767 qui
1632 3697 1842 3753 videtur
1883 3714 2019 3768 quo-

447 3779 566 3832 dam
599 3781 757 3836 modo
780 3781 1045 3837 introduci
1072 3786 1359 3854 posse,qui
1389 3785 1441 3841 in
1467 3787 1853 3857 privationibus
1872 3790 2016 3843 circa

448 3870 773 3927 substantias
822 3872 1215 3938 habitudinem,
1249 3885 1308 3929 ut
1339 3876 1484 3933 circa
1504 3878 1688 3933 oculos
1717 3881 1864 3934 visus
1883 3889 1939 3934 et
1974 3881 2017 3911 ⁸⁸

445 3959 649 4013 orbitas
677 3960 740 4025 ¹⁷,
765 3962 1132 4031 constituitur,
1154 3964 1298 4019 nullo
1347 3966 1504 4022 modo
1534 3968 1868 4036 recipiendus
1914 3977 2015 4033 est,

448 4059 503 4103 ut
529 4051 781 4105 arbitror.
811 4050 943 4107 Nam
975 4054 1115 4123 quod
1139 4054 1351 4125 penitus
1375 4070 1479 4113 non
1509 4064 1625 4123 est,
1650 4073 1751 4114 nec
1778 4073 1898 4114 esse
1925 4075 2016 4129 po-

449 4149 566 4204 test,
598 4156 696 4196 nec
721 4157 848 4210 prae
894 4144 1220 4203 eminentiae
1275 4162 1406 4204 suae
1461 4149 1779 4207 existentiae
1817 4152 2020 4208 intelle-

445 4244 590 4286 ctum
620 4244 901 4305 exuperat,
934 4238 1203 4307 quomodo
1238 4238 1290 4293 in
1317 4255 1495 4294 rerum
1539 4240 1889 4297 divisionibus
1933 4259 2017 4297 re-

444 4323 547 4392 cipi
580 4324 774 4391 valeat,
805 4342 911 4381 non
936 4328 1113 4395 video,
1143 4328 1246 4383 nisi
1275 4328 1411 4384 forte
1436 4329 1557 4400 quis
1583 4332 1796 4399 dixerit,
1814 4347 2014 4396 rerum,

2105 1775 2295 1839 matio,
2330 1774 2612 1830 inferioris
2644 1786 2727 1831 est
2752 1777 2986 1847 negatio.
3019 1777 3245 1847 Negatio
3274 1793 3404 1831 vero
3430 1776 3686 1846 superio-

2109 1870 2183 1919 ris
2207 1867 2312 1920 erit
2339 1867 2625 1923 ailirtnatio
2676 1869 2973 1923 inferioris.
3006 1869 3308 1924 Aﬂirmatio
3341 1871 3545 1943 quippe
3586 1871 3688 1923 ho-

2109 1959 2293 2017 minis.
2344 1961 2591 2015 mortalis
2654 1962 2834 2016 adhuc
2865 1963 3007 2026 dico,
3065 1964 3283 2032 negatio
3343 1971 3427 2017 est
3482 1961 3699 2039 angeli.‘

2107 2051 2335 2121 Negatio
2375 2069 2507 2109 vero
2538 2055 2776 2109 hominis
2826 2054 3110 2109 aliirmatio
3150 2064 3233 2109 est
3256 2053 3435 2124 angeli
3476 2064 3580 2109 :et
3611 2070 3689 2103 vi.

2109 2145 2321 2199 cissitn.
2357 2145 2413 2199 Si
2446 2147 2592 2199 enim
2624 2147 2788 2202 homo
2819 2157 2902 2201 est
2937 2147 3135 2201 animal
3167 2158 3186 2179 ⁸
3214 2146 3503 2212 rationale,
3536 2161 3687 2199 tuor-

2107 2237 2236 2300 aale,
2293 2237 2531 2305 visibilc,
2562 2238 2812 2307 profecto
2852 2239 3079 2309 angelus
3110 2254 3287 2307 neque
3340 2237 3543 2291 animal
3601 2252 3687 2290 ras

2111 2328 2312 2384 tionale
2342 2337 2446 2388 est.
2475 2345 2653 2399 neque
2686 2334 2937 2394 mortale,
2987 2346 3166 2399 neque
3204 2330 3420 2384 visibile
3446 2331 3513 2381 “.
3548 2329 3689 2384 Item

2110 2421 2157 2479 si
2187 2422 2412 2494 angelus
2435 2431 2520 2479 est
2547 2422 2860 2478 essentialis
2892 2433 3076 2477 motus
3122 2422 3514 2477 intellectualis
3541 2424 3691 2477 circa

2114 2515 2282 2569 Deum
2308 2530 2600 2584 rerumque
2620 2515 2667 2547 ’⁸
2686 2531 2899 2582 causas,
2926 2516 3169 2586 profecto
3192 2516 3354 2570 homo
3371 2531 3479 2569 non
3504 2527 3697 2584 estes-

2111 2608 2356 2663 sentialis
2380 2617 2562 2663 motus
2612 2609 3001 2663 intellectualis
3048 2609 3193 2662 circa
3226 2608 3393 2661 Deum
3427 2616 3484 2661 et
3507 2623 3693 2662 rerum

2112 2714 2328 2754 causas.
2364 2698 2677 2769 Eademque
2723 2700 2908 2768 regula
2950 2700 3001 2752 in
3056 2699 3312 2753 omnibus
3359 2698 3699 2752 caelestibus

2111 2790 2386 2854 essentiis,
2421 2805 2595 2860 usque
2631 2790 2755 2845 dum
2785 2792 2848 2845 ad
2868 2806 3179 2859 supremum
3204 2790 3246 2822 ¹⁷
3279 2790 3532 2845 omnium
3568 2804 3701 2859 per-

2113 2883 2365 2937 veniatur
2396 2881 2441 2916 "
2475 2883 2745 2949 ordinem,
2775 2884 3055 2938 observari
3084 2890 3265 2952 potest
3298 2897 3314 2949 ;
3345 2881 3462 2950 ipse
3489 2880 3697 2935 veroiu

2114 2991 2276 3047 supra
2315 2990 2537 3030 sursum
2569 2976 2859 3048 negatione
2896 2975 3242 3031 terminatur.
3280 2974 3407 3045 Ejus
3458 2989 3703 3042 namque

2060 3106 2087 3131 .,
2116 3068 2336 3137 negatio
2364 3069 2570 3123 nullam
2594 3076 2905 3125 creaturam
2927 3067 3264 3138 superiorem
3299 3081 3359 3121 se
3380 3066 3699 3120 conﬁrmat.

2114 3160 2250 3217 Tres
2272 3168 2456 3217 autem
2476 3159 2700 3215 ordines
2740 3170 2889 3227 sunt,
2908 3172 3048 3229 quos
3068 3158 3358 3228 ὁμοταγεῖς
3384 3159 3429 3190 υ
3455 3165 3698 3221 vocant;

2115 3254 2342 3308 quorum
2364 3240 2568 3307 primus
2580 3241 2889 3306 Cherubim,
2913 3245 3217 3314 Seraphim,
3235 3245 3463 3309 Throni;
3491 3261 3695 3302 secutis

2117 3327 2215 3380 dus
2231 3324 2485 3389 Virtutes,
2508 3327 2823 3394 Potestates,
2843 3331 3238 3388 Dominationes
3256 3350 3272 3398 ;
3292 3334 3478 3389 tertius
3492 3332 3699 3389 Princi-

2117 3422 2295 3483 patus,
2318 3414 2660 3487 Archangeli,
2688 3419 2896 3488 Angeli.
2949 3421 3210 3477 Deorsum
3237 3436 3361 3478 vero
3406 3439 3701 3493 corporum

2118 3506 2443 3562 novissimus
2481 3507 2817 3564 solummodo
2858 3512 3185 3581 superiorem
3213 3529 3271 3568 se
3298 3522 3389 3568 aut
3421 3525 3588 3586 negat
3614 3526 3702 3569 aut

2119 3595 2347 3650 aﬂirmat
2376 3596 2442 3659 ³⁰,
2462 3598 2586 3669 qui}
2615 3597 2750 3652 infra
2778 3614 2835 3654 se
2857 3601 2985 3655 nihil
3006 3603 3182 3667 habet,
3207 3604 3349 3672 quod
3372 3603 3457 3656 vel
3486 3604 3704 3659 auferat

2118 3685 2197 3739 vel
2251 3685 2561 3745 constituat,
2595 3687 2723 3758 quia
2749 3686 2791 3719 τ’
2823 3689 2890 3743 ab
2938 3691 3184 3745 omnibus
3237 3691 3613 3761 superioribus
3646 3710 3704 3746 se

2119 3775 2477 3844 praeceditur,
2500 3777 2699 3830 nullum
2726 3793 2854 3832 vero
2881 3777 3185 3834 inferiorem
3201 3796 3258 3834 se
3276 3781 3571 3849 praecedit.
3591 3781 3705 3835 Hac

2120 3864 2244 3918 item
2262 3866 2466 3920 ratione
2479 3866 2653 3921 omnis
2666 3867 2794 3921 ordo
2812 3867 3084 3922 rationalis
3097 3868 3545 3925 etintellcctualis
3558 3885 3706 3925 «ξιτεδ-

2119 3965 2269 4010 turae
2289 3970 2407 4010 esse
2433 3956 2630 4011 dicitur
2659 3965 2713 4012 et
2745 3973 2848 4011 non
2892 3972 3028 4013 esse.
3058 3956 3151 4013 Est
3179 3960 3346 4024 enim,
3373 3969 3639 4030 quantum
3674 3980 3704 4013 ει

2117 4046 2479 4116 superioribus
2506 4046 2587 4100 vel
2614 4061 2644 4100 a
2669 4062 2726 4103 se
2743 4048 2855 4115 ipso
2870 4048 3238 4118 cognoscitur;
3278 4066 3380 4103 non
3396 4058 3473 4103 est
3493 4060 3702 4111 autem,

2119 4144 2378 4207 quantum
2422 4136 2489 4191 ab
2528 4137 2869 4192 inferioribus
2906 4152 2963 4193 se
2993 4139 3372 4209 comprehendi
3407 4153 3513 4194 non
3549 4139 3703 4195 sinit.

2188 4246 2242 4300 5.
2288 4246 2502 4301 Tertius
2528 4248 2718 4302 modus
2740 4262 2843 4302 non
2873 4249 3164 4318 incongrue
3194 4250 3480 4319 inspicitur
3505 4251 3563 4304 in
3595 4251 3701 4310 bis.

2114 4335 2313 4405 quibus
2341 4333 2499 4403 hujus
2525 4336 2706 4390 mundi
2747 4337 2971 4393 visibilis
2998 4338 3274 4407 plenitudo
3302 4339 3609 4409 perficitur,
3648 4350 3711 4394 et

445 4426 582 4509 quae
620 4424 769 4479 sunt,
823 4415 1097 4472 absentias
1150 4428 1206 4473 et
1257 4419 1585 4490 privationes
1637 4437 1743 4477 non
1801 4425 2018 4479 omnino
2052 4454 2094 4509 υ
2124 4425 2175 4479 iu
2208 4425 2318 4480 suis
2346 4426 2522 4481 causis
2558 4427 3005 4495 praecedentibus
3032 4428 3083 4482 in
3115 4429 3494 4485 secretissimis
3540 4444 3706 4485 natu-

447 4502 580 4555 uihi.
621 4518 761 4568 esse,
786 4507 877 4559 sed
908 4521 1117 4573 earum,
1150 4523 1372 4579 quarum
1413 4510 1741 4579 privatioues
1784 4526 1877 4565 seu
1902 4515 2018 4571 abs—

450 4591 625 4647 entia:
656 4609 747 4646 seu
789 4596 1150 4663 oppositiones
1200 4606 1353 4663 sunt,
1387 4600 1619 4655 mirabili
1648 4602 1881 4670 quadam
1930 4618 2019 4654 na-

449 4683 604 4734 turali
647 4684 689 4716 ³⁸
709 4684 908 4740 virtute
932 4688 1222 4752 contineri,
1252 4697 1312 4742 ut
1344 4690 1571 4758 quodam
1599 4692 1757 4745 modo
1784 4692 1909 4745 sint.

521 4776 571 4829 4.
610 4779 730 4832 Fiat
762 4781 802 4810 ’9
826 4785 1092 4837 secundus
1116 4784 1305 4839 modus
1325 4786 1535 4839 essendi
1568 4794 1621 4837 et
1647 4801 1750 4838 non
1780 4784 2018 4849 essendi,

2124 4530 2216 4571 rae
2259 4515 2482 4571 sinibus.
2538 4515 2803 4585 Quicquid
2848 4517 2990 4572 enim
3034 4518 3270 4587 ipsarum
3311 4534 3604 4575 causarum
3655 4521 3706 4573 iu

2120 4604 2341 4658 materia
2368 4603 2621 4671 formata,
2652 4606 2707 4659 in
2725 4606 3054 4676 temporibus
3073 4609 3186 4663 et"
3210 4608 3339 4664 locis
3361 4624 3457 4678 per
3475 4624 3706 4681 generao

2117 4698 2316 4752 tionem
2352 4699 2715 4767 cognoscitur,
2752 4704 2985 4768 quadam
3028 4700 3261 4754 humana
3303 4701 3709 4755 consuetudine

2119 4786 2472 4840 dicituresse.
2524 4786 2789 4855 Quicquid
2819 4802 2946 4842 vero
2981 4788 3158 4844 adhuc
3200 4789 3253 4842 in
3301 4789 3430 4857 ipsis
3472 4799 3708 4845 naturae

1729 4897 1980 4952 VARIAE
2016 4898 2414 4953 LECTIONES.

523 4991 534 5020 '
571 4990 609 5041 Α
642 4991 874 5045 aestimo.
954 4992 974 5021 ⁸
1000 4994 1043 5048 Δ
1070 4993 1242 5060 prima
1273 5003 1344 5047 est
1371 4993 1629 5046 omnium.

1707 4992 1728 5022 ⁸
1752 4992 1886 5046 She»
1925 4992 1978 5043 id
2000 5000 2075 5043 est
2108 5008 2215 5061 om.
2248 4992 2333 5044 (Συ
2361 5007 2464 5044 non
2504 4993 2674 5045 solum
2715 4992 2768 5044 in
2787 5009 2975 5061 graeco
3011 5009 3233 5061 primum
3259 4994 3643 5046 mallieriarum
3674 5012 3707 5047 α

446 5060 654 5113 domino
678 5060 822 5132 nullo
853 5062 1007 5115 utodo
1036 5079 1248 5132 prorsus
1282 5062 1578 5130 formatam,
1622 5076 1833 5116 omnem
1867 5076 2081 5132 sensum
2111 5060 2224 5132 (illa
2248 5061 2408 5132 verba
2439 5062 2668 5132 pessime
2696 5061 2982 5116 dilacerata
3007 5060 3119 5118 Sola
3142 5062 3445 5130 conjectura
3478 5078 3706 5119 assccu»

446 5138 533 5183 tus
558 5132 723 5200 sum).

444 5216 663 5251 onmem.

442 5280 589 5322 cunt.

444 5338 624 5407 igitur.

444 5410 684 5462 activam.

445 5478 671 5531 renittni'.

800 5129 821 5161 ’⁵
847 5141 919 5183 est
951 5129 1061 5186 om.
1097 5132 1158 5185 D.
1234 5133 1256 5164 ⁸
1286 5132 1374 5186 Sic
1401 5132 1521 5197 CD;
1556 5132 1601 5184 A
1626 5132 1927 5183 divinitatis.

743 5199 764 5230 ⁹
793 5202 989 5255 sinibus
1044 5217 1151 5256 om.
1188 5202 1249 5254 D.
1327 5201 1370 5233 ²⁰
1396 5201 1441 5253 Λ
1481 5200 1825 5254 consistentis.

670 5270 712 5301 ’⁸
758 5286 873 5325 vero
932 5286 1041 5325 om.
1081 5272 1146 5326 Α.

702 5341 746 5371 ²⁰
782 5341 825 5392 Α
870 5350 1173 5394 creatarum
1204 5350 1253 5394 et
1290 5349 1669 5392 creaturarum.

767 5410 812 5439 ’δ
864 5411 905 5462 Ι)
947 5411 1214 5479 quoniam.
1288 5410 1334 5441 ³⁵
1369 5410 1546 5473 Corn,
1575 5408 1707 5463 ACD
1741 5408 1954 5462 risibile.

750 5478 793 5508 ¹⁹
845 5478 975 5532 CDE
1004 5479 1256 5551 ὁμοταγες

2005 5129 2025 5159 ⁶
2053 5130 2209 5181 etiam
2241 5145 2350 5182 om.
2377 5131 2439 5183 D.

1902 5200 1942 5231 ¹¹
1984 5208 2072 5252 aut
2122 5214 2231 5252 om.
2262 5200 2323 5253 D.

1260 5270 1303 5303 “
1328 5270 1466 5323 visus
1524 5280 1572 5322 et
1621 5286 1733 5322 nan.
1772 5269 1860 5323 AC
1898 5283 1947 5323 et
1976 5285 2117 5322 usus
2153 5278 2221 5320 et.

1290 5349 1669 5392 creaturarum.
1744 5341 1789 5370 "
1820 5341 1864 5392 A
1915 5338 2211 5392 descendat.

1952 5356 2189 5392 escenaat
2198 5376 2211 5390 ο

2028 5408 2073 5439 ⁸⁸
2096 5408 2137 5460 Α
2171 5416 2217 5459 ει
2249 5423 2440 5460 rerum.

1331 5480 1374 5509 ³⁰
1402 5479 1705 5547 CEﬁrmat,
1739 5480 1781 5532 Ι)
1806 5480 2100 5544 confirmat.

3258 5133 3280 5163 ⁸
3306 5132 3349 5184 Α
3399 5141 3708 5185 creaturam

2906 5201 2949 5232 ³³
2974 5203 3015 5254 Λ
3065 5199 3382 5269 agnoscitur.
3444 5200 3507 5269 7“,
3538 5201 3587 5254 C
3625 5203 3709 5253 rli-

2805 5269 2846 5301 ¹⁸
2880 5268 3113 5325 naturali
3133 5286 3239 5324 om.
3276 5270 3335 5323 Ι).
3414 5268 3458 5300 ¹¹
3485 5268 3529 5322 Δ
3576 5269 3709 5323 Fiat

2809 5340 2855 5371 ”
2882 5341 2921 5395 C
2954 5341 3251 5394 nutritivam
3282 5341 3434 5392 vitam
3480 5339 3606 5393 dico
3663 5350 3709 5392 τε

2509 5409 2561 5509 3’:
2601 5409 2640 5530 I‘)
2669 5424 2831 5530 supra
2863 5412 3037 5465 adscr.
3070 5424 3347 5463 summum.
3422 5407 3469 5438 ’⁸
3497 5408 3541 5459 Α
3574 5424 3707 5477 per-

2585 5496 2609 5530 c
2655 5494 2761 5530 om.
2839 5518 2855 5530 .
3086 5496 3115 5514 δ

2585 5488 2629 5532 ct
2655 5494 2761 5532 om.
2790 5488 2855 5532 υ.
3086 5496 3115 5514 δ

2513 5131 2533 5160 ⁷
2563 5147 2651 5185 seu
2688 5134 2960 5185 essentiam
2988 5148 3098 5185 om.
3119 5134 3184 5184 A.

2405 5199 2445 5229 ”
2469 5198 2509 5251 Α
2534 5201 2825 5253 materiam.

2299 5269 2341 5299 ³⁷
2375 5267 2463 5322 CD
2493 5270 2724 5322 arbutus.

2285 5338 2331 5367 "
2361 5338 2449 5391 AC
2491 5340 2731 5392 activam.

2180 5476 2220 5507 ³⁸
2252 5476 2291 5531 C
2322 5478 2428 5545 qui.

1930 5609 2108 5667 NOTA
2120 5611 2178 5664 li.

516 5712 541 5739 ι
583 5702 769 5757 Verbis
808 5706 1003 5758 anima!
1037 5708 1291 5760 rationata
1320 5707 1503 5775 incipit
1528 5708 1644 5759 cod.
1675 5707 1732 5760 Ε.
1812 5720 1813 5723 ‘
