3904 6148
445 308 544 364 id?

1818 284 2103 344 JOANNIS
2138 286 2332 343 διῖοτι

3626 290 3724 345 HS

451 408 729 476 quaepiam
787 406 1021 477 cognitio
1051 405 1105 459 in
1133 404 1318 474 angelo
1363 401 1712 470 intelligatur.
1751 399 1863 453 lina
1912 399 2031 467 qui-
2092 395 2127 446 Α
2163 394 2538 453 discessimus.
2590 397 2894 466 DISC.Qt|is
2923 397 3013 454 ille
3045 400 3135 463 sit,
3159 400 3319 454 γριῖηι
3352 412 3556 470 "petas
3584 420 3599 467 ;
3628 419 3726 458 non

447 501 568 552 dem
616 500 875 567 superior,
915 512 1053 565 quae
1105 495 1170 549 dc
1225 494 1460 548 aeternis
1506 506 1685 545 rerum
1738 489 2032 543 rationibus

448 591 598 657 juxta
627 589 954 659 praedictum
1003 586 1217 641 modum
1261 585 1438 654 primo
1488 584 1540 636 in
1592 596 1653 635 eo
1688 580 2027 651 exprimitur.

450 682 653 737 Deinde
679 683 818 750 quod
845 696 908 734 ex
941 679 1308 748 superioribus
1340 678 1558 746 excipit,
1601 676 1759 731 veluti
1790 676 1842 729 in
1871 676 2033 730 mira—

450 774 537 827 bili
562 781 721 840 atque
752 768 1004 824 ineffabili
1033 770 1265 839 quadam
1291 769 1550 823 memoria
1582 766 1683 823 sibi
1732 767 1831 835 ipsi
1880 780 2028 820 com-

450 864 634 928 mittit,
659 861 811 931 quasi
842 861 1106 931 quaedam
1146 861 1324 930 imago
1349 860 1597 928 imaginis
1627 874 1900 929 expressa.
1956 859 2033 912 Ac

449 971 546 1026 per
570 955 695 1019 hoc,
722 954 767 1009 si
795 953 1071 1022 superiora
1099 965 1157 1006 se
1182 951 1271 1005 tali
1307 950 1464 1005 modo
1489 958 1665 1019 potest
1687 961 2031 1016 cognoscere,

447 1046 569 1116 quis
607 1045 801 1100 audeat
844 1045 1022 1098 dicere
1056 1047 1095 1109 ‘,
1132 1042 1443 1097 inferiorum
1475 1044 1745 1112 quandam
1776 1041 2036 1112 cognitio-

448 1153 570 1191 nem
595 1136 645 1190 in
674 1150 731 1191 se
760 1152 863 1189 non
896 1133 1140 1189 habere?
1178 1133 1344 1188 Recte
1388 1133 1553 1202 igitur
1595 1132 1848 1187 dicuntur
1894 1145 2034 1195 esse,

447 1244 586 1299 quae
606 1227 815 1282 ratione
842 1235 1002 1296 atque
1045 1225 1316 1280 intellectu
1358 1223 1739 1295 comprehendi
1787 1230 2028 1293 possunt.

448 1319 598 1385 Quae
632 1332 757 1371 vero
785 1331 1001 1371 omnem
1047 1316 1307 1370 rationem
1354 1330 1417 1370 ac
1474 1314 1802 1369 intellectum
1840 1325 2039 1380 exupe-

451 1418 590 1472 rant,
620 1416 766 1463 recte
795 1404 1043 1460 similiter
1069 1405 1323 1461 dicuntur
1351 1421 1454 1461 non
1480 1420 1618 1460 esse.

520 1500 571 1554 8.
608 1498 750 1551 DISC.
775 1495 911 1563 Quid
935 1511 1063 1566 ergo
1090 1495 1330 1551 dicemus
1352 1496 1417 1551 de
1442 1495 1530 1550 illa
1554 1494 1732 1550 futura
1758 1495 2031 1557 felicitate,

450 1606 584 1657 quae
611 1587 943 1657 promittitur
992 1585 1215 1650 sanctis,
1244 1600 1405 1654 quam
1438 1584 1571 1638 nihil
1607 1585 1750 1640 aliud
1786 1592 2037 1655 putamus

449 1697 569 1735 esse
607 1681 650 1744 ³,
700 1687 916 1748 praeter
949 1677 1116 1744 ipsius
1160 1675 1373 1730 divinae
1401 1676 1665 1730 essentiae
1692 1690 1879 1744 puram
1913 1690 2040 1728 con—

2170 484 2315 537 enim
2363 485 2539 554 ipsius
2594 489 2636 519 "
2684 487 2884 543 recolo.
2944 488 3083 544 Mtte.
3144 489 3556 556 Recordarisne,
3603 494 3726 562 quid

2170 578 2314 631 inter
2334 594 2433 634 nos
2458 593 2811 659 convenerat,
2841 580 2969 636 dum
2990 582 3057 637 de
3081 583 3351 638 Exemero
3373 584 3541 638 sancti
3568 587 3729 654 patris

2167 668 2458 737 Augustini
2526 671 2791 738 quaedam
2861 669 3405 726 dicebamusintsc.
3460 669 3726 726 Recordor

2161 761 2421 828 quidem;
2452 763 2547 819 sed
2587 772 2638 819 te
2685 764 2883 818 iterum
2912 763 2979 819 de
3010 763 3115 817 hoc
3139 762 3183 794 ¹³
3215 764 3408 818 audire
3438 762 3579 819 volo.
3602 763 3727 819 “A6.

2166 852 2418 909 Movebat
2450 865 2523 919 te,
2549 864 2609 909 ut
2633 855 2899 922 arbitror,
2928 855 3209 925 quomodo
3238 855 3557 924 praedictus
3583 867 3725 924 pater

2165 946 2369 1001 dixerit
2401 945 2465 1011 “,
2488 961 2682 1002 causas
2700 962 2885 1002 rerum
2916 947 3299 1015 creandarum,
3325 962 3468 1018 quae
3497 957 3730 1004 aeterna.

2164 1037 2288 1091 liter
2325 1039 2379 1091 in
2408 1039 2521 1093 Deo
2552 1048 2701 1103 sunt,
2735 1047 2790 1095 et
2818 1040 2964 1095 Deus
2994 1046 3146 1105 sunt,
3171 1040 3395 1111 angelos
3423 1040 3651 1109 primum
3680 1044 3726 1094 in

2167 1129 2278 1183 Deo
2303 1129 2709 1196 considerasse,
2729 1130 2927 1186 deinde
2953 1132 3008 1185 in
3035 1131 3254 1201 seipsis,
3277 1131 3478 1188 deinde
3506 1133 3725 1202 ipsarum

2164 1230 2543 1276 creaturarum
2572 1224 2823 1291 prOprias
2852 1225 3064 1293 species
3085 1222 3527 1295 differentiasque
3548 1241 3730 1295 cogno-

2164 1315 2328 1376 visse.
2359 1315 2407 1368 si
2434 1314 2528 1368 ulli
2563 1316 2607 1346 ¹¹⁵
2627 1327 2914 1371 creaturae
2946 1317 3128 1371 divina
3154 1318 3391 1379 essentia
3429 1333 3555 1373 cum
3579 1320 3728 1373 ratio-

2166 1406 2348 1467 nibus,
2366 1421 2506 1473 quae
2526 1408 2578 1460 in
2600 1422 2659 1460 ea
2678 1417 2824 1474 sunt,
2849 1410 3217 1465 essentialiter
3237 1420 3474 1479 nequeat
3495 1426 3727 1481 compre-

2163 1495 2457 1553 hensibilis
2482 1512 2624 1553 esse.
2657 1498 2803 1552 Dtsc.
2846 1497 3045 1553 Totum
3082 1510 3259 1556 teneo.
3292 1502 3428 1557 Msa.
3461 1502 3726 1558 Recorda-

2162 1589 2466 1658 risne,quid
2487 1589 2553 1644 ad
2577 1590 2711 1644 haec
2731 1590 2774 1623 ¹⁶
2789 1592 3256 1661 respondebamus
3275 1594 3315 1626 "
3337 1594 3522 1650 ?Dtsc.
3544 1595 3727 1665 Utique

2161 1683 2440 1749 recordor,
2466 1686 2510 1739 si
2545 1699 2632 1740 me
2666 1685 2929 1740 memoria
2957 1701 3062 1740 non
3119 1686 3279 1741 fallit.
3312 1687 3539 1743 Dicebas
3564 1688 3722 1752 enim,

452 1768 851 1838 templationem
891 1775 1051 1835 atque
1090 1766 1483 1830 itnmediatam,
1516 1765 1655 1820 sicut
1700 1766 1778 1819 ait
1824 1772 2044 1819 sanctus
2081 1767 2119 1822 ις
2162 1774 2435 1841 nonipsas
2454 1788 2647 1829 causas
2673 1790 3038 1844 rerum,quae
3060 1775 3115 1830 in
3139 1775 3321 1830 divina
3347 1778 3583 1833 essentia
3611 1777 3727 1831 sub-

454 1858 786 1926 evangclista
822 1855 1055 1912 Joannes
1086 1875 1099 1909 :
1130 1854 1354 1919 Scimus,
1382 1857 1503 1928 quia
1544 1855 1641 1924 ﬁlii
1690 1854 1784 1909 Dei
1832 1872 2035 1917 sumas,

448 1959 498 2005 et
523 1949 753 2003 nondum
779 1950 1041 2018 apparuit,
1074 1948 1198 2018 quid
1220 1949 1445 2013 erimus;
1488 1966 1605 2002 cum
1651 1958 1822 2001 autem
1872 1965 2036 2016 appa—

447 2038 631 2102 ruerit,
659 2036 850 2091 similes
877 2036 923 2089 ei
952 2036 1181 2101 erimus;
1212 2037 1493 2090 videbimus
1518 2039 1655 2091 enim
1694 2053 1834 2098 eum,
1886 2036 2037 2089 sicuti

450 2138 546 2184 est.
570 2126 701 2182 Item
734 2123 1006 2196 apostolus
1031 2123 1226 2178 Paulus
1257 2125 1277 2155 ³
1304 2143 1317 2177 :
1353 2124 1403 2177 Ν
1412 2140 1510 2177 unc
1540 2125 1767 2179 ridemus
1795 2142 1886 2195 per
1933 2141 2039 2188 spe-

453 2220 626 2276 culum
648 2220 704 2274 in
730 2219 1039 2289 aenigmate,
1066 2226 1189 2271 tunc
1219 2227 1392 2271 autent
1421 2217 1555 2286 facie
1577 2218 1643 2270 ad
1668 2204 1875 2286 faciem.
1906 2217 2035 2270 Item

455 2314 516 2370 S.
541 2311 871 2383 Augustinus
901 2310 1114 2375 inzlibro
1139 2310 1206 2364 de
1231 2309 1461 2365 Civitate
1489 2308 1580 2363 Dei
1606 2307 1746 2363 XXII
1771 2309 1836 2363 de
1863 2307 2039 2361 futura

454 2403 902 2473 contemplatione
928 2401 1158 2466 divinae,
1194 2409 1249 2454 ut
1287 2400 1545 2465 arbitror,
1572 2399 1839 2455 essentiae
1868 2398 2038 2453 dicit:

460 2492 561 2547 Per
583 2508 822 2561 corpora,
844 2506 978 2561 quae
1002 2490 1339 2560 gestabimus,
1365 2490 1420 2543 in
1452 2489 1593 2543 omni
1621 2504 1854 2559 corpore,
1879 2488 2041 2559 quod-

455 2602 657 2657 cunque
681 2584 985 2648 videbimus,
1017 2599 1434 2653 quaquaversum
1461 2580 1638 2635 oculos
1670 2581 1834 2634 nostri
1862 2596 2042 2649 corpo-

460 2679 530 2731 ris
567 2674 933 2738 duxerimus‘,
960 2674 1127 2743 ipsum
1166 2672 1447 2727 Dominum
1492 2672 1764 2741 perspicua
1804 2670 2042 2724 claritate

456 2766 935 2837 contemplabimur.
975 2765 1111 2820 Nam
1155 2765 1204 2820 si
1248 2764 1521 2835 angelicae
1574 2762 2043 2833 contemplationis

458 2860 800 2929 purissimam
872 2858 1123 2913 virtutem
1172 2857 1193 2889 ⁸
1246 2857 1459 2912 divinae
1503 2856 1772 2911 essentiae
1824 2864 2043 2925 supcrat

460 2951 728 3015 altitudo;
765 2949 1054 3021 praedictis
1075 2948 1219 3002 enim
1264 2947 1567 3003 rationibus
1605 2944 1909 3002 confectum
1937 2954 2038 3010 est,

426 3092 429 3093 ν
458 3039 705 3107 divinant
721 3038 1008 3093 essentiam
1040 3036 1169 3091 nulli
1202 3035 1545 3092 intellectuali
1582 3044 1863 3091 creaturae
1904 3049 2044 3090 com-

460 3128 872 3198 prehensibilem
909 3143 1050 3192 esse,
1095 3142 1234 3197 quae
1264 3126 1285 3158 °
1314 3127 1547 3181 maxime
1574 3127 1627 3180 in
1680 3126 1887 3196 angelis
1922 3140 2048 3179 con-

460 3220 653 3278 sistere
701 3219 919 3275 dubium
966 3234 1071 3272 non
1120 3225 1204 3272 est
1234 3234 1249 3281 ;
1279 3218 1432 3271 nobis
1485 3231 1698 3286 quoque
1748 3215 1891 3271 nulla
1941 3215 2045 3269 alia

463 3312 690 3367 felicitas
726 3311 1080 3381 promittitur,
1121 3324 1283 3379 quam
1326 3308 1393 3361 ad
1447 3308 1744 3379 angelicam
1796 3316 2046 3362 naturam

461 3401 758 3471 aequalitas
809 3418 820 3453 :
878 3399 1145 3470 quomodo
1196 3399 1463 3454 humanae
1528 3407 1753 3455 naturae
1817 3399 2047 3454 felicitas

462 3483 675 3544 divinae
720 3488 983 3543 essentiae
1029 3487 1364 3542 altitudinem
1411 3489 1766 3559 contemplari
1806 3489 2047 3544 valebit?

464 3580 785 3635 MAG.ACIIle
809 3594 871 3634 ac
892 3578 1208 3650 vigilanter;
1237 3594 1341 3634 non
1369 3580 1512 3635 enim
1541 3581 1658 3636 sine
1681 3597 1845 3637 causa
1868 3584 1921 3636 in
1946 3584 2046 3638 hoc

464 3672 716 3727 moveris.
729 3669 835 3726 Sed
850 3671 943 3726 tibi
958 3668 1200 3727 sufﬁcere
1212 3673 1708 3743 aestitnarim,quod
1727 3676 1876 3745 prius
1889 3691 2048 3746 gene-

468 3762 655 3816 raliter
674 3761 740 3817 de
763 3761 907 3816 omni
932 3762 1199 3817 suasimus
1222 3771 1469 3817 creatura
1491 3765 1531 3817 ⁷.
1559 3764 1705 3820 Dtsc.
1729 3764 1865 3832 Quid
1888 3766 2049 3820 ilhtd?

465 3852 716 3922 Repetas,
729 3861 872 3921 peto.
888 3851 1026 3907 Mss.
1045 3850 1231 3907 Nonne
1245 3837 1619 3910 universaliier
1638 3857 1980 3912 definivimus
1996 3858 2042 3922 ⁸,

464 3942 697 3995 divinam
714 3943 1003 3996 essentiam
1025 3942 1149 3996 nulli
1171 3958 1429 4012 corporeo
1445 3947 1645 4012 sensui,
1676 3947 1801 4000 nulli
1830 3949 2043 4011 rationi,

466 4032 594 4087 nulli
646 4046 739 4087 seu
784 4033 1018 4087 humano
1067 4048 1161 4087 seu
1220 4033 1462 4105 angelico
1508 4034 1798 4090 intellectui
1840 4052 1939 4106 per
1988 4052 2045 4092 se

466 4127 635 4196 ipsam
684 4125 1224 4196 comprehensibilem
1254 4129 1274 4159 ⁹
1307 4126 1460 4181 esse?
1492 4126 1532 4157 ¹⁰
1565 4127 1706 4182 Dtsc.
1746 4127 2042 4193 Recordor,

464 4231 529 4270 ac
551 4231 634 4269 me
653 4215 731 4269 sic
752 4215 1043 4284 sumpsisse
1071 4229 1266 4284 negare
1293 4229 1397 4268 non
1422 4230 1658 4284 possum.
1675 4216 1806 4281 Sed,
1833 4228 1894 4272 ut
1913 4220 2042 4274 mihi

468 4306 701 4368 videtur,
728 4313 820 4358 aut
849 4305 935 4358 illa
962 4305 1234 4374 praedicta
1253 4304 1528 4360 conclusio
1551 4308 1765 4379 penitus
1785 4309 2043 4377 solvetur,

465 4404 521 4449 et
547 4394 892 4450 intellectuali
930 4389 1212 4450 creaturae
1248 4395 1465 4452 divinae
1504 4398 1775 4454 essentiae
1817 4416 1912 4469 per
1961 4416 2046 4456 se-

2158 1863 2379 1930 sistunt,
2418 1866 2642 1936 angelos
2693 1866 2919 1930 vidisse,
2948 1866 3041 1921 sed
3076 1868 3334 1937 quasdam
3367 1869 3726 1937 apparitiones

2158 1957 2394 2021 divinas,
2428 1972 2587 2026 quas,
2618 1967 2678 2012 ut
2702 1957 2805 2022 ais,
2835 1958 3193 2028 theophanias
3213 1958 3402 2016 Graeci
3436 1960 3724 2030 appellant,

2156 2062 2559 2117 causarumque
2586 2059 2956 2113 aeternarum,
2980 2066 3209 2111 quarum
3262 2051 3532 2121 imagines
3588 2062 3723 2111 sunt.

2146 2124 2363 2178 nomine
2410 2125 2453 2154 ’⁸
2500 2124 2813 2192 appellatas.
2859 2124 3126 2177 Addidisti
3172 2128 3359 2189 etiam,
3399 2138 3511 2178 non
3563 2127 3722 2178 solum

2147 2208 2316 2285 ipsam
2372 2215 2414 2246 ¹⁹
2469 2215 2703 2270 divinam
2761 2214 3053 2269 essentiam
3105 2213 3618 2270 incommutabiliter
3674 2214 3723 2268 in

2144 2308 2319 2376 seipsa
2358 2306 2679 2362 existentem
2720 2306 2888 2360 Deum
2924 2304 3134 2369 vocari,
3177 2305 3271 2359 sed
3302 2305 3467 2359 etiam
3507 2305 3645 2374 ipsas
3681 2302 3724 2337 "

2147 2398 2522 2468 theophanias,
2553 2412 2691 2469 quae
2717 2413 2782 2453 ex
2809 2412 2893 2461 ea,
2926 2406 2982 2451 et
3002 2397 3067 2452 de
3087 2411 3171 2463 ea,
3202 2395 3256 2450 in
3289 2404 3486 2451 natura
3533 2396 3725 2451 intelle-

2146 2492 2308 2547 ctuali
2330 2492 2730 2563 exprimuntur,
2746 2490 2839 2546 Dei
2862 2490 3077 2545 nomine
3099 2490 3417 2560 praedicari.
3437 2488 3575 2546 Msa.
3593 2489 3726 2544 Bene

2148 2593 2329 2647 tenes;
2362 2582 2436 2636 ita
2461 2582 2605 2637 enim
2629 2580 2882 2637 diximus.
2907 2580 3054 2635 Dtsc.
3081 2579 3187 2637 Sed
3214 2580 3342 2652 quid
3367 2580 3436 2635 ad
3465 2581 3725 2652 negotium

2146 2686 2403 2743 praesens
2437 2668 2705 2743 pertinet?
2743 2671 2882 2726 MAG.
2927 2669 3043 2725 Non
3082 2685 3311 2741 parum,
3348 2679 3406 2724 ut
3447 2670 3632 2734 video;
3666 2683 3728 2724 eo

2144 2763 2290 2818 enim
2335 2762 2494 2816 modo
2536 2770 2591 2816 et
2630 2760 2851 2832 angelos
2897 2760 3065 2815 Deum
3103 2773 3316 2830 semper
3358 2759 3545 2814 videre
3591 2758 3727 2814 arbi-

2148 2857 2265 2908 tror
2292 2854 2357 2919 “,
2400 2853 2577 2922 justos
2619 2866 2833 2922 quoque
2869 2859 2924 2905 et
2966 2851 3018 2905 in
3063 2851 3166 2906 hac
3197 2850 3331 2916 vita,
3376 2849 3507 2905 dum
3546 2849 3731 2905 mentis

2145 2959 2426 3001 excessum
2455 2944 2752 3014 patiuntur,
2778 2952 2835 2998 et
2861 2944 2913 2997 itt
2943 2941 3127 2997 futuro
3155 2943 3299 2998 sicut
3324 2942 3506 3013 angeli
3531 2944 3731 2997 visuros

2145 3052 2283 3092 esse.
2317 3036 2435 3091 Non
2459 3051 2587 3107 ergo
2627 3034 2801 3104 ipsum
2832 3033 3000 3090 Deum
3029 3048 3127 3104 per
3154 3034 3507 3103 semetipsum
3538 3033 3731 3089 videbi-

2075 3121 2119 3181 C
2152 3145 2293 3196 mus,
2343 3130 2469 3201 quia
2515 3143 2692 3199 neque
2739 3126 2912 3198 angeli
2963 3127 3178 3191 vident;
3236 3127 3342 3182 hoc
3384 3127 3531 3181 enim
3593 3124 3733 3181 omni

2148 3231 2431 3277 creaturae
2484 3220 2818 3290 impossibile
2864 3228 2982 3285 est;
3036 3218 3179 3274 solus
3240 3233 3501 3288 namque,
3552 3224 3610 3272 ut
3658 3215 3731 3271 ait

2148 3310 2437 3380 Apostolus
2462 3351 2476 3376 ,
2529 3310 2681 3363 habet
2723 3309 3203 3375 immortalitatem,
3242 3320 3291 3364 et
3328 3310 3499 3364 lucem
3541 3303 3731 3365 habitat

2148 3400 2553 3455 inaccessibilem
2573 3414 2590 3453 :
2608 3400 2700 3455 sed
2719 3400 2978 3469 quasdam
2993 3399 3165 3455 factas
3177 3401 3244 3455 ab
3264 3415 3330 3455 eo
3344 3401 3399 3456 in
3422 3400 3580 3456 nobis
3594 3402 3734 3454 theo-

2150 3490 2378 3561 phanias
2406 3486 2913 3560 contemplabimur.
2959 3488 3074 3543 Non
3096 3490 3142 3521 ”
3177 3489 3550 3560 unusquisque
3595 3489 3732 3546 enim

2148 3580 2443 3637 secundum
2469 3594 2600 3636 suae
2620 3579 2927 3634 sanctitatis
2953 3587 3114 3650 atque
3143 3579 3440 3649 sapientiae
3467 3578 3732 3635 celsitudi-

2148 3687 2270 3727 nem
2299 3672 2365 3728 ab
2390 3686 2495 3726 una
2521 3671 2818 3740 eademque
2843 3668 3037 3735 forma,
3064 3686 3227 3740 quam
3247 3671 3428 3725 omnia
3457 3678 3732 3741 appetunt,

2150 3757 2528 3820 DeiVerbum
2601 3763 2742 3828 dico,
2794 3762 3152 3818 formabitur?
3218 3763 3334 3833 Ipsa
3387 3778 3624 3833 namque
3670 3762 3731 3816 de

2148 3855 2325 3923 seipsa
2378 3853 2616 3923 loquitur
2656 3853 2709 3906 in
2751 3851 3039 3923 Evangelio
3070 3869 3082 3905 :
3117 3851 3182 3906 In
3222 3852 3378 3906 domo
3420 3850 3604 3906 Patris
3640 3850 3731 3905 mei

2147 3944 2441 3998 mansiones
2486 3942 2679 3997 multae
2721 3941 2768 3972 “
2810 3951 2931 3996 sunt
2946 3960 2966 4006 ;
3016 3943 3251 4011 seipsam
3308 3928 3532 3997 domum
3557 3942 3733 3996 Patris

2148 4034 2447 4104 appellans,
2471 4050 2609 4105 quae
2623 4049 2744 4090 cum
2773 4034 2844 4089 sit
2866 4050 2968 4088 una
2987 4036 3302 4105 eademque,
3321 4034 3730 4090 incommutabi-

2147 4125 2321 4194 lisqtte
2349 4133 2693 4194 permaneat,
2733 4124 3011 4194 multiplex
3047 4133 3222 4179 tamen
3259 4125 3531 4180 videbitur
3559 4125 3605 4156 "‘
3630 4127 3728 4191 his,

2146 4219 2342 4287 quibus
2375 4217 2428 4271 in
2445 4231 2504 4273 se
2528 4217 2576 4249 ’⁵
2598 4216 2846 4272 habitare
2875 4216 3153 4288 largietur.
3180 4216 3314 4270 Nam
3340 4219 3727 4286 unusquisque.

2148 4319 2207 4364 ut
2228 4309 2481 4374 diximus,
2503 4308 2763 4379 unigeniti
2790 4307 2882 4361 Dei
2910 4308 3074 4362 Verbi
3102 4306 3145 4337 ²⁶
3177 4308 3424 4362 notitiam
3458 4307 3513 4360 in
3558 4309 3734 4376 seipso

2148 4402 2475 4471 possidebit,
2504 4411 2766 4469 quantum
2798 4399 2849 4454 ei
2874 4400 3047 4469 gratia
3082 4399 3386 4455 donabitur.
3418 4399 3565 4467 Quot
3592 4401 3730 4455 enim

470 4485 640 4554 ipsam
680 4485 1185 4554 contemplationem
1227 4484 1505 4554 dabimus;
1548 4498 1659 4555 aut,
1687 4489 1732 4543 si
1760 4489 1890 4545 solvi
1938 4505 2042 4544 non
2077 4468 2407 4547 Dnumerus
2460 4501 2544 4547 est
2584 4493 2626 4524 ⁸⁷
2675 4492 3003 4555 electorum,
3040 4500 3118 4545 tot
3153 4492 3255 4546 erit
3284 4505 3543 4546 numerus
3582 4507 3733 4545 man-

469 4583 666 4642 potcst,
684 4575 935 4642 quoniam
946 4575 1262 4631 certissimis
1280 4578 1575 4633 rationibus
1589 4580 1819 4635 stabilita
1834 4590 1938 4645 est,
1955 4595 2046 4635 ne-

471 4665 767 4720 cessarimn
795 4666 972 4731 erit“,
997 4675 1054 4719 ut
1076 4670 1289 4723 modmn
1315 4670 1527 4726 divinae
1547 4673 2042 4743 contemplationis,

471 4770 609 4824 quae
638 4755 843 4809 sanctis
876 4756 929 4809 in
957 4754 1139 4811 futuro
1169 4760 1521 4834 promittitur,
1552 4772 1605 4815 et
1626 4762 1677 4815 in
1705 4778 1808 4830 qua
1831 4779 2044 4833 semper

470 4845 643 4915 angeli
676 4845 1005 4911 subsistunt,
1044 4848 1187 4903 veris
1230 4850 1527 4906 rationibus
1568 4853 2043 4923 probabilibusque

469 4932 730 5002 exemplis
784 4934 1049 4988 absolvas.
1109 4936 1245 4990 ΜΑΟ.
1308 4938 1476 5005 Quem
1519 4942 1731 4994 modum
1785 4958 2044 5012 quaeras,

472 5024 690 5094 ignoro,
726 5037 939 5094 praeter
988 5026 1168 5093 illum,
1203 5029 1269 5083 de
1307 5044 1411 5098 quo
1449 5030 1607 5098 paulo
1644 5040 1767 5084 ante
1814 5033 2047 5088 breviter

2147 4583 2392 4647 sionutn;
2425 4591 2626 4651 quanta
2666 4583 2829 4639 fuerit
2853 4592 3166 4639 sanctarum
3197 4584 3504 4637 animarum
3532 4584 3578 4615 ³⁸
3607 4583 3734 4638 mul-

2147 4671 2429 4741 tiplicatio,
2463 4680 2608 4725 tanta
2649 4674 2752 4726 erit
2777 4674 3078 4727 divinarum
3113 4673 3570 4742 theophaniarum
3612 4689 3734 4743 pos-

2143 4762 2333 4818 sessio.
2378 4762 2520 4817 Dtsc.
2569 4760 2876 4817 Verisimile
2902 4764 3131 4817 videtur.
3175 4762 3313 4819 MAG.
3364 4763 3532 4820 Recte
3577 4766 3730 4825 dicis,

2141 4852 2452 4908 verisimile.
2488 4853 2619 4920 Quis
2644 4853 2786 4907 enim
2813 4853 2878 4906 de
2905 4852 3097 4907 talibus
3128 4852 3354 4909 firmarit
3379 4853 3423 4883 "
3454 4855 3526 4909 ita
3552 4864 3730 4908 aeter-

2145 4944 2338 4998 naliter
2366 4958 2505 5008 esse,
2529 4945 2654 4998 dum
2684 4945 2825 4999 vires
2858 4945 3122 4999 humanae
3144 4945 3320 4999 adhuc
3352 4945 3403 5000 in
3430 4947 3532 5001 hac
3560 4945 3730 5016 fragili

2144 5051 2306 5091 carne
2332 5037 2645 5091 intentionis
2670 5037 2954 5091 videantur
2971 5037 3015 5068 ³⁸
3041 5038 3337 5093 excedere?

1744 5162 1995 5217 VARIAE
2033 5164 2430 5220 LECTIONES.

1057 5254 1076 5283 ³
1103 5252 1147 5307 Α
1175 5270 1282 5308 esse
1308 5264 1570 5308 natamus.

475 5326 496 5356 "
528 5324 573 5377 Α
599 5333 835 5376 creatura
860 5323 1140 5376 suasimus.

472 5393 636 5457 LDE;
692 5393 731 5443 Α
781 5393 929 5445 addit
974 5410 987 5445 :

473 5465 537 5516 de
585 5474 633 5515 te
676 5464 861 5514 iterant
903 5463 1024 5516 hoc.
1090 5463 1132 5530 ξι
1177 5464 1220 5515 Α
1258 5463 1594 5530 praedixerit.

444 5532 720 5584 «terimus.
851 5532 894 5564 ⁸⁸
938 5532 1027 5587 Sic
1071 5529 1263 5597 CDE;
1299 5534 1337 5585 A
1394 5534 1488 5585 hoc
1535 5531 1768 5587 nomine.

473 5616 584 5653 om.
613 5603 652 5653 υ
724 5601 765 5630 ¹¹
794 5600 881 5654 AC
911 5612 964 5654 ut
992 5602 1242 5655 arbitror.
1342 5603 1388 5634 ²¹
1416 5600 1539 5655 Νοη
1583 5619 1690 5657 οιη.
1715 5604 1780 5657 Α.

476 5672 515 5723 Α
549 5671 670 5738 ipse.
750 5673 794 5700 ⁸⁸
828 5672 872 5723 Α
912 5669 1059 5724 Verbi
1082 5671 1195 5726 Dei.
1274 5674 1318 5705 ³⁷
1347 5673 1435 5728 Sic
1460 5672 1621 5739 CDE;
1654 5685 1729 5727 est
1750 5688 1856 5729 om.
1877 5673 1945 5727 Α.

546 5254 563 5283 ¹
591 5254 760 5306 dicere
785 5267 890 5307 om.
918 5253 980 5307 D.

1648 5253 1668 5284 ³
1697 5250 1899 5307 Paulus
1928 5270 2036 5308 om.
2064 5256 2220 5309 ΑΒΕ.

1243 5322 1424 5376 'CDE
1476 5325 1826 5396 (ii/finitumus,
1897 5326 1976 5379 sic
2033 5326 2255 5396 ubique,
2310 5327 2354 5379 Α
2406 5343 2584 5396 saepe.

1036 5392 1345 5446 Recordaris
1381 5394 1519 5462 quod
1570 5395 1807 5463 superius
1857 5392 2259 5463 proposuimus?
2368 5398 2406 5428 ”
2442 5392 2517 5451 Λξ
2548 5406 2642 5450 est.
2750 5398 2792 5427 ”
2860 5398 2951 5451 Sic

1090 5463 1132 5492 “
1177 5464 1220 5515 A
1259 5463 1594 5521 praedixerit.
1675 5464 1718 5494 ³⁸
1763 5463 1850 5517 Sic
1901 5465 2015 5521 DE:
2064 5464 2104 5518 C
2154 5466 2284 5519 nulli
2358 5468 2399 5498 ¹⁶
2431 5467 2519 5521 Sic
2556 5464 2724 5521 CDE:
2780 5468 2821 5520 A
2867 5468 2962 5520 hoc

1900 5533 1957 5606 ‘9»
1995 5506 2085 5588 ’Sic
2119 5536 2297 5606 ,CDE;
2352 5537 2519 5606 ipsum
2586 5510 2724 5592 om.’
2753 5539 2815 5591 A.

1857 5602 1903 5633 ³³
1932 5604 1978 5657 Α
2017 5605 2211 5659 multae
2236 5602 2547 5660 mansiones.
2619 5608 2664 5638 "‘
2694 5608 2738 5662 A
2768 5608 2990 5662 videtur.

2023 5673 2068 5705 ³⁸
2084 5676 2127 5730 Ι)
2140 5678 2435 5729 animarum
2465 5687 2784 5731 sanctarum.

2298 5256 2319 5285 ‘
2338 5257 2379 5310 A
2408 5257 2769 5311 diremerimus.
2848 5258 2868 5288 ³
2897 5258 3130 5311 virtutem
3157 5272 3263 5311 om.
3301 5256 3360 5309 D.
3440 5256 3460 5286 ⁶
3486 5257 3524 5309 Α
3553 5275 3729 5327 quam.

2705 5329 2725 5360 ⁹
2776 5328 2815 5380 D
2858 5327 3444 5395 incomprehensibilcnt.
3554 5328 3598 5357 ‘°
3645 5328 3735 5381 Sic

2750 5398 2792 5427 ”
2860 5398 2951 5451 Sic
3003 5398 3167 5461 CDE,
3227 5399 3267 5451 A
3314 5398 3504 5467 ipsum.
3612 5399 3655 5428 ‘3
3691 5404 3733 5449 it

3065 5469 3103 5499 ⁸⁷
3151 5468 3241 5522 Sic
3291 5467 3396 5528 CD,
3443 5467 3481 5520 Ε
3516 5484 3733 5535 respuu-

2928 5538 2973 5566 ²⁰
3022 5552 3128 5613 oni.
3160 5537 3537 5613 AD.Adi-t:inattt
3588 5538 3734 5613 ipsa:

3068 5608 3113 5637 ’⁸
3156 5606 3245 5662 Sic
3267 5606 3428 5667 Clllﬁ;
3459 5623 3556 5677 pro
3593 5606 3647 5657 iu
3680 5622 3734 5657 se

3340 5678 3383 5709 ³ο
3412 5678 3455 5730 Α
3486 5677 3734 5729 videatur

2368 5398 2406 5428 ”
2442 5400 2505 5451 Λ.
2548 5406 2642 5450 est.

2861 5679 2904 5708 "
2932 5680 2975 5731 A
3005 5677 3261 5745 ﬁrmaret.
