3904 6148
376 5524 381 5529 _
452 5467 593 5534 quid.

459 150 555 206 ‘lil

1852 143 2129 200 IlilNNlS
2171 148 2360 202 SCOTl

3583 154 3682 206 ιςξ

462 260 630 331 gloria
665 255 840 310 futura
870 256 1011 309 erit‘
1041 296 1055 317 ,
1094 264 1145 307 ut
1169 295 1181 313 ,
1226 255 1668 322 quemadmodum
1696 255 1825 307 nihil
1858 257 1908 308 in
1958 272 2015 307 ea
2051 263 2090 317 Α
2125 258 2202 308 sui
2267 272 2500 325 Suaeqtte
2560 257 2905 324 perfectionis
2959 258 3302 313 stabilitatem
3354 270 3675 329 quaerentia.

468 363 606 403 nunc
637 347 657 377 ⁹
687 353 910 415 apparet
964 344 1066 396 nisi
1097 357 1239 396 mors
1262 351 1315 395 et
1352 342 1643 410 corruptio.
1676 342 1745 395 ita
1772 343 1820 394 in
1851 342 2027 395 futura

467 440 569 491 vita
596 437 722 490 nihil
758 434 885 489 mihi
914 433 967 485 in
992 447 1053 486 ea
1088 432 1107 462 ³
1134 431 1413 500 apparebit
1441 431 1542 484 nisi
1565 431 1707 485 solus
1749 431 1912 495 Deus,
1938 434 2027 500 qui

467 541 589 582 vere
619 526 726 578 vita
747 532 860 587 est,
895 530 949 576 et
978 521 1382 586 immortalitas,
1417 529 1472 575 et
1514 522 1862 590 ineorruptio.
1894 522 1961 575 At
1985 525 2029 575 si

464 617 528 670 de
573 615 652 669 sui
705 611 944 681 corporis
987 609 1240 666 felicitate
1285 611 1441 665 talem
1490 610 1711 681 gloriam
1766 612 2025 680 promisit,

465 702 698 771 quidde
746 700 826 754 sui
873 699 1034 753 animi
1084 698 1107 729 ⁸
1150 700 1407 768 dignitate
1451 700 1861 754 existimandum
1907 713 2025 762 est,

462 792 778 863 praesertim
821 805 972 855 cum,
1018 798 1077 843 ut
1122 790 1197 844 ait
1234 805 1458 859 magnus
1484 790 1774 859 Gregorius
1803 789 2029 845 Theolo-

460 899 581 951 gus,
610 895 828 951 corpora
854 891 1149 934 sanctorum
1174 882 1228 933 iu
1254 881 1527 945 rationem,
1566 882 1699 933 ratio
1750 882 1805 934 in
1831 882 2027 934 intelle-

464 983 628 1037 ctum,
651 972 936 1027 intellectus
957 972 1009 1024 in
1034 971 1215 1035 Deum,
1240 987 1302 1025 ac
1324 988 1417 1041 per
1432 973 1532 1026 hoc
1557 982 1665 1027 tota
1697 973 1917 1030 illorum
1939 965 2027 1042 uaf

468 1073 584 1116 tura
612 1063 664 1115 in
690 1063 860 1132 ipsum
883 1063 1069 1127 Deum,
1099 1062 1427 1116 mutabitur?
1450 1062 1612 1131 Cujus
1639 1066 1712 1119 rei
1738 1065 2030 1134 pulcherri—

464 1166 548 1203 ma
574 1151 937 1220 paradigmata
974 1166 1003 1203 a
1032 1149 1305 1218 praedicto
1348 1151 1577 1206 Maximo
1610 1153 1663 1207 in
1701 1155 2030 1222 expositione

462 1243 703 1313 Gregorii
722 1244 891 1312 posita
908 1252 1052 1308 sunt,
1071 1259 1294 1313 quorum
1317 1261 1478 1298 unum
1502 1246 1896 1314 praemisimus,
1910 1264 2027 1299 cum

464 1334 529 1383 de
571 1345 695 1383 aere
731 1330 1111 1400 loquebamur;
1143 1333 1368 1387 alterum
1404 1349 1532 1389 vero
1566 1350 1708 1388 nunc
1741 1334 2023 1405 subjunge-

463 1436 604 1484 mus,
632 1421 772 1489 quod
805 1431 888 1476 est
935 1422 984 1474 iu
1029 1422 1150 1491 igne
1190 1431 1245 1477 et
1270 1423 1445 1478 “ferro.
1488 1423 1627 1478 Nam
1675 1441 1789 1478 cum
1834 1426 2027 1493 ferrum

448 1512 741 1581 conﬂatum
782 1513 837 1567 in
875 1514 990 1582 igne
1019 1514 1072 1567 in
1092 1514 1339 1583 liquorem
1353 1515 1585 1579 solvitur,
1619 1515 1750 1569 nihil
1763 1518 1825 1569 de
1842 1527 2027 1570 natura

2134 345 2270 397 DISC.
2296 345 2621 423 Firtnissime
2648 348 2828 411 credo,
2846 358 2920 411 et,
2946 357 3202 416 quantum
3223 348 3401 413 datur,
3429 351 3681 421 intelligo,

2130 435 2195 487 de
2225 435 2399 488 divina
2431 436 2762 491 solummodo
2788 438 3025 491 omnium
3050 454 3208 492 causa
3242 450 3385 494 recte
3414 440 3516 495 hoc
3538 458 3684 510 [ιι-θρ-

2129 525 2319 589 dicari,
2357 527 2477 593 quia
2508 526 2619 579 sola
2647 526 2852 590 omnia,
2883 542 3021 595 quae
3050 543 3079 580 a
3100 542 3163 581 se
3196 538 3339 590 sunt,
3373 539 3541 593 creat,
3570 539 3621 584 et
3653 548 3681 584 a

2132 613 2271 665 nulla
2320 615 2579 682 superiori
2642 630 2705 670 ac
2757 630 2816 668 se
2861 617 3209 683 praecedente
3276 629 3509 672 creatur.
3572 619 3685 689 Ipsa

2129 702 2270 754 enim
2300 711 2383 755 est
2409 717 2616 756 summa
2646 717 2710 757 ac
2739 703 2848 758 sola
2887 718 3046 757 causa
3086 706 3345 770 onmium,
3374 723 3513 776 quae
3536 724 3604 764 ex
3632 726 3685 764 se

2129 799 2183 841 et
2214 789 2264 841 in
2294 804 2351 842 se
2373 789 2415 820 “
2445 790 2759 844 subsistunt.

2200 879 2285 933 12.
2335 879 2501 934 Velim
2533 888 2706 935 tamen
2738 881 2897 946 scire,
2942 884 3069 952 quid
3113 880 3179 938 de
3225 885 3327 940 hac
3368 901 3424 940 re
3471 889 3683 943 sentias.

2127 966 2243 1021 Non
2276 969 2415 1022 enim
2447 985 2635 1035 parum
2674 985 2760 1024 me
2785 970 2830 1002 ¹³
2862 982 3058 1036 movet,
3107 973 3231 1026 dum
3280 976 3593 1044 saepissime
3635 980 3685 1032 in

2131 1055 2284 1111 libris
2310 1066 2616 1112 sanctorum
2646 1058 2886 1122 Patrum,
2917 1060 3005 1128 qui
3035 1061 3099 1115 de
3139 1062 3318 1115 divina
3358 1071 3550 1119 natura
3577 1068 3683 1123 dis-—

2128 1154 2316 1213 putare
2344 1146 2521 1201 conati
2549 1155 2704 1210 sunt,
2735 1147 2948 1202 invenio
2968 1189 2980 1211 ,
3014 1163 3133 1203 eam
3160 1166 3264 1204 non
3292 1153 3463 1205 solum
3486 1156 3685 1219 omnia,

2127 1247 2267 1300 quae
2294 1242 2438 1297 sunt,
2469 1248 2678 1299 creare,
2725 1235 2818 1289 sed
2865 1235 3027 1289 etiam
3075 1237 3267 1290 creari.
3301 1238 3372 1291 Ea
3404 1239 3684 1308 siquidem,

2130 1331 2186 1375 ut
2212 1323 2381 1388 aiunt,
2419 1321 2566 1387 facit,
2599 1332 2653 1378 et
2701 1323 2776 1388 ﬁt,
2806 1333 2862 1378 et
2892 1335 3060 1391 creat,
3099 1335 3152 1380 et
3179 1337 3409 1382 creatur.
3447 1329 3504 1383 Si
3535 1332 3690 1402 igitur

2129 1412 2200 1467 ita
2228 1421 2330 1477 est,
2363 1415 2631 1483 quomodo
2663 1422 2846 1469 nostra
2877 1416 3216 1473 ratiocinatio
3242 1419 3287 1451 “
3315 1423 3552 1487 steterit,
3585 1440 3685 1479 non

2128 1502 2285 1559 facile
2308 1504 2349 1538 "’
2395 1504 2629 1560 invenio.
2683 1506 2921 1561 Dicimus
2963 1506 3141 1574 enim,
3197 1519 3313 1564 eam
3359 1512 3688 1569 solummodo

460 1600 573 1668 ejus
600 1617 860 1656 remanere
888 1603 1121 1657 sensibus
1158 1604 1380 1667 videtur,
1407 1606 1495 1659 sed
1531 1616 1695 1659 totum
1729 1608 1782 1661 in
1821 1608 2025 1677 igneam
2060 1593 2100 1649 Β
2129 1606 2337 1658 creare:
2364 1607 2395 1646 ³
2426 1590 2570 1646 "uno
2598 1602 2775 1648 amem
2801 1593 2997 1648 01⁵6³τί
3029 1593 3169 1651 MAG.
3206 1596 3394 1653 Merito
3423 1603 3682 1664 moveris;

462 1690 765 1759 qualitatem
796 1692 1029 1745 vertitur.
1071 1692 1196 1747 Sola
1226 1711 1337 1747 vero
1365 1695 1562 1748 mione
1598 1712 1745 1749 suam
1786 1706 2027 1750 naturam

461 1781 695 1848 quamvis
729 1780 1061 1850 liquefactam
1102 1800 1303 1837 servare
1337 1785 1681 1855 cognoscitur.
1723 1785 1872 1840 Sicut
1901 1801 2028 1855 ergo

436 1878 609 1923 ‘totus
629 1885 721 1923 aer
747 1870 858 1934 lux,
896 1880 1169 1941 totumque
1199 1872 1396 1927 ferrum
1428 1875 1792 1943 liquefactum,
1817 1883 1875 1929 ut
1895 1876 2029 1930 dixi-

461 1974 603 2025 mus,
632 1959 865 2029 igneuat,
896 1961 1003 2016 imo
1032 1962 1194 2016 etiam
1218 1964 1238 1994 ⁵
1260 1963 1396 2029 ignis
1424 1974 1663 2033 apparet,
1689 1966 2028 2020 manentibus

464 2056 640 2102 tamen
673 2063 859 2102 eorum
890 2050 1201 2105 substantiis
1232 2066 1248 2103 :
1285 2052 1355 2104 ita
1402 2067 1530 2106 sano
1572 2052 1839 2108 intellectu
1884 2054 2025 2109 acci-

460 2136 735 2207 piendum,
758 2140 881 2208 quia
904 2150 1024 2209 post
1044 2140 1203 2195 linem
1231 2140 1385 2209 hujus
1408 2143 1587 2196 mundi
1612 2144 1788 2197 omnis
1813 2152 2024 2207 natura,

461 2228 573 2281 sive
596 2242 851 2297 corporea
893 2229 1006 2284 sive
1044 2230 1375 2301 incorporea,
1404 2232 1549 2287 solus
1572 2232 1711 2288 Deus
1731 2247 1849 2288 esse
1876 2233 2024 2289 vide-

458 2318 623 2381 bitur,
661 2326 884 2371 naturae
915 2319 1218 2388 integritate
1246 2329 1593 2390 permanente
1615 2362 1629 2387 ,
1668 2330 1725 2376 ut
1759 2332 1813 2377 et
1852 2322 2023 2389 Deus,

460 2406 547 2474 qui
575 2420 670 2475 per
694 2407 924 2475 scipsum
954 2406 1503 2477 incomprehensibilis
1543 2419 1652 2475 est,
1690 2411 1742 2464 in
1781 2420 2025 2466 creatura

460 2496 852 2563 quodammodo
899 2497 1395 2565 comprehendatur.
1444 2499 1554 2567 ipsa
1608 2515 1735 2553 vero
1782 2509 2024 2554 creatura

460 2583 713 2638 ineﬂabili
755 2584 1015 2640 miraculo
1046 2586 1097 2637 in
1138 2584 1302 2640 Deum
1344 2596 1598 2641 vertatur.
1631 2588 1733 2642 Sed
1762 2588 2024 2644 sufﬁciant

461 2672 581 2735 ista,
613 2673 654 2725 si
690 2672 778 2724 tibi
809 2671 830 2702 ⁸
857 2670 997 2723 clare
1047 2671 1333 2727 lueescant.
1368 2674 1509 2728 Disc.
1543 2673 1839 2729 l.uces<.:uut
1868 2692 2019 2740 sane,

458 2770 714 2825 quantum
761 2759 883 2810 talia
917 2775 1113 2812 nostris
1159 2758 1428 2813 utentibus
1473 2763 1491 2792 ⁷
1549 2763 1725 2817 lucere
1755 2763 2018 2817 sinuntur.

462 2853 531 2903 tm
580 2866 635 2904 re
677 2851 816 2903 enim
859 2845 1111 2903 ineffabili
1154 2851 1277 2925 quis
1319 2853 1374 2909 in
1425 2850 1526 2908 hac
1575 2854 1680 2907 vita
1732 2848 2025 2910 luculenter

458 2952 633 3012 petest
667 2942 812 3008 .fari,
845 2950 902 2998 ut
949 2943 1083 2998 nihil
1120 2944 1349 3014 amplius
1395 2944 1774 3013 inquirentium
1809 2952 2025 3016 appetat

463 3033 815 3096 desiderium,
855 3034 1171 3102 praesertim
1215 3051 1333 3089 cum
1370 3036 1508 3087 nulla
1546 3034 1648 3087 alia
1694 3034 2025 3103 promittitur

464 3122 615 3175 nobis
645 3122 808 3191 gloria
850 3132 1061 3189 praeter
1087 3136 1292 3185 eorum,
1321 3138 1456 3193 quae
1487 3122 1571 3176 hic
1600 3138 1695 3190 per
1724 3123 1878 3176 tidem
1909 3137 2024 3177 cre-

458 3213 676 3273 duntur,
703 3219 755 3264 et
786 3212 992 3266 ratione
1012 3220 1356 3279 quaeruntur.
1388 3222 1440 3263 ct
1469 3223 1720 3281 quantum
1753 3213 1873 3267 licet
1901 3229 2025 3268 sua-

458 3298 669 3360 dentur,
697 3299 745 3350 in
770 3296 947 3351 futura
971 3298 1076 3351 vita
1095 3313 1189 3366 per
1202 3299 1621 3367 experimentum
1643 3300 2018 3369 cognitionem!

458 3385 595 3442 Mss.
633 3387 797 3441 Caute
825 3401 890 3441 ac
920 3387 1304 3443 rationabiliter
1335 3389 1612 3443 existimas
1635 3389 1677 3444 ⁸.
1703 3380 1931 3445 Proinde
1955 3391 2021 3445 ad

457 3491 542 3541 ea,
570 3491 709 3543 quae
737 3472 1003 3545 proposita
1031 3485 1172 3540 sunt,
1202 3477 1302 3531 hoc
1333 3486 1433 3542 est,
1469 3478 1534 3530 ad
1573 3478 1888 3533 divisionem
1920 3477 2022 3533 Na.

457 3572 608 3616 turae
655 3563 979 3617 redeundum
1013 3578 1131 3618 esse
1166 3564 1186 3595 ⁹
1220 3580 1432 3619 censeo.
1483 3564 1627 3620 Disc.
1675 3559 2019 3621 [ledeundum

456 3666 605 3714 sane,
638 3652 886 3721 quoniam
926 3654 1116 3707 modus
1162 3654 1526 3708 observandus
1551 3664 1631 3709 est
1662 3655 1712 3707 in
1746 3656 1855 3718 his,
1885 3672 2022 3724 qttae

416 3740 427 3755 '
454 3741 677 3797 dicenda
697 3752 838 3805 sunt,
858 3749 914 3794 ut
937 3743 1003 3797 ad
1028 3743 1186 3797 linem
1207 3744 1471 3813 quendam
1494 3745 1696 3814 possint
1719 3747 2016 3813 pervenire.

529 3830 620 3884 ii.
668 3827 806 3884 MAG.
856 3829 1254 3886 Praedictarum
1302 3833 1480 3902 itaque
1523 3832 1754 3888 Naturae
1801 3835 2019 3889 divisio-

456 3937 581 3976 num
642 3919 685 3952 "
731 3921 898 3991 prima
950 3920 1248 3977 diﬂ'erentia
1293 3924 1445 3978 nobis
1483 3924 1595 3978 visa
1647 3935 1729 3979 est
1776 3925 1828 3978 in
1876 3941 2017 3989 eam,

455 4025 593 4081 quae
628 4020 776 4066 creat
803 4019 857 4064 et
888 4026 990 4065 non
1023 4021 1253 4066 creatur.
1285 4012 1395 4066 Nec
1426 4011 1713 4078 immerito,
1744 4014 1867 4082 quia
1901 4014 2020 4069 talis

455 4099 687 4157 Naturae
714 4102 921 4172 species
949 4103 1015 4156 de
1053 4101 1162 4157 Deo
1197 4102 1309 4158 solo
1353 4110 1496 4157 recte
1535 4103 1893 4171 praedicatum
1926 4103 2016 4173 qui

453 4190 599 4245 solus
627 4193 805 4246 omnia
834 4192 875 4222 “
905 4206 1096 4261 creatis
1125 4191 1372 4271 ἄναρχος,
1406 4193 1507 4247 hoc
1534 4202 1637 4259 est,
1670 4194 1785 4248 sine
1814 4193 2013 4262 princi-

455 4280 543 4349 pio
573 4280 901 4352 intelligitur,
929 4282 1051 4349 quia
1077 4252 1383 4351 principalis
1407 4296 1569 4336 causa
1594 4252 1850 4346 omnium,
1881 4297 2019 4351 quae
2046 4252 2103 4312 De

453 4384 516 4421 ex
550 4370 664 4437 ipso
690 4381 741 4423 et
774 4385 867 4437 per
895 4371 1067 4438 ipsum
1113 4371 1249 4424 facta
1298 4380 1443 4436 sunt,
1489 4371 1633 4428 solus
1668 4382 1773 4437 est,
1818 4387 1882 4426 ac
1923 4386 2018 4442 per

456 4458 557 4511 hoc
586 4470 638 4511 et
670 4460 926 4523 omnium,
975 4474 1113 4528 quae
1156 4475 1222 4514 ex
1265 4476 1323 4515 se
1370 4471 1515 4525 sunt,
1557 4461 1677 4514 linis
1707 4470 1809 4515 est.
1841 4461 2014 4531 Ipsum

453 4548 596 4601 enim
626 4548 803 4602 omnia
834 4558 1109 4617 appetunt.
1159 4551 1252 4604 Est
1298 4552 1458 4621 igitur
1508 4550 1855 4621 principium,
1903 4566 2015 4606 me-

457 4639 599 4693 dium
626 4645 679 4691 et
708 4638 846 4691 linis.
884 4637 1231 4708 Principium,
1279 4642 1402 4710 quia
1447 4657 1513 4695 ex
1557 4656 1615 4696 se
1653 4651 1777 4696 sunt
1812 4641 2011 4706 omnia,

453 4741 592 4798 quae
633 4729 918 4782 essentiam
967 4730 1319 4799 participant;
1367 4731 1597 4785 medium
1647 4740 1846 4795 autem,
1888 4732 2011 4801 quia

454 4817 509 4872 in
531 4817 665 4885 ipso,
687 4827 740 4871 et
760 4832 855 4886 per
877 4818 1046 4886 ipsum
1078 4821 1119 4850 ¹¹
1141 4820 1435 4875 subsistunt
1454 4830 1616 4891 atque
1640 4831 1920 4876 moventur
1938 4822 2009 4886 ¹³;

454 4906 575 4971 linis
601 4922 747 4971 vero,
777 4909 898 4979 quia
940 4909 1005 4961 ad
1051 4909 1223 4977 ipsum
1271 4917 1550 4965 moventur
1576 4909 1809 4979 quietem
1842 4920 2015 4965 motus

2127 1687 2251 1733 nam
2296 1687 2351 1734 et
2398 1695 2496 1750 ego
2542 1681 2607 1736 de
2652 1682 2754 1737 hoc
2798 1682 3020 1737 multum
3058 1686 3314 1749 admiror,
3342 1697 3396 1742 et
3423 1693 3686 1757 quomodo

2127 1769 2280 1836 haec,
2310 1785 2449 1840 quae
2476 1772 2724 1826 videntur
2750 1787 2870 1828 esse
2894 1776 3187 1840 contraria,
3217 1778 3317 1832 sibi
3343 1779 3571 1835 invicem
3599 1785 3684 1835 ad-

2128 1860 2325 1913 versari
2365 1868 2667 1929 nequeant,
2709 1859 3245 1932 quomodoque‘vera
3296 1869 3434 1922 ratio
3475 1870 3543 1924 de
3587 1871 3685 1925 hoc

2127 1947 2448 2002 consulenda
2477 1959 2579 2013 est,
2623 1950 2850 2018 optarim
2896 1966 2994 2020 pf‘r
3021 1961 3072 2006 te
3101 1968 3275 2007 nosse.
3326 1954 3466 2010 Drsc.
3505 1957 3683 2028 Ingre-

2127 2038 2273 2101 dere,
2303 2051 2522 2106 precor;
2567 2052 2691 2091 nam
2721 2038 2785 2093 de
2813 2039 3011 2096 talibus
3038 2056 3143 2097 non
3183 2058 3377 2109 meam,
3416 2048 3510 2101 sed
3542 2059 3682 2102 tuam

2127 2126 2447 2179 sententiam
2476 2126 2934 2197 ratiocinandique
2959 2129 3098 2183 viam
3125 2144 3368 2201 expecto.
3400 2133 3537 2190 Msa.
3571 2134 3684 2189 Pti-

2126 2230 2271 2268 mum
2301 2214 2501 2284 itaque,
2527 2216 2573 2269 si
2600 2215 2811 2270 videtur
2833 2216 2901 2282 ¹⁸,
2947 2218 3012 2272 de
3052 2218 3167 2288 ipso
3197 2222 3431 2288 nomine,
3462 2226 3605 2294 quod
3636 2228 3684 2279 in

2127 2318 2283 2360 sacra
2327 2303 2607 2375 Scriptura
2639 2306 3047 2361 usitatissimum
3073 2319 3177 2376 est,
3195 2312 3334 2379 quod
3355 2313 3397 2344 ²⁹
3420 2324 3504 2368 est
3526 2314 3682 2379 Deus,

2126 2396 2573 2451 considerandum
2607 2397 2862 2453 arbitror.
2897 2396 3153 2464 Quamvis
3187 2400 3333 2455 enim
3374 2403 3555 2458 nmltis
3590 2420 3685 2458 no-

2126 2487 2361 2541 minibus
2389 2486 2570 2541 divina
2596 2495 2789 2542 natura
2815 2487 3209 2555 deuominetur,
3250 2500 3309 2543 ut
3334 2499 3417 2545 est
3445 2492 3686 2558 Bonitas,

2125 2577 2391 2642 Essentia,
2417 2577 2647 2641 Veritas,
2672 2585 2956 2647 ceteraque
3006 2577 3331 2646 hujusmodi,
3370 2580 3689 2651 frequentis-

2126 2668 2261 2721 sime
2290 2677 2466 2721 tamen
2490 2681 2553 2721 eo
2579 2668 2795 2722 nomine
2822 2668 2999 2721 divina
3025 2670 3191 2722 utitur
3213 2669 3513 2739 Scriptura.
3541 2672 3686 2726 Disc.

2127 2759 2290 2813 Plane
2322 2760 2548 2812 videtur.
2582 2758 2721 2813 MAG.
2756 2757 2923 2829 llujus
2956 2759 3134 2827 itaque
3161 2761 3395 2815 nominis
3425 2765 3691 2832 etymoto-

2127 2849 2213 2920 gia
2240 2863 2269 2903 a
2289 2848 2508 2904 Graecis
2534 2857 2804 2918 assumpta
2834 2858 2935 2905 est.
2960 2850 3065 2903 Aut
3093 2850 3234 2905 enim
3261 2865 3292 2903 a
3319 2853 3503 2917 vetbo,
3538 2856 3686 2922 quod

2054 2923 2099 2985 C
2129 2948 2212 2993 est
2236 2941 2430 3013 θεωρῶ,
2460 2938 2559 2991 hoc
2601 2948 2702 3000 est,
2749 2938 2919 3000 video,
2969 2937 3269 3000 derivatur;
3303 2947 3395 2991 aut
3421 2952 3487 2991 ex
3521 2937 3702 2993 verbo

2127 3033 2243 3095 θέω,
2284 3031 2383 3084 hoc
2410 3040 2512 3094 est,
2540 3046 2732 3099 curro;
2767 3043 2880 3095 aut,
2907 3029 3045 3098 quod
3072 3027 3401 3097 probabilius
3427 3037 3528 3093 est,
3558 3031 3688 3099 quia

2127 3136 2267 3175 unus
2295 3123 2539 3191 idemque
2579 3123 2888 3178 intellectus
2920 3122 3147 3186 inest",
3186 3123 3252 3177 ab
3288 3131 3515 3191 utroque
3544 3121 3691 3176 deri-

2125 3211 2239 3264 vari
2270 3220 2414 3265 recte
2444 3211 2637 3265 dicitur
2662 3213 2727 3264 ".
2777 3211 2907 3266 Nam
2933 3227 3053 3266 cum
3082 3228 3110 3264 a
3143 3213 3305 3264 verbo
3328 3214 3499 3285 θεωρῶ
3524 3210 3694 3265 dedu-

2126 3301 2269 3364 citur
2289 3302 2434 3363 Θιός,
2466 3301 2652 3355 videns
2681 3301 3078 3370 interpretatur.
3106 3299 3222 3369 Ipse
3246 3299 3389 3352 enim
3415 3298 3600 3353 omnia
3622 3299 3691 3360 ",

2124 3405 2263 3459 quae
2291 3400 2438 3464 sunt,
2472 3395 2525 3449 in
2550 3392 2728 3461 seipse
2759 3393 2918 3456 videt,
2946 3392 3069 3445 dum
3103 3390 3234 3444 nihil
3265 3400 3418 3443 extra
3453 3390 3698 3458 scipsum

2125 3480 2371 3548 aspiciat,
2403 3495 2523 3548 quia
2557 3480 2687 3534 nihil
2713 3489 2864 3533 extra
2901 3477 3139 3548 scipsum
3168 3486 3275 3533 est.
3317 3478 3450 3533 Cum
3490 3495 3621 3534 vero
3648 3480 3697 3509 ”

2124 3584 2152 3621 a
2191 3568 2356 3623 verbo
2388 3572 2509 3630 θέω,
2537 3570 2657 3625 Θεὸς
2723 3583 2948 3622 currens
2997 3578 3144 3623 recte
3191 3568 3524 3638 intelligitur.
3578 3570 3698 3636 Ipse

2123 3659 2263 3713 enim
2288 3658 2340 3711 iu
2365 3659 2540 3711 omnia
2573 3659 2768 3719 currit,
2801 3665 2855 3710 et
2883 3656 3028 3709 nullo
3057 3657 3212 3711 modo
3237 3665 3363 3720 stat,
3393 3658 3485 3710 sed
3512 3659 3699 3710 omnia

2124 3746 2386 3801 currendo
2411 3746 2615 3817 implet,
2639 3745 2777 3800 sicut
2801 3745 3061 3813 scriptum
3087 3755 3170 3799 est
3196 3763 3208 3797 :
3249 3743 3500 3799 Velociter
3528 3750 3698 3798 currit

2123 3850 2290 3888 sermo
2324 3835 2458 3903 ejus.
2508 3834 2765 3887 Attamen
2794 3832 2938 3886 nullo
2970 3832 3126 3886 modo
3153 3841 3429 3887 movetur:
3471 3831 3539 3886 de
3584 3832 3700 3886 Dm

2122 3922 2387 3992 siquidem
2420 3921 2699 3975 verissime
2731 3921 2930 3975 dicitur
2961 3930 3138 3975 motus
3167 3920 3396 3983 stabilis,
3429 3929 3485 3974 et
3518 3930 3702 3975 status

2123 4011 2355 4066 mobilis.
2386 4011 2507 4066 Stat
2533 4013 2676 4065 enim
2707 4012 2760 4064 in
2794 4011 2970 4080 seipse
2998 4010 3528 4075 incommutabiliter,
3556 4029 3703 4065 nuu-

2121 4116 2280 4169 quam
2307 4101 2602 4155 naturalem
2640 4116 2792 4155 suam
2837 4100 3181 4155 stabilitatem
3209 4100 3484 4155 deserens.
3517 4100 3706 4155 Movet

2121 4201 2300 4247 autem
2345 4193 2578 4262 scipsum
2624 4206 2720 4261 per
2760 4193 2961 4256 omnia,
3008 4201 3064 4245 ut
3114 4193 3219 4247 sint
3257 4207 3342 4256 ea,
3383 4207 3524 4261 quae
3563 4210 3593 4246 a
3640 4210 3706 4247 se

2124 4283 2480 4338 essentialiter
2522 4283 2856 4347 subsistunt;
2910 4291 3055 4336 metu
3105 4284 3246 4337 enim
3296 4281 3465 4350 ipsius
3510 4285 3703 4337 omnia

2125 4374 2276 4427 ﬁunt.
2308 4377 2386 4426 Ac
2427 4387 2521 4442 per
2564 4374 2667 4427 hoc
2715 4387 2853 4426 unus
2904 4371 3149 4441 idemque
3188 4372 3493 4427 intellectus
3517 4382 3613 4438 est
3649 4374 3710 4423 in

2122 4462 2329 4515 duabus
2378 4459 2908 4530 interpretationibus
2947 4459 3186 4527 ejusdem
3235 4460 3497 4525 nominis,
3548 4462 3709 4530 quod

2122 4559 2204 4605 est
2232 4550 2393 4604 Deus.
2426 4548 2541 4603 Non
2573 4551 2715 4603 enim
2755 4548 2894 4602 aliud
2924 4558 3007 4602 est
3036 4549 3143 4602 Deo
3172 4563 3391 4603 currere
3432 4563 3534 4616 per
3569 4564 3709 4603 02H-

2122 4641 2233 4707 nia,
2262 4656 2419 4710 quam
2447 4640 2628 4694 videre
2655 4640 2868 4705 omnia;
2912 4642 3003 4692 sed
3036 4640 3178 4693 sicut
3211 4640 3465 4703 videndo,
3516 4643 3595 4696 ita
3651 4651 3712 4694 ιι

2120 4729 2381 4784 currendo
2410 4727 2528 4800 [per
2552 4726 2698 4798 eum]
2722 4726 2768 4759 ”
2800 4729 2933 4780 ﬁunt
2959 4728 3157 4781 omnia.
3200 4727 3347 4782 Dtsc.
3379 4727 3456 4782 De
3481 4737 3715 4802 etymo-

2122 4819 2256 4888 logia
2290 4819 2519 4873 nominis
2546 4819 2675 4873 satis
2704 4833 2764 4871 ac
2796 4816 3143 4885 probabiliter
3171 4833 3388 4872 suasum
3428 4827 3535 4872 est.
3587 4818 3718 4874 Sed

2123 4925 2227 4964 non
2254 4909 2387 4964 satis
2414 4909 2584 4971 video,
2616 4922 2720 4976 quo
2752 4923 2808 4961 se
2834 4916 3064 4970 moveat,
3094 4909 3183 4977 qui
3214 4908 3413 4977 ubique
3440 4917 3546 4973 est,
3578 4910 3722 4965 sine

1735 5060 1986 5116 VARIAE
2020 5058 2415 5117 LECTIONES.

509 5194 523 5220 '
556 5189 686 5243 CltE
718 5192 805 5242 sit.
889 5192 908 5221 '
938 5190 978 5243 Λ
1008 5206 1143 5241 nunc
1171 5189 1300 5242 nihil
1323 5191 1374 5243 in
1401 5207 1483 5244 ea.
1539 5190 1560 5222 ⁸
1586 5191 1638 5243 in
1664 5206 1724 5243 ea
1753 5205 1863 5244 om.
1886 5190 1949 5244 A.

453 5263 705 5312 mentibus
738 5260 945 5312 nostris.
1022 5260 1043 5290 ⁸
1068 5257 1158 5312 Sic
1186 5258 1348 5321 CDE;
1382 5259 1423 5311 A
1446 5261 1707 5313 aestimas.

452 5331 494 5359 “
537 5328 625 5383 Sic
654 5329 816 5386 CDE;
845 5330 887 5381 ί)
924 5329 974 5381 in
1002 5327 1186 5397 seipse
1229 5336 1283 5380 et
1326 5344 1422 5396 per
1456 5330 1706 5397 scipsum.

454 5398 496 5427 "
519 5399 557 5450 C
577 5414 657 5449 me
685 5414 889 5461 parum.

668 5467 714 5497 "
746 5466 787 5521 Α
819 5476 913 5521 est.
994 5468 1033 5502 ²¹
1075 5462 1158 5520 CE
1186 5466 1453 5537 accipitur.

2045 5189 2067 5220 ⁸
2092 5189 2180 5245 Sic
2210 5188 2371 5254 CDE;
2396 5191 2435 5242 Α
2467 5191 2721 5259 spiritus."
2738 5190 2781 5259 γ’
2803 5190 2848 5243 Α
2866 5199 2931 5244 et.

1791 5262 1813 5294 ⁹
1839 5277 1945 5312 esse
1972 5275 2079 5313 om.
2096 5259 2158 5311 A.

1786 5330 1829 5360 ¹³
1869 5330 1959 5383 Sic
1984 5329 2145 5392 CDE;
2174 5329 2218 5382 Α
2253 5339 2536 5383 moventur
2555 5330 2750 5381 omnia.

969 5396 1011 5428 ¹⁶
1030 5398 1069 5448 Α
1096 5397 1372 5459 rationalia
1397 5408 1605 5460 nostra;
1634 5409 1809 5452 nostra
1839 5414 1944 5451 om.
1987 5397 2044 5453 C.

1532 5469 1577 5497 "
1618 5469 1788 5525 omnia
1819 5486 1927 5520 ozu.
1968 5470 2030 5520 Λ.
2109 5469 2153 5499 ’³
2197 5469 2231 5519 Α
2263 5479 2450 5519 autem.

3010 5189 3031 5222 ⁸
3054 5188 3156 5242 Pro
3184 5191 3228 5241 si
3251 5190 3342 5242 tibi
3364 5189 3405 5243 C
3426 5189 3546 5243 sibi.
3617 5192 3646 5224 ν
3676 5193 3727 5249 ι)

2240 5261 2335 5313 ¹⁰Α
2358 5258 2669 5313 divisionum
2699 5258 2954 5313 Naturae.
3035 5261 3074 5290 ¹¹
3096 5258 3349 5322 SicCDE;
3376 5258 3730 5320 “omnium.

2253 5339 2536 5383 moventur
2555 5330 2750 5381 omnia.
2830 5328 2876 5358 ”
2913 5329 3004 5382 Sic
3031 5329 3194 5381 CIJE:
3227 5331 3262 5380 A
3289 5330 3344 5381 in
3368 5344 3424 5380 se
3452 5336 3499 5380 et
3524 5344 3613 5381 ex
3634 5348 3728 5385 se.

3574 5393 3729 5448 ιεΑ

2125 5386 2165 5430 ίτ
2194 5399 2231 5449 Α
2252 5398 2403 5465 facile
2428 5414 2548 5450 non.
2627 5398 2669 5428 ⁸⁸
2708 5396 2813 5450 Pro
2838 5398 2883 5450 si
2910 5399 3110 5450 videtur
3138 5386 3190 5449 A'
3208 5398 3477 5466 (nudetur.

2125 5469 2153 5497 ⁸³
2197 5469 2231 5519 Α
2263 5479 2450 5519 autem.
2526 5468 2571 5496 "
2609 5483 2699 5519 ver
2722 5481 2838 5519 eum
2876 5480 2985 5519 0m.
3024 5466 3171 5519 COE.

2608 5483 2699 5535 per
2722 5481 2838 5521 eum
2876 5480 2985 5519 om.
3024 5480 3171 5519 huc.
