3904 6148
265 218 357 276 ιεςε

1125 208 1212 268 ut:
1251 212 1587 268 mvrsroxs
1627 189 1971 268 narratu.
2012 248 2061 257 .-
2108 216 2306 270 L'niir.
2358 219 2413 271 Pi
2446 220 2628 274 ιιιινς.

3374 201 3475 279 tsi

264 346 358 399 quo
390 326 510 383 nihil
538 340 657 382 esse
686 335 884 397 potest,
917 322 973 379 et
999 337 1151 381 extra
1195 343 1351 396 quem
1396 326 1525 381 nihil
1569 328 1809 382 extendi-
1837 334 1884 391 Α
1906 325 2014 378 sint
2057 340 2118 379 ex
2146 331 2471 400 non-cssein
2501 346 2615 384 esse
2642 347 2654 385 ;
2698 339 2914 382 creatur
2951 336 3151 393 autem,
3173 330 3296 398 quia
3336 337 3423 383 niti
3459 333 3470 383 Ι

262 430 365 483 ιιιι·;
394 427 469 472 est
497 418 637 473 enim
680 417 830 473 locus
874 419 1111 472 omnium
1156 428 1318 488 atque
1359 419 1805 489 circumscriptio.

260 510 381 564 llas.
412 510 571 565 Deum
609 509 810 563 moveri
841 524 947 562 non
979 504 1135 563 extra
1163 524 1222 563 se
1248 508 1380 573 dixi,
1409 510 1502 563 sed
1542 524 1571 563 a
1610 510 1807 578 seipso,

257 603 302 656 in
326 601 511 669 seipso,
540 601 605 652 ad
635 599 892 669 seipsum.
919 597 1033 653 Non
1064 599 1207 653 enim
1229 599 1403 654 alium
1430 609 1630 653 motum
1662 601 1714 653 in
1744 615 1810 656 eo

255 698 443 759 oportet
465 689 626 752 credi,
657 695 873 755 praeter
887 703 1016 743 suae
1041 688 1334 763 voluntatis
1355 690 1674 759 appetitum,
1704 704 1810 758 quo

252 780 350 834 vult
374 780 545 833 omnia
578 779 732 844 fieri;
785 778 926 834 sicut
971 787 1144 835 status
1187 781 1324 850 ejus,
1372 796 1478 836 non
1507 782 1660 851 quasi
1689 791 1812 852 post

254 879 437 925 motum
470 878 595 931 stet,
629 870 722 924 sed
751 869 988 939 ejusdem
1033 885 1161 924 suae
1197 870 1494 925 voluntatis
1516 871 1811 927 incommu-

257 959 401 1015 tabile
446 960 777 1028 propositum
828 960 1173 1031 intelligitur,
1221 978 1326 1031 quo
1372 964 1550 1016 omnia
1607 965 1813 1019 incom-

250 1050 470 1104 mutabili
526 1050 792 1103 rationum
860 1066 1077 1104 suarum
1145 1052 1435 1106 stabilitate
1492 1068 1809 1122 permanere

249 1141 429 1196 deﬁnit.
474 1140 590 1193 Non
632 1141 774 1194 enim
816 1142 867 1193 in
904 1142 1021 1209 ipso
1067 1142 1282 1211 proprie
1312 1151 1484 1196 status
1514 1153 1606 1196 aut
1634 1153 1808 1197 motus

247 1231 444 1284 dicitur.
478 1230 621 1284 Ilaec
659 1232 803 1284 enim
852 1233 954 1285 duo
1001 1234 1244 1302 opposita
1287 1233 1387 1287 sibi
1430 1235 1654 1287 invicem
1689 1249 1808 1288 esse

247 1320 505 1373 videntur:
540 1319 783 1388 opposita
812 1330 992 1374 autem
1020 1321 1074 1375 in
1104 1337 1167 1375 eo
1191 1322 1416 1392 cogitari
1461 1321 1541 1376 vel
1587 1320 1806 1392 intelligi

245 1423 355 1463 vera
385 1408 520 1462 ratio
546 1409 818 1478 prohibet,
848 1411 1163 1478 praesertim
1212 1426 1333 1466 cum
1378 1421 1550 1467 status
1592 1414 1808 1482 proprie

247 1499 352 1553 linis
388 1500 641 1553 motionis
688 1500 775 1552 sit.
825 1498 941 1552 Non
991 1509 1169 1554 autem
1226 1502 1242 1533 ⁸
1288 1501 1440 1557 Deus'
1473 1504 1673 1557 moveri
1724 1506 1807 1557 in-

243 1588 403 1652 choat,
434 1598 491 1642 ut
521 1589 587 1641 ad
622 1598 823 1642 statum
847 1588 1111 1657 quendam
1144 1592 1438 1658 perveniat.
1474 1591 1615 1647 Haec
1645 1593 1805 1663 igitur

1906 414 2273 472 essential'ter
2293 428 2376 472 est
2399 432 2609 487 praeter
2634 420 2801 486 ipsam
2830 439 2843 483 ;
2880 432 2962 473 est
2985 421 3127 473 enim
3162 419 3405 476 omnium
3426 423 3494 486 “_

1907 508 2162 562 essentia.
2205 509 2341 564 Nam
2384 512 2521 565 εὶιιιι
2575 512 2783 564 nullum
2834 511 3035 564 bonum
3095 513 3339 567 naturale
3390 524 3472 564 est

1904 611 2121 666 praeter
2143 600 2341 665 ipsum,
2369 603 2462 655 sed
2487 617 2666 661 ownc.
2697 604 2840 669 quod
2873 603 3075 656 dicitur
3100 603 3298 657 bonum
3330 616 3471 663 esse,

1904 701 1969 739 ev
1998 688 2419 757 participatione
2451 692 2613 744 unius
2632 692 2828 744 summi
2862 693 2984 744 boni
3007 699 3093 747 est
3128 693 3326 747 bonum
3358 713 3369 745 :
3404 697 3473 746 ita

1905 793 2085 843 omne,
2115 781 2260 847 quod
2286 782 2483 835 dicitur
2504 783 2734 836 existere
2760 785 2817 842 ’⁷.
2845 800 2950 837 non
2978 785 3028 837 in
3059 785 3239 852 seipso
3266 787 3471 845 existi,

1903 866 1995 919 sed
2033 867 2453 935 participatione
2494 884 2622 922 vee
2657 871 2941 923 existentis
2985 885 3210 926 naturae
3263 872 3470 928 exiuit.

1903 952 2017 1006 Non
2047 954 2221 1008 solum
2251 955 2454 1022 itaque,
2483 956 2616 1009 utin
2646 958 2744 1018 his,
2778 972 2916 1025 quae
2938 966 3061 1012 ante
3086 958 3229 1013 dicta
3253 967 3379 1012 sunt
3409 959 3471 1021 ",

1903 1045 2304 1098 consideratum
2333 1055 2437 1103 est.
2481 1046 2665 1100 divina
2698 1056 2892 1102 natura
2925 1048 3042 1103 fieri
3072 1049 3293 1112 dicitur,
3342 1052 3468 1101 dum

1910 1121 1963 1175 in
1994 1121 2079 1186 iis,
2107 1122 2197 1191 qui
2228 1121 2352 1188 fide,
2384 1130 2439 1176 ct
2467 1136 2580 1189 spe,
2619 1130 2672 1174 et
2702 1123 2949 1187 caritate,
2977 1126 3275 1195 ceterisque
3306 1129 3475 1183 virtu-

1908 1212 2051 1266 tibus
2075 1211 2456 1273 reformantur,
2488 1212 2581 1265 Dei
2618 1210 2849 1265 Verbum
2879 1213 3107 1267 mirabili
3137 1225 3297 1287 atque
3326 1221 3368 1253 ³ο
3389 1220 3473 1271 in.

1905 1299 2103 1358 effabill
2135 1302 2293 1356 modo
2321 1301 2640 1370 innascitur,
2670 1302 2808 1356 sicut
2833 1304 2901 1356 ait
2930 1305 3213 1373 Apostolus
3234 1309 3301 1362 de
3321 1309 3479 1368 Chri¢

1907 1400 1991 1444 sto
2016 1390 2242 1459 loquens
2271 1409 2284 1443 :
2310 1389 2413 1456 Qui
2440 1392 2610 1459 [actus
2640 1402 2714 1445 est
2749 1392 2803 1444 in
2829 1394 2974 1446 nobis
3004 1396 3255 1465 sapientia
3283 1417 3312 1450 ιι
3345 1399 3473 1467 Uro,

1905 1480 2292 1552 ezjustiﬁcatio,
2309 1493 2355 1534 el
2374 1482 2675 1551 redemptio;
2689 1483 2780 1536 sed
2806 1485 2968 1537 etiam
2987 1485 3053 1548 ³⁸,
3074 1488 3195 1554 quia
3215 1488 3256 1519 ²¹
3283 1486 3333 1542 in
3360 1506 3477 1546 eut-

1908 1571 2083 1638 nibus,
2114 1586 2252 1640 quae
2282 1579 2426 1635 sunt,
2459 1580 2700 1640 apparet,
2732 1588 2869 1642 quae
2898 1589 2993 1641 per
3023 1576 3254 1644 seipsam
3292 1580 3481 1634 invisi-

243 1681 437 1733 nomina
457 1721 471 1742 ,
513 1681 655 1733 sicut
704 1690 760 1733 et
808 1681 976 1735 multa
1021 1682 1239 1747 similia,
1291 1693 1357 1739 ex
1410 1662 1683 1739 creaturi
1708 1700 1804 1754 per
1836 1673 1878 1731 Β
1909 1662 2030 1716 bilis
2052 1670 2155 1725 est,
2182 1678 2288 1715 non
2313 1662 2604 1733 incongrue
2634 1663 2830 1716 dicitur
2853 1663 3013 1718 facta.
3045 1664 3178 1720 Nam
3209 1676 3263 1723 et
3291 1681 3478 1726 nosmr

240 1770 483 1838 quandam
511 1769 751 1822 divinam
785 1770 1159 1838 metaphoram
1205 1772 1270 1825 ad
1311 1771 1622 1827 Creatorem
1664 1772 1803 1828 refe-

243 1871 433 1915 runtur.
460 1860 573 1913 Nec
602 1859 1066 1923 irrationabiliter,
1099 1864 1351 1931 quoniam
1380 1866 1639 1929 omnium,
1666 1879 1802 1934 quae

240 1950 285 2004 iu
310 1959 441 2004 statu
467 1958 524 2003 et
555 1961 702 2005 motu
731 1960 877 2016 sunt,
910 1967 1069 2007 causa
1096 1964 1195 2008 est.
1248 1953 1328 2010 Ab
1374 1971 1440 2011 eo
1476 1957 1617 2011 enim
1665 1957 1802 2012 inci-

240 2040 373 2108 piunt
396 2057 620 2095 currere
653 2051 711 2096 ut
741 2043 868 2106 sint,
915 2045 1167 2113 quoniam
1199 2046 1518 2116 principium
1545 2058 1627 2102 est
1648 2051 1668 2081 ³
1692 2064 1797 2104 om-

237 2131 389 2197 nium,
413 2143 465 2187 et
494 2149 595 2202 per
621 2149 744 2188 eum
776 2135 841 2188 ad
871 2151 992 2190 eum
1025 2138 1251 2192 naturali
1284 2148 1428 2193 motu
1459 2139 1720 2206 feruntur,
1743 2148 1799 2195 ut

240 2219 286 2275 in
332 2236 392 2275 ea
440 2223 960 2277 incommutabiliter
1012 2231 1173 2293 atque
1229 2227 1584 2283 aeternaliter-
1619 2238 1797 2293 stent,

239 2312 467 2377 quoniam
523 2312 647 2364 finis
695 2313 958 2382 quiesque
1005 2316 1247 2369 omnium
1296 2326 1398 2371 est.
1469 2317 1603 2371 Nam
1663 2319 1799 2373 ultra

238 2414 342 2450 eum
388 2399 407 2428 ³
442 2400 516 2451 nil
556 2410 837 2468 appetunt.
872 2400 927 2454 In
968 2418 1031 2456 eo
1068 2403 1209 2456 enim
1261 2405 1340 2457 sui
1386 2414 1561 2460 motus
1602 2408 1800 2475 princi-

238 2487 365 2554 pium
394 2486 667 2556 ftnemque
700 2484 995 2543 inveniunt.
1029 2491 1169 2545 Deus
1199 2508 1325 2563 ergo
1371 2494 1391 2524 ⁸
1420 2511 1641 2550 currens
1670 2497 1801 2552 dici-

240 2584 329 2639 tur,
357 2592 454 2629 non
487 2579 617 2644 quia
648 2588 799 2630 extra
830 2596 887 2632 se
920 2590 1122 2644 currat,
1163 2583 1250 2649 qni
1284 2598 1493 2653 semper
1529 2585 1579 2638 in
1624 2586 1800 2655 seipso

238 2660 637 2722 immutabilitcr
661 2676 766 2720 s:at
818 2671 860 2732 ',
896 2668 986 2738 qui
1032 2670 1054 2704 ⁸
1085 2671 1262 2723 omnia
1299 2672 1517 2742 implet;
1547 2675 1636 2727 sed
1675 2676 1797 2742 quia

235 2761 398 2812 omnia
425 2776 657 2815 currere
687 2760 813 2816 facit
843 2778 906 2815 ex
938 2764 1427 2820 non-existentibus
1471 2767 1521 2819 in
1564 2768 1799 2822 existen-

237 2844 318 2901 tia.
350 2847 491 2905 Oisc.
526 2851 661 2904 ltedi
695 2853 759 2904 ad
786 2851 1153 2922 propositum;
1184 2855 1316 2910 haec
1342 2855 1487 2908 enim
1514 2870 1618 2908 non
1660 2856 1797 2910 irra-

237 2935 550 2992 tionabiliter
579 2938 724 2993 dicta
751 2937 1018 2995 videntur.
1071 2941 1209 2995 MAG.
1260 2942 1426 3009 Quale
1467 2944 1793 3013 propositum

1904 1750 2230 1815 intellectus,
2263 1751 2572 1825 priusquam
2602 1752 2783 1805 veniat
2810 1752 2862 1804 in
2893 1751 3286 1831 cogitationem
3312 1768 3476 1829 atque

1903 1841 2240 1911 memoriam,
2273 1855 2376 1896 non
2410 1840 2854 1896 irrationabiliter
2891 1843 3087 1898 dicitur
3126 1861 3245 1901 esse
3266 1847 3345 1911 ¹¹;
3391 1858 3476 1904 est

1901 1930 2043 1983 enim
2074 1944 2171 1999 per
2197 1943 2254 1984 se
2280 1930 2592 1994 invisibilis,
2637 1940 2691 1984 ct
2738 1931 2865 1985 nulli
2916 1932 3018 1993 nisi
3063 1934 3171 1989 Deo
3213 1938 3473 2008 nobisque

1902 2021 2032 2091 ipsis
2064 2022 2308 2090 cognitus
2342 2029 2443 2075 est.
2487 2023 2621 2077 Dum
2663 2038 2791 2095 vero
2823 2024 2873 2077 in
2918 2025 3270 2098 cogitationes
3314 2045 3474 2085 vene-

1901 2113 1995 2176 rit,
2027 2120 2083 2166 et
2110 2127 2174 2167 ex
2204 2113 2519 2182 quibusdam
2547 2114 2845 2183 phantasiis
2874 2115 3099 2169 formam
3128 2119 3473 2189 accipit,.nou

1904 2204 2171 2258 immerito
2197 2204 2395 2259 dicitur
2424 2204 2561 2258 fieri.
2594 2204 2679 2258 Fit
2702 2205 2845 2259 enim
2878 2206 2932 2259 in
2962 2209 3241 2273 memoria,
3273 2208 3474 2266 formas

1901 2294 2161 2361 quasdam
2188 2295 2455 2363 accipiens
2478 2308 2679 2356 rerum,
2712 2308 2803 2347 seu
2837 2303 3051 2361 vocum,
3084 2310 3176 2351 seu
3207 2298 3469 2365 colorum,

1900 2392 2311 2452 ceterorumque
2344 2382 2696 2448 sensibilium,
2726 2384 2817 2452 qui
2849 2383 3093 2439 informis
3122 2397 3260 2452 erat,
3298 2390 3473 2459 prius—

1900 2484 2061 2538 quam
2087 2471 2137 2522 in
2162 2472 2476 2526 memoriam
2508 2471 2743 2535 veniret;
2773 2472 2967 2527 deinde
2993 2474 3152 2537 veluti
3181 2479 3472 2532 secundam

1903 2559 2272 2613 formationem
2305 2560 2510 2627 recipit,
2544 2560 2667 2612 dum
2698 2560 3015 2628 quibusdam
3052 2563 3341 2620 formarum
3375 2581 3471 2623 seu

1902 2666 2093 2705 vocum
2111 2651 2298 2720 signis,
2315 2651 2498 2705 literas
2511 2650 2802 2720 dico,'quae
2816 2661 2941 2707 sunt
2955 2653 3106 2723 signa
3121 2670 3333 2711 vocum.
3349 2666 3402 2711 et
3415 2655 3473 2712 ﬂ-

1901 2755 2084 2811 guras,
2106 2755 2244 2808 quae
2258 2747 2381 2794 sunt
2404 2740 2553 2810 signa
2579 2740 2891 2806 formarum,
2919 2743 3222 2798 matheseos
3243 2759 3333 2799 seu
3351 2746 3471 2801 aliis

1902 2828 2245 2884 sensibilibus
2275 2829 2489 2883 indiciis
2523 2830 2803 2895 formatur,
2831 2845 2926 2899 per
2959 2848 3096 2901 quae
3125 2835 3467 2889 sentientium

1903 2916 2150 2971 sensibus
2173 2918 2430 2973 insinuari
2450 2919 2635 2987 possit.
2657 2918 2766 2971 Hac
2785 2920 3150 2984 similitudine,
3169 2927 3412 2993 quamvis
3439 2941 3471 2980 ιι

233 3040 469 3094 ‘luacras.
499 3030 795 3084 admoneas
825 3042 970 3100 peto.
1016 3032 1150 3087 Nam
1184 3004 1304 3087 cum
1338 3036 1401 3089 de
1438 3004 1795 3091 incidentibus
1823 3004 1868 3067 δ
1904 3007 2080 3061 divina
2108 3017 2294 3100 "an"?
2315 3017 2512 3100 ιῖοηιοίττ
2535 3009 2622 3071 Si."
2646 3009 2854 3100 διιπσθνί
2885 3019 3064 3064 tamen
3087 3013 3305 3100 9959?."
3325 3018 3472 3070 arm-

231 3118 627 3181 quaestionibus
675 3122 937 3189 quaedam
985 3124 1165 3178 dicere
1208 3140 1486 3189 conamur,
1526 3126 1795 3195 principa-

235 3203 349 3258 lium
401 3210 782 3273 quaestionum
836 3212 1149 3280 saepissime
1198 3212 1582 3267 obliviscimur.
1649 3215 1792 3266 Drsc.

233 3289 463 3363 Nunquid
494 3297 602 3351 hoc
633 3300 1026 3367 proposuimus,
1070 3312 1123 3352 ut
1165 3302 1184 3332 ⁷
1219 3317 1314 3369 pro
1341 3303 1542 3354 viribus
1571 3302 1793 3355 inresti-

235 3398 489 3451 garemus,
539 3403 646 3456 qua
682 3390 888 3443 ratione
917 3391 1112 3455 abhis,
1156 3393 1246 3461 qui
1292 3392 1359 3445 de
1397 3392 1574 3445 divina
1604 3401 1793 3445 natura

235 3476 507 3543 disputant,
538 3481 727 3534 eadem
753 3480 778 3514 ⁸
810 3495 995 3536 creare
1023 3490 1074 3536 et
1106 3484 1278 3538 creari
1330 3483 1565 3541 dicitur?
1597 3482 1796 3538 Creare

234 3567 358 3620 enim
384 3566 552 3642 [eam]
580 3573 600 3603 ³
630 3572 837 3636 omnia,
870 3573 1043 3627 nullus
1069 3589 1198 3649 sane
1250 3575 1655 3645 intelligentiam
1683 3591 1795 3629 am-

235 3655 377 3728 bigil;
413 3677 521 3730 quo
552 3664 714 3717 modo
742 3679 868 3718 vero
894 3665 936 3696 ¹⁰
982 3667 1152 3720 creari
1193 3666 1409 3730 dicitur,
1456 3683 1559 3720 non
1601 3665 1797 3719 transi-

235 3752 352 3803 torie
379 3751 835 3819 praetereundum
871 3755 1025 3809 nobis
1049 3757 1220 3809 visum
1247 3765 1327 3812 est
1356 3757 1415 3809 “.

296 3838 424 3895 alio.
466 3842 544 3895 Ita
578 3841 840 3911 profecto.
877 3842 1003 3910 Sed,
1039 3854 1100 3899 ut
1132 3846 1387 3911 arbitror,
1420 3862 1485 3901 ex
1524 3844 1626 3913 his,
1658 3864 1795 3917 quae

234 3932 483 3996 praedicta
516 3932 750 3994 suut,ad
781 3933 919 3987 hanc
947 3936 1313 4002 quaestionem
1344 3936 1652 3990 solvendam
1689 3953 1793 3990 non

235 4020 440 4089 exiguus
498 4024 755 4076 introitus
816 4034 1088 4079 reseratas
1155 4033 1255 4079 est.
1330 4025 1643 4079 Confectum
1714 4037 1798 4081 est

239 4112 366 4161 enim
391 4113 431 4141 ¹²
478 4112 621 4164 inter
672 4126 799 4175 nos,
851 4114 992 4181 quod
1037 4124 1182 4167 mqu
1222 4114 1264 4144 ⁸³
1313 4115 1523 4168 divinae
1574 4125 1796 4169 naturae

239 4201 355 4254 nihil
398 4203 542 4256 aliud
587 4204 988 4274 intelligendum
1017 4205 1080 4269 ",
1121 4216 1335 4274 praeter
1361 4208 1573 4261 divinae
1603 4209 1789 4263 volun-

233 4291 346 4344 tatis
391 4294 723 4362 pmpositum
775 4295 839 4348 ad
883 4309 946 4348 ea
993 4296 1304 4360 condenda,
1357 4312 1493 4365 quae
1548 4297 1789 4353 facienda

232 4388 359 4431 sunt.
395 4379 536 4434 Fieri
572 4397 703 4450 ergo
738 4383 935 4436 dicitur
978 4383 1030 4436 in
1077 4384 1326 4439 omnibus
1363 4385 1541 4439 divina
1572 4395 1781 4450 natura,

231 4482 354 4534 quae
379 4471 509 4524 nihil
543 4471 688 4525 aliud
717 4480 818 4536 est,
846 4473 949 4527 nisi
978 4474 1155 4528 divina
1185 4473 1445 4530 voluntas.
1492 4475 1603 4530 Non
1641 4477 1783 4530 enim

233 4555 360 4610 ιιἰὶυά
384 4558 437 4612 in
468 4575 532 4613 ea
556 4559 603 4599 ι’
629 4571 714 4613 est
751 4575 871 4615 esse
897 4569 951 4614 et
976 4560 1142 4628 velle,
1192 4563 1285 4617 sed
1329 4580 1492 4617 unum
1541 4565 1786 4633 idemque

234 4645 350 4698 velle
376 4655 428 4699 et
457 4662 578 4701 esse
631 4648 684 4700 in
716 4647 1010 4703 condendis
1033 4652 1314 4717 omnibus,
1359 4667 1494 4722 quae
1540 4652 1782 4707 facienda

230 4733 327 4787 Visa
353 4745 494 4790 sunt.
527 4735 689 4790 Verbi
725 4739 920 4807 gratia,
972 4739 1015 4793 si
1067 4741 1187 4808 quis
1233 4741 1448 4806 diverit,
1485 4743 1550 4795 ad
1581 4743 1682 4795 hoc
1708 4741 1787 4793 di-

232 4820 368 4877 vinae
394 4825 688 4879 voluntatis
718 4838 894 4882 motus
923 4828 1230 4895 adducitur,
1277 4839 1337 4884 ιιι
1378 4832 1485 4884 sint
1523 4846 1605 4894 ea,
1647 4844 1785 4900 quae

228 4923 367 4967 sunt:
399 4927 548 4971 creat
576 4918 738 4989 igitur
764 4920 967 4989 omnia,
998 4936 1137 4989 quae
1162 4922 1229 4977 de
1259 4920 1426 4975 nihilo
1456 4922 1692 4988 adducit,
1727 4934 1786 4978 ut

1902 3104 2030 3157 tror,
2048 3096 2311 3165 quomodo
2329 3098 2457 3163 ipsa,
2474 3099 2597 3147 dum
2619 3098 2797 3150 omnia
2818 3104 2984 3158 creat,
3004 3106 3059 3150 et
3082 3099 3149 3151 ab
3169 3097 3275 3152 ullo
3293 3101 3466 3155 'crcart

1899 3185 2191 3250 neseiat”,
2235 3187 2286 3239 in
2331 3186 2600 3247 Oilillllms,
2645 3200 2783 3253 quae
2828 3185 2896 3238 ab
2942 3200 3003 3239 ca
3046 3195 3187 3251 sunt,
3235 3189 3470 3244 mirabili

1899 3279 2055 3332 modo
2081 3285 2326 3339 creatur;
2360 3284 2435 3339 ut,
2470 3276 2917 3343 quemadmodum
2948 3277 3140 3330 mentis
3167 3277 3466 3350 intelligen~

1900 3368 2003 3432 tia,
2053 3383 2143 3422 seu
2186 3367 2514 3435 pr0positum
2542 3406 2555 3427 ,
2601 3352 2692 3419 seu
2740 3364 3063 3430 consilium,
3111 3380 3203 3419 seu
3249 3383 3464 3436 quoquo

1897 3458 2056 3512 modo
2078 3465 2254 3512 motus
2283 3456 2368 3510 ille
2394 3465 2575 3511 noster
2602 3456 2822 3510 intimus
2842 3465 2897 3510 ct
2921 3456 3126 3525 primus
3148 3457 3249 3510 dici
3274 3462 3464 3527 possit,

1897 3550 2022 3602 dum
2056 3548 2107 3603 in
2138 3541 2539 3618 cogitationem,
2565 3546 2894 3609 utdiximus,
2922 3546 3149 3611 venerit,
3177 3549 3472 3616 quasdam-

1895 3654 2001 3708 que
2041 3641 2449 3709 phantasiarum
2483 3640 2684 3714 foynas
2719 3639 3024 3706 acceperit,
3070 3639 3369 3717 deindvque
3411 3640 3470 3695 in

1894 3730 2044 3799 signa
2085 3745 2274 3784 vocum
2313 3744 2406 3784 seu
2444 3729 2776 3793 sensibilium
2822 3738 3060 3783 motuum
3104 3730 3298 3784 indicia
3346 3747 3467 3801 pro.

1895 3823 2139 3885 cesserit,
2178 3837 2285 3875 non
2331 3823 2622 3892 incongrue
2669 3821 2866 3877 dicitur
2911 3820 3063 3887 ﬁeri;
3119 3823 3177 3876 fit
3222 3825 3364 3878 enim
3414 3828 3466 3880 in

1896 3912 2195 3982 phantasiis
2225 3912 2507 3977 formatus,
2551 3912 2640 3979 qui
2669 3925 2766 3980 per
2794 3925 2852 3965 se
2877 3912 3023 3965 omni
3054 3912 3293 3966 sensibili
3319 3922 3469 3967 caret

1898 4004 2108 4058 forma:
2140 4003 2211 4056 ita
2243 4004 2419 4058 divina
2450 4003 2704 4067 essentia,
2742 4018 2879 4071 quae
2926 4017 3023 4072 per
3064 4020 3122 4059 se
3167 4005 3469 4059 subsistens

1894 4109 2109 4149 omnem
2142 4102 2357 4163 superat
2388 4094 2734 4156 intellectum,
2784 4095 2836 4147 in
2884 4095 3002 4160 his,
3039 4110 3177 4165 quae
3216 4110 3246 4149 a
3288 4111 3365 4156 se,
3409 4103 3466 4148 et

1894 4198 1992 4253 per
2015 4199 2093 4249 se,
2129 4194 2183 4237 et
2228 4186 2278 4235 in
2312 4198 2387 4243 se,
2426 4194 2481 4238 ct
2525 4185 2590 4237 ad
2635 4200 2693 4238 se
2735 4184 2874 4240 facta
2919 4194 3061 4248 sunt,
3098 4194 3243 4240 recte
3272 4187 3467 4241 dicitur

1897 4275 2086 4337 creari,
2127 4275 2260 4327 utin
2303 4275 2369 4328 iis
2403 4275 2515 4328 sive
2540 4275 2834 4341 intellectu,
2872 4277 2914 4330 si
2944 4276 3279 4333 solummodo
3309 4279 3463 4331 intel-

1892 4363 2110 4433 ligibilia
2136 4374 2281 4427 sunt,
2310 4365 2423 4418 sive
2448 4380 2625 4427 sensu,
2651 4367 2694 4419 si
2725 4365 2999 4419 seusibilia
3027 4375 3151 4420 sunt
3171 4368 3239 4433 ",
3267 4369 3335 4423 ab
3358 4369 3463 4434 his,

1893 4456 1981 4524 qui
2021 4470 2139 4510 eam
2181 4465 2328 4510 recto
2355 4457 2533 4509 studio
2564 4457 2858 4526 inquirunt,
2890 4468 3266 4527 cognoscatur.
3317 4461 3462 4516 Disc.

1894 4543 1968 4597 De
1998 4544 2082 4598 his
2113 4552 2195 4597 sat
2222 4553 2303 4598 est
2331 4544 2551 4609 dictum,
2584 4555 2641 4598 ut
2670 4560 2880 4600 censeo.

1968 4647 2051 4699 15.
2095 4646 2233 4701 MAG.
2278 4646 2371 4701 Sat
2414 4648 2590 4717 plane,
2641 4649 2691 4702 ni
2737 4648 2908 4704 fallor.
2955 4651 3098 4708 Dtsc.
3140 4651 3242 4707 Sed
3289 4655 3465 4707 adhuc

1896 4737 2255 4791 necessarium
2291 4738 2577 4817 edisseras,
2606 4754 2775 4808 quare
2801 4742 2979 4796 divina
3008 4752 3198 4797 natura
3229 4746 3463 4798 creatrix

1895 4826 2229 4881 solummodo
2251 4829 2445 4882 dicitur
2468 4845 2607 4893 esse,
2626 4840 2678 4885 et
2701 4848 2802 4885 nou
2828 4842 3033 4897 creata,
3059 4834 3127 4899 si,
3155 4842 3213 4887 ut
3232 4832 3278 4864 “
3304 4850 3462 4903 νικω-
3494 4870 3503 4877 .

1893 4920 2049 4974 dictis
2091 4919 2387 4974 rationibus
2425 4920 2786 4987 suasum‘est,
2833 4934 2889 4976 et
2936 4933 3084 4979 creat
3127 4935 3182 4981 et
3227 4935 3463 4983 creatur.

1498 5096 1750 5152 VARlAE
1785 5096 2182 5153 LECTIONES.

289 5234 306 5263 ⁸
339 5233 380 5286 Δ
419 5236 577 5286 enim.
653 5235 674 5264 ³
712 5235 753 5287 Α
786 5242 862 5287 est
892 5233 1236 5302 principium;
1267 5242 1340 5285 est
1379 5246 1486 5285 om.
1516 5230 1576 5287 C.

224 5300 372 5362 CDE;
412 5305 457 5355 Α
494 5302 743 5372 Nunquid
776 5300 910 5355 hoc?
946 5300 1318 5372 Proposuimus
1343 5302 1515 5363 enim,
1550 5310 1621 5354 ut.

227 5373 395 5424 risum.
478 5373 520 5403 "
550 5375 589 5424 Α
623 5389 761 5424 enim
797 5385 890 5424 est.

225 5441 346 5491 min
378 5455 431 5493 tn
456 5459 549 5503 ea;
578 5447 621 5496 ia
644 5447 761 5495 Non
784 5442 921 5495 enim
954 5441 1004 5493 in
1037 5459 1097 5494 ca
1127 5440 1293 5493 aliud.

228 5508 268 5537 "
293 5515 330 5562 Α
358 5524 427 5563 et.
506 5513 547 5543 ’⁸
573 5512 665 5566 Sic
681 5512 804 5575 AE;
829 5511 915 5567 CD
942 5512 1051 5632 qui,

228 5581 388 5632 creari
422 5583 648 5632 nesciat:
675 5583 721 5632 A
747 5590 801 5632 et
824 5598 850 5632 a
878 5598 945 5632 nu
971 5580 1051 5632 ιο‹

228 5581 388 5632 creari
422 5583 648 5645 nesciat;
675 5583 721 5634 A
747 5590 801 5635 et
824 5598 850 5634 a
878 5577 1019 5635 nullo
1040 5579 1211 5635 creari
1238 5581 1389 5633 sciat.
1465 5578 1511 5610 "
1533 5577 1573 5632 Ο
1597 5579 1722 5631 sint.

1652 5229 1674 5261 ³
1712 5247 1827 5282 eum
1867 5244 1975 5282 om.
2018 5230 2082 5282 A.

1699 5301 1719 5332 ⁸
1746 5301 1786 5351 Α
1815 5300 2049 5352 eandem.

970 5371 1011 5401 ’³
1039 5372 1129 5425 Sic
1166 5372 1335 5436 CDE;
1380 5372 1422 5423 Α
1464 5388 1553 5437 per
1593 5382 1806 5422 mottmt.

1372 5439 1415 5470 ¹⁸
1443 5441 1673 5491 omnium
1700 5455 1806 5492 om.
1853 5438 1915 5491 Ι).

1149 5510 1192 5540 ²⁹
1218 5511 1309 5564 Sic
1359 5509 1525 5564 CDIC:
1572 5510 1613 5562 A
1653 5525 1754 5561 non
1794 5522 1930 5561 esse.

1513 5551 1752 5632 ἀ’ἒιὶἱῖΪ
1798 5551 1966 5632 “sic
1988 5576 2107 5642 CE;
2141 5551 2197 5633 Ἀ
2215 5551 2360 5647 Wa“;
2383 5551 2612 5643 εξεὲὲἱζῖ)
2642 5578 2773 5631 sicut
2803 5551 3074 5643 ριῖιῗεέιιειε.

2159 5228 2179 5260 ⁵
2218 5227 2261 5282 Α
2295 5232 2449 5282 enim.
2527 5231 2548 5262 ⁸
2586 5229 2626 5282 D
2653 5240 2867 5300 perstat.
2945 5230 2967 5263 ⁸
3004 5230 3045 5283 Α
3091 5232 3233 5300 quia.
3308 5232 3329 5262 '
3370 5232 3462 5287 Sic

1920 5300 2049 5371 dem.
2103 5296 2147 5371 _’
2183 5314 2431 5371 grimoni.
2458 5300 2610 5371 (10E.
2709 5300 2750 5332 ³ο
2783 5317 2899 5353 vero
2948 5296 3149 5371 (ιιιιηπίέ
3228 5302 3264 5330 ¹¹
3304 5301 3461 5371 licet

1887 5370 1926 5399 ”
1958 5368 2049 5421 Sic
2075 5368 2255 5438 VCDE;
2288 5368 2330 5420 A
2359 5370 2757 5438 intelligendum
2789 5381 2883 5424 cst.
2984 5371 3025 5401 ‘5
3068 5370 3106 5421 l)
3136 5368 3257 5421 ’λοιι
3313 5370 3460 5422 aliud

1993 5437 2150 5509 "USic
2190 5436 2359 5502 (10E;
2390 5440 2433 5491 A
2461 5436 2597 5509 quod
2626 5440 2818 5509 existit.
2894 5439 2940 5509 f'
2963 5439 3003 5492 Α
3042 5439 3166 5509 sint.
3243 5439 3283 5471 ¹⁹
3312 5441 3351 5489 Α
3390 5450 3462 5496 et.

2030 5507 2075 5536 ⁸³
2118 5509 2161 5559 Α
2215 5524 2363 5575 posse
2409 5507 2596 5561 tamen.
2707 5507 2753 5537 ³³
2776 5507 2948 5575 Cnnj.,
2978 5507 3108 5561 CDE
3149 5515 3203 5560 ct
3250 5524 3279 5559 a
3318 5509 3463 5564 nutto
