3904 6148
470 274 574 323 43.3

1829 273 2109 330 JOANNIS
2151 277 2345 332 SCOTI

3598 280 3705 332 ΓΒ

473 384 616 437 llaec
664 385 805 438 enim
856 385 1067 437 sibimet
1132 383 1377 436 videntur
1440 393 1608 437 contr.
1632 386 1830 439 dicere.
1893 385 2030 439 MAG.
2063 392 2108 448 Α
2138 389 2244 456 gita
2287 388 2557 459 Theologo
2614 392 2764 443 nobis
2794 391 3068 445 verissime
3088 385 3705 458 atque“probatissizne

467 474 633 526 Caute
669 472 877 541 vigilas;
921 487 1040 524 nam
1072 480 1125 525 et
1152 472 1251 525 hoc
1275 473 1623 541 inquisitione
1657 474 1876 543 dignum
1908 488 2028 528 esse

468 560 638 614 video.
683 561 824 613 Disc.
866 561 1090 628 Dignum
1127 558 1386 627 profecto.
1425 559 1564 616 MAG.
1593 561 1822 615 Attende
1848 561 2030 628 itaque

468 652 518 703 in
550 666 634 715 ea,
664 664 799 718 quae
843 657 1137 716 sequuntur
1174 652 1209 712 ί,
1250 650 1550 719 mentisque
1578 651 1872 705 contuitum
1903 651 2028 706 huic

466 742 613 795 brevi
660 739 991 809 responsioni
1040 739 1402 794 accommoda.
1437 741 1581 795 Dtsc.
1620 739 1906 806 Praecede,
1942 742 2028 795 in-

464 839 637 883 tentus
667 829 984 896 subsequar.
1037 827 1177 882 Mtte.
1209 828 1456 882 Divinam
1488 839 1732 883 naturam
1764 831 2027 885 universi-

464 919 584 971 latis
611 917 959 970 conditricem
998 930 1116 972 esse
1154 931 1258 970 non
1298 916 1530 971 dubitas.
1575 919 1717 973 DISC.
1756 918 1925 989 Perge
1959 920 2026 973 ad

458 1018 665 1072 cetera;
706 1008 830 1062 hinc
867 1008 1009 1061 enim
1050 1008 1322 1062 haesitare
1366 1008 1516 1063 nefas
1555 1019 1655 1064 est.
1696 1009 1833 1065 illac.
1866 1010 2027 1063 Simi-

458 1100 579 1151 liter
611 1096 773 1169 [eam]
816 1098 837 1127 ²
883 1112 911 1150 a
961 1096 1107 1151 nullo
1150 1098 1342 1158 creari,
1395 1098 1499 1151 [ide
1543 1107 1704 1166 atque
1753 1098 2023 1153 intellectu

458 1189 707 1256 percipis.
753 1187 893 1240 DISC.
943 1185 1085 1239 Nihil
1130 1186 1150 1216 ³
1179 1201 1244 1240 eo
1276 1186 1500 1240 ﬁrmius.
1552 1185 1689 1241 MAG.
1741 1185 1856 1241 Non
1898 1202 2025 1255 ergo

456 1279 705 1349 ambigis,
739 1279 861 1332 dum
897 1278 1064 1345 ipsam
1093 1278 1266 1331 creari
1296 1278 1473 1341 audis,
1514 1292 1618 1329 non
1660 1278 1730 1331 ab
1766 1277 1890 1341 alia,
1932 1278 2026 1331 sed

457 1386 485 1423 a
527 1372 699 1440 seipsa
749 1368 770 1400 ’⁵
815 1370 1009 1422 creari.
1062 1369 1206 1424 Dtsc.
1252 1369 1365 1423 Non
1415 1369 1642 1438 ambigo.
1696 1368 1832 1423 MAG.
1885 1368 2023 1434 Quid

456 1461 650 1528 igitur?
680 1458 863 1512 Nonne
891 1472 1102 1525 semper
1132 1456 1255 1528 [est]
1300 1458 1322 1490 ⁸
1349 1471 1562 1519 creans,
1612 1456 1724 1510 sive
1768 1457 2017 1525 seipsam',

454 1548 566 1599 sive
591 1563 619 1599 a
645 1561 703 1600 se
723 1554 933 1604 creatas
959 1546 1223 1599 essentias
1243 1545 1541 1599 creaverit?
1588 1543 1720 1597 Nam
1744 1560 1864 1599 cum
1893 1546 2023 1598 dici-

455 1649 542 1691 tur
582 1637 813 1706 seipsam
858 1649 1063 1698 creare,
1113 1634 1186 1686 nil
1243 1633 1263 1663 ‘
1311 1633 1451 1687 aliud
1492 1641 1637 1687 recte
1681 1633 2017 1702 intelligitur,

2134 476 2395 532 suadente
2423 479 2633 532 divinae
2669 480 2887 533 unitatis
2917 488 3075 548 atque
3127 480 3382 533 trinitatis
3423 482 3698 550 mysteria.

2131 566 2220 617 Ait
2245 566 2408 629 enim,
2436 566 2580 620 nulla
2610 568 2896 631 verborum,
2918 584 3007 620 seu
3031 566 3320 631 nominum,
3344 584 3435 619 seu
3469 584 3702 637 quacun-

2129 671 2228 723 que
2253 656 2564 710 articulatae
2593 658 2727 710 vocis
2756 656 3156 726 signiﬁcatione,
3183 672 3440 709 summam
3471 658 3701 711 omnium

2129 751 2281 808 atque
2307 743 2567 797 causalem
2592 744 2864 797 essentiam
2891 759 3037 813 posse
3062 742 3365 813 signiﬁcari.
3412 742 3525 797 Non
3554 745 3702 799 enim

2130 842 2213 887 est
2261 834 2439 888 unitas
2483 847 2657 902 neque
2702 834 2915 888 trinitas
2963 832 3104 897 talis,
3134 832 3311 902 qualis
3352 831 3420 887 ab
3464 834 3703 890 humano

2129 925 2376 991 quamvis
2406 926 2692 994 purissimo
2721 924 2979 994 cogitari,
3026 933 3119 977 aut
3156 924 3398 992 angelico
3426 924 3701 980 intellectu

2127 1014 2226 1068 etsi
2275 1014 2621 1068 serenissimo
2663 1013 2991 1068 considerari
3042 1022 3237 1080 potest.
3286 1012 3389 1066 Sed
3434 1024 3490 1067 ut
3527 1015 3593 1069 de
3636 1030 3699 1072 re

2129 1099 2380 1156 inell‘abili
2431 1112 2592 1171 atque
2636 1101 3158 1171 incomprehensibiti
3214 1101 3447 1171 religiosi
3487 1104 3695 1172 piarunt

2129 1192 2431 1246 animorum
2485 1202 2661 1246 motus
2726 1191 2927 1261 aliquid
2983 1193 3219 1262 cogitare
3278 1207 3341 1247 ac
3381 1195 3698 1263 praedicare

2128 1289 2365 1351 possent,
2397 1281 2630 1335 maxime
2657 1290 2875 1349 propter
2902 1294 3014 1345 eos,
3048 1280 3138 1348 qui
3167 1280 3504 1334 Christianae
3549 1281 3691 1336 Reli-

2125 1371 2301 1439 gionis
2327 1371 2584 1424 rationem
2613 1385 2644 1423 a
2674 1368 2963 1425 Catholicis
3009 1369 3141 1423 viris
3188 1369 3431 1438 exigunt,
3460 1370 3573 1423 sive
3613 1371 3695 1424 di-

2125 1460 2355 1513 scendae
2372 1460 2613 1514 veritatis
2632 1459 2824 1529 gratia,
2840 1459 2885 1513 si
2903 1458 3027 1512 boni
3046 1458 3174 1522 sint,
3192 1458 3305 1512 sive
3324 1460 3609 1512 tentandae
3638 1469 3693 1513 et

2127 1548 2597 1615 reprehendendae
2613 1548 2971 1611 ηοεοειδίοιιρ,
2991 1548 3037 1602 si
3071 1548 3216 1613 mali,
3242 1549 3371 1601 haec
3390 1548 3637 1617 religiosa
3651 1549 3696 1580 “

2126 1635 2248 1688 tidei
2279 1635 2574 1706 symbolica
2603 1638 2764 1691 verba
2790 1652 2819 1689 a
2855 1636 3057 1690 sanctis
3088 1634 3372 1705 Theologis
3398 1645 3451 1690 et
3480 1649 3691 1705 reperta

454 1726 555 1780 nisi
593 1735 811 1780 naturas
840 1740 1020 1779 rerum
1052 1724 1305 1778 condere.
1336 1723 1507 1791 Ipsius
1530 1737 1759 1791 namque
1789 1724 2011 1787 creatio,
2047 1717 2089 1774 Β
2117 1734 2172 1778 et
2218 1726 2413 1780 tradita
2452 1734 2595 1791 sunt,
2636 1736 2695 1779 ut
2745 1727 2905 1780 corde
2955 1728 3255 1790 credamus,
3307 1735 3363 1780 et
3400 1742 3492 1780 ore
3524 1727 3695 1781 conti-

453 1818 552 1869 hoc
574 1824 676 1880 est,
706 1816 759 1869 in
788 1815 965 1882 aliquo
991 1812 1370 1874 manifestatio,
1407 1813 1643 1866 omnium
1672 1813 2014 1867 existentium

449 1906 688 1975 profecto
716 1914 798 1959 est
827 1905 1157 1959 substitutio.
1205 1903 1352 1957 DISC.
1393 1902 1665 1957 Hactenus
1705 1920 1844 1973 quae
1874 1904 2014 1958 dicta

449 2003 595 2058 sunt,
642 1993 890 2048 videntur
934 2005 1051 2046 esse
1093 1990 1408 2060 probabilia.
1459 1989 1566 2045 Sed
1612 1991 1768 2045 velim
1808 1991 2012 2056 audire,

450 2084 576 2153 quid
606 2085 672 2139 de
701 2082 801 2138 hac
830 2080 1084 2137 inell‘abili
1110 2090 1271 2149 atque
1304 2081 1829 2149 incomprehensibili
1869 2096 2016 2136 crea-

449 2175 581 2227 trice
608 2172 844 2227 omnium
882 2170 1194 2239 causalique
1236 2178 1430 2224 natura
1474 2170 1761 2240 Theologia
1804 2171 2011 2233 edocet,

447 2264 501 2318 id
529 2273 633 2328 est,
664 2273 843 2317 utrum
869 2261 959 2324 sit,
990 2262 1116 2331 quid
1140 2262 1231 2326 sit,
1262 2260 1345 2316 vel
1371 2260 1544 2328 qualis
1583 2262 1626 2323 ⁷,
1668 2269 1722 2314 et
1749 2263 2014 2327 quomodo

446 2354 719 2410 delinitur.
756 2353 893 2407 MAG.
927 2352 1114 2407 Nonne
1138 2352 1205 2406 ab
1237 2351 1371 2421 ipsa,
1403 2367 1561 2421 qnam
1601 2366 1741 2405 nunc
1782 2352 1804 2382 ⁸
1843 2352 2015 2405 nouli-

445 2446 607 2508 uasti,
635 2444 944 2512 Theologia,
978 2457 1115 2511 quae
1151 2450 1243 2494 aut
1284 2440 1618 2495 solummodo
1652 2449 1742 2494 aut
1783 2442 2014 2495 maxime

446 2552 573 2606 erga
604 2536 836 2590 divinam
868 2544 1114 2588 naturam
1145 2542 1410 2595 versatur,
1444 2534 1578 2586 satis
1606 2547 1668 2586 ac
1694 2532 1847 2599 plane
1880 2532 2014 2585 veri-

449 2635 613 2679 tatem
649 2624 978 2678 intuentibus
1002 2637 1217 2676 suasum
1247 2630 1351 2685 est,
1376 2637 1441 2675 ex
1477 2622 1579 2684 his,
1612 2636 1751 2690 qttae
1790 2624 1857 2676 ab
1897 2623 2011 2691 ipsa

448 2721 631 2768 creata
677 2722 834 2777 sunt,
893 2712 1224 2767 solummodo
1277 2710 1449 2779 ipsam
1494 2710 1849 2765 essentialiter
1888 2712 2022 2775 sub;

447 2803 661 2867 sistere,
700 2816 805 2855 non
843 2809 1044 2865 autem,
1096 2799 1223 2867 quid
1269 2798 1340 2852 sit
1388 2798 1504 2868 ipsa
1554 2799 1812 2863 essentia,
1860 2799 2014 2852 intel-

449 2891 575 2961 ligi?
611 2890 745 2945 Nam
789 2906 896 2945 non
940 2889 1132 2954 solum,
1176 2895 1232 2941 ut
1268 2900 1427 2957 saepe
1468 2887 1719 2948 diximus,
1750 2889 2012 2943 humanae

452 2975 877 3032 ratiocinationis
909 2976 939 3013 ⁹
973 2982 1222 3040 conatus,
1250 2989 1434 3029 verum
1469 2974 1627 3027 etiam
1654 2975 2006 3027 esSCttliat'uut

2121 1824 2358 1879 teamur,
2381 1814 2618 1868 divinam
2643 1814 2935 1869 bonitatem
2959 1815 3012 1869 iu
3046 1815 3201 1869 unius
3230 1816 3493 1869 essentiae
3519 1815 3697 1870 tribus

2116 1905 2430 1960 substantiis
2477 1920 2596 1963 esse
2637 1905 3007 1959 constitutam.
3037 1904 3102 1957 Et
3134 1920 3232 1958 nec
3259 1905 3299 1935 ¹⁷
3342 1905 3442 1957 hoc
3484 1904 3695 1972 absque

2116 1993 2406 2063 spiritualis
2437 1993 2819 2064 intelligentiae
2851 1993 3290 2063 rationabilisque
3322 1991 3692 2063 investigatio-

2115 2086 2201 2140 nis
2228 2085 2472 2140 contuitu
2504 2085 2775 2139 inventum
2808 2093 2891 2138 est
2913 2084 2977 2137 "'.
3009 2083 3177 2138 Unam
3204 2083 3343 2137 enim
3363 2080 3692 2137 inetiahilem

2113 2178 2352 2231 omnium
2390 2191 2641 2241 causam,
2677 2188 2948 2243 unumque
2976 2174 3317 2243 principium,
3351 2173 3575 2241 simplex
3609 2181 3691 2225 at-

2113 2284 2217 2338 que
2242 2266 2593 2326 individuum,
2626 2266 3055 2334 universaleque,
3091 2274 3346 2334 quantum
3373 2264 3550 2318 divino
3575 2263 3694 2331 spie

2115 2360 2218 2413 ritu
2266 2358 2546 2413 illuminati
2595 2365 2743 2423 sunt,
2775 2356 3213 2426 contemplantes,
3259 2356 3514 2409 unitatem
3536 2355 3692 2409 dixe-

2115 2456 2256 2502 runt.
2292 2448 2487 2502 lterum
2513 2448 2555 2481 ‘9
2576 2446 2745 2517 ipsam
2775 2446 3033 2500 unitatem
3058 2430 3160 2499 non
3184 2446 3235 2499 in
3257 2446 3301 2476 ”
3316 2444 3692 2515 singularitate

2112 2537 2341 2603 quadam
2382 2545 2435 2590 et
2464 2536 2763 2597 sterilitate,
2795 2536 2887 2589 sed
2927 2534 3157 2588 mirabili
3204 2534 3473 2601 fertilique
3506 2532 3693 2589 multi-

2112 2624 2349 2694 plicitate
2391 2634 2727 2690 contuentes,
2761 2634 2872 2678 tres
2900 2622 3232 2678 substantias
3266 2622 3485 2676 unitatis
3520 2618 3687 2676 intel-

2112 2716 2386 2781 lexerunt;
2422 2714 2713 2784 ingenitam
2752 2712 2977 2778 scilicet,
3002 2714 3365 2783 genitamque,
3395 2721 3450 2764 et
3494 2725 3690 2779 proce-
3716 2720 3736 2750 ί

2112 2802 2347 2857 dentem.
2380 2803 2425 2833 ³⁸
2459 2801 2708 2858 llabitum
2748 2813 2925 2856 autem
2970 2801 3299 2855 substantiae
3328 2800 3595 2869 ingenitae
3616 2800 3692 2853 ad

2108 2890 2461 2947 substantiam
2492 2889 2761 2957 genitam,
2808 2886 3054 2951 Patrem;
3095 2885 3334 2939 habitum
3378 2899 3509 2938 vero
3553 2886 3689 2937 sub-

2110 2979 2340 3033 stantiae
2379 2977 2592 3049 genitae
2627 2976 2693 3031 ad
2728 2975 3080 3030 substantiam
3108 2973 3420 3043 ingenitam,
3448 2971 3687 3036 Filium;

442 3065 755 3122 caelestium
815 3064 1132 3135 purissimos
1187 3074 1400 3132 superat
1472 3063 1790 3118 intellectus.
1835 3062 2007 3132 Ipsam
2038 3051 2080 3110 C
2115 3067 2354 3121 habitum
2382 3080 2507 3121 vero
2534 3065 2870 3136 procedentis
2918 3063 3248 3118 substantiae
3275 3061 3342 3114 ad
3383 3060 3689 3129 ingenitam

442 3167 618 3213 tamen
650 3172 791 3221 esse,
823 3172 891 3211 ex
930 3156 1013 3210 his
1048 3169 1187 3225 quae
1223 3165 1377 3218 sunt;
1435 3164 1487 3208 et
1529 3155 1826 3222 sapientem
1868 3168 2008 3216 esse,

443 3263 509 3300 ex
557 3246 907 3299 divisionibus
950 3258 1136 3297 eorum
1185 3243 1237 3296 in
1286 3243 1581 3304 essentias,
1649 3244 1701 3296 in
1769 3257 2008 3310 genera,

443 3338 497 3388 in
541 3334 766 3404 species,
807 3332 1261 3401 dil‘l‘erentiasque,
1308 3333 2011 3402 numerosque;vivereque

442 3443 559 3481 eatn
590 3442 655 3479 ex
686 3436 831 3479 motu
856 3420 1099 3478 omnium
1125 3423 1297 3477 stabili
1332 3433 1385 3477 et
1409 3438 1474 3476 ex
1506 3432 1647 3475 statu
1677 3422 1889 3487 mobili,
1927 3438 2010 3475 re-

444 3526 561 3569 etne
593 3516 634 3547 ¹⁰
671 3517 865 3568 mentis
892 3514 1130 3569 contuitu
1175 3513 1427 3582 Theolngi
1457 3513 1678 3567 scrutati
1708 3521 1852 3569 sunt.
1898 3511 2010 3566 llac

440 3606 603 3660 etiam
634 3605 840 3659 ratione
869 3618 1082 3657 causam
1110 3602 1348 3672 omnium
1378 3611 1458 3655 ter
1486 3602 1814 3656 substantem
1846 3601 2004 3655 veris-

441 3698 573 3749 sime
601 3696 935 3748 invcnerunt.
980 3691 1147 3755 Nam,
1185 3701 1242 3744 ut
1269 3692 1519 3753 diximus,
1554 3707 1618 3744 ex
1648 3691 1880 3744 essentia
1918 3705 2008 3745 eo-

443 3800 582 3849 rum,
610 3783 746 3853 quae
774 3795 917 3849 sunt,
952 3782 1264 3853 intelligitur
1288 3796 1441 3847 esse;
1474 3797 1539 3836 ex
1567 3782 1797 3837 mirabili
1829 3797 2005 3837 rerum

440 3875 647 3941 ordine,
677 3875 974 3944 sapientem
1001 3887 1150 3939 esse;
1178 3887 1244 3927 ex
1277 3885 1444 3938 metu,
1474 3873 1637 3927 vitam
1672 3888 1792 3929 esse
1821 3888 2004 3943 reper-

443 3976 552 4019 tuns
577 3974 677 4020 est.
705 3965 796 4020 Est
819 3965 979 4035 igitur
999 3979 1158 4019 causa
1180 3962 1420 4019 onmium
1439 3964 1776 4033 creatrixque
1789 3974 2002 4032 natura,

441 4067 495 4112 et
518 4058 671 4127 sapit,
700 4066 754 4111 et
788 4058 939 4110 vivit.
979 4056 1058 4109 Ac
1089 4072 1185 4125 per
1209 4056 1309 4109 hoc
1330 4070 1427 4125 per
1451 4055 1737 4110 essentiam
1767 4056 2003 4124 Patrem,

370 4184 375 4193 v
438 4166 537 4221 per
563 4150 878 4220 sapientiam
907 4148 1122 4213 Filium,
1149 4162 1242 4218 per
1272 4149 1431 4202 vitam
1461 4147 1719 4216 Spiritum
1763 4160 2004 4204 sanctum

442 4243 659 4315 intelligi
684 4238 705 4308 ,'
759 4241 1103 4311 inquisitores
1149 4239 1390 4294 veritatis
1442 4239 1792 4294 tradiderunt.
1860 4241 2002 4296 Dtso.

439 4333 585 4389 Haec
612 4333 742 4388 mihi
780 4332 911 4388 satis
938 4331 1201 4401 planeque
1249 4345 1403 4385 suasa
1446 4322 1586 4393 sunt,
1619 4343 1790 4399 eaque
1836 4331 2006 4385 veris-

440 4428 575 4484 sima
621 4442 740 4483 esse
783 4426 1075 4498 conspicio.
1140 4423 1372 4479 Omnino
1415 4423 1709 4492 siquidem,
1762 4422 1891 4492 quid
1928 4422 2010 4478 vel

443 4520 616 4589 qualis
645 4520 712 4583 “,
754 4518 965 4573 deliniri
1016 4531 1118 4571 non
1166 4525 1359 4584 potest.
1419 4512 1548 4567 Nam
1594 4514 1735 4581 quod
1791 4512 2012 4584 intelligi

442 4611 661 4665 omnino
682 4624 788 4661 non
818 4607 1029 4668 sinitur,
1062 4604 1270 4659 deliniri
1297 4603 1513 4658 omnino
1542 4604 1724 4671 nequit
1748 4602 1813 4655 υ.
1842 4601 2009 4657 Velim

445 4710 624 4756 tamen
651 4698 857 4763 audire,
884 4712 990 4766 qua
1020 4696 1225 4749 ratione
1257 4694 1508 4763 Theologi
1541 4694 1800 4747 unitatem
1828 4702 1882 4746 et
1913 4692 2008 4746 tri-

445 4792 664 4847 nitatem
693 4790 757 4845 de
780 4803 944 4844 causa
966 4787 1203 4844 omnium
1227 4786 1533 4855 praedicare
1561 4785 1675 4838 ausi
1704 4793 1845 4839 sunt.
1872 4783 2009 4839 Mss.-

445 4882 503 4938 In
524 4882 623 4937 hac
650 4880 837 4934 ultima
886 4887 973 4932 tua
1015 4876 1380 4947 propositione
1426 4890 1529 4928 non
1558 4886 1879 4943 magnopere
1907 4889 2005 4927 no-

447 4974 529 5031 bis
563 4972 607 5005 ⁸³
631 4970 1016 5033 laborandum,
1062 4967 1378 5038 praesertim
1411 4963 1467 5018 S.
1497 4963 1747 5032 Dionysio
1775 4964 2008 5032 Areopa-

2111 3156 2451 3225 genitamque
2504 3153 2888 3217 substantiam,
2921 3151 3177 3221 Spiritum
3225 3160 3469 3204 sanctum
3508 3150 3690 3202 nomi-

2111 3255 2390 3300 naverunt.
2443 3244 2550 3300 Sed
2592 3244 2845 3313 quoniam
2873 3244 2927 3297 in
2958 3244 3059 3297 hac
3092 3256 3151 3297 re
3180 3242 3291 3295 fere
3331 3241 3508 3296 omnis
3552 3253 3691 3294 san-

2108 3346 2314 3389 ctorum
2368 3336 2732 3404 expositorum
2795 3349 2984 3389 sacrae
3048 3332 3367 3400 Scripturae
3432 3340 3691 3386 versatur

2110 3423 2353 3489 intentio,
2370 3424 2522 3489 satis,
2540 3423 2862 3487 utarbitror,
2892 3420 3320 3491 praesentialiter
3350 3417 3548 3474 dictum
3575 3428 3685 3473 est.

2110 3513 2251 3569 DISC.
2271 3513 2416 3568 Satis
2436 3512 2611 3582 plane.
2629 3511 3008 3566 Verumtamen
3028 3509 3238 3580 planius
3250 3506 3411 3561 velim
3432 3506 3479 3537 ’³
3494 3508 3688 3562 audire

2108 3603 2173 3657 de
2195 3603 2379 3657 habitu
2411 3603 2571 3656 triu‘m
2619 3601 2919 3656 divinarum
2981 3598 3423 3655 substantiarum.
3472 3595 3687 3651 Poterit

2108 3694 2250 3749 enim
2278 3694 2398 3764 quis
2426 3694 2557 3747 haec
2598 3692 2819 3764 mystica
2852 3697 3074 3745 sanctae
3106 3687 3387 3742 Trinitatis
3432 3686 3682 3749 nomina,

2108 3782 2322 3837 Patrem
2371 3781 2621 3835 videlicet
2668 3788 2721 3833 ct
2772 3777 2965 3831 Filium
3012 3786 3064 3830 et
3111 3773 3370 3842 Spiritum
3410 3782 3687 3835 sanctum,

2109 3888 2212 3927 non
2241 3872 2532 3926 secundum
2562 3869 2949 3930 habitudinem,
2980 3867 3072 3921 sed
3109 3864 3402 3918 secundum
3427 3873 3683 3916 naturam

2107 3967 2369 4036 accipere.
2406 3964 2563 4018 Pater
2591 3962 2735 4017 enim
2759 3958 3093 4015 substantiae
3119 3956 3294 4011 Patris
3318 3968 3511 4008 nomen
3552 3969 3683 4009 esse

2109 4055 2334 4110 videtur.
2378 4052 2637 4108 Similiter
2659 4058 2714 4105 et
2751 4048 2918 4103 Filius
2954 4061 3146 4103 nomen
3181 4044 3513 4099 substantiae
3535 4040 3687 4105 Filii,

2108 4147 2338 4216 Spiritus
2363 4160 2573 4215 quoque
2600 4140 2771 4197 sancti
2799 4139 2847 4171 "
2880 4138 3170 4193 nominatio
3205 4150 3310 4188 non
3340 4134 3485 4186 aliud
3525 4148 3689 4201 prae-

2112 4246 2191 4292 ter
2214 4236 2566 4293 substantiam
2608 4233 2773 4303 ipsius
2809 4229 3113 4301 signiﬁcare
3136 4226 3203 4279 “.
3240 4225 3379 4280 Mm.
3409 4223 3692 4280 Fortassis

2111 4339 2167 4386 et
2196 4320 2294 4384 nos
2336 4328 2563 4397 idipsum
2610 4324 2829 4378 credere
2870 4331 3031 4390 atque
3064 4318 3217 4373 fateri
3253 4332 3360 4371 non
3400 4315 3691 4383 negaveri-

2113 4437 2250 4484 mus,
2282 4421 2326 4474 si
2360 4418 2418 4473 S.
2444 4415 2687 4485 Gregorii
2718 4413 2973 4483 Tlteologi
3004 4423 3210 4465 summa
3249 4404 3693 4475 venerabilisque

2112 4511 2393 4575 autoritas,
2423 4520 2651 4575 veraque
2690 4504 2739 4536 “
2779 4501 3000 4557 rationis
3040 4498 3355 4569 approbatio
3394 4496 3519 4549 talia
3558 4509 3689 4550 cre-

2112 4603 2240 4657 dere
2269 4615 2374 4654 non
2416 4598 2741 4668 prohiberet.
2780 4593 2911 4648 Nam
2939 4607 3061 4647 cum
3102 4592 3169 4645 ab
3198 4586 3552 4642 Eunomianis
3592 4601 3694 4640 ve~

2115 4689 2485 4747 nenosissimis
2516 4686 2812 4742 catholicae
2852 4682 2974 4737 ﬁdei
3000 4679 3412 4735 adversantibus
3451 4677 3695 4730 interro-

2114 4764 2268 4853 gatus
2293 4789 2437 4835 esset
2473 4777 2539 4832 de
2584 4778 2685 4831 hoc
2724 4775 2957 4837 nomine,
2986 4771 3129 4841 quod
3158 4779 3244 4825 est
3283 4769 3467 4833 Pater,
3499 4777 3694 4822 utrum

2118 4881 2341 4927 naturae
2365 4871 2435 4925 sit
2461 4884 2525 4923 an
2554 4866 2879 4936 operationis
2902 4861 3339 4933 signiticativum,
3357 4859 3536 4911 divina
3565 4872 3698 4927 gra-

2118 4965 2191 5019 tia
2220 4962 2548 5016 illuminatus
2580 4956 2896 5013 mirabiliter
2922 4951 3213 5022 respondit,
3241 4951 3424 5005 dicens
3457 4964 3470 4999 :
3503 4945 3699 5017 Neque

1742 5075 1989 5130 VARIAE
2024 5070 2427 5132 LECTIONES.

517 5198 533 5228 ⁸
560 5196 601 5249 Α
625 5203 919 5263 sequentur.
996 5193 1299 5263 'eam‘om.
1335 5188 1486 5242 CDE.
1533 5189 1583 5263 _'
1608 5187 1694 5263 Cb}
1730 5188 1833 5263 _n_i|.

447 5265 594 5322 nihil.
669 5258 754 5317 "C.
780 5260 953 5330 qualis
982 5260 1082 5330 sit.
1157 5259 1179 5291 ⁸
1203 5275 1338 5311 nunc
1370 5272 1488 5330 om.
1517 5258 1582 5311 Α.

446 5334 596 5461 anule
644 5334 729 5388 sit.

495 5407 562 5461 la;
615 5404 659 5457 Δ
723 5418 729 5452 1

475 5406 562 5468 2E;
615 5404 659 5457 Δ
723 5400 991 5470 religiose;
1049 5396 1432 5470 D’religiosae.
1537 5397 1578 5429 ¹⁷
1624 5396 1665 5451 C
1718 5412 1798 5449 ne.

448 5467 609 5528 tribus
635 5474 688 5525 in
722 5467 884 5523 tribus
905 5467 1213 5536 substantiis
1250 5468 1580 5536 constitutam
1607 5474 1661 5519 et
1685 5481 1845 5536 neque
1888 5467 2141 5536 Itocgcet.
2170 5534 2191 5536 _
2215 5467 2260 5536 ff
2301 5467 2392 5536 Sic
2414 5467 2531 5536 tibi;
2559 5467 2667 5536 _UA
2720 5467 2873 5536 “ent.
2951 5467 2994 5483 "
3035 5467 3099 5504 ιη
3129 5467 3339 5536 οπριιὶᾷ

1889 5513 2289 5594 ἶΪδίξτλιῐὶίἐς
2318 5513 2387 5583 VC
2430 5513 2655 5597 Spiritus
2695 5525 2861 5577 sancti
2916 5537 3133 5592 quoque.
3208 5518 3256 5550 “
3285 5517 3376 5572 Sic
3414 5513 3592 5581 CDE:
3652 5515 3712 5573 Δ

452 5544 824 5609 cedentemque.

452 5605 733 5678 significat;
801 5609 847 5638 "
876 5607 964 5661 Sic
990 5605 1149 5671 CDE;
1183 5608 1223 5658 A
1264 5622 1525 5675 veraeque.

1911 5188 1933 5218 ⁸
1962 5188 2052 5242 Sic
2082 5187 2244 5249 CDE;
2297 5186 2339 5238 A
2393 5182 2455 5235 ab
2497 5183 2625 5249 ipsa.

1668 5257 1689 5287 ’
1719 5257 1809 5311 Sic
1853 5256 1983 5311 CDE
2008 5298 2020 5319 ,
2051 5259 2095 5311 A
2135 5256 2371 5309 rationis.

826 5331 866 5360 “
909 5329 995 5384 DE
1031 5329 1289 5399 nequitur.
1366 5327 1410 5359 ¹³
1445 5328 1493 5380 Α
1533 5336 1606 5399 est
1636 5327 1812 5399 nobis.
1885 5327 1930 5359 “
1953 5328 2098 5399 A_ac.
2140 5327 2614 5399 _‘_"__Sic_t)l)_E;-A
2642 5327 2873 5396 tentandi
2904 5344 2974 5355 —
3014 5327 3437 5399 reprettenaenat.
3516 5327 3566 5340 ·-
3600 5327 3676 5391 δι)

1904 5396 1948 5428 ¹⁸
1988 5395 2077 5449 Sic
2130 5393 2293 5456 CDE;
2344 5393 2383 5443 A
2451 5392 2748 5456 bonitatent_
2784 5392 3233 5456 uniusuessenttae
3281 5394 3708 5456 pronpersoms

3250 5171 3388 5253 .‘éic
3428 5169 3581 5253 9E;
3600 5170 3703 5253 At)

3218 5242 3258 5272 “
3299 5240 3390 5295 Sic
3443 5240 3617 5301 CDE;
3654 5244 3705 5294 Α

3218 5309 3437 5364 πάθηάὶ.
3515 5309 3566 5340 ⁸⁵
3599 5310 3708 5365 Sic

2703 5179 2823 5231 ‘est
2864 5193 2974 5231 om.
3021 5174 3172 5229 CDE.

2475 5246 2523 5282 ¹⁰’
2548 5250 2638 5304 Sic
2674 5246 2789 5309 ΟΕ,
2818 5247 2909 5300 AD
2963 5255 3112 5297 recte.

2178 5325 2222 5356 ”‘
2262 5324 2353 5377 Sic
2377 5320 2539 5384 CDE;
2572 5320 2614 5371 A
2642 5317 2874 5370 tentandi
2904 5344 2974 5355 —
3014 5309 3437 5382 reprehendendi.

3406 5446 3536 5498 ΩΙΑ

2219 5450 2392 5515 ﬂ'Sic
2414 5458 2531 5519 CB;
2580 5456 2667 5509 DA
2720 5453 2873 5507 Item.
2950 5452 2994 5483 '°
3035 5452 3099 5504 In
3129 5450 3331 5519 OHLA.

3565 5463 3713 5514 pro-
