3904 6148
252 252 346 308 ἳῖ-Ἰ

1100 230 1185 303 m4:
1225 249 1558 302 unusnon-2
1594 248 1933 301 MTURAE.
1977 278 2040 285 -
2083 247 2275 300 unt-1n
2321 247 2590 299 anuus.
3336 259 3431 307 4-9

255 372 445 431 natura;
465 376 588 422 esse,
620 376 778 428 neque
810 360 1144 427 operationis,
1168 360 1258 412 sed
1289 359 1450 412 solius
1486 359 1553 410 ad
1580 356 1779 411 Filium
1809 364 1853 421 Α
1883 360 2112 421 stanliis,
2140 368 2194 415 et
2218 360 2283 413 de
2306 360 2473 414 tribus
2502 360 2818 413 substantiis
2845 361 2896 412 in
2923 362 3107 414 eadem
3136 377 3238 416 una
3264 378 3447 419 essen-

255 451 555 507 habitudinis.
577 449 633 503 Si
648 451 790 504 enim
808 452 1171 517 responderet,
1194 458 1316 501 natu
1327 464 1413 501 rae
1426 463 1544 501 esse
1559 462 1750 501 nomen
1768 448 1785 479 ¹

256 542 458 601 Patrem,
475 540 544 591 illi
563 541 815 594 continuo
832 549 1207 606 sequerentur,
1223 542 1588 604 dicerentque,
1606 535 1791 589 simili-

255 641 322 683 ter
344 639 392 682 et
427 630 444 660 '
472 627 663 681 Filium
694 643 886 680 nomen
920 642 1040 680 esse
1093 635 1333 679 naturae.
1374 625 1429 679 Si
1477 634 1653 679 autem
1687 627 1788 679 hoc

254 721 462 781 daretur,
480 718 785 771 necessario
806 723 1137 786 sequeretur,
1155 716 1375 771 alterius
1396 725 1616 770 naturae
1632 716 1790 769 Pater

250 822 353 863 esse
383 822 588 869 nomen,
621 806 842 860 alterius
874 805 1073 867 Filius;
1110 806 1162 858 iu
1186 820 1288 858 una
1324 806 1466 859 enim
1495 805 1789 873 eademque

254 907 417 950 natura
440 896 543 950 duo
572 896 787 949 nomina
814 912 843 949 a
877 911 933 950 se
964 897 1191 950 invicem
1220 895 1515 950 ditl'erentia
1544 896 1656 950 fieri
1683 912 1787 950 non

250 994 461 1056 possunt.
505 985 583 1037 Ac
612 998 708 1051 per
747 985 847 1037 hoc
894 984 1239 1048 conﬁcerent,
1268 984 1481 1038 Patrem
1516 994 1569 1038 et
1595 985 1788 1038 Filium

250 1075 539 1150 ἕτερουσίους
561 1073 604 1136 ³,
625 1075 725 1127 hoc
752 1083 857 1135 est,
881 1072 1124 1151 diversae
1146 1074 1412 1128 essentiac
1449 1088 1542 1128 seu
1569 1082 1790 1126 naturae

248 1178 364 1219 esse.
411 1163 669 1217 Similiter
707 1163 775 1217 de
813 1163 1122 1231 operatione
1148 1178 1464 1232 responsum
1508 1173 1611 1217 est.
1654 1161 1788 1216 Nam

247 1256 283 1308 si
307 1257 511 1309 daretur
533 1255 636 1318 eis,
666 1254 993 1322 operationis
1020 1268 1213 1311 nomen
1249 1253 1409 1307 Pater
1431 1270 1570 1317 esse,
1600 1250 1789 1306 confe-

246 1344 352 1395 stim
375 1342 773 1405 concluderent,
805 1341 994 1395 Filium
1021 1357 1140 1396 esse
1167 1354 1493 1405 creaturam,
1518 1341 1730 1411 quando
1769 1340 1788 1369 ‘

244 1432 383 1488 Pater
406 1433 751 1503 operationis,
797 1434 897 1488 hoc
936 1444 1043 1498 est,
1077 1435 1369 1489 creatiouis
1417 1450 1546 1489 suae
1596 1451 1787 1490 nomen

246 1539 347 1577 esse
370 1525 696 1577 conceditur.
732 1524 875 1579 Dtsc.
899 1524 1011 1579 Hoc.
1041 1540 1349 1596 responsum
1381 1526 1646 1580 laudabile
1674 1542 1791 1581 esse

245 1615 575 1668 certissinuun
598 1622 701 1679 est,
719 1623 771 1670 et
791 1630 854 1668 ex
870 1615 892 1648 ⁸
908 1617 1128 1670 veritate
1152 1617 1467 1685 inspiratam
1489 1617 1612 1671 :sed
1634 1618 1791 1686 paulo

244 1704 534 1757 luculentius
561 1705 582 1734 ⁸
611 1706 956 1759 considerare
978 1706 1249 1761 debemus.
1282 1705 1436 1769 Nam,
1465 1718 1521 1758 ut
1557 1708 1684 1759 mihi
1711 1709 1791 1759 vi-
1827 1691 1865 1746 η

245 1794 398 1856 detur,
436 1808 541 1846 non
569 1793 827 1847 continuo
850 1809 971 1847 eum
1002 1795 1391 1861 reprehendere
1416 1804 1658 1862 possent,
1689 1795 1789 1848 etsi

246 1880 445 1944 diceret,
478 1880 698 1934 Patrem
725 1896 915 1935 nomen
964 1890 1186 1936 naturae
1232 1896 1370 1936 esse.
1429 1881 1565 1947 Quid
1605 1883 1794 1937 enim?

244 1971 465 2040 Nunquid
495 1974 603 2027 duo
635 1973 870 2036 nomina,
908 1988 935 2026 a
967 1986 1026 2027 se
1054 1972 1280 2026 invicem
1308 1968 1460 2035 sono,
1496 1989 1598 2027 non
1629 1988 1791 2027 sensu

247 2060 610 2130 discrepantia,
644 2061 696 2115 in
725 2077 828 2114 una
868 2062 1162 2133 eademque
1196 2069 1383 2116 natura
1432 2061 1652 2131 intelligi
1687 2077 1791 2115 non

244 2150 423 2214 valent,
462 2144 588 2206 cum
610 2161 666 2205 et
693 2152 713 2182 "
743 2151 1011 2204 Abraham
1037 2160 1092 2206 et
1115 2152 1287 2218 Isaac,
1318 2161 1527 2219 patrem
1551 2152 1797 2207 videlicet

245 2251 288 2294 et
313 2241 487 2306 lilium,
529 2257 688 2295 unam
722 2250 967 2296 naturam
1002 2242 1303 2312 signiﬁcare
1329 2243 1647 2296 videamus?
1675 2241 1790 2297 Non

244 2333 364 2384 enim
392 2333 614 2387 alterius
649 2342 871 2386 naturae
899 2348 1093 2387 nomen
1123 2343 1205 2387 est
1234 2333 1524 2393 Abraham,
1572 2333 1793 2388 alterius

245 2419 388 2483 Isaac,
421 2422 513 2475 sed
541 2422 700 2476 unius
728 2430 888 2489 atque
914 2422 1172 2489 ejusdem.
1202 2421 1337 2478 MAG.
1374 2421 1541 2477 Recte
1565 2422 1791 2484 diceres,

245 2508 280 2561 si
308 2510 549 2564 similiter
576 2511 626 2563 in
658 2511 762 2566 hoc
786 2520 875 2565 tuo
904 2511 1146 2580 exemplo
1174 2513 1240 2566 de
1266 2514 1532 2566 Abraham
1569 2524 1620 2566 et
1644 2514 1792 2567 Isaac

245 2600 485 2653 aﬂirtnare
509 2600 746 2660 valeres.
773 2601 914 2670 quod
939 2618 1039 2655 non
1069 2602 1210 2655 aliud
1235 2603 1501 2671 signiﬁcat
1523 2605 1790 2671 Abraham

246 2703 324 2743 seu
344 2690 509 2755 Isaac,
530 2700 593 2745 et
610 2691 752 2745 aliud
776 2690 1114 2762 significatin
1133 2692 1211 2746 eis
1232 2702 1384 2760 pater
1400 2701 1453 2746 et
1476 2692 1632 2745 ﬁlius.
1662 2693 1791 2746 Nam

246 2782 488 2836 Abraham
538 2794 596 2838 et
643 2798 837 2838 nomen
866 2793 949 2837 est
990 2783 1157 2851 ipsius
1200 2782 1500 2845 Abraham,
1545 2794 1598 2836 et
1644 2794 1795 2852 pater

245 2880 417 2949 nomep
439 2878 524 2924 est
547 2871 727 2925 eidem
752 2870 1039 2924 Abraham.
1067 2869 1395 2924 Similiteret
1422 2870 1569 2924 Isaac
1620 2879 1672 2923 et
1696 2885 1791 2923 no-

243 2974 346 3012 men
369 2971 449 3014 est
487 2961 658 3022 Isaac,
698 2967 755 3013 et
786 2959 923 3013 [ilius
954 2974 1143 3012 nomen
1168 2966 1251 3013 est
1274 2959 1446 3012 eidem
1479 2959 1652 3012 lsaac.
1683 2957 1787 3012 Sed

216 3064 335 3115 .nnn
364 3051 427 3104 de
467 3052 659 3103 eadem
700 3063 760 3103 re
808 3050 1078 3104 Abraham
1122 3057 1177 3102 et
1210 3057 1391 3118 pater,
1430 3063 1522 3101 seu
1553 3047 1699 3102 Isaac
1740 3055 1795 3099 et.

246 3137 367 3191 titius
391 3140 789 3207 praedicantur.
829 3139 959 3192 Nam
983 3140 1048 3192 dc
1078 3137 1374 3193 substantia
1407 3137 1696 3195 Abraham,
1742 3138 1792 3189 id

244 3238 332 3291 est,
359 3232 421 3286 de
462 3232 685 3302 speciali
720 3233 836 3302 ejus
879 3246 1109 3301 pe.sona
1152 3229 1419 3289 Abraham
1464 3232 1695 3294 diclltli‘;
1730 3228 1795 3285 de

245 3319 481 3376 relatione
511 3337 643 3376 vero
670 3321 787 3389 ejus
830 3322 893 3374 ad
936 3336 1088 3375 suum
1122 3320 1286 3373 tilium
1332 3321 1352 3350 ⁸
1394 3319 1542 3373 Isaac
1586 3330 1793 3387 patrem

246 3411 423 3471 vocari,
454 3426 616 3464 nemo
643 3413 781 3465 bene
810 3409 1210 3480 intelligentiam
1238 3410 1494 3464 dubitarit
1522 3410 1563 3463 ’.
1590 3408 1793 3462 Eodem

246 3501 382 3553 modo
400 3503 465 3556 de
490 3502 644 3557 Isaac
668 3502 1096 3571 intelligendum;
1118 3502 1219 3558 huc
1249 3504 1392 3557 enim
1417 3504 1630 3557 nomine
1649 3503 1798 3557 Isaac

247 3591 441 3657 propria
479 3592 866 3659 individuaque
903 3591 1201 3648 substantia
1240 3591 1407 3660 ipsius
1432 3592 1794 3660 significatur;

244 3674 433 3734 habitus
458 3691 643 3736 autem
674 3682 742 3735 ad
770 3688 973 3749 patrem
1001 3695 1154 3735 snum
1186 3696 1280 3750 per
1308 3682 1473 3736 tilium
1516 3685 1796 3753 cognosci-

249 3775 336 3821 tur.
364 3769 475 3824 Non
511 3772 660 3826 enim
695 3780 849 3841 potes
891 3786 1105 3841 negare,
1156 3770 1278 3825 talia
1330 3774 1564 3835 nomina,
1606 3774 1655 3826 id
1695 3782 1796 3837 est,

243 3867 424 3925 patrem
445 3871 507 3916 et
550 3862 745 3924 tilium,
777 3862 995 3917 relativa
1031 3877 1171 3926 ess",
1196 3877 1302 3917 non
1345 3864 1698 3918 substantiva.
1740 3864 1796 3920 Si

244 3965 355 4019 ergo
378 3955 512 4021 apud
562 3971 688 4017 nos,
709 3956 811 4008 hoc
833 3954 876 3986 ⁸ο
897 3963 979 4008 est
1002 3955 1055 4007 in
1083 3965 1265 4009 nostra
1290 3966 1503 4020 natura,
1531 3972 1633 4010 non
1675 3958 1805 4010 sub-

245 4043 387 4097 slanti
420 4045 565 4109 liter,
620 4046 713 4099 sed
765 4045 983 4101 relative
1016 4048 1147 4101 tales
1193 4063 1353 4101 voces
1391 4048 1798 4115 praedicantur,

239 4133 354 4210 quid
379 4134 442 4189 de
472 4152 687 4190 summa
722 4152 785 4188 ac
811 4144 994 4189 sancta
1026 4136 1220 4189 dicturi
1249 4151 1433 4189 sumus
1455 4137 1711 4200 essentia,
1741 4137 1792 4187 iu

246 4239 335 4293 qua
380 4226 807 4281 substantiarum
864 4226 1002 4280 inter
1036 4242 1093 4281 se
1122 4225 1352 4279 invicem
1397 4225 1672 4278 relationis
1718 4227 1799 4279 vel

248 4313 561 4368 ualitudinis
593 4315 719 4366 talia
750 4314 988 4376 nomina,
1017 4313 1177 4369 Pater
1206 4313 1450 4367 videlicet
1474 4321 1528 4367 et
1553 4312 1719 4369 Filius
1745 4324 1800 4368 et

248 4400 457 4469 Spiritus
493 4414 741 4467 sanctus,
788 4418 946 4458 sacra
991 4403 1265 4472 Scriptura
1304 4404 1625 4459 constituit?
1651 4405 1795 4460 Dtsc.

218 4488 345 4557 viam
408 4495 565 4549 video
625 4494 883 4563 praedicti
936 4495 1105 4547 sancti
1167 4493 1420 4563 Thcologi
1484 4510 1798 4563 responsum

247 4584 442 4636 Omnino
466 4585 702 4638 veritate
732 4582 1020 4638 suﬂ‘ultunt.
1050 4582 1159 4663 Non
1193 4585 1334 4637 enim
1367 4592 1562 4654 potest,
1597 4595 1658 4638 ut
1681 4600 1806 4640 sua-

248 4687 348 4724 sum
375 4684 476 4739 est,
509 4676 626 4729 sive
654 4676 706 4728 iu
738 4675 939 4732 divina.
978 4675 1091 4727 sive
1116 4675 1167 4726 iu
1198 4675 1431 4727 humana
1462 4683 1674 4737 natura,
1721 4690 1806 4727 re-

249 4756 443 4816 lationis
490 4779 691 4817 nomen
742 4764 794 4816 in
840 4762 1138 4817 substantia
1184 4777 1278 4817 seu
1328 4765 1562 4817 essentia
1615 4762 1801 4831 recipi.

248 4850 397 4908 Nosse
427 4864 611 4909 tamen
642 4863 825 4922 aperte
850 4863 905 4908 et
934 4851 1169 4908 breviter
1204 4869 1298 4922 per
1334 4863 1382 4907 te
1419 4853 1597 4917 velim,
1625 4862 1805 4905 utrum

247 4953 417 4997 omnes
470 4944 816 5016 categoriae,
874 4959 995 4998 cum
1042 4944 1153 4997 sint
1220 4957 1443 5007 numero
1470 4943 1691 5005 decem,
1741 4942 1808 4995 de

249 5044 439 5088 summa
464 5035 687 5088 divinae
715 5033 970 5087 bonitatis
998 5048 1101 5087 una
1127 5032 1359 5088 essentia
1393 5032 1445 5087 in
1486 5032 1657 5087 tribus
1681 5029 1813 5085 subo-

1890 452 1981 515 tia,
2016 467 2138 504 vere
2164 452 2483 520 proprieque
2503 450 2709 518 possint
2735 450 3052 518 praedicari.
3085 451 3222 507 MAG.
3251 452 3320 505 De
3346 458 3447 511 huc

1890 542 2101 607 negotio
2133 541 2311 593 nescio
2341 541 2460 607 quis
2490 541 2723 592 breviter
2753 549 2910 607 atque
2947 551 3129 607 aperte
3157 550 3332 608 potest
3364 543 3444 594 di-

1889 646 2030 684 cere.
2061 631 2321 684 Attteuitn
2352 633 2414 683 de
2443 622 2739 695 huiusmodi
2769 646 2929 684 causa
2951 633 3245 699 peremnia
3271 642 3450 686 tacen—

1890 724 2012 775 dum
2041 732 2144 784 est,
2177 730 2230 774 et
2254 722 2581 791 simplicitati
2612 724 2941 776 orthodoxae
2968 723 3084 775 fidei
3111 724 3450 778 committen-

1888 810 2046 871 dum;
2074 826 2195 863 nam
2220 819 2505 879 exsuperat
2537 826 2747 864 omnem
2772 810 3116 874 intellectum,
3140 814 3277 865 sicut
3316 810 3449 867 seri-

1886 906 2035 967 ptum
2064 908 2182 952 est:
2212 897 2314 962 Qui
2349 898 2489 951 solus
2526 898 2677 950 habes
2706 899 3165 963 immortalitatem,
3193 907 3240 951 et
3283 898 3450 953 lucem

1888 987 2090 1040 habitas
2116 986 2159 1019 “
2182 986 2618 1049 inaccessibilem;
2641 995 2731 1038 aut
2753 986 2795 1039 si
2820 989 2939 1054 quis
2971 989 3035 1040 de
3070 1002 3131 1040 ea
3174 988 3448 1056 diSputare

1889 1076 2147 1142 coeperit,
2176 1074 2484 1130 necessario
2530 1075 2709 1129 multis
2748 1075 2919 1129 modis
2969 1077 3254 1145 multisque
3295 1092 3454 1146 argu-

1889 1166 2302 1219 mentationibus
2341 1165 2628 1219 verisimile
2651 1166 2693 1195 ¹¹
2722 1166 2987 1229 suadebit,
3030 1168 3234 1220 duabus
3258 1166 3458 1235 princi-

1890 1255 2095 1322 palibus
2157 1253 2475 1323 'l‘bcnlngiau
2533 1254 2772 1322 partibus
2820 1264 2975 1307 utens
3026 1256 3087 1315 ‘3,
3140 1255 3451 1310 atlirmativa

1889 1343 2127 1410 quidem,
2153 1358 2290 1410 quae
2336 1360 2365 1395 τι
2409 1344 2628 1396 Graecis
2661 1349 2985 1415 καταφατική,
3030 1354 3084 1398 ct
3110 1346 3452 1414 abnegativa,

1888 1448 2028 1501 quae
2052 1431 2094 1504 ξ’
2119 1433 2400 1506 ἀποφατική
2431 1443 2649 1486 vocatur
2666 1434 2730 1485 “.
2756 1434 2866 1488 Una
2894 1434 3131 1501 quidem,
3158 1438 3455 1507 ἀποφατική,

1888 1522 2122 1577 divinam
2148 1524 2435 1577 essentiam
2463 1538 2554 1577 seu
2592 1523 2946 1577 substantiam
2987 1538 3106 1577 esse
3145 1524 3341 1593 aliquid
3369 1540 3458 1577 eo-

1892 1629 2011 1667 rum
2034 1628 2170 1681 quae
2215 1624 2359 1675 sunt,
2394 1614 2442 1666 id
2483 1624 2584 1675 est,
2616 1628 2752 1681 quae
2796 1614 2899 1667 dici
2950 1624 3042 1668 aut
3073 1614 3294 1682 intelligi
3339 1629 3465 1682 pos-

1895 1714 2039 1768 sunt,
2092 1713 2283 1774 negat;
2344 1704 2511 1758 altera
2554 1710 3057 1777 γρνυ.καταφατική,
3101 1706 3277 1759 omnia
3324 1722 3461 1773 quae

1895 1803 2041 1858 sunt,
2069 1795 2134 1848 de
2169 1809 2229 1848 ea
2271 1795 2565 1862 praedicat,
2612 1802 2668 1847 ct
2716 1796 2835 1849 ideo
2884 1795 3200 1849 aﬂirmativa
3244 1796 3459 1857 dicitur,

1895 1899 1996 1938 non
2029 1893 2086 1937 ut
2119 1885 2401 1939 conﬁrmet
2432 1884 2472 1913 ¹⁶
2501 1882 2699 1951 aliquid
2723 1898 2842 1937 esse
2865 1884 2905 1914 "
2931 1898 3115 1937 eorum
3142 1898 3278 1951 quae
3315 1893 3459 1947 sunt,

1893 1976 1986 2027 sed
2016 1974 2215 2033 omnia,
2246 1989 2382 2041 quae
2418 1973 2483 2025 ab
2510 1988 2572 2025 ea
2604 1980 2749 2035 sunt,
2784 1973 2850 2026 de
2872 1988 2934 2027 ea
2977 1988 3131 2042 posse
3166 1972 3461 2041 praedicari

1894 2063 2134 2117 suadeat.
2171 2061 2748 2115 Rationabiliterenim
2796 2077 2892 2132 per
2930 2063 3202 2117 causativa
3247 2062 3463 2116 causale
3536 2060 3541 2067 ’

1894 2163 2069 2224 potest
2096 2153 2411 2224 signiﬁcari.
2445 2152 2579 2206 Dicit
2609 2154 2749 2207 enim
2780 2167 2899 2209 esse
2927 2153 3229 2215 veritatem,
3258 2153 3465 2206 bonita-

1892 2254 2026 2307 tem,
2073 2246 2388 2305 essentiam,
2422 2245 2616 2305 lucem,
2665 2244 2951 2311 justitiam,
2997 2244 3186 2307 solem,
3233 2243 3464 2307 stellam,

1895 2334 2165 2403 Spiritum,
2199 2348 2415 2399 aquam,
2441 2333 2667 2395 leonem,
2693 2334 2900 2396 urbem,
2925 2346 3180 2397 vermem,
3203 2339 3255 2385 et
3285 2340 3463 2385 cetera

1896 2420 2327 2475 innumerabilia.
2359 2419 2423 2472 Et
2450 2433 2552 2473 non
2594 2419 2764 2473 solum
2800 2434 2866 2474 ex
2896 2418 3003 2483 his,
3031 2433 3171 2486 quae
3217 2425 3340 2471 sunt
3370 2433 3456 2471 sc-

1894 2511 2125 2564 cundmu
2178 2518 2444 2573 naturam,
2502 2523 2623 2562 eam
2666 2509 2873 2573 edocet,
2922 2508 3016 2562 sed
3067 2524 3132 2562 ex
3176 2508 3281 2570 his,
3321 2522 3459 2574 quae

1895 2610 2081 2653 contra
2127 2607 2393 2662 naturam,
2447 2597 2662 2667 quando
2710 2612 2828 2651 eam
2882 2597 3156 2659 inebriari,
3215 2595 3460 2648 stultam-

1897 2688 2067 2756 que“
2088 2702 2228 2751 esse,
2261 2696 2315 2742 et
2350 2688 2583 2741 insanire
2624 2687 2772 2741 dicit.
2808 2686 2912 2741 Sed
2953 2686 3129 2741 dehis
3174 2699 3314 2738 nunc
3356 2700 3462 2737 non

1898 2787 1980 2831 est
2006 2777 2174 2831 nostri
2199 2777 2452 2846 propositi
2472 2776 2763 2839 disserere;
2795 2775 2923 2829 satis
2953 2775 3096 2828 enim
3120 2775 3184 2827 de
3210 2773 3401 2827 talibus
3428 2790 3457 2825 a

1897 2871 2080 2918 sancto
2123 2863 2375 2933 Dionysio
2403 2864 2723 2932 Areopagita
2768 2863 2819 2916 in
2861 2862 3147 2933 symbolica
3180 2861 3463 2933 Theologia

1899 2955 2098 3008 dictum
2130 2960 2230 3006 est.
2270 2950 2501 3016 Ideoque
2531 2953 2595 3005 ad
2628 2952 2701 3015 id,
2730 2952 2868 3017 quod
2897 2966 2924 3001 a
2954 2960 3002 3003 te
3038 2950 3337 3018 quaesitum
3361 2959 3464 3012 est,

1822 3018 1865 3077 Ο
1902 3044 2248 3101 redeundum.
2301 3041 2622 3108 Quaesieras
2671 3039 2832 3101 enim,
2884 3049 3059 3091 utram
3099 3051 3285 3088 omnes
3322 3045 3466 3087 catt-

1899 3135 2081 3206 goriae
2127 3134 2192 3188 de
2222 3133 2328 3187 Deo
2368 3130 2757 3201 praedicaudae
2786 3129 2892 3181 sint
2937 3126 3167 3196 praprie,
3207 3140 3271 3176 an
3299 3137 3464 3193 quac-

1899 3226 2021 3280 dum
2078 3225 2332 3293 ipsarum.
2381 3222 2524 3275 Dtsc.
2574 3218 2918 3273 Redeundum
2971 3230 3116 3269 sane.
3169 3212 3273 3268 Sed
3317 3212 3462 3281 prius

1901 3316 2366 3378 considerandum,
2415 3323 2472 3367 ut
2510 3313 2765 3370 arbitror,
2800 3325 2897 3363 cur
2925 3308 3192 3377 praedicta
3226 3304 3463 3368 nomina,

1898 3408 2186 3462 essentiam
2224 3405 2360 3467 dico,
2394 3403 2707 3463 bonitatem,
2735 3401 3032 3460 veritatem,
3063 3395 3346 3465 justitiam,
3374 3406 3462 3448 sa.

1899 3500 2172 3570 pientiam,
2202 3506 2489 3565 ceteraque
2518 3494 2569 3548 id
2594 3508 2779 3563 genus,
2810 3504 2946 3559 quae
2970 3488 3217 3543 videntur
3247 3501 3351 3540 non
3380 3499 3470 3538 so-

1900 3592 2007 3644 lum
2053 3590 2254 3653 divina,
2304 3589 2396 3643 sed
2446 3586 2608 3639 etiam
2659 3581 3011 3643 divinissima,
3062 3588 3115 3633 et
3159 3576 3287 3631 nihil
3327 3576 3466 3629 aliud

1900 3692 2115 3752 praeter
2153 3681 2299 3733 illam
2333 3680 2499 3747 ipsam
2529 3676 2764 3729 divinam
2793 3672 3143 3727 substantiam
3168 3684 3257 3724 seu
3288 3682 3469 3721 essen-

1903 3776 2028 3825 tiam
2074 3770 2399 3839 siguiticare,
2432 3765 2796 3835 metaphorica
2830 3763 2967 3825 ﬁeri,
3016 3763 3200 3825 idest,
3246 3775 3275 3813 a
3319 3774 3471 3814 crea-

1904 3867 2020 3912 tura
2047 3862 2112 3913 ad
2137 3859 2446 3913 Creatorem
2469 3854 2749 3918 translata,
2773 3852 3075 3923 praedictus
3100 3848 3467 3907 sanctissimus

1902 3958 2052 4017 pater
2079 3959 2240 4018 atque
2267 3947 2569 4016 Theologus
2592 3944 2976 4016 pronunciarit.
3022 3941 3133 3996 Non
3175 3940 3315 3993 eni'n
3353 3939 3467 3991 sine

1903 4041 2133 4108 quadam
2166 4040 2389 4105 mystica
2429 4047 2592 4105 atque
2624 4045 2827 4090 secreta
2870 4034 3073 4086 ratione
3111 4031 3233 4083 talia
3265 4028 3465 4081 dixisse

1904 4134 2163 4195 aestimati
2186 4132 2312 4183 lum.
2373 4129 2510 4182 MAG.
2562 4128 2704 4181 Bene
2752 4125 2968 4194 vigilas;
3021 4139 3122 4176 non
3172 4122 3310 4175 cuitu
3369 4121 3469 4173 hoc

1902 4236 2116 4289 quoque
2161 4218 2551 4273 inconsiderate
2593 4215 2972 4268 transeundum
3017 4210 3180 4282 [esse]
3220 4208 3261 4239 ¹⁰
3295 4206 3466 4262 video.

1906 4311 1981 4362 Ac
2008 4324 2104 4379 per
2133 4309 2236 4362 hoc
2282 4306 2606 4375 respondeas
2657 4304 2831 4361 velim.
2886 4311 3060 4355 utrum
3116 4300 3223 4353 Deo
3271 4298 3469 4366 aliquid

1905 4402 2205 4468 oppositum
2234 4406 2324 4450 aut
2350 4395 2453 4449 sibi
2483 4394 2877 4450 cointelleetum
2922 4390 3206 4459 intelligas.
3250 4387 3478 4457 Opposi-

1907 4501 2018 4553 tum
2050 4489 2189 4552 dico,
2222 4496 2314 4540 aut
2344 4501 2440 4555 per
2480 4485 2853 4554 privationem,
2886 4490 2977 4535 aut
3006 4496 3099 4550 per
3124 4479 3478 4534 contrarieta-

1911 4591 2037 4642 tem,
2067 4587 2159 4631 aut
2184 4592 2279 4645 per
2307 4575 2641 4637 relationem,
2684 4582 2776 4626 aut
2819 4588 2913 4642 per
2941 4570 3237 4625 absentiam
3268 4584 3282 4621 :
3320 4567 3470 4622 coin-

1911 4670 2179 4725 tellectum
2211 4682 2358 4728 vero,
2393 4667 2492 4719 hoc
2535 4673 2637 4727 est,
2663 4664 2820 4717 simul
2850 4678 2971 4718 cum
3026 4677 3090 4715 co
3134 4658 3477 4714 aeternaliter

1911 4760 2261 4821 intellectum,
2293 4773 2396 4812 non
2427 4765 2600 4812 tamen
2627 4755 2674 4809 ci
2717 4753 3085 4809 coesscutiale.
3127 4752 3271 4805 Dtsc.
3318 4747 3474 4803 Clare

1912 4852 2066 4905 video
2106 4850 2246 4918 quod
2273 4849 2316 4880 '°
2344 4849 2500 4911 velis,
2552 4862 2614 4901 ac
2660 4863 2753 4916 per
2796 4846 2917 4908 hoc,
2956 4858 3128 4912 neque
3177 4839 3375 4910 aliquid
3423 4838 3472 4891 ei

1911 4941 2234 5008 oppositum,
2266 4952 2439 5007 neque
2464 4938 2564 4991 sibi
2600 4935 2991 4989 cuiutcllcctum
3030 4935 3331 5006 ἑτεροῦσιον,
3377 4929 3478 4982 hoc

1912 5038 2013 5094 est,
2062 5029 2203 5099 quod
2232 5029 2301 5082 sit
2342 5028 2562 5081 alterius
2599 5024 2881 5087 es'scatiac,
2914 5038 3071 5093 quant
3112 5025 3221 5093 ipse
3249 5029 3350 5081 est,
3394 5017 3473 5071 di-

1477 5207 1728 5263 VARlAE
1767 5202 2164 5258 LECTIONES.

316 5382 331 5412 ¹
360 5365 397 5437 ri
425 5398 616 5438 nomen
639 5382 765 5434 esse.
838 5381 861 5419 ³
894 5379 979 5433 Sic
1002 5379 1165 5442 CDE;
1194 5388 1239 5431 et
1260 5392 1368 5432 om.
1396 5381 1471 5448 Α,
1537 5378 1556 5409 ³
1586 5377 1717 5431 (IDE
1744 5377 2080 5448 t'ﬂppqatetct‘
2133 5374 2153 5403 ⁸
2176 5373 2211 5424 Λ
2243 5390 2387 5448 cum.
2437 5372 2562 5448 fex
2608 5370 2809 5448 orn-HD.
2829 5361 3171 5448 ﬁf§iQQQE
3191 5377 3203 5417 ἒ
3226 5358 3487 5448 dtu/49:33:

250 5426 769 5514 ptettE,:---;"ér'éiui
793 5426 994 5502 Μὶν-’⁸
1010 5426 1133 5502 vSic-
1152 5426 2213 5514 'Ciitiﬂ‘ﬁtimnEiiiTnI."’°'C'Hibero-ei
2235 5460 2251 5503 ;
2294 5444 2332 5495 Ε
2356 5442 2591 5514 άιίξνῑιίηλ
2722 5435 2953 5514 SicCDE
2972 5451 2985 5495 ;
3073 5434 3145 5481 id.

254 5496 1230 5582 Egit-titubans:W‘;Xt'erissimej—
1246 5496 1964 5571 uiuendum.
2041 5514 2083 5544 ”
2118 5496 2252 5581 quae
2274 5528 2379 5563 om.
2410 5512 2519 5583 (ζμ
2551 5510 2592 5539 ⁸⁸
2618 5505 3206 5583 ἣίριυΕίςοεαιηΐυηιο
3226 5498 3297 5562 Ci
3333 5496 3371 5549 Α
3402 5498 3481 5550 ἅδ’

473 5572 602 5645 ἀλιά
629 5594 815 5656 firmet.
848 5572 849 5575 Ἴ
892 5588 933 5619 "
970 5598 1079 5643 esse
1109 5595 1216 5638 om.
1248 5588 1313 5641 Α.
1391 5588 1435 5618 ¹⁸
1472 5586 1552 5639 BC
1582 5586 1971 5645 slttititiamque.
2052 5583 2097 5662 ".
2125 5572 2233 5635 Ense
2260 5597 2363 5632 om.
2394 5579 2540 5632 (IDE'
2619 5577 2663 5607 ὀ
2699 5576 2741 5627 Α
2770 5572 2911 5641 quid.
