3904 6148
338 335 443 392 4ῗῦ

1679 323 1935 380 ΙΟᾹΝΝΙΈ

2040 321 2190 376 COTl
3482 320 3573 372 4'”,

344 464 461 502 ενι-τε
502 448 692 500 ausim.
745 446 872 500 Nam
900 463 1001 514 opp
1024 446 1137 497 tsita
1192 457 1283 510 per
1330 441 1641 493 relationem
1689 440 1761 492 ita
1799 439 1899 492 sibi
1932 441 1975 498 Α
2006 447 2059 493 et
2086 436 2284 490 videnti
2337 448 2438 487 non
2477 434 2705 488 videns:
2743 434 2906 503 igitur
2930 432 2972 464 "
2998 431 3257 505 ὑπέρϐιος.
3290 428 3566 499 plusquam

343 554 552 607 semper
590 538 829 605 opposita
874 545 1014 594 sunt,
1061 544 1113 585 ut
1157 533 1312 587 simul
1356 543 1410 585 et
1467 532 1720 586 inchoare
1772 531 1906 584 inci-

346 630 514 696 piant,
546 635 598 679 et
627 625 783 679 simul
830 639 945 677 esse
975 625 987 652 ¹
1021 624 1299 682 desinant,
1333 620 1459 673 dum
1486 622 1505 651 ¹
1532 619 1766 688 ejusdem
1814 635 1906 671 na-

352 730 500 771 turae
529 718 658 777 sint,
700 724 755 766 ut
799 712 1045 781 simplum
1097 713 1160 763 ad
1184 711 1205 741 ⁸
1235 710 1474 778 duplum,
1506 708 1906 778 subsesqualte-

352 822 466 860 ratu
497 806 560 857 ad
603 793 991 871 sesqualterum
1018 819 1031 866 ;
1074 811 1165 854 aut
1203 817 1298 869 per
1329 793 1692 870 negationem,
1718 810 1774 853 ut
1804 810 1905 862 est,

349 907 451 968 pan
465 901 578 955 est;
608 900 699 944 aut
726 907 821 960 per
845 890 1124 959 qualitates
1151 890 1449 953 naturales;
1477 904 1570 959 per
1588 889 1907 952 absentiam,

348 992 407 1038 ut
453 982 538 1034 lux
571 991 732 1050 atque
762 980 1038 1046 tenebrae;
1074 992 1163 1033 aut
1198 980 1487 1034 secundum
1531 978 1908 1047 privationem,

348 1086 407 1130 ut
436 1089 579 1128 mors
624 1083 678 1127 et
735 1073 876 1138 vita;
926 1081 1018 1125 aut
1056 1088 1151 1142 per
1191 1071 1516 1126 contrarium
1544 1111 1556 1135 ,
1602 1079 1659 1123 ut
1710 1069 1914 1123 sanitas

347 1178 400 1220 et
444 1165 804 1229 imberillitas,
848 1164 973 1236 [vox
1008 1173 1061 1217 et
1104 1161 1395 1232 silentium]
1424 1161 1465 1214 δ.
1520 1160 1662 1214 Haec
1692 1158 1914 1214 autem'

352 1259 452 1320 bis,
484 1272 621 1324 quae
649 1254 939 1309 intellectui
971 1253 1322 1308 succumbunt
1352 1261 1512 1320 atque
1542 1251 1738 1310 sensui,
1771 1257 1915 1302 recta

353 1347 555 1402 ratione
582 1347 966 1409 attribuuntur,
1000 1360 1061 1398 ac
1091 1359 1185 1412 per
1209 1343 1306 1397 hoc
1332 1345 1380 1396 in
1412 1343 1517 1395 Deo
1546 1357 1646 1396 non
1675 1348 1818 1394 sunt.
1844 1340 1916 1391 Ea

351 1440 565 1508 quippe,
596 1453 732 1505 quae
761 1454 787 1489 a
813 1436 1003 1504 seipsis
1032 1436 1354 1504 discrepant,
1394 1444 1610 1487 acterna
1657 1448 1776 1486 esse
1814 1448 1916 1484 non

352 1536 591 1597 possunt.
636 1526 691 1580 Si
731 1526 873 1579 enim
916 1533 1131 1577 aeterna
1166 1532 1366 1585 essent,
1398 1539 1425 1576 a
1468 1538 1524 1576 se
1556 1523 1781 1575 invicem
1814 1536 1918 1574 non

354 1620 734 1684 t.lS(‘l't‘pill'Clll.
783 1615 1085 1669 Aeternitas
1110 1615 1249 1668 enim
1273 1615 1352 1666 sui
1385 1613 1574 1667 similis
1599 1623 1698 1677 est,
1731 1623 1778 1665 et
1815 1621 1922 1665 tota

357 1727 450 1776 μιν
480 1719 666 1771 totum,
707 1708 759 1760 in
788 1707 959 1774 seipsa
993 1720 1093 1758 una
1120 1706 1341 1772 simplex
1390 1705 1764 1772 individuaque
1792 1704 1918 1757 sub-

2006 527 2215 595 videns,
2258 524 2301 578 si
2341 524 2463 585 Θεὸς
2509 524 2696 576 videns
2732 524 3135 590 interpretatur.
3184 517 3291 573 Sed
3344 520 3389 571 si
3426 518 3471 548 ¹⁷’
3505 517 3568 569 ad

2008 614 2167 667 aliam
2201 612 2463 681 originem
2519 610 2674 678 hujus
2704 611 2933 665 nominis
2966 623 3236 671 recurras,
3264 607 3339 663 ita
3385 614 3446 659 ut
3470 621 3571 659 non

2009 718 2039 757 a
2070 704 2230 756 verbo
2257 706 2445 776 θεωρῶ,
2467 700 2644 765 video,
2683 699 2777 753 sed
2804 715 2833 751 a
2856 699 3019 754 verbo
3061 700 3177 760 θέω,
3209 696 3258 750 id
3285 703 3367 749 est
3393 709 3568 757 curro,

2009 792 2152 856 Θεὸν,
2174 791 2358 853 Deum,
2392 789 2623 845 derivari
2665 787 2928 856 intelligas
2951 826 2966 848 .
3010 783 3160 839 adest
3191 784 3283 838 tibi
3329 783 3576 837 similiter

2012 883 2197 938 cariem
2231 881 2392 935 ratio.
2441 879 2572 933 Nam
2601 878 2839 933 currenti
2873 892 2977 930 non
3007 888 3232 933 currens
3261 872 3575 942 opponitur,

2019 974 2160 1026 sicut
2208 962 2430 1024 tarditas
2454 967 2733 1024 celeritati.
2766 966 2881 1021 Erit
2909 964 3071 1036 igitur
3100 964 3362 1034 ὑπέρϐιος,
3392 963 3445 1016 id
3473 972 3573 1028 est,

2012 1064 2292 1133 plusquam
2322 1075 2573 1137 currens,
2595 1060 2734 1113 sicut
2762 1058 3016 1126 scriptum
3042 1067 3152 1111 est:
3186 1056 3444 1112 Velociler
3462 1071 3580 1107 cur-

2016 1154 2080 1207 rit
2118 1167 2286 1205 sermo
2321 1151 2452 1219 ejus.
2506 1148 2636 1203 Nam
2669 1149 2770 1203 hoc
2798 1149 2863 1202 de
2899 1149 3007 1202 Deo
3036 1146 3232 1212 Verbo,
3263 1145 3406 1216 quod
3449 1142 3581 1198 inel-

2017 1241 2251 1296 l‘abiliter
2284 1254 2379 1308 per
2424 1239 2625 1302 omnia,
2674 1252 2811 1308 quae
2840 1245 2989 1301 sunt,
3020 1245 3077 1289 ut
3104 1235 3228 1298 sint,
3268 1235 3459 1298 currit,
3506 1234 3584 1287 in—

2025 1332 2333 1402 telligimus.
2363 1330 2562 1384 Eodem
2601 1328 2759 1381 modo
2786 1326 2853 1381 de
2880 1326 3104 1380 veritate
3134 1325 3374 1394 accipere
3421 1323 3583 1375 debe-

1976 1466 1979 1467 ν
2020 1437 2157 1475 inus.
2196 1419 2417 1473 Veritati
2470 1416 2665 1472 etenim
2705 1414 2915 1470 falsitas
2941 1414 3249 1484 opponitur,
3271 1429 3333 1467 ac
3362 1426 3460 1481 per
3484 1410 3585 1464 hoc

2021 1512 2234 1582 proprie
2280 1508 2482 1563 veritas
2530 1523 2634 1561 non
2685 1514 2807 1570 est;
2863 1505 3178 1581 ὑπεραληθής
3209 1503 3369 1571 igitur
3397 1510 3503 1565 est,
3532 1508 3588 1553 et

2020 1603 2357 1679 suamnam
2386 1600 2449 1663 ⁸³,
2481 1598 2760 1669 plusquam
2788 1611 2965 1661 verus,
2984 1606 3039 1651 et
3065 1596 3344 1665 plusquam
3369 1593 3585 1647 veritas.

2024 1692 2222 1744 Eadem
2264 1688 2402 1743 ratio
2431 1688 2486 1745 in
2533 1686 2781 1742 omnibus
2825 1685 3018 1740 divinis
3049 1683 3350 1737 nominibus
3401 1679 3590 1734 obser-

357 1800 512 1851 sistit.
552 1798 643 1851 Est
666 1797 928 1866 siquidem
954 1796 1191 1851 omnium
1226 1812 1389 1849 unum
1423 1796 1736 1863 principium
1760 1810 1921 1847 unus-

2037 1780 2194 1833 randa
2222 1791 2323 1834 est.
2351 1779 2465 1834 Non
2486 1779 2627 1833 enirn
2654 1777 2869 1847 proprie
2890 1777 3090 1831 dicitur
3109 1774 3430 1834 aeternitas,
3454 1786 3588 1839 quo-

358 1906 460 1955 que
496 1888 636 1949 linis,
682 1886 734 1940 in
781 1885 925 1939 nullo
969 1901 998 1939 a
1047 1886 1222 1954 seipso
1249 1885 1576 1953 discrepans.

435 1978 515 2029 14.
546 1976 742 2030 Eadem
793 1976 1001 2029 ratione
1048 1985 1389 2028 coaeternum
1442 1976 1547 2029 Deo
1603 1989 1743 2036 esse,
1786 1984 1924 2041 quod

361 2069 460 2121 sibi
486 2067 837 2121 roessentiale
860 2083 961 2120 tton
986 2066 1075 2127 sit,
1093 2066 1272 2120 nescio
1295 2067 1415 2134 quis
1436 2066 1922 2119 atnleatallirnme.

365 2157 497 2211 .‘xam
526 2159 568 2211 si
596 2160 696 2212 hoc
718 2156 941 2227 cngitari
985 2164 1076 2209 aut
1119 2155 1344 2208 inveniri
1388 2164 1579 2224 potest,
1626 2158 1928 2210 necessario

364 2248 622 2315 sequitur,
642 2261 744 2298 non
769 2259 885 2298 esse
908 2259 1070 2297 unum
1088 2243 1327 2297 omnium
1349 2244 1684 2312 principiun,
1713 2246 1802 2297 scd
1827 2245 1929 2298 duo

364 2335 623 2401 quaedam
653 2349 743 2387 seu
775 2334 948 2402 plura,
990 2331 1142 2404 longe
1184 2349 1210 2385 a
1253 2349 1309 2387 se
1343 2334 1568 2387 invicem
1611 2333 1926 2387 differentia.

366 2428 514 2489 Quod
543 2441 664 2479 vera
697 2424 829 2478 ratio
856 2426 971 2479 sine
1011 2425 1115 2478 ulla
1145 2425 1499 2478 haesitatione
1544 2440 1764 2479 renuere
1805 2440 1930 2477 ρου-

371 2518 561 2570 suevit.
587 2517 779 2570 Merito
804 2518 870 2569 ab
894 2532 998 2568 uno
1022 2517 1221 2576 omnia,
1239 2531 1267 2568 a
1292 2517 1498 2568 duobus
1520 2525 1696 2568 autem
1722 2516 1799 2567 vel
1823 2516 1929 2582 plu-

370 2612 519 2661 ribus
554 2608 685 2661 nihil
735 2622 851 2660 esse
889 2607 1124 2659 inchoat.
1174 2607 1309 2660 MAG.
1345 2606 1508 2659 Recte
1550 2607 1833 2674 disceptas,
1881 2615 1939 2658 ttt

371 2698 613 2752 aestimo.
637 2695 690 2750 Si
720 2696 878 2765 igitur
903 2694 1174 2762 praedicta
1197 2696 1373 2748 divina
1401 2696 1613 2749 nomina
1643 2695 1885 2764 opposita
1905 2710 1935 2748 e

374 2786 588 2863 regione
613 2784 711 2839 sibi
740 2785 840 2837 alia
866 2785 1076 2863 nomina
1105 2785 1414 2853 respiciunt,
1445 2786 1747 2838 necessario
1774 2785 1932 2838 etiam

375 2892 482 2939 res,
516 2889 653 2945 quae
706 2874 918 2944 proprie
973 2874 1050 2927 eis
1091 2874 1485 2943 signiﬁcantur,
1533 2875 1806 2944 Oppositus
1835 2875 1934 2928 sibi

376 2966 787 3019 eontrarietates
838 2964 1081 3019 obtinere
1144 2964 1526 3034 intelliguntur,
1578 2981 1641 3021 ac
1693 2978 1787 3033 per
1839 2963 1939 3017 hoc

378 3056 449 3124 de
480 3052 610 3120 Deo,
649 3054 734 3110 cui
776 3052 912 3111 nihil
947 3045 969 3078 ⁸
1028 3054 1328 3124 oppositum
1366 3055 1407 3115 ',
1452 3062 1544 3107 aut
1570 3069 1689 3107 cum
1721 3069 1828 3120 quo
1852 3068 1941 3106 co-

379 3142 722 3197 aeternaliter
750 3150 938 3195 natura
970 3139 1221 3194 dill‘erens
1263 3140 1392 3193 nihil
1428 3140 1448 3170 ⁸
1479 3141 1777 3208 inspicitur,
1812 3155 1936 3208 pro-

382 3230 494 3296 prie
521 3229 816 3296 praedicari
842 3243 945 3281 non
976 3239 1215 3294 possunt.
1250 3228 1648 3283 Praedictorum
1677 3228 1818 3282 enim
1849 3246 1943 3281 no-

387 3320 586 3370 minum
618 3317 953 3385 aliorumque
987 3316 1085 3370 sibi
1116 3317 1368 3371 similium
1408 3317 1608 3371 nullum
1650 3332 1773 3372 vera
1807 3319 1942 3370 ratio

386 3424 423 3460 ιη
446 3407 618 3473 perire
645 3414 840 3473 potest,
870 3406 953 3460 cui
980 3421 1082 3459 non
1108 3422 1175 3460 ex
1202 3406 1423 3461 adversa
1451 3415 1619 3474 parte,
1644 3415 1734 3460 aut
1761 3422 1942 3460 secum

388 3510 438 3547 tn
464 3494 656 3547 eodem
684 3509 903 3562 genere,
934 3492 1184 3569 dill‘erens
1227 3495 1389 3557 aliud,
1419 3496 1485 3551 ab
1516 3495 1630 3564 ipso
1666 3494 1944 3549 discedens

388 3601 579 3639 nomen
607 3601 711 3639 non
737 3586 1052 3655 reperiatur.
1078 3586 1144 3640 Et
1169 3587 1309 3654 quod
1341 3587 1395 3640 in
1421 3587 1726 3641 nominibus
1750 3602 1946 3656 cogno-

391 3676 611 3737 scimus,
652 3675 1035 3741 necessarium,
1090 3684 1147 3729 ut
1202 3676 1254 3728 in
1292 3675 1312 3712 ⁹
1361 3677 1445 3730 his
1487 3678 1668 3739 rebus,
1710 3690 1848 3745 quae
1879 3677 1947 3730 ab

389 3764 470 3818 cis
495 3764 882 3834 significantur,
907 3778 1313 3832 cognoscamus.
1331 3763 1435 3818 Sed
1459 3764 1708 3832 quoniam
1737 3765 1949 3818 divinae

392 3853 838 3924 signiﬁcationes,
870 3867 1006 3921 quae
1046 3853 1099 3906 in
1130 3866 1284 3907 sacra
1312 3850 1586 3920 Scriptura
1631 3867 1661 3905 a
1706 3860 1947 3905 creatura

394 3941 461 3996 ad
490 3942 798 4013 Creatorem
831 3940 1118 3995 translatae
1159 3940 1199 3972 ¹⁶
1251 3940 1318 3995 de
1346 3939 1454 3993 Deo
1481 3940 1877 4007 praedicantur,
1907 3939 1950 3992 si

396 4042 576 4087 tamen
608 4039 749 4085 recte
777 4031 972 4085 dicitur
1001 4028 1199 4099 aliquid
1223 4029 1288 4083 de
1312 4028 1421 4083 Deo
1444 4043 1600 4098 posse
1629 4029 1949 4096 praedicari,

395 4122 534 4192 quod
587 4120 691 4174 alio
738 4120 853 4174 loco
895 4119 1337 4173 considerandum
1390 4126 1492 4182 est,
1541 4118 1955 4172 innunterabiles

396 4222 542 4275 sunt,
572 4218 624 4264 et
651 4211 915 4278 parvitate
942 4216 1154 4263 nostrae
1179 4207 1605 4262 ratiocinationis
1630 4221 1728 4261 nec
1753 4208 1954 4261 inveni-

396 4303 461 4362 ri,
492 4315 588 4353 nec
617 4301 667 4354 in
699 4299 853 4353 simul
879 4297 1053 4368 colligi
1084 4306 1338 4367 possont,
1377 4312 1545 4367 pauca
1572 4308 1745 4352 tamen
1769 4312 1957 4350 exem-

395 4389 467 4456 pli
516 4389 684 4456 gratia
714 4388 892 4442 divina
933 4386 1185 4441 vocabula
1225 4386 1469 4455 ponenda
1508 4384 1658 4441 ‘sunt.
1717 4387 1956 4440 Essentia

398 4494 526 4548 ergo
547 4481 744 4533 dicitur
764 4481 934 4542 Deus,
969 4480 1062 4533 sed
1095 4479 1306 4548 praprie
1340 4480 1571 4537 essentia
1605 4458 1711 4533 non
1742 4488 1845 4546 est,
1874 4479 1957 4531 cui

400 4569 685 4637 opponitur
714 4568 879 4634 nihil;
909 4570 1212 4642 ὑπερούσιος
1249 4568 1412 4638 igitur
1434 4578 1534 4630 est,
1573 4570 1622 4622 id
1646 4579 1748 4633 est,
1779 4584 1961 4637 super-

398 4659 720 4715 essentialis.
750 4659 879 4721 Item
926 4661 1137 4715 bonitas
1189 4662 1400 4726 dicitur,
1433 4661 1524 4714 sed
1575 4662 1787 4730 proprie
1807 4661 1961 4714 boni-

404 4760 487 4804 tas
549 4765 652 4803 non
700 4756 822 4814 est;
877 4749 1100 4812 bonitati
1159 4751 1302 4804 enim
1363 4751 1562 4804 malitia
1633 4750 1960 4819 opponitur;

402 4842 718 4917 ὑπεράγαθος
736 4841 913 4911 igitur,
929 4841 1210 4911 plusquam
1226 4845 1416 4919 bonus,
1430 4842 1877 4914 θιύπεραιγαθότης
1898 4841 1960 4903 ¹¹,

405 4930 458 4985 ω
485 4940 586 4993 est,
626 4929 903 4999 plusquam
944 4930 1173 4985 bonitas.
1222 4930 1362 4983 Deus
1409 4929 1624 4991 dicitur,
1668 4929 1759 4983 sed
1797 4930 1837 4969 ’³
1861 4945 1965 4982 non

402 5020 619 5093 proprie
650 5018 789 5074 Deus
819 5029 933 5084 est;
977 5019 1168 5076 visioni
1211 5020 1353 5073 enim
1381 5018 1612 5072 caecitas
1659 5017 1964 5087 opponitur,

2027 1873 2167 1927 niam
2196 1871 2498 1925 aeternitati
2524 1868 2892 1938 temporalitas
2909 1866 3229 1935 opponitur;
3257 1865 3593 1939 ὑπεραιῶνιος

2028 1965 2190 2032 igitur
2236 1971 2341 2025 est,
2386 1970 2440 2015 et
2469 1961 2784 2033 ὗπεραιωνία
2808 1958 2874 2022 ’⁸,
2920 1957 3199 2027 plusquam
3237 1962 3510 2015 aeternus,
3542 1961 3596 2011 et

2032 2055 2316 2124 plusquam
2356 2052 2661 2108 aeternitas.
2692 2052 2768 2105 De
2797 2043 3055 2117 sapientia
3085 2060 3296 2114 quoque
3322 2043 3466 2097 nulla
3489 2042 3592 2099 alia

2029 2145 2264 2203 occurrit
2284 2143 2438 2205 ratio,
2462 2143 2685 2209 ideoque
2711 2139 2924 2208 proprie
2948 2137 3013 2191 de
3034 2136 3142 2190 Deo
3165 2131 3462 2204 praedicari
3489 2144 3596 2188 non

2035 2247 2118 2291 est
2165 2234 2549 2295 arbitratuhnn,
2598 2230 2847 2299 quoniam
2878 2226 3171 2296 sapientiae
3208 2224 3245 2255 "
3278 2231 3335 2276 et
3365 2217 3596 2289 sapienti

2042 2329 2301 2397 insipiens
2374 2334 2428 2378 et
2497 2322 2796 2392 insipientia
2861 2319 2904 2351 ¹⁸
2975 2321 3319 2386 Oppugnant;
3366 2309 3598 2380 proinde

2031 2425 2331 2494 ὑπέρσοφος,
2364 2417 2413 2469 id
2460 2425 2562 2477 cst,
2611 2414 2888 2480 plusquam
2924 2409 3160 2478 sapiens,
3189 2414 3242 2460 et
3281 2402 3596 2476 ὑπιρσοφία,

2036 2490 2319 2580 plusquam
2356 2505 2637 2574 sapientia,
2675 2514 2815 2556 recte
2841 2514 3068 2567 vereque
3091 2496 3309 2551 dicitur.
3337 2490 3601 2546 Similiter

2038 2599 2320 2668 plusquam
2352 2596 2454 2647 vita
2500 2602 2602 2656 est,
2650 2591 2912 2659 siquidem
2944 2590 3083 2643 vitae
3109 2601 3254 2641 mors
3285 2582 3597 2653 opponitur.

2037 2692 2235 2745 Eodem
2275 2687 2432 2741 modo
2462 2685 2527 2738 de
2572 2682 2687 2735 luce
2741 2679 3138 2749 intelligendum
3189 2684 3308 2737 est;
3341 2687 3465 2727 nam
3496 2670 3603 2723 luci

2040 2776 2290 2832 teneb'ae
2317 2776 2550 2827 obstant.
2584 2771 2876 2833 Hactenus,
2904 2778 2963 2820 ut
2985 2766 3234 2825 arbitror,
3261 2761 3431 2815 dehis
3456 2756 3605 2811 solli—

2039 2870 2241 2920 cicttler
2270 2866 2468 2917 dictum
2508 2871 2608 2915 est.
2641 2861 2783 2914 Disc.
2813 2856 2973 2924 Atqui
3002 2852 3294 2913 fatendum.
3328 2849 3606 2932 satiscsse

2041 2957 2263 3011 dictum.
2290 2951 2423 3006 Nam
2454 2950 2519 3006 de
2547 2950 2740 3005 talibus
2774 2959 3129 3016 quaecunque
3151 2940 3450 2997 necessaria
3478 2949 3609 2992 Sunt

2044 3042 2278 3113 proferri
2296 3048 2514 3111 propter
2540 3052 2624 3102 ea,
2650 3050 2785 3104 quae
2814 3030 3077 3104 praesenti
3114 3027 3323 3097 negotio
3352 3025 3395 3056 η
3427 3025 3614 3113 dispu-

2049 3112 2209 3186 tanda
2249 3140 2391 3193 sunt,
2420 3143 2561 3183 nunc
2600 3135 2817 3180 nostrae
2846 3118 3248 3189 disceptationis
3273 3112 3611 3183 propositum

2043 3242 2148 3278 non
2205 3221 2457 3276 admittit.
2501 3217 2631 3271 Redi
2683 3216 2862 3285 igitur,
2914 3212 2956 3266 si
3015 3209 3205 3279 placet,
3230 3206 3296 3258 ad
3345 3202 3609 3256 denariae

2043 3311 2358 3382 quantitatis
2383 3308 2773 3377 categoriarum
2806 3299 3304 3357 considerationem.
3347 3292 3485 3347 Mite.
3522 3288 3617 3343 ltt‘.

2045 3379 2300 3454 tantiouis
2331 3406 2453 3453 tuae
2480 3410 2722 3456 acumen,
2750 3406 2888 3462 quae
2914 3390 3088 3448 adhuc
3114 3385 3399 3442 admodum
3427 3379 3614 3451 pervi-

2051 3493 2126 3562 gil
2155 3491 2449 3550 videbatur,
2496 3486 2749 3542 admiror.
2799 3482 2940 3538 Dtsc.
2984 3479 3153 3544 Unde,
3179 3489 3401 3546 quaeso,
3428 3471 3620 3543 dicas?

2036 3561 2188 3636 illis.
2221 3570 2406 3635 Nonne
2438 3578 2690 3641 diximus,
2743 3572 2883 3643 quod
2934 3568 3216 3625 inel'l‘abilis
3243 3574 3435 3619 natura
3467 3561 3621 3614 nullo

2050 3673 2232 3735 verbo,
2256 3671 2397 3724 nullo
2429 3669 2663 3730 nomine,
2696 3679 2789 3719 seu
2814 3662 2992 3730 aliquo
3013 3656 3248 3713 sensibili
3278 3667 3438 3714 sono,
3463 3649 3619 3703 nulla

2051 3780 2112 3818 re
2132 3761 2426 3833 signiﬁcata
2466 3758 2680 3831 proprie
2720 3755 2892 3824 possit
2930 3747 3257 3820 signiﬁcari?
3286 3746 3351 3798 Et
3381 3744 3488 3796 hoc
3526 3743 3623 3795 de-

2052 3855 2197 3909 disti.
2230 3852 2344 3907 Non
2384 3851 2526 3904 enim
2568 3846 2802 3917 proprie,
2831 3844 2923 3899 sed
2972 3838 3286 3901 translative
3311 3834 3515 3888 dicitur
3536 3846 3625 3884 es-

2053 3946 2247 4008 sentia,
2272 3943 2488 4000 veritas,
2534 3936 2818 4008 sapientia,
2839 3944 3124 4000 ceteraque
3156 3922 3497 3994 huiusmodi;
3529 3918 3624 3975 sed

2056 4031 2535 4104 superessentialis,
2594 4028 2876 4097 plusquam
2933 4021 3151 4082 veritas,
3206 4016 3493 4086 plusquam
3539 4026 3627 4104 sa:

2058 4099 2279 4191 pientia,
2307 4130 2361 4175 ct
2401 4118 2591 4173 similia
2633 4115 2845 4169 dicitur.
2877 4111 2982 4191 Sed
3011 4121 3185 4163 nonne
3211 4112 3265 4159 et
3288 4103 3427 4161 haec
3465 4099 3626 4168 quasi

2058 4189 2320 4280 quaedam
2365 4207 2577 4278 prepria
2609 4204 2824 4258 nomina
2857 4190 3105 4255 videntur
3132 4210 3273 4259 esse,
3310 4192 3353 4245 si
3385 4189 3627 4245 essentia

2061 4277 2276 4371 proprie
2302 4313 2406 4352 non
2434 4296 2653 4358 dicitur,
2683 4287 3142 4362 superessentialis
3171 4293 3347 4338 autem
3371 4277 3635 4349 proprie?

2065 4389 2323 4445 Similiter
2355 4387 2400 4441 si
2432 4386 2628 4438 veritas
2657 4397 2748 4437 seu
2793 4379 3053 4450 sapientia
3083 4376 3295 4447 proprie
3321 4387 3431 4427 non
3466 4385 3631 4424 voca-

2064 4493 2171 4540 tur,
2191 4477 2307 4547 plus
2328 4490 2625 4543 veroquam
2658 4473 2856 4526 veritas
2884 4471 2951 4535 ³ο,
2981 4478 3035 4523 et
3058 4468 3332 4537 plusquam
3359 4460 3636 4531 sapientia

2063 4568 2277 4641 proprie
2292 4566 2486 4621 dicitur
2506 4564 2578 4616 “‘3
2593 4561 2706 4617 Non
2728 4575 2856 4630 ergo
2868 4559 3097 4630 propriis
3118 4554 3420 4612 nominibus
3444 4558 3641 4611 caret;
3676 4548 3693 4560 ‘

2064 4661 2197 4714 haec
2220 4658 2361 4711 cnim
2393 4655 2627 4718 nomina,
2667 4652 2908 4722 quamvis
2946 4650 3083 4719 apud
3116 4647 3332 4701 Latinos
3359 4642 3467 4697 sub
3524 4657 3637 4697 uno

2068 4754 2311 4807 accentu,
2351 4744 2555 4811 subque
2579 4756 2682 4794 una
2704 4740 2747 4770 ²¹
2770 4736 3170 4807 compositionis
3200 4731 3485 4787 harmonia
3522 4731 3641 4785 usi.

2071 4845 2181 4890 tate
2209 4850 2313 4888 non
2358 4831 2716 4903 proferantur,
2766 4836 2990 4896 excepto
3028 4839 3091 4879 eo
3120 4823 3333 4879 nomine
3363 4821 3519 4888 quod
3560 4826 3649 4873 est

2072 4921 2551 4995 superessentialis,
2596 4935 2625 4974 a
2655 4918 2877 4972 Graecis
2917 4925 3091 4968 tamen
3135 4912 3234 4967 sub
3289 4923 3395 4964 uno
3447 4918 3650 4963 tenore

2074 5016 2368 5087 composita
2400 5012 2838 5083 pronunciantur:
2870 5008 3149 5076 Nunquam
3188 5005 3352 5067 enim,
3406 5014 3511 5056 aut
3559 5002 3651 5055 vix

1667 5174 1918 5230 \‘ABIAE
1951 5168 2347 5239 LECTIONES.

485 5318 558 5369 ‘A
592 5332 699 5369 esse
721 5313 874 5367 simul
970 5313 989 5340 ’
1032 5311 1121 5363 Sic
1146 5308 1313 5371 CDE;
1348 5306 1386 5359 Α
1412 5309 1533 5363 sive.

414 5387 504 5438 nil.
581 5388 600 5416 '
629 5386 667 5437 Α
718 5396 790 5436 est
832 5382 1152 5450 oppositum.

485 5455 526 5485 "
553 5454 642 5506 sed
670 5469 776 5506 out.
808 5447 879 5503 Α(
948 5452 989 5481 ’³
1021 5448 1194 5514 Igitur
1240 5463 1347 5501 om.
1382 5447 1445 5499 A.

412 5524 722 5590 νπςραληθης
753 5561 786 5572 ..
834 5513 1159 5590 eripui-qam.
1187 5519 1227 5570 A
1247 5516 1406 5590 addit
1446 5515 1499 5590 id
1518 5525 1616 5590 est
1648 5513 2076 5590 plusquam-Acrem
2126 5513 2340 5590 ‘tfnSitc
2369 5513 2531 5590 tum;
2563 5513 2606 5555 Α
2634 5513 2782 5555 autut
2808 5518 2846 5590 tu

935 5576 1013 5636 Ἀ
1035 5574 1280 5636 sanienti.
1359 5586 1402 5616 '“
1438 5585 1475 5636 Λ
1511 5574 1842 5636 insanierunt.
1924 5577 1963 5610 ¹⁹
1996 5578 2085 5631 Sic
2115 5574 2276 5634 ADE;
2302 5574 2340 5626 C
2364 5574 2565 5636 negotio
2592 5574 2867 5636 praesenti.

415 5583 574 5651 (illiti;
607 5593 642 5640 Α
686 5583 1288 5658 quonimn'eIsapienti.
1359 5583 1842 5658 ':_A__iusapi_entiu.

1229 5308 1313 5371 Ἐς
1348 5306 1386 5359 A
1412 5309 1533 5363 sive.
1611 5306 1632 5337 ⁸
1664 5306 1756 5360 Sic
1781 5303 1949 5367 CDE;
1981 5302 2021 5355 A
2061 5311 2130 5354 et.
2204 5302 2226 5330 ⁸
2259 5302 2371 5351 Vox
2414 5309 2462 5349 et
2507 5302 2770 5350 silentium
2802 5310 2910 5347 om.
2942 5302 3091 5347 L‘Uls‘.
3170 5302 3191 5322 '
3217 5302 3255 5344 Α
3289 5304 3454 5341 enim.
3557 5302 3580 5317 ·
3617 5302 3657 5343 1-.

1229 5378 1251 5411 ⁸
1279 5377 1366 5431 DE
1412 5377 1503 5429 nil.
1579 5375 1600 5407 ³
1624 5374 1715 5429 Sic
1763 5374 1923 5437 CDE;
1954 5372 1999 5425 A
2026 5371 2109 5423 de.
2186 5368 2229 5400 "
2251 5369 2328 5423 sic
2350 5366 2525 5437 CDE;
2568 5365 2641 5437 AA
2660 5363 2876 5437 relatae.
2953 5361 3146 5437 “lZDE
3190 5360 3657 5437 ὑπεραχαθξιτητξῖ

1525 5444 1567 5477 ιι
1596 5428 1673 5500 sic
1698 5443 1858 5506 eos;
1882 5428 1973 5503 ςἐξ
2019 5454 2129 5493 om.
2176 5437 2238 5490 A.
2316 5437 2360 5468 "
2383 5433 2645 5506 8.590;-0
2674 5434 2976 5506 ὑπερᾳληθες
3001 5433 3037 5506 ξε
3064 5448 3111 5483 ε.
3140 5448 3185 5482 e.
3217 5428 3540 5506 ὐπὲραληθξει
3567 5428 3661 5506 ,ηις

2204 5299 2226 5330 ⁸
2259 5296 2371 5351 Vox
2414 5309 2462 5349 et
2507 5295 2770 5350 silentium
2802 5310 2910 5347 om.
2942 5293 3091 5347 CDE.
3170 5292 3191 5322 ⁵
3217 5292 3255 5344 Α
3289 5288 3454 5341 ettim.
3557 5290 3580 5317 ⁶
3615 5290 3657 5343 Ε

2316 5437 2360 5468 ’⁸
2383 5435 2472 5489 Sic
2501 5435 2573 5495 D;
2604 5433 2645 5488 C
2674 5434 2976 5511 tirrrpaimdsc
3001 5433 3037 5483 ἱ.
3064 5448 3111 5483 e.
3140 5448 3185 5482 ε.
3217 5426 3540 5500 adpulsam
3567 5468 3581 5489 ,
3613 5428 3664 5507 ,Ιί-

2316 5521 2340 5551 n
2369 5504 2529 5551 CDE:
2563 5503 2606 5551 A
2634 5502 2782 5551 addit
2808 5502 2860 5551 id
2895 5512 2968 5551 es!
2990 5500 3266 5551 nlusnuant
3292 5506 3399 5551 cet.
3485 5496 3530 5529 ⁸⁷
3566 5498 3667 5551 Sic

2156 5507 2198 5539 “‘
2251 5505 2340 5559 Sic
2369 5504 2529 5567 CDE;
2563 5503 2606 5555 A
2634 5500 2785 5555 adtlit'
2808 5502 2860 5553 id
2895 5512 2968 5554 es!
2990 5500 3266 5569 plusquam
3292 5506 3399 5553 ret.
3485 5500 3530 5529 "
3566 5500 3665 5551 Sic

2164 5574 2276 5634 DE;
2302 5574 2340 5626 C
2364 5574 2565 5635 negotio
2592 5572 2867 5635 praesenti.
2941 5570 2985 5601 ὀ
3017 5570 3107 5621 Sic
3128 5567 3242 5629 (1E;
3274 5567 3335 5617 Α.
3363 5564 3665 5635 plusquam

3060 5584 3107 5621 tc
3128 5582 3242 5629 tua;
3274 5582 3335 5617 Α.
3363 5582 3665 5635 ptusque»;

366 5702 377 5715 ί
416 5639 763 5737 γλέςῆέιξιιαῖο.
841 5660 881 5687 ¹¹
908 5639 1225 5710 dicitur'otu.
1254 5657 1292 5709 (Σ
1319 5672 1330 5718 ς
1370 5639 1948 5708 δίηιὶίὶιινν’δί-(Ιὲεὶιιιν
1974 5665 2079 5702 out.
2108 5646 2168 5699 l).
2246 5645 2289 5674 “
2314 5642 2402 5697 Sic
2425 5639 2538 5705 CE;
2569 5640 2610 5695 A
2634 5639 2725 5692 sub
2759 5656 2904 5705 una;
2933 5640 2975 5692 D
2996 5639 3088 5693 sub
3113 5652 3331 5705 unoque.
