3904 6148
311 258 413 321 463
1678 250 1793 305 10A
1803 248 1853 302 NL

2044 247 2189 303 con
3426 256 3540 309 tot
3566 240 3586 249 ‘

315 366 444 419 litim
485 379 658 418 rerum
692 363 1025 420 discretionis
1077 366 1342 429 repertor,
1387 357 1621 411 omnium
1676 371 1872 413 rerum.
1908 356 1949 414 Α
1979 357 2300 425 signiﬁcare.
2322 354 2449 407 Nam
2472 355 2515 407 si
2538 353 2948 409 sublimissimae
2969 359 3272 405 naturarum
3292 346 3539 405 omnium

318 472 453 526 quae
488 466 604 525 post
635 457 797 510 Deum
818 464 959 514 sttnt,
992 463 1045 508 et
1074 452 1140 505 ab
1168 466 1233 505 eo
1257 458 1489 515 creatae,
1520 450 1535 479 ¹
1570 450 1880 502 innumera-
1979 456 2227 516 posteam
2245 447 2608 499 ordmatarnm
2639 452 2851 497 creatae
2877 456 3092 503 causae,
3119 439 3350 507 solisque
3368 450 3547 507 purae

319 548 455 602 biles
501 547 787 600 varietates
817 546 868 598 itt
914 545 1095 597 decem
1149 540 1540 595 universalibus
1594 537 1877 607 generibus
1978 537 2171 591 mentis
2189 535 2491 604 aspectibus
2520 534 2853 604 perspicuae,
2871 533 2938 585 ab
2955 545 3057 584 una
3091 529 3325 583 omnium
3353 523 3548 580 ineffa-

322 636 602 698 ronclusit,
645 649 780 702 quae
822 633 1004 685 decem
1033 631 1350 700 categorias,
1378 630 1428 682 id
1456 636 1560 691 est,
1603 628 1879 696 praedica—
1977 628 2066 681 bili
2102 643 2261 682 causa
2291 613 2606 680 excellentia
2638 624 2902 679 essentiae
2943 624 3277 681 deseruntur,
3309 629 3367 672 ttt
3394 615 3550 670 nullo

322 735 498 780 menta
524 724 749 778 vocavit.
782 721 924 775 Niltil
947 722 1111 784 enim,
1136 729 1194 773 ut
1222 721 1271 773 ei
1303 720 1474 772 visum
1520 720 1561 782 ’,
1602 718 1652 770 in
1693 717 1875 770 multi-
1979 719 2136 771 tttodo
2161 732 2343 770 carum
2375 714 2644 769 vocabulis
2679 730 2739 767 ca
2765 712 2978 782 proprie
3007 712 3173 782 possit
3203 707 3501 775 signiﬁcari
3530 723 3547 759 :

323 814 504 867 tudine
546 821 849 886 creatarum
878 810 1371 878 rerum,variisque
1401 810 1696 865 animorum
1722 809 1881 861 ntoti-
1977 807 2102 876 quid
2148 805 2431 859 dicendum
2480 814 2562 858 est
2608 805 2675 858 de
2721 804 2805 858 bis
2850 804 3033 857 decem
3064 800 3349 869 generibus
3378 811 3551 867 prae-

324 906 421 958 bus
449 903 672 957 inveniri
703 910 901 971 potest,
927 900 1066 969 quod
1090 902 1142 955 in
1172 900 1349 969 aliqua
1371 900 1761 968 praedictorum
1788 914 1881 967 gc-
1978 897 2301 964 dictis,quae
2322 910 2424 947 non
2448 893 2617 947 solum
2640 893 2691 945 in
2717 893 2876 947 rebus
2893 888 3330 957 intelligibilibus,
3352 900 3553 939 verum

326 1008 510 1048 nerum
533 991 731 1046 includi
764 991 1081 1065 nonpossit.
1114 990 1256 1043 llaec
1284 997 1462 1042 autem
1488 1005 1516 1041 a
1537 987 1759 1043 Graecis
1784 1002 1879 1037 vo—
1977 988 2136 1041 etiam
2170 987 2220 1038 in
2255 987 2410 1039 rebus
2456 984 2800 1039 sensibilibus
2829 980 3245 1051 dignoscantur?
3274 976 3557 1046 Numquid

324 1094 516 1137 cantur
541 1085 708 1146 οὐσία,
730 1082 970 1141 ποσὸτης,
988 1080 1193 1139 ποιότης
1215 1079 1260 1141 ³,
1284 1079 1409 1154 πρὸς
1430 1102 1497 1139 τι,
1526 1080 1733 1132 κεῖσθαι.
1757 1076 1866 1138 ἕξις-ι

2018 1074 2232 1129 redibile
2271 1083 2375 1135 est,
2415 1082 2473 1127 ιιι
2517 1088 2643 1126 vere
2688 1088 2752 1125 ac
2780 1071 2996 1140 proprie
3044 1070 3111 1123 de
3159 1068 3334 1123 divina
3384 1076 3560 1133 atque

325 1171 497 1235 τόπος,
547 1171 756 1243 χρόνος,
807 1172 1069 1244 πράττειν,
1096 1169 1284 1223 παθεῖν.
1320 1167 1467 1232 Quae
1510 1164 1763 1218 latittliter
1798 1164 1867 1217 di-

2022 1163 2229 1217 tell'ahili
2270 1174 2456 1216 natura
2506 1177 2632 1227 prae
2653 1161 2914 1216 iicentur?
2947 1162 2985 1192 ”
3026 1161 3172 1215 Dtsc.
3209 1159 3284 1212 Ita
3313 1158 3562 1213 arbitror

324 1272 518 1319 cuntur
573 1261 813 1324 essentia,
848 1261 1132 1330 quantitas,
1175 1258 1421 1327 qualitas,
1449 1257 1518 1311 ad
1561 1257 1777 1325 aliquid,
1810 1256 1881 1309 εἰ·
1982 1254 2292 1308 incredibile
2317 1268 2456 1307 esse.
2505 1251 2620 1306 Non
2659 1261 2741 1305 est
2783 1253 2944 1322 igitur
2968 1253 3132 1314 οὐσία,
3161 1250 3285 1319 quia
3313 1249 3438 1317 plus
3469 1256 3565 1303 est

325 1361 428 1413 tus,
459 1350 685 1415 habitus,
714 1350 880 1413 locus,
910 1359 1131 1416 tempus,
1162 1364 1329 1418 agere,
1378 1348 1507 1415 pati.
1559 1345 1758 1401 Horum
1790 1359 1888 1396 att-.
1983 1361 2142 1415 quam
2172 1347 2351 1406 υύσίας
2400 1352 2453 1396 et
2496 1354 2673 1397 tamen
2716 1342 2908 1395 dicitur
2952 1343 3119 1402 οὐσία,
3151 1340 3271 1409 quia
3303 1338 3561 1392 omnium

329 1448 431 1493 teut
476 1438 661 1491 decem
712 1451 966 1506 generum
1000 1434 1441 1489 innumerabiles
1497 1432 1886 1488 subdivisiones
1982 1438 2182 1496 οἶλσιῶν,
2214 1432 2265 1486 id
2313 1440 2395 1485 est
2424 1432 2467 1463 “
2494 1430 3123 1493 essentiarnm,crcatrix
3171 1436 3267 1480 est.
3298 1426 3414 1480 Non
3473 1435 3566 1480 est

328 1536 474 1590 sunt,
523 1525 590 1579 de
636 1524 829 1594 quibus
871 1540 1012 1579 nunc
1052 1524 1321 1593 disputare
1345 1536 1597 1592 praesens
1620 1520 1886 1589 negotium
1985 1525 2253 1593 quantitas
2298 1522 2361 1585 ¹⁸,
2410 1522 2532 1591 quia
2576 1520 2693 1588 plus
2718 1535 2876 1588 quam
2904 1518 3174 1587 quantitas
3207 1527 3305 1571 est.
3359 1516 3567 1571 Omnis

322 1630 433 1669 non
478 1614 730 1679 admittit,
767 1628 835 1669 ne
890 1614 1100 1683 longius
1134 1627 1164 1665 a
1216 1611 1489 1682 proposito
1552 1611 1885 1672 recedamus.
1986 1615 2127 1668 enim
2153 1613 2421 1681 quantitas
2447 1612 2616 1665 trilms
2646 1609 2832 1676 spatiis
2870 1607 3193 1669 extenditur,
3222 1606 3570 1675 longitudine

330 1705 642 1773 praesertim
682 1720 801 1760 cum
833 1705 922 1760 illa
952 1720 1077 1774 pars
1104 1702 1488 1775 philosophiae,
1529 1716 1667 1771 quae
1694 1701 1888 1755 dicitur
1915 1689 1961 1749 B
1986 1702 2198 1771 quidem
2223 1741 2239 1764 ,
2284 1701 2562 1754 latitudine
2582 1739 2595 1759 ,
2635 1698 2929 1751 altitudine.
2969 1701 3118 1762 Quae
3147 1694 3335 1747 iterum
3374 1693 3421 1724 "
3455 1693 3566 1745 tria

333 1795 633 1858 dialectica,
671 1796 814 1849 circa
844 1796 1038 1850 borum
1066 1808 1320 1865 generum
1351 1792 1641 1847 divisiones
1667 1806 1696 1844 a
1725 1804 1888 1859 gene—
1990 1790 2158 1859 spatia
2183 1788 2395 1843 senario
2424 1785 2815 1856 protenduntur
2846 1797 3089 1838 numero.
3117 1780 3247 1835 Nam
3276 1780 3573 1850 longitudo

336 1883 615 1938 ralissiutis
642 1885 708 1939 ad
739 1884 1144 1953 specialissima,
1171 1884 1469 1952 iterumque
1509 1881 1891 1937 collectiones‘
1990 1894 2203 1934 sursum
2247 1886 2303 1931 et
2344 1877 2625 1939 deorsum;
2676 1873 2898 1926 latitudo
2944 1872 3279 1929 deXtrorsum
3325 1878 3383 1922 et
3428 1868 3602 1938 sini-5

333 1989 361 2026 a
393 1973 793 2041 specialissimis
820 1975 885 2028 ad
914 1972 1311 2042 generalissima
1341 1979 1587 2026 versetur
1607 1971 1650 2024 ⁸.
1990 1977 2279 2031 strorsum;
2310 1965 2533 2019 altitudo
2563 1972 2687 2017 ante
2711 1971 2765 2016 et
2791 1971 2933 2015 retro
2960 1960 3290 2030 protenditur
3316 1957 3386 2009 “.
3416 1957 3575 2010 Deus

407 2065 493 2118 15.
555 2064 683 2127 Sed,
718 2073 780 2119 ut
816 2065 892 2119 ait
929 2072 1147 2119 sanctus
1186 2072 1341 2132 pater
1368 2062 1700 2133 Augustinus
1728 2061 1781 2116 in
1827 2060 1894 2115 li-
1992 2066 2169 2112 autem
2200 2056 2345 2111 omni
2388 2054 2560 2124 spatio
2606 2059 2774 2107 caret.
2820 2052 2983 2106 Caret
3030 2049 3189 2120 igitur
3231 2047 3578 2117 quantitate.

337 2155 449 2209 bris
495 2154 561 2208 de
612 2154 893 2219 Trinitate,
951 2154 1095 2229 dunt
1130 2154 1195 2207 ad
1225 2153 1248 2186 ⁸
1275 2153 1615 2223 theologiam,
1642 2153 1742 2207 hoc
1788 2160 1891 2218 est,
1990 2148 2120 2202 ltem
2151 2145 2422 2215 quantitas
2461 2141 2608 2215 [est]
2652 2142 2760 2195 “in
2792 2153 3018 2194 numero
3045 2137 3296 2208 partium,
3333 2144 3424 2187 aut
3466 2150 3578 2187 tta-

336 2246 405 2299 ad
444 2242 657 2299 divinae
712 2244 979 2298 essentiae
1041 2225 1499 2312 investigationem
1556 2242 1894 2311 pervenitur,
1995 2237 2235 2291 turaliter
2277 2233 2710 2301 conjunctarum,
2752 2239 2812 2284 ut
2838 2237 2921 2284 est
2945 2228 3081 2283 linea
3114 2236 3204 2280 aut
3232 2225 3273 2257 "
3304 2234 3572 2293 tempus.

339 2333 725 2403 categoriarum
777 2332 947 2387 virtus
988 2331 1207 2386 omnino
1250 2330 1598 2399 extinguitur.
1649 2329 1778 2383 Nam
1844 2331 1894 2382 in
1996 2336 2085 2382 aut
2117 2324 2435 2383 naturaliter
2473 2321 2891 2389 disjnnctarum,
2931 2325 2989 2370 ιιι
3025 2324 3149 2371 sunt
3191 2314 3422 2377 muneri,
3475 2328 3580 2367 seu

340 2422 470 2492 ipsis
499 2423 706 2476 naturis
731 2437 761 2475 a
792 2422 903 2477 Deo
929 2421 1184 2482 conditis,
1214 2420 1553 2488 motibusque
1580 2435 1786 2482 earum,
1809 2434 1897 2473 ca-
1997 2415 2300 2487 corporalcs
2323 2454 2339 2478 ,
2386 2429 2481 2468 seu
2518 2409 2894 2479 intelligibiles.
2935 2406 3123 2459 Divina
3172 2403 3214 2434 ¹³
3261 2403 3584 2456 substantia

344 2512 581 2581 tegoriae
615 2512 1002 2581 qualiscunque
1030 2511 1099 2566 sit
1135 2509 1390 2579 potentia.
1424 2509 1715 2577 praevalet.
1749 2508 1804 2561 In
1835 2524 1898 2563 ea
2000 2523 2097 2563 nec
2140 2505 2407 2561 continuis
2471 2500 2712 2570 partibus
2757 2494 3132 2564 componitur,
3187 2506 3284 2544 nec
3328 2488 3586 2544 diriditis

342 2579 467 2656 vero
493 2579 705 2665 natura,
736 2615 873 2669 quae
912 2579 1009 2654 nec
1038 2600 1162 2662 dici,
1192 2612 1291 2654 nec
1321 2598 1549 2668 intelligi
1570 2606 1765 2667 potest,
1805 2614 1899 2667 per
1998 2594 2360 2665 distinguitur.
2415 2590 2529 2645 Non
2574 2598 2656 2644 est
2704 2587 2867 2657 igitur
2925 2583 3213 2654 quantitas.
3275 2579 3587 2646 Quantitas

342 2694 517 2748 omnia
543 2694 593 2746 in
615 2694 862 2748 omnibus
892 2692 1088 2746 deficit.
1113 2690 1383 2755 Attamen,
1416 2701 1475 2746 ut
1501 2689 1859 2759 praediximus
1883 2730 1898 2747 .
2003 2693 2179 2738 tamen
2231 2696 2336 2736 non
2385 2679 2673 2746 incongrue
2720 2672 3096 2727 denominatur
3130 2669 3335 2723 duobus
3368 2669 3586 2728 modis,

344 2782 791 2850 quemadmodum
843 2780 954 2836 fere
982 2780 1185 2845 omnia,
1223 2794 1361 2850 quae
1412 2756 1726 2836 tle—natura
1775 2794 1902 2835 con-
2003 2782 2095 2826 aut
2135 2772 2256 2840 quia
2305 2767 2573 2837 quantitas
2620 2776 2778 2831 saepe
2816 2773 2912 2829 pro
2941 2757 3304 2828 magnitudine
3348 2756 3593 2809 virtutis

343 2843 574 2922 ditarum
606 2883 783 2941 rerum
831 2869 1047 2939 preprie
1082 2843 1475 2938 praedicantur,
1522 2867 1588 2922 de
1615 2864 1898 2920 conditore
2002 2862 2238 2932 ponitur,
2279 2866 2369 2910 aut
2396 2855 2519 2925 quia
2553 2852 2714 2906 totius
2752 2845 3068 2919 quantitatis
3115 2843 3441 2941 principium
3498 2852 3592 2893 est

346 2962 524 3019 rerum
550 2975 647 3032 per
688 2925 1055 3029 metaphoram
1073 2925 1098 3022 ,⁸
1123 2956 1456 3027 signiﬁcandi
1488 2956 1681 3027 gratia,
1714 2956 1900 3010 dicun-
1932 3013 1974 3032 η
2002 2925 2061 3007 et
2085 2944 2263 3007 causa.
2308 2945 2384 3001 De
2408 2943 2662 3014 qualitate
2700 2951 2910 3032 quoque
2944 2949 3048 2988 non
3084 2932 3235 3032 alit-ur
3270 2925 3592 3032 intellig-rt-

348 3060 466 3106 tur:
534 3013 609 3106 iia
626 3050 791 3110 etiam
830 3013 1222 3121 categoriarum
1267 3013 1690 3120 signiﬁcationes
1714 3086 1729 3111 ,
1767 3050 1905 3116 quae
1929 3013 1976 3076 (ἶ
2008 3039 2152 3095 dum.
2193 3034 2340 3097 Nulla
2371 3033 2510 3087 enim
2544 3031 2687 3084 Deus
2714 3024 2942 3094 qualitas
2966 3030 3071 3081 est,
3101 3018 3240 3119 nulla
3268 3015 3315 3068 ei
3345 3016 3594 3121 accidit,

348 3139 560 3210 proprie
604 3139 659 3193 in
709 3141 869 3195 rebus
906 3104 1135 3195 conditis
1181 3104 1588 3208 dignoscantur,
1636 3138 1702 3193 de
1745 3152 1890 3193 caus:

2052 3128 2204 3182 ullius
2231 3135 2312 3179 est
2342 3125 2382 3157 η
2413 3121 2700 3192 particeps.
2748 3115 2815 3169 At
2842 3109 3311 3185 vero'sacpissime
3335 3104 3594 3174 qualitas

344 3228 586 3282 omnium
613 3242 720 3282 non
755 3227 983 3284 absurde
1020 3198 1519 3298 possuntvprol'erri,
1549 3241 1656 3280 non
1687 3235 1745 3279 ut
1782 3241 1908 3294 pro-
2007 3230 2072 3282 de
2093 3241 2157 3279 eo
2179 3220 2537 3292 praedicatur,
2562 3223 2651 3266 aut
2673 3211 2796 3280 quia
2832 3209 2993 3262 totius
3022 3200 3292 3298 qualitatis
3322 3198 3599 3298 conditor

349 3330 463 3384 prie
482 3313 803 3384 signiﬁcent,
826 3315 952 3383 quid
978 3286 1089 3384 ipsa
1114 3314 1202 3378 sit,
1231 3286 1322 3367 sed
1343 3322 1401 3367 ut
1429 3286 1758 3373 tra'nslativc,
1782 3286 1909 3380 quid
2006 3322 2093 3369 est
2116 3352 2131 3377 ,
2177 3286 2270 3363 aut
2310 3307 2449 3377 quod
2477 3303 2710 3373 qualitas
2740 3294 3171 3384 frequentissime
3212 3290 3261 3341 in
3299 3286 3595 3384 signiﬁca-

261 3420 275 3432 ο
348 3375 414 3455 de
452 3416 512 3454 ea
532 3375 700 3462 'nobis
732 3375 1121 3471 quodammodo
1150 3375 1270 3455 eam
1301 3400 1689 3470 inquirentibus
1719 3375 1909 3468 proba-
2009 3375 2153 3456 tione
2184 3375 2437 3452 virtutum
2468 3392 2701 3462 ponitur.
2733 3386 2865 3440 Nam
2895 3393 2950 3437 et
2973 3382 3021 3415 "
3045 3381 3257 3471 bonitas
3281 3385 3334 3430 et
3357 3375 3599 3471 jus—tilia

350 3490 528 3546 δίιίῑετ
550 3491 889 3560 cogitandum
936 3499 1036 3555 θαι,
1064 3490 1322 3548 suadeant
1345 3464 1390 3542 τί
1432 3490 1570 3543 Dtsc.
1598 3464 1752 3543 Clare
1780 3502 1907 3541 con-
2008 3500 2318 3556 ceteraeque
2350 3485 2573 3536 virtutes
2618 3477 2901 3548 qualitates
2950 3486 3069 3527 esse
3120 3470 3394 3530 dicuntur,
3437 3464 3602 3521 Deus

350 3580 539 3649 spicio,
566 3579 704 3633 nulla
726 3580 748 3612 ⁸
774 3580 979 3634 ratione
1003 3579 1300 3648 categorias
1327 3579 1392 3633 de
1416 3585 1608 3631 natura
1654 3574 1909 3631 ineﬁabill
2009 3589 2190 3635 autem
2216 3577 2387 3631 virtus
2410 3582 2511 3636 est,
2542 3579 2597 3625 et
2622 3569 2897 3639 plusquam
2926 3564 3115 3616 virtus.

349 3673 564 3741 proprie
593 3686 748 3739 posse
775 3670 1094 3740 praedicari.
1124 3668 1254 3723 Nam
1284 3670 1327 3724 si
1367 3669 1389 3699 ⁸
1411 3669 1587 3738 aliqua
1616 3667 1909 3736 categoria-
2056 3667 2167 3725 ΛΘ.
2203 3663 2494 3720 Relationis
2537 3668 2715 3713 autem
2765 3654 2899 3709 ratio
2935 3666 3040 3706 non
3072 3658 3178 3703 tam
3208 3653 3407 3741 aperte-
3427 3653 3604 3741 pate»

350 3777 468 3817 rum
498 3761 564 3815 de
592 3761 702 3815 Deo
727 3761 942 3833 proprie
968 3761 1388 3830 praedicaretur,
1417 3759 1722 3814 necessario
1744 3772 1911 3827 genus
2010 3760 2131 3822 scit,
2160 3752 2604 3826 quemadmodum
2638 3747 2858 3800 aliarum
2886 3740 3273 3810 categoriarnm
3304 3733 3603 3833 deﬁnitio.

270 3894 289 3908 κ
347 3864 468 3906 esse
514 3849 652 3905 Deus
699 3858 1028 3921 sequeretur.
1081 3849 1222 3903 Deus
1260 3856 1437 3927 autem
1467 3862 1566 3903 nec
1595 3860 1782 3917 genus,
1811 3860 1913 3901 nec
2012 3865 2108 3905 nes
2131 3823 2408 3917 apparent.
2432 3840 2654 3895 Videtur
2674 3836 2816 3890 enim
2848 3834 2947 3886 ista
2978 3830 3086 3883 sola
3110 3823 3385 3894 catcgoria
3414 3823 3602 3875 veluti

349 3938 578 4010 species,
608 3953 708 3992 nec
732 3918 979 3993 accidens
1001 3946 1103 3993 est.
1132 3920 1293 3991 Nulla.
1314 3938 1473 4008 igitur
1494 3938 1762 4007 categoria
1789 3951 1909 4005 pro-
2012 3938 2225 4006 proprie
2265 3935 2316 3987 in
2354 3933 2461 3985 Deo
2494 3925 2807 3999 praedicari.
2856 3923 3051 3988 Alqtte’
3069 3918 3185 3970 ideo
3211 3927 3330 3967 cum
3362 3926 3603 4010 summa

349 4030 463 4100 prie
507 4029 673 4084 Deum
702 4027 1005 4098 signiﬁcare
1034 4037 1226 4097 potest.
1263 4027 1401 4082 MAG.
1451 4028 1614 4081 Recte
1662 4026 1908 4080 intueris.
2011 4000 2283 4095 diligentia
2322 4017 2743 4088 investigandum
2787 4025 2907 4065 esse
2943 4008 3117 4067 video,
3155 4000 3609 4100 utrum-proprie

347 4119 461 4176 Non
486 4121 530 4153 “
559 4121 612 4175 in
631 4135 849 4184 vanum,
874 4127 934 4172 ut
954 4120 1208 4183 arbitror,
1233 4119 1284 4172 in
1309 4117 1593 4187 praedictis
1617 4116 1914 4172 rationibus
2014 4119 2067 4171 in
2117 4129 2323 4170 sutnma
2375 4126 2439 4164 ac
2489 4114 2670 4161 sancta
2718 4102 2980 4157 Trinitate
3023 4097 3180 4151 trimn
3216 4091 3607 4187 maximarum

349 4210 574 4277 duarum
619 4182 851 4280 partium
897 4182 1414 4278 theologiaesudare
1462 4206 1746 4261 voluimus.
1794 4205 1933 4260 Non.
2014 4204 2431 4261 substantiarnm
2474 4198 2632 4252 Pater
2676 4193 2893 4249 relative
2938 4189 3003 4243 ad
3052 4185 3241 4238 Filium
3281 4182 3521 4243 dicitur,
3554 4182 3606 4213 ³³

344 4302 487 4355 enim
515 4277 635 4355 tam
650 4299 806 4359 facile
850 4313 913 4354 ac
945 4299 1056 4354 fere
1084 4299 1286 4366 absque
1313 4297 1418 4350 ullo
1467 4296 1649 4350 labore
1678 4297 1743 4350 ad
1762 4297 1913 4351 ‘hanc
1938 4338 1987 4395 υ
2014 4296 2260 4352 similiter
2286 4291 2452 4345 Filius
2484 4288 2549 4340 ad
2592 4285 2830 4344 Patrem,
2861 4277 3093 4348 Spiritus
3119 4285 3328 4395 quoque
3358 4281 3611 4325 sanctus

569 4391 579 4395 -
798 4390 832 4395 --
1022 4391 1034 4395 -
1436 4388 1447 4395 .
1604 4387 1617 4395 .
1662 4388 1672 4395 .
2070 4387 2081 4395 .
2106 4384 2145 4395 ,ι
2189 4391 2197 4395 .
2399 4387 2410 4395 .
2460 4376 2646 4395 πονηω-
2730 4370 2846 4395 ηυξ..
2876 4367 3105 4395 Chi-diua
3143 4378 3225 4395 nm
3250 4375 3424 4395 nni-nn-
3461 4368 3557 4395 ne!
3588 4377 3607 4390 ο

348 4391 736 4461 categoriarum
781 4362 1216 4461 disputationem
1233 4388 1512 4458 pervenire
1537 4387 1907 4452 valuissemus,
1938 4362 1987 4395 υ
2017 4387 2082 4439 ad
2106 4384 2319 4438 Patrem
2362 4387 2417 4432 et
2459 4376 2649 4432 Filium
2671 4413 2686 4436 ,
2727 4370 2847 4439 quia
2876 4367 3108 4461 Spiritus
3142 4362 3427 4415 amborunt
3460 4368 3608 4425 est;

347 4499 452 4539 non
499 4499 658 4554 posse
690 4484 892 4539 scilicet
935 4483 1152 4553 proprie
1188 4483 1253 4537 de
1301 4482 1409 4536 Deo
1455 4480 1771 4551 praedicari,
1804 4479 1905 4533 nisi
2019 4478 2150 4530 haec
2173 4471 2313 4524 enim
2338 4467 2553 4521 nomina
2583 4460 2951 4517 habitudinum
2971 4456 3017 4487 "
3043 4468 3159 4507 esse
3185 4458 3405 4552 sanctus
3430 4462 3614 4548 pater

346 4575 494 4645 prius
516 4573 582 4629 de
603 4574 1039 4642 primordialibus
1057 4574 1235 4627 causis
1258 4573 1325 4626 ab
1352 4587 1453 4625 una
1482 4571 1718 4624 omnium
1748 4585 1907 4625 causa
2016 4560 2306 4631 Gregorius
2332 4553 2631 4622 Theologus
2652 4549 3012 4644 indubitanter
3037 4542 3228 4640 asserit
3251 4556 3264 4590 :
3298 4537 3608 4645 anguium,

347 4624 491 4645 τυ---
522 4624 579 4629 η
1394 4624 1399 4625 ν
1886 4624 1889 4625 ν
2128 4624 2154 4631 -

346 4664 736 4732 praecouditis,
782 4664 1071 4718 essentiam
1106 4664 1245 4723 dico.
1285 4663 1596 4721 bonitatem,
1633 4661 1906 4722 virtutem,
2017 4647 2463 4722 quentadnutdmn
2506 4631 3222 4732 ceteraecatcguriati._ila
3260 4636 3311 4680 ει
3359 4624 3414 4732 ’ἶ
3461 4627 3608 4728 ίεξθν

345 4752 645 4818 veritatem,
672 4751 987 4821 sapientiam
1017 4760 1328 4819 ceterasque
1365 4749 1692 4816 hujusmodi,
1720 4751 1786 4801 ad
1819 4766 1915 4816 pn-
2018 4754 2155 4808 quae
2180 4736 2373 4789 dicitur
2404 4730 2685 4821 relationis
2702 4727 2814 4780 sive
2843 4721 3190 4821 habitudinis,
3217 4716 3617 4821 metaphor-ioc

347 4856 465 4896 rum
492 4842 899 4904 conﬁceremus,
933 4855 1036 4899 non
1083 4840 1243 4897 aliter
1270 4838 1368 4892 nisi
1404 4836 1715 4898 translativc
1749 4837 1889 4889 neuti

2073 4844 2085 4879 ε
2135 4827 2242 4879 Deo
2288 4817 2618 4890 praedicari,
2647 4814 2694 4844 ’δ
2734 4810 3057 4867 credendum
3096 4817 3150 4862 et
3179 4804 3613 4871 intelligendum

1626 5027 1875 5081 VARIAE
1917 5024 2314 5083 LECTIUNES.

1407 5165 1427 5195 ³
1448 5164 1488 5216 Α
1512 5184 1740 5224 ποιθτης,
1767 5180 1986 5218 uocatu:
2002 5175 2016 5223 ;
2058 5155 2189 5209 CDE
2222 5171 2781 5213 nocornramczornra.
2860 5149 2881 5180 ⁸
2908 5148 2996 5201 Sic
3014 5145 3172 5209 CDE;
3195 5143 3236 5197 Α
3259 5139 3619 5201 collectione.

1442 5232 1600 5269 amc-
1640 5232 1680 5269 ιε
1717 5230 1954 5269 multan
2049 5226 2185 5269 08in
2216 5226 2371 5269 Ama:
2419 5224 2460 5269 Ι)
2505 5238 2606 5269 non
2646 5222 2842 5269 ntiaua.
2934 5217 2955 5247 '
2990 5218 3035 5269 A
3082 5225 3129 5267 et
3174 5213 3237 5266 si.
3315 5210 3358 5241 ‘°
3397 5212 3441 5264 A
3476 5213 3619 5269 Non

2098 5226 2185 5279 Sic
2212 5226 2371 5283 ABE;
2417 5224 2460 5275 D
2505 5238 2606 5274 non
2646 5224 2842 5288 aliqua.
2934 5224 2955 5247 '
2990 5224 3035 5269 Α
3082 5225 3129 5267 et
3174 5228 3237 5266 St.
3315 5224 3358 5241 “'
3397 5224 3441 5264 Α
3476 5224 3620 5270 Non

2098 5334 2109 5346 .
2150 5295 2209 5346 ῐ).
2291 5294 2332 5323 ¹³
2363 5293 2403 5345 Α
2442 5292 2578 5342 item.
2673 5290 2715 5321 ¹³
2739 5288 2830 5341 Sic
2854 5286 3013 5346 CDE;
3038 5285 3076 5335 Λ
3109 5280 3330 5336 altitudo
3371 5292 3509 5334 ante
3563 5294 3623 5338 et

2098 5375 2149 5388 .-.
2181 5378 2263 5388 ...η
2316 5360 2444 5388 ΓΠἸΓ
2563 5359 2602 5388 ιτ
2632 5357 2722 5388 mn
2759 5355 2874 5388 ρετ.
2927 5354 3009 5388 ΛΠ
3046 5362 3092 5388 οι
3214 5350 3256 5381 η
3287 5347 3379 5388 Rio
3414 5347 3574 5388 Cn}?
3602 5370 3618 5381 -

2632 5357 2723 5411 Sic
2759 5355 2876 5418 CE;
2921 5354 3009 5408 AD
3046 5362 3113 5405 et.
3214 5350 3256 5381 ³⁸
3287 5347 3379 5402 Sic
3414 5347 3620 5416 CDE;

2632 5470 2633 5473 η
2708 5428 2750 5457 ¹¹
2781 5424 2872 5478 Sic
2897 5422 3011 5484 CIC;
3040 5422 3078 5472 Α
3103 5417 3433 5488 praedicetur
3493 5414 3626 5472 Pa—

422 5174 437 5204 ¹
463 5171 592 5226 CDE
636 5181 829 5227 creata.
905 5171 927 5200 ‘
951 5168 993 5222 Α
1019 5167 1191 5221 visum
1235 5174 1329 5225 est.

351 5244 372 5277 ⁸
407 5242 447 5292 (ἶ
485 5253 699 5295 veretur.
796 5239 817 5271 ⁸
845 5239 914 5291 ad
952 5251 1061 5291 om.
1094 5236 1159 5287 A.
1262 5235 1282 5265 "
1316 5234 1408 5287 Sic
1436 5232 1602 5295 ADE;
1640 5232 1680 5283 ti
1716 5230 1956 5284 suadent.

351 5324 542 5370 (utrem.
619 5310 719 5363 “A
748 5308 1186 5374 praedicerentur.
1250 5302 1377 5374 "7A
1415 5302 1570 5354 idem.
1651 5298 1691 5330 ¹³
1723 5298 2109 5374 quantitatem.
2150 5295 2209 5346 ῐ).

353 5360 513 5441 int-'5,
530 5360 759 5432 latitudo,
776 5378 1105 5429 dextrorsum
1143 5373 1567 5441 etsinistrorsmn
1596 5360 1894 5441 porrigitur.
2078 5375 2149 5416 est
2178 5360 2466 5441 ntn._

355 5428 389 5503 Α
412 5428 1012 5502 VDii'ittanr—tutentsubst.
1108 5441 1149 5472 "
1181 5440 1272 5494 Sic
1300 5440 1418 5503 AE;
1450 5440 1491 5492 C
1518 5428 1690 5491 nullus
1717 5428 1822 5495 est;
1855 5436 1896 5487 ῐ)
1926 5432 2057 5486 nulli
2083 5447 2206 5485 esse.
2242 5430 2327 5503 _A'°
2354 5440 2399 5479 et
2434 5441 2551 5503 om._
2572 5428 2633 5479 ι).

353 5496 664 5570 iter—relative
1066 5542 1135 5550 —
1158 5510 1348 5563 dicitur
1370 5496 1476 5560 oin.
1515 5509 1571 5560 D.
1650 5507 1693 5535 ²²
1727 5506 1767 5558 D
1796 5504 2166 5556 habitudinem.
2240 5500 2285 5528 ’³
2316 5507 2363 5548 et
2392 5511 2501 5548 om.
2528 5496 2589 5548 Α.

356 5586 462 5649 lico
487 5601 555 5650 an
594 5585 799 5654 proprie
824 5581 1121 5653 praedicari
1153 5580 1239 5633 sed
1268 5581 1340 5632 ita
1358 5580 1537 5631 iurum
1571 5579 1639 5627 ita
1661 5576 1721 5627 sit
1753 5590 1839 5625 nec
1867 5588 1947 5634 uc,
1975 5570 2294 5623 credendum
2323 5573 2428 5621 cel.

2665 5494 2711 5525 υ
2742 5494 2831 5547 Sic
2856 5491 3016 5551 CDE;
3056 5485 3499 5554 .X'tnataphoricc
3544 5488 3626 5542 de
3662 5496 3671 5507 ‘

3738 4492 3765 4591 ἓ
