3904 6148
252 324 274 363 4
309 308 335 358 5
1076 302 1161 355 DE
1201 300 1530 355 Dll’iSlUNii
1571 298 1917 382 .‘x‘A'i'UilAE.
1955 328 2023 336 —-—
2059 299 2253 352 “LER
2294 299 2567 354 PRIMVS.

3338 297 3443 349 ltiti

251 426 321 478 sit.
360 420 480 471 Man.
526 416 957 479 llitionabiliter,
995 422 1051 467 ut
1087 416 1333 475 a‘.‘Sli:t'.0,
1363 415 1426 466 ad
1459 415 1779 481 investigau-
1810 420 1851 473 Α
1882 422 1963 466 cst
1991 423 2168 465 autem
2198 414 2398 466 ιυο.1ἰς.
2432 413 2587 465 Nullo
2619 412 2776 480 igitur
2803 411 2904 463 situ
2937 410 3255 464 continetur.

250 513 349 564 dum
376 508 511 559 \(‘l'iL
540 508 606 559 tis
643 507 950 576 mysterium
982 505 1246 573 procedis.
1280 503 1429 555 Nulla
1461 505 1600 557 e;.im
1629 514 1778 556 eate-

248 600 481 670 goriarnm
515 605 728 664 praeter
764 596 920 650 istam
964 595 1129 649 solam
1163 596 1227 647 dc
1260 595 1365 647 Deo
1395 597 1606 665 proprie
1632 611 1780 664 prae—

248 691 386 743 dicari
421 689 649 763 videtur.
692 687 794 741 Sed
826 696 1004 742 utrum
1043 688 1115 741 ita
1167 688 1235 740 sit
1280 703 1379 740 nce
1424 704 1509 751 ne,
1544 688 1783 755 piissime

248 780 631 847 cautissimeque
661 779 1059 848 inquirendum.
1096 763 1226 832 Nam
1268 781 1307 831 si
1341 781 1552 849 proprie
1583 779 1648 832 (ἐ
1678 780 1782 833 Πιεο

247 869 434 929 dicitur,
483 870 660 922 omnis
702 868 871 923 ferme
907 870 1176 939 praedicta
1219 881 1398 923 nostra
1446 870 1782 923 ratiocinatio

247 958 582 1012 evacttabitur.
612 959 999 1015 Universaliter
1020 960 1160 1014 enim
1191 960 1439 1015 diximus.
1474 960 1542 1011 nil
1571 959 1784 1028 proprie

246 1050 301 1103 de
322 1050 417 1104 Deo
439 1057 533 1103 aut
562 1050 666 1127 dici
695 1059 787 1103 aut
816 1034 1037 1118 intelligi
1068 1063 1244 1117 posse.
1290 1048 1607 1102 Praesertim
1641 1057 1780 1101 cate-

245 1142 369 1211 goria
407 1142 677 1195 relationis
706 1158 811 1195 non
854 1142 993 1194 inter
1020 1142 1202 1195 decem
1250 1154 1445 1208 genera
1489 1140 1807 1208 categoriag

248 1249 345 1285 rum
374 1233 722 1301 reputabitur,
749 1232 795 1286 si
820 1233 1033 1300 proprie
1059 1232 1123 1285 de
1154 1231 1260 1283 Deo
1292 1222 1695 1298 pran'unciatur.
1727 1228 1782 1283 Si

246 1334 398 1378 autem
424 1323 526 1378 hoc
551 1324 852 1379 confectum
895 1323 1079 1386 fuerit,
1111 1323 1500 1392 categoriarum
1530 1337 1785 1376 numerus

245 1429 331 1468 non
379 1415 631 1478 denario,
672 1414 766 1469 sed
826 1416 1118 1468 novenario
1167 1414 1535 1468 concludetur.
1600 1413 1787 1467 Restat

246 1502 401 1572 igitur,
430 1512 491 1558 ut
517 1503 910 1572 intelligamus,
951 1486 1090 1555 hanc
1117 1501 1278 1556 etiam
1308 1499 1787 1567 categoriam,sic-

245 1600 360 1645 utet
385 1593 402 1623 ⁸
446 1600 675 1654 ceteras,
707 1591 1015 1646 translative
1064 1592 1131 1645 de
1160 1591 1269 1643 Deo
1297 1590 1614 1660 praedicari.
1647 1591 1784 1644 Vera

246 1684 483 1753 siquidem
518 1684 857 1738 ratiocinatio
897 1686 962 1737 ad
1008 1687 1109 1738 hoc
1147 1682 1339 1736 invitat
1368 1691 1528 1750 atque
1555 1690 1782 1745 coartat,

1956 501 2042 554 Π.
2075 501 2209 554 Man.
2240 502 2413 562 Clare,
2446 503 2572 570 quid
2616 501 2764 563 velis,
2815 500 3095 569 perspicio.
3128 500 3199 550 Ac
3230 512 3323 566 per
3346 498 3450 551 hoc

1885 590 1948 643 ad
1983 592 2305 645 habitudinis
2333 592 2655 659 rategoriam
2701 590 3078 643 transeundum
3126 601 3244 641 esse
3271 586 3445 639 viden.

1884 681 2030 747 Quae
2074 683 2312 735 omnium
2380 682 2770 749 rategoriarnm
2821 688 3041 748 propter
3092 677 3309 731 nimiam
3363 673 3446 731 sui

1868 772 2283 842 amplitudinem
2321 772 2697 825 obscurissima
2750 786 2867 825 esse
2898 771 3123 822 videtur.
3160 767 3273 822 Non
3303 766 3447 821 enim

1884 871 1962 914 est
1997 861 2099 913 ulla
2127 861 2395 929 categoria
2426 860 2559 921 fere,
2591 860 2643 911 in
2666 874 2788 926 .qua
2818 858 3030 911 habitus
3058 856 3271 925 quidam
3302 855 3454 907 inve-

1886 950 1986 1001 niri
2038 964 2142 1002 non
2185 949 2385 1017 possit;
2435 965 2555 1001 nam
2595 956 2648 1000 et.
2676 948 2940 1000 essentiae
2982 960 3076 999 seu
3119 942 3452 998 substantiae

1888 1042 2066 1095 habitu
2112 1041 2341 1111 quodam
2373 1042 2438 1094 ad
2470 1056 2527 1095 se
2578 1040 2804 1093 invicem
2856 1038 3166 1107 respiciunt.
3217 1036 3450 1090 Dicimus

1885 1135 2046 1194 enim,
2073 1133 2403 1188 rationabilis
2430 1132 2660 1186 essentia
2686 1129 3171 1197 irratimiabilisque
3200 1143 3303 1197 qua
3331 1140 3453 1196 pro:-

1886 1225 2150 1295 portionc,
2176 1223 2225 1277 id
2252 1232 2337 1277 est
2370 1223 2413 1253 ¹³
2446 1237 2552 1291 (ιιιο
2586 1221 2788 1281 habitu,
2819 1221 2886 1273 ad
2912 1234 2969 1274 se
3018 1219 3242 1272 invicem
3286 1215 3456 1285 respi-

1887 1317 2052 1369 ciunt.
2098 1313 2211 1367 Non
2268 1314 2411 1367 enim
2464 1311 2845 1365 irrationabilis
2899 1310 3186 1369 diceretur,
3238 1305 3337 1360 nisi
3385 1308 3453 1360 ab

1889 1404 2073 1457 habitu
2099 1401 2372 1456 absentiae
2406 1397 2957 1468 rationisrquomodo
2986 1411 3089 1451 non
3120 1394 3333 1448 aliunde
3362 1408 3445 1446 ra-

1889 1490 2156 1545 tionabilis
2188 1497 2430 1553 vocatur,
2462 1489 2563 1542 nisi
2609 1487 2794 1541 habittt
2832 1485 3170 1555 praesentiae
3208 1481 3453 1536 rationis.

1887 1580 2075 1636 Omnis
2123 1581 2267 1635 enim
2299 1580 2344 1611 "
2377 1580 2651 1650 proportio
2689 1579 2907 1633 habitus
2941 1586 3042 1639 est,
3075 1576 3321 1647 quamvis
3350 1590 3457 1629 non

1888 1672 2062 1725 omnis
2089 1670 2299 1726 habitus
2326 1670 2620 1738 proportio.
2673 1668 2889 1737 Proprie
2919 1680 3149 1736 namque
3178 1663 3457 1736 proportio

246 1787 301 1827 ne
321 1787 394 1836 ea,
423 1787 563 1841 quae
589 1761 859 1842 praedicta
885 1780 1031 1838 sunt,
1061 1771 1318 1841 incipiant
1347 1771 1619 1825 vacillare.
1650 1770 1785 1835 Quid
1820 1778 1860 1835 Β
1889 1776 1995 1816 non
2025 1761 2203 1814 minus
2227 1775 2385 1827 quam
2418 1760 2470 1812 in
2503 1758 2711 1813 duobus
2740 1766 2916 1827 potest
2941 1756 3196 1820 inveniri;
3242 1755 3459 1809 habitus

243 1862 402 1916 enim?
436 1861 704 1931 Numquid
740 1862 880 1917 veris
913 1861 1408 1916 ratiocinationibus
1444 1859 1692 1924 obsistit,
1739 1859 1783 1913 si
1886 1865 2016 1904 VCI'O
2043 1850 2204 1903 etiam
2232 1850 2275 1881 "
2302 1849 2354 1903 ίη
2398 1848 2623 1918 εῑηςυιὶε
2663 1850 2822 1902 rebus
2846 1848 3167 1916 ΡοΓδΡῖοίῑυΡ
3196 1845 3260 1897 ¹⁶ο
3305 1844 3462 1923 vam

244 1952 484 2020 dicamus,
506 1953 721 2007 partem
759 1962 814 2008 ει
840 1953 1031 2007 Filium
1062 1953 1227 2021 ipsius
1264 1951 1615 2015 ιιηωιυάίηίε,
1648 1966 1786 2020 quae
1887 1939 2060 2006 gratia
2091 1978 2105 2002 ,
2150 1938 2365 1992 habitus
2410 1936 2743 1991 rationabilis
2767 1937 2980 1989 animae
3015 1936 3189 1989 virtus
3221 1942 3322 1987 est.
3372 1932 3468 1987 Est

244 2043 415 2098 dicitur
440 2045 512 2098 ad
538 2044 741 2114 aliquid
767 2084 781 2108 ,
826 2044 1040 2099 nomina
1069 2057 1216 2107 esse,
1248 2051 1302 2096 et
1328 2042 1605 2112 plusquam
1637 2041 1788 2096 habi-

246 2136 452 2191 tudinis?
476 2137 590 2191 Non
622 2138 764 2191 enim
792 2136 1114 2197 credendum
1143 2143 1248 2197 est,
1273 2134 1495 2189 eandem
1518 2132 1788 2187 habitudi-

243 2242 348 2283 nem
388 2229 437 2282 in
481 2228 865 2284 excelsissimis
883 2232 904 2258 ²
927 2227 1137 2285 divinae
1166 2226 1429 2281 essentiae
1454 2225 1787 2288 substantiis,

244 2318 349 2371 etin
367 2319 620 2388 ltis,quae
636 2328 756 2388 post
773 2334 889 2371 eam
918 2319 985 2372 ab
1009 2333 1070 2371 ea
1091 2318 1303 2372 condita
1326 2326 1446 2370 sunt
1476 2317 1514 2367 ³.
1534 2315 1603 2371 Ut
1623 2317 1788 2380 enim,

248 2407 291 2460 ni
321 2406 488 2470 fallor,
517 2407 963 2483 quemadmodum
990 2416 1202 2475 superat
1229 2420 1442 2463 omnem
1480 2406 1785 2463 essentiam,

248 2498 540 2564 sapientiam
560 2539 574 2560 ,
605 2499 878 2559 virtutem,
911 2496 984 2549 ita
1016 2497 1175 2549 etiam
1206 2505 1261 2549 et
1289 2510 1502 2547 omnem
1531 2494 1794 2548 habitudi-

247 2600 353 2637 nem
370 2585 387 2613 ‘
399 2584 741 2639 ineﬂ'abiliter
752 2584 1168 2653 supergreditur.
1185 2583 1315 2648 Quis
1329 2583 1469 2637 enim
1485 2583 1789 2643 crediderit,

252 2674 389 2728 talem
432 2675 800 2729 habitudinem
846 2675 985 2728 inter
1006 2674 1219 2731 Patrem
1241 2682 1293 2726 et
1324 2672 1558 2727 Verbum
1583 2687 1737 2725 suum
1773 2672 1793 2703 ⁸

246 2779 369 2827 esse,
388 2764 600 2832 qualem
628 2764 769 2817 inter
788 2764 1057 2818 Abraham
1079 2773 1132 2817 et
1156 2762 1303 2818 Isaac
1328 2771 1501 2830 potest
1524 2760 1795 2829 cogitare?

250 2849 332 2903 Hic
376 2851 569 2906 'enim
613 2851 828 2906 habitus
878 2851 1110 2906 carnalis
1159 2865 1224 2904 ex
1275 2849 1534 2903 divisione
1574 2855 1794 2901 naturae

246 2947 352 3007 post
392 2940 412 2970 ⁷
441 2950 722 3008 peccatum
754 2942 910 3011 primi
940 2942 1171 2995 hominis
1208 2943 1262 2994 in
1306 2942 1327 2972 ⁸
1360 2938 1797 3007 multiplicatione

218 3042 330 3095 iper
372 3029 771 3098 generationem
818 3027 1145 3097 inquiritur:
1176 3024 1289 3079 illic
1330 3023 1608 3078 ineﬂ‘abilis
1650 3024 1796 3094 inge-

1888 2027 2049 2095 igitur
2071 2029 2344 2096 proportio
2371 2027 2579 2095 species
2605 2027 2869 2095 quaedam
2901 2025 3247 2081 habitudinis.
3281 2023 3336 2077 Si
3364 2038 3464 2077 au-

1892 2128 1996 2175 tem
2025 2121 2270 2190 exemplo
2314 2122 2392 2175 vis
2442 2121 2706 2175 declarari
2735 2161 2748 2182 ,
2794 2118 3063 2190 quomodo
3100 2117 3313 2171 habitus
3341 2130 3467 2185 pro-

1890 2211 2203 2277 portionalis
2248 2211 2300 2264 in
2345 2211 2577 2265 essentia
2622 2210 2908 2273 invenitur,
2962 2223 3029 2262 ex
3060 2208 3298 2262 numeris
3326 2205 3466 2277 elige

1891 2299 2179 2369 exemplar.
2221 2298 2438 2353 Numeri
2466 2301 2633 2364 enim,
2665 2309 2725 2352 ut
2754 2300 3000 2363 aestimo,
3027 2296 3385 2369 essentialiter
3408 2297 3464 2348 in

1893 2386 2143 2440 omnibus
2167 2387 2566 2456 intelliguntur;
2618 2387 2671 2440 in
2703 2388 2938 2440 numeris
2967 2400 3195 2453 namque
3225 2384 3463 2436 omnium

1897 2491 2074 2528 rerum
2117 2476 2359 2530 subsistit
2403 2478 2654 2529 essentia.
2706 2476 2868 2529 Vides
2910 2474 3090 2544 igitur,
3123 2472 3299 2542 qualis
3337 2484 3463 2540 pro-
3507 2504 3521 2539 ι

1899 2567 2069 2634 portio
2098 2575 2180 2619 cst
2211 2567 2261 2618 in
2291 2566 2499 2620 duobus
2543 2576 2597 2620 et
2645 2567 2833 2620 tribus.
2888 2567 3030 2620 Dtsc.
3080 2565 3245 2619 Video
3284 2565 3463 2633 plane,
3511 2568 3520 2594 ’

1896 2656 2276 2724 sesqualteram
2308 2658 2346 2687 ”
2380 2671 2500 2710 esse
2535 2657 2785 2719 arbitror,
2831 2666 2885 2710 et
2933 2659 3034 2711 hoc
3083 2672 3188 2709 uno
3222 2653 3468 2723 exemplo

1899 2744 2123 2799 aliorum
2146 2747 2382 2799 omnium
2409 2748 2837 2800 substantialium
2863 2729 3229 2811 numerorum,
3250 2748 3390 2799 inter
3408 2761 3465 2800 se

1901 2831 2124 2888 invicem
2175 2835 2488 2889 eollalorum
2532 2835 2596 2899 ³⁸,
2627 2836 2807 2890 varias
2852 2836 3208 2903 proportionis
3236 2836 3465 2901 _spm-ies

1899 2935 2112 2989 possunt
2145 2933 2489 2988 cognoscere.
2523 2918 2661 2973 MAG.
2689 2918 2910 2972 Intende
2962 2919 3143 2987 itaque
3172 2919 3213 2952 ‘9
3243 2917 3307 2971 ad
3338 2917 3469 2973 reli-

1899 3025 2025 3080 qua,
2053 3017 2105 3062 et
2131 3022 2414 3077 cognosce,
2440 3008 2609 3061 nullas
2632 3007 2945 3076 quantitatis
2972 3008 3175 3076 species
3200 3022 3339 3072 esse,
3372 3023 3466 3063 seu

248 3092 707 3189 nitae'genitaeque
727 3092 1056 3174 substantiae
1078 3119 1296 3173 sibimet
1318 3116 1504 3185 copula
1533 3092 1791 3183 creditur,

1902 3097 2194 3170 qualitatis,
2225 3111 2319 3151 seu
2363 3097 2548 3165 ipsius,
2581 3112 2718 3166 quae
2749 3096 2941 3148 dicitur
2969 3096 3035 3148 ad
3085 3096 3282 3165 aliquid
3311 3138 3325 3159 ,
3372 3092 3466 3151 seu

245 3222 489 3283 prontque
528 3215 707 3277 datur,
759 3212 922 3267 divini
971 3212 1186 3266 luminis
1230 3211 1381 3265 radio
1416 3210 1791 3280 Cognoscitur;

247 3299 321 3356 hic
366 3305 503 3371 quod
543 3304 843 3374 quaeritur,
890 3318 995 3355 non
1044 3318 1109 3357 ex
1159 3311 1348 3355 natura
1396 3301 1690 3370 processit,
1739 3309 1797 3353 nt

246 3390 458 3447 diximus
477 3436 494 3455 ,
520 3386 623 3448 sed
658 3409 723 3446 ex
754 3393 884 3446 vitio
917 3410 929 3444 :
964 3391 1068 3445 illic
1097 3391 1236 3459 quod
1265 3391 1546 3461 cogitatur,
1576 3405 1638 3442 ex
1667 3388 1794 3443 inef-

246 3475 374 3533 fabili
416 3477 631 3534 divinae
686 3481 943 3535 bonitatis
1006 3479 1332 3534 fecunditate
1372 3480 1663 3548 procedere
1707 3494 1796 3533 co-

246 3570 518 3633 gnoscitur.
578 3570 683 3623 Sed
728 3571 794 3622 ad
841 3579 1049 3623 ceteras
1096 3571 1390 3640 categorias
1437 3578 1792 3622 transeamus.

250 3654 377 3711 lltsc.
412 3657 519 3711 Sex
551 3667 772 3718 restant,
806 3660 856 3713 ni
897 3659 1070 3723 fallor,
1096 3675 1319 3727 quarum
1366 3659 1535 3728 prima
1584 3661 1794 3716 κεῖσθαι.

247 3745 290 3797 id
312 3759 388 3800 εει
410 3747 631 3814 jacere,
662 3765 821 3818 quam
869 3749 956 3803 alii
998 3749 1158 3804 silum
1191 3749 1474 3819 appellant.
1518 3747 1666 3801 Situs
1703 3763 1797 3798 an-

246 3841 337 3887 tem
384 3838 703 3907 intelligitur
752 3839 804 3892 in
854 3840 1118 3908 positione
1168 3839 1445 3907 cnjusdam
1492 3846 1790 3899 creaturae,

244 3924 343 3979 sive
368 3928 594 3982 visibilis
621 3930 733 3983 sive
767 3929 1067 3984 invisibilis.
1112 3917 1271 3985 Verbi
1300 3929 1491 3999 gratia,
1522 3930 1586 3983 de
1617 3928 1797 3997 aliquo

244 4028 445 4085 corpore
465 4020 685 4083 dicitur,
709 4027 800 4071 aut
817 4020 963 4088 jacet
984 4029 1073 4073 aut
1096 4028 1219 4074 stat.
1253 4019 1511 4073 Similiter
1530 4019 1593 4071 de
1618 4018 1796 4071 animo

170 4098 174 4101 Δ
245 4106 439 4172 dicitur,
483 4110 531 4163 si
562 4109 774 4175 quietus
799 4150 813 4171 ,
855 4108 1033 4175 jacet;
1083 4109 1127 4163 si
1158 4108 1413 4178 pervigil,
1454 4114 1578 4162 stat.
1612 4105 1797 4162 Status

242 4206 455 4263 namque
481 4196 506 4227 ’
553 4197 680 4251 huic
724 4197 1029 4266 categoriae
1071 4196 1114 4229 ⁸ο
1154 4195 1408 4265 applicari
1448 4195 1622 4260 solet;
1674 4210 1794 4248 nam

243 4292 402 4337 motus
428 4286 493 4338 ad
535 4294 746 4355 tempus
772 4284 1021 4339 refertur.
1071 4284 1174 4339 Sed
1207 4284 1329 4352 quia
1368 4284 1507 4337 Deus
1538 4298 1634 4337 nec
1668 4292 1794 4345 stat,

244 4385 331 4425 nec
351 4371 510 4438 jacet,
558 4374 828 4442 praedicta
861 4372 1127 4442 categoria
1176 4371 1317 4426 nulla
1350 4371 1555 4425 ratione
1585 4371 1797 4441 prOprie

1898 3186 2055 3257 situs,
2076 3186 2268 3264 locive,
2295 3185 2634 3255 temporisve,
2659 3184 2868 3253 agendi,
2891 3183 2972 3236 vel
2997 3184 3250 3252 patiendi,
3269 3185 3320 3236 in
3344 3184 3465 3253 qui-

1899 3276 1996 3329 bns
2055 3279 2317 3346 quaedam
2374 3276 2581 3345 species
2634 3274 2959 3351 habitudinis
3002 3290 3106 3327 non
3149 3275 3464 3343 reperiatur.

1899 3368 2041 3422 Disc.
2095 3367 2266 3437 Saepe
2308 3367 2432 3421 talia
2474 3366 2743 3435 quaesivi.
2777 3373 2835 3422 et
2867 3366 2938 3418 ita
2976 3364 3170 3433 reperi.
3217 3363 3374 3427 Nam,
3411 3372 3469 3416 nt

1894 3458 2080 3526 paucis
2105 3458 2151 3489 ’°
2173 3457 2433 3527 eiemplis
2462 3446 2606 3519 utar,
2636 3457 2687 3509 in
2738 3454 3123 3524 qnantitatibns
3178 3469 3369 3522 magna
3416 3462 3468 3507 rt

1894 3563 2058 3616 parva
2085 3555 2139 3601 et
2167 3547 2338 3603 media
2369 3546 2507 3600 inter
2533 3560 2589 3599 se
2620 3553 2926 3611 comparata
2946 3583 2961 3607 ,
2999 3543 3164 3595 multa
3197 3543 3239 3572 ²¹
3267 3542 3468 3611 pollent

1898 3636 2227 3695 habitudine.
2260 3636 2387 3691 Item
2416 3635 2467 3689 in
2497 3634 2885 3703 qnantitatibns
2909 3645 3275 3695 numerorum,
3302 3630 3467 3686 linea-

1898 3740 2011 3776 rum
2038 3765 2052 3789 ,
2104 3734 2425 3792 temporum,
2452 3724 2783 3790 aliorumque
2824 3721 3077 3776 similium
3129 3720 3464 3776 habitudines

1896 3815 2304 3882 proportionum
2335 3816 2381 3845 ”
2408 3815 2687 3885 perspicue
2718 3812 2972 3880 reperies.

1976 3904 2064 3958 18.
2099 3903 2359 3959 Similiter
2389 3906 2440 3959 in
2467 3906 2743 3974 qualitate.
2776 3902 2933 3956 Verbi
2964 3903 3159 3973 gratia,
3190 3902 3243 3955 in
3270 3902 3466 3958 colori-

1898 3998 1997 4052 bus
2017 3996 2220 4061 album,
2239 3990 2292 4052 ei.
2314 3998 2548 4067 nigrum,
2565 3997 2958 4065 mediusque”,
2974 3993 3357 4065 qualiscunque
3373 3994 3464 4055 sit,

1898 4087 2045 4140 color
2088 4085 2271 4140 habitu
2307 4086 2522 4140 sibimet
2555 4087 2850 4155 junguntur
2882 4086 2948 4138 “.
2982 4085 3171 4138 Album
3199 4081 3462 4149 siquidem

1898 4187 1952 4231 et
1985 4177 2194 4248 nigrum
2220 4216 2236 4242 ,
2278 4191 2416 4246 quae
2445 4186 2714 4232 extremos
2746 4178 2984 4232 colorum
3018 4177 3163 4230 locos
3193 4173 3465 4236 obtinent,

1900 4271 2081 4325 habitu
2112 4272 2467 4327 extremitatis
2497 4275 2561 4327 ad
2594 4288 2651 4327 se
2682 4274 2906 4328 invicem
2948 4273 3260 4342 respiciunt.
3307 4271 3467 4327 Color

1902 4368 2078 4413 autem
2108 4365 2172 4414 ad
2202 4370 2441 4415 extrema
2470 4363 2550 4415 sui
2575 4402 2589 4426 ,
2631 4363 2810 4417 album
2839 4364 2958 4418 dico
2986 4365 3332 4433 nigrumque,
3372 4361 3468 4415 ha-

242 4458 299 4518 de
329 4478 392 4515 eo
424 4431 726 4531 praedicari
758 4470 935 4532 potest
980 4431 1043 4515 ἦ.
1083 4462 1151 4516 At
1178 4477 1307 4517 vero
1337 4431 1598 4531 quoniam.
1617 4431 1793 4515 standi
1829 4431 1873 4489 ί)
1902 4451 2014 4505 bitt:
2037 4450 2339 4506 medietatis
2364 4452 2602 4521 respicit.
2625 4453 2680 4506 In
2704 4468 2766 4507 ea
2788 4469 2999 4523 quoque
3020 4431 3471 4537 categori.a,quae

242 4553 289 4597 et
307 4545 514 4609 iacendi
538 4566 701 4605 causa
725 4561 808 4605 est
824 4568 838 4616 ;
857 4552 907 4605 in
933 4553 1047 4620 ipso
1072 4551 1214 4606 enim
1236 4551 1411 4605 omnia
1437 4560 1491 4606 et
1512 4559 1673 4615 stant,
1695 4551 1797 4606 hoc

243 4647 350 4699 est,
391 4639 797 4695 immntahilitcr
841 4644 1132 4697 secundum
1180 4659 1305 4697 suas
1353 4644 1585 4698 rationes
1623 4644 1796 4698 subsi-

244 4732 405 4789 stunt,
436 4739 485 4782 et
519 4728 734 4796 jacent.
776 4732 877 4804 hoc
916 4740 998 4785 est
1044 4732 1365 4798 quiescunt;
1414 4731 1536 4786 finis
1577 4733 1719 4785 enim
1755 4731 1797 4763 ¹²

245 4821 465 4872 omnium
495 4831 601 4883 est,
626 4823 762 4876 ultra
790 4839 946 4892 quem
972 4823 1102 4878 nihil
1129 4832 1414 4893 appetunt:
1446 4830 1620 4892 potest
1645 4823 1711 4877 de
1735 4837 1799 4877 eo

245 4908 542 4965 translativc
563 4911 747 4978 jacere
774 4914 856 4969 vel
882 4914 1018 4968 situs
1044 4914 1367 4981 praedicari.
1420 4913 1548 4987 Nam
1592 4913 1637 4965 si
1674 4926 1799 4966 vere

245 5003 551 5072 proprieque
574 5005 718 5060 Deus
739 5005 914 5075 jacet,
939 5014 1032 5059 aut
1059 5005 1230 5067 sedet,
1260 5014 1351 5057 aut
1378 5004 1505 5066 stat,
1536 5003 1799 5072 positione

242 5103 340 5144 non
368 5103 539 5148 caret.
592 5095 648 5149 Si
690 5111 794 5149 non
838 5104 985 5149 caret
1010 5095 1272 5164 positione
1338 5093 1519 5148 localis
1547 5102 1647 5147 est.
1682 5092 1796 5145 Non

1902 4542 2098 4596 dicitur
2143 4543 2273 4620 πρὸς
2308 4564 2392 4609 τι,
2442 4546 2492 4597 id
2547 4553 2630 4599 est
2670 4546 2736 4600 ad
2774 4545 3002 4615 aliquid,
3053 4545 3196 4600 clare
3223 4549 3467 4614 apparet,

1901 4636 2074 4705 qualis
2119 4636 2333 4692 habitus
2377 4638 2447 4693 sit
2482 4638 2529 4669 ’⁸
2562 4638 2732 4707 patris
2776 4638 2840 4693 ad
2896 4639 3082 4704 filium,
3123 4654 3216 4693 seu
3260 4636 3352 4690 filii
3398 4635 3467 4689 ad

1903 4736 2106 4797 patrem
2128 4767 2143 4791 ,
2172 4726 2328 4781 amici
2374 4728 2575 4792 amico,
2606 4728 2748 4796 dupli
2787 4729 2854 4782 ad
2882 4728 3150 4797 simplum,
3181 4735 3473 4793 ceteraque

1904 4819 2202 4888 hnjusmodi
2213 4857 2226 4870 .

1975 4909 2060 4964 t9.
2091 4911 2166 4964 De
2194 4911 2298 4964 situ
2326 4925 2537 4979 quoque
2567 4908 2720 4964 facile
2750 4918 2916 4979 patet,
2951 4908 3218 4979 quomodo
3244 4916 3387 4963 stare
3413 4915 3468 4961 et

1895 4996 2078 5065 jacere
2105 5000 2468 5054 habitudinem
2515 4999 2784 5069 quandam
2832 4999 2971 5053 inter
2997 5014 3055 5053 se
3082 4998 3309 5053 invicem
3343 5011 3465 5065 pos-

1860 5088 2129 5142 .sideant.
2184 5088 2326 5143 Haec
2370 5089 2511 5147 enim
2556 5105 2627 5167 es
2668 5090 2932 5144 diametro
2975 5087 3074 5143 sibi
3112 5103 3143 5155 β
3178 5087 3222 5117 ³⁸
3252 5087 3466 5154 regione

1455 5222 1459 5227 ’
1507 5225 1759 5280 V'ARIAE
1794 5223 2193 5279 LECTIONES.

304 5357 323 5389 ¹
351 5371 397 5413 et
438 5379 546 5418 om.
592 5366 653 5419 D.
739 5368 759 5396 ’
790 5367 877 5421 Sic
924 5365 1085 5431 CDE;
1143 5367 1181 5420 Α
1227 5366 1689 5421 excellentissimis.

242 5442 340 5504 om.
370 5430 432 5483 Α.
514 5434 535 5463 ⁵
558 5451 704 5487 suum
737 5451 842 5487 om.
871 5436 931 5504 Α.
1009 5435 1030 5467 ⁸
1060 5437 1099 5490 C
1146 5437 1297 5489 llinr.
1373 5438 1393 5468 ⁷
1426 5439 1468 5490 Α
1500 5453 1616 5504 per.

246 5497 281 5527 ”
307 5499 345 5551 Α
371 5504 577 5572 proprie
605 5500 901 5571 prin-dicm!
925 5516 1084 5572 potest
1119 5506 1182 5557 de
1208 5524 1284 5557 ro.
1363 5508 1405 5536 ¹²
1433 5497 1565 5558 enim
1597 5522 1702 5560 om.
1734 5505 1794 5558 Α.

240 5575 303 5615 el.
379 5570 420 5597 "‘
449 5570 543 5621 Sic
580 5574 647 5629 .‘l:
688 5575 819 5626 Chii
852 5570 1141 5626 insririmr.

242 5635 520 5707 ﬁnitaque.
596 5642 635 5671 ⁸⁸
666 5644 751 5695 Si?
782 5632 943 5701 (ἶῘὶὶίξ
968 5645 1003 5693 Α
1028 5646 1391 5711 proportionis.

1758 5366 1807 5449 ,ι
1834 5364 1922 5418 είς
1948 5363 2413 5449 Αβίῖίὶετξβυῑνηέεὶ

1692 5438 1712 5467 ⁸
1751 5438 1806 5489 in
1834 5451 1941 5488 om.
1976 5434 2038 5486 A.
2112 5436 2132 5467 '
2162 5434 2237 5487 Sit

1692 5505 1794 5560 .A.
1874 5504 1917 5536 "‘
1947 5504 2037 5559 Sic
2073 5503 2237 5563 ADE;

1225 5575 1262 5605 ¹⁷
1294 5576 1327 5625 λ
1359 5585 1404 5626 et
1433 5578 1839 5641 sesqualteram.

1225 5646 1391 5694 tionis.
1471 5644 1514 5673 ⁸³
1536 5647 1571 5695 .-\
1596 5644 1918 5711 mediumque

2649 5362 2668 5391 ⁸
2698 5362 2741 5413 A
2780 5358 3136 5412 habitudinem
3162 5368 3386 5415 omnem;
3416 5362 3469 5406 ιιι

2112 5436 2132 5467 ο
2162 5432 2252 5487 Sic
2284 5422 2446 5491 Atta;
2487 5434 2741 5484 Dantem.
2821 5428 2929 5478 "A
2981 5425 3272 5491 categoriac
3320 5422 3457 5477 Imm

2285 5517 2383 5571 pro
2407 5502 2460 5554 id
2488 5511 2559 5571 est
2663 5499 2768 5571 rei.
2849 5496 2889 5525 ”
2910 5496 3048 5571 enim
3074 5510 3181 5571 orn.
3212 5492 3274 5546 D.

1921 5575 1961 5604 ⁸⁸
1988 5575 2027 5626 Α
2052 5562 2441 5626 col/oratorum.
2523 5569 2563 5599 "
2587 5569 2627 5620 Α
2655 5569 2833 5634 igitur.
2910 5563 2955 5634 '_°
2979 5563 3021 5615 Α
3057 5562 3293 5634 utilius;
3344 5562 3388 5593 "
3424 5562 3466 5621 Α

2015 5642 2059 5671 ³³⁵
2084 5644 2119 5694 Α
2137 5642 2401 5710 jungitur.
2476 5639 2521 5668 ³⁵
2547 5639 2609 5690 sit
2632 5631 2735 5689 ινιιι.
2761 5633 2821 5689 C.
2898 5632 2943 5663 ’°
2967 5634 3054 5687 Sic
3072 5631 3234 5699 ADE;
3256 5631 3390 5687 ϐω).
