3904 6148
331 309 427 364 427

1683 289 1968 348 ,ΙΟᾹΝΝΞΞ
2003 288 2196 344 ς(ῖοΊί

3461 297 3487 347 ι
3498 295 3562 349 (ἓῖ

323 422 671 494 respondent.
705 419 1047 488 Nequaquam
1095 415 1234 469 enim
1272 414 1286 444 ¹
1342 411 1666 466 intellectum
1711 407 1886 464 standi
1919 409 1962 465 A
1993 420 2086 474 per
2131 404 2366 473 seipsum
2431 404 2639 472 propria
2688 408 2781 457 sua
2841 405 3047 459 ratione
3097 420 3216 461 esse
3267 424 3370 460 nua
3425 409 3564 463 desi-

332 512 631 568 absolutum
664 511 730 562 ab
759 507 1024 562 intellectu
1055 504 1266 571 jacendi
1297 503 1590 571 cogitabis;
1633 500 1725 555 sed
1753 514 1892 554 scm-

333 617 430 670 per
450 598 603 653 simul
632 603 938 657 occurrunt,
963 593 1207 662 quamvis
1234 592 1284 644 in
1315 606 1372 644 re
1398 591 1575 660 aliqua
1601 605 1705 642 non
1732 587 1890 642 simul

334 697 622 758 appareant
652 688 692 738 ’.

400 779 492 831 20.
515 777 647 841 Quid
673 773 949 828 dicendum
973 783 1055 825 est
1082 773 1145 824 de
1173 772 1324 825 loco?
1345 769 1570 837 Quando
1595 768 1895 838 superiora,

335 867 586 922 inferiora
607 875 656 917 et
681 865 853 917 media
877 865 1304 926 considerantur,
1331 861 1895 932 uitriquidhabitudine

331 958 551 1010 carent?
601 955 752 1008 Nullo
783 955 958 1008 modo.
1009 952 1118 1006 Non
1149 954 1292 1006 enim
1336 954 1470 1006 haec
1499 950 1678 1026 omnia
1705 965 1771 1004 ex
1803 965 1896 1003 na-

331 1058 448 1100 tura
479 1061 656 1100 rerum
707 1045 1057 1115 proveniunt,
1102 1045 1194 1096 sed
1223 1059 1284 1096 cx
1319 1042 1340 1074 ⁸
1382 1049 1623 1112 respectu
1663 1041 1896 1110 quodam

330 1135 586 1190 intuentis
617 1150 710 1190 eas
740 1150 834 1204 per
859 1144 1054 1204 partes.
1089 1133 1315 1187 Sursum
1343 1133 1604 1202 siquidem
1647 1140 1702 1185 et
1739 1131 1899 1184 deor-

331 1239 446 1278 sum
493 1225 546 1278 in
578 1225 829 1278 Universo
860 1239 963 1276 non
995 1217 1078 1276 est
1104 1263 1118 1288 ,
1168 1232 1330 1292 atque
1367 1222 1485 1276 ideo
1517 1235 1689 1290 neque
1736 1233 1898 1288 supe-

329 1313 471 1365 riora
499 1351 513 1375 ,
563 1326 737 1380 neque
788 1311 1077 1375 inferiora,
1125 1327 1298 1379 neque
1339 1310 1512 1364 media
1563 1311 1614 1364 in
1651 1309 1901 1362 universo

330 1410 488 1463 sunt;
537 1417 657 1454 nam
695 1401 1062 1454 universitatis
1093 1401 1450 1454 consideratio
1499 1400 1631 1452 haec
1678 1399 1898 1465 respuit,

332 1491 566 1558 partium
613 1504 740 1542 vero
784 1488 1078 1555 introducit
1127 1489 1366 1541 intentio.
1423 1487 1622 1542 Eadem
1655 1486 1791 1538 ratio
1820 1493 1904 1538 est

331 1579 401 1632 de
442 1577 632 1645 majori
681 1585 735 1632 et
780 1577 993 1632 minori.
1042 1575 1251 1630 Nullum
1301 1577 1446 1629 enim
1495 1575 1546 1629 in
1585 1586 1682 1628 suo
1709 1587 1903 1646 genere

330 1682 554 1737 parvum
583 1676 675 1722 aut
701 1683 950 1738 magnum
988 1683 1107 1722 esse
1144 1675 1336 1736 potest,
1368 1681 1434 1720 cx
1474 1665 1796 1736 cogitatione
1825 1671 1903 1715 ta-

1997 496 2092 549 nit.
2159 495 2231 549 De
2279 495 2578 563 quantitate
2643 495 2891 550 similiter
2956 497 3260 551 dicendum.
3331 499 3562 554 Dicimus

1995 584 2134 635 enim
2167 591 2363 650 quanta
2393 583 2648 646 essentia,
2678 593 2878 651 quanta
2909 585 3161 652 qualitas.
3189 599 3387 655 quanta
3421 589 3561 644 relao

1999 674 2090 736 tio,
2122 681 2354 740 quantus
2399 672 2552 734 situs,
2602 684 2834 741 quantus
2885 675 3124 742 habitus,
3153 693 3312 746 quam
3345 695 3567 750 magnus

1996 759 2162 825 locus,
2208 775 2368 828 quam
2417 775 2638 830 parvum
2666 762 2746 816 vel
2773 764 3069 832 spatiosum
3107 775 3332 836 tempus,
3365 781 3563 837 quanta

1999 850 2158 914 actio,
2209 860 2406 919 quanta
2448 852 2658 920 passio?
2697 850 2948 917 Videsne,
2979 870 3138 923 quam
3170 856 3273 911 late
3299 868 3446 926 patet
3475 875 3568 928 per

1997 949 2206 993 ceteras
2235 941 2530 1008 categorias
2550 941 2846 1009 quantitas?
2867 941 2980 996 Non
3000 943 3041 973 “
3071 953 3244 999 tamen
3265 961 3420 1000 suum
3445 964 3570 1016 pro-

1999 1032 2172 1100 prium
2220 1032 2421 1086 deserit
2459 1040 2678 1085 sta'tum.
2707 1031 2847 1099 Quid
2881 1033 2946 1086 de
2988 1033 3278 1102 qualitate?
3304 1034 3492 1090 Nonne
3515 1047 3572 1090 et

1998 1121 2112 1188 ipsa
2139 1119 2204 1173 de
2244 1119 2493 1172 onmibus
2527 1119 2649 1172 aliis
2681 1119 2724 1151 ¹⁸
2751 1121 3038 1190 categoriis
3073 1122 3378 1191 frequenter
3410 1139 3570 1194 prae-

1999 1208 2167 1263 dicari
2197 1209 2363 1262 solet?
2401 1209 2638 1262 Dicimus
2663 1210 2829 1274 enim,
2860 1210 3034 1280 qualis
3060 1213 3224 1278 οὖσία,
3259 1213 3432 1282 qualis
3455 1231 3571 1268 ma-

2002 1298 2243 1367 gnitudo,
2277 1297 2450 1366 qualis
2493 1297 2705 1362 relatio,
2749 1299 2906 1365 situs,
2952 1300 3185 1366 habitus,
3239 1303 3404 1367 locus,
3439 1312 3574 1358 tem-

2003 1405 2124 1456 pus,
2167 1402 2343 1458 agere,
2386 1387 2537 1457 pati?
2579 1387 2720 1442 llaec
2746 1390 2888 1443 enim
2943 1393 3142 1456 omnia,
3190 1393 3361 1462 qualia
3420 1405 3571 1458 sunt,

2003 1485 2429 1550 interrogamus;
2483 1495 2586 1532 non
2640 1490 2814 1533 tamen
2864 1483 3094 1551 qualitas
3132 1484 3212 1537 sui
3257 1486 3456 1554 proprii
3481 1502 3578 1557 ge-

2005 1573 2149 1633 neris
2198 1568 2456 1621 rationem
2503 1567 2719 1622 deserit.
2767 1569 2904 1636 Quid
2935 1589 3063 1643 ergo
3094 1577 3306 1640 mirum,
3339 1577 3382 1630 si
3419 1584 3574 1630 cate-

2004 1671 2152 1739 goria
2221 1671 2583 1733 liabitudinis,
2645 1673 2768 1724 dum
2825 1673 2874 1724 in
2935 1671 3184 1724 omnibus
3255 1667 3576 1738 inSpicitur,

331 1773 454 1814 men
477 1759 902 1829 comparantium
930 1760 1166 1813 diversas
1188 1758 1516 1828 quantitates
1539 1757 1664 1810 talia
1685 1756 1897 1832 inventa
1935 1769 1974 1825 υ
2005 1761 2271 1830 propriam
2317 1777 2469 1815 suam
2521 1763 2780 1816 rationem
2832 1762 3104 1832 possidere
3142 1758 3384 1813 dicatur?
3425 1757 3577 1812 DISC.

330 1851 726 1918 sunt..ldeoque
752 1849 988 1902 locorum
1017 1864 1107 1902 seu
1137 1849 1368 1916 partimn
1401 1845 1778 1916 contemplatio
1805 1831 1901 1897 ba.-

329 1941 499 1994 liitum
529 1938 581 1991 in
616 1938 807 1992 talibus
833 1938 1018 2008 gignit.
1049 1937 1198 1990 Nulla
1223 1938 1365 1991 enim
1398 1947 1584 1990 natura
1617 1933 1787 2001 major
1810 1941 1902 1986 aut

333 2030 508 2082 minor
535 2027 638 2082 alia
665 2037 854 2081 natura
894 2027 963 2080 sit
995 2028 1037 2090 ⁸,
1067 2027 1216 2080 sicut
1235 2041 1407 2094 neque
1453 2025 1699 2094 superior
1728 2039 1902 2092 neque

331 2117 574 2180 inferior,
622 2132 742 2172 cum
789 2131 893 2170 una
951 2117 1191 2170 omnium
1242 2117 1496 2168 subsistat
1548 2123 1781 2177 natura,
1832 2129 1896 2167 ex

237 2219 242 2228 ·
330 2220 438 2260 uno
490 2205 596 2258 Deo
625 2205 863 2258 condita.
918 2204 1060 2259 Dtsc.
1099 2205 1236 2270 Quid
1284 2203 1350 2257 de
1384 2203 1666 2283 tempore?
1715 2202 1902 2256 Nozuie

331 2311 384 2347 HI
423 2295 570 2363 ipsis,
609 2295 734 2348 dum
783 2295 922 2349 inter
971 2309 1027 2348 se
1073 2295 1300 2348 invicem
1347 2294 1721 2356 conferuntur,
1755 2293 1900 2346 lucu-

333 2385 506 2438 lenter
552 2384 766 2440 habitus
815 2386 1050 2440 arridet?
1084 2385 1238 2440 Verbi
1275 2386 1470 2456 gratia,
1503 2384 1607 2439 dici
1645 2384 1666 2415 ³
1703 2384 1769 2436 ad
1809 2385 1902 2436 bo-

334 2488 442 2535 ras,
488 2473 653 2529 horae
690 2475 756 2528 ad
789 2485 1034 2544 punctos,
1067 2475 1246 2544 puncti
1287 2477 1354 2527 ad
1398 2482 1750 2536 momentum,
1785 2489 1899 2525 ιιιοο

333 2562 499 2615 menti
527 2562 593 2616 ad
621 2571 818 2616 atoma.
849 2563 1108 2616 Similiter
1129 2563 1180 2616 in
1206 2562 1574 2630 superioribus
1601 2570 1898 2629 temporum

333 2651 970 2718 continensurationibus,
993 2651 1036 2704 si
1061 2651 1181 2720 quis
1212 2650 1536 2712 ascenderit,
1568 2651 1817 2718 reperiet.
1844 2649 1899 2702 in

330 2731 418 2787 bis
441 2735 585 2788 enim
609 2738 861 2793 omnibus
889 2739 1102 2793 habitus
1131 2739 1294 2792 totius
1319 2739 1383 2791 ad
1414 2745 1614 2806 partes,
1645 2737 1902 2804 partium-

337 2837 443 2893 que
463 2827 484 2858 '
505 2825 572 2879 ad
600 2831 770 2880 totum
800 2824 1138 2894 perspicitur.
1161 2824 1298 2878 MAG.
1321 2821 1570 2878 Profecto
1597 2836 1706 2878 non
1731 2815 1917 2876 abterf

342 2917 481 2970 Disc.
518 2915 653 2981 Quid
681 2914 732 2968 in
761 2914 986 2968 diversis
1013 2915 1032 2945 ⁷
1059 2916 1244 2986 agendi
1270 2927 1322 2968 et
1341 2921 1361 2945 "
1385 2915 1620 2984 patiendi
1645 2914 1908 2967 minibus?

341 3005 526 3059 Nonne
552 3005 763 3059 habitus
793 3004 986 3074 ubique
1019 3005 1250 3060 relucet?
1271 3009 1404 3059 t‘tam
1431 3021 1612 3061 amare
1659 3015 1711 3058 et
1737 3007 1905 3058 amari

2001 1850 2154 1904 Nullo
2195 1854 2350 1906 modo
2389 1854 2725 1917 mirandum;
2758 1870 2879 1908 nam
2907 1869 3032 1908 vera
3056 1853 3194 1908 ratio
3223 1853 3433 1916 suadet,
3465 1865 3579 1904 non

2000 1942 2156 1996 aliter
2183 1959 2301 1996 esse
2325 1943 2370 1976 ¹⁶
2390 1959 2564 2012 posse.
2591 1945 2730 2000 Mm.
2781 1945 2966 2000 Nonne
3007 1946 3170 2015 igitur
3221 1944 3386 2008 vides,
3439 1944 3583 1997 divi-

2003 2047 2125 2084 nam
2156 2032 2446 2085 essentiam
2495 2033 2692 2087 nullius
2734 2034 3059 2088 babitudinis
3089 2034 3403 2102 participem
3427 2047 3580 2096 esse,

2001 2121 2067 2174 de
2112 2136 2174 2174 ea
2224 2130 2400 2176 tamen
2454 2138 2558 2176 non
2609 2122 2917 2192 incongrue,
2967 2121 3438 2192 quoniam.ipsius
3494 2131 3587 2174 est

2001 2201 2182 2276 causa,
2229 2213 2526 2282 praedicari
2569 2214 2759 2283 posse?
2803 2213 2860 2268 Si
2906 2215 3048 2268 enim
3097 2213 3310 2284 proprie
3349 2212 3418 2266 de
3459 2211 3582 2280 ipsa

2002 2299 2216 2354 habitus
2240 2301 2662 2370 praedicaretur,
2696 2318 3030 2372 nequaquam
3067 2303 3284 2383 suimet,
3316 2303 3408 2356 sed
3437 2302 3583 2355 alle-

2004 2388 2115 2442 rius
2134 2399 2296 2444 esset.
2319 2389 2507 2445 Omnis
2527 2392 2721 2461 quippe
2745 2393 2782 2424 "
2816 2393 3030 2446 habitus
3056 2393 3105 2446 in
3134 2393 3311 2462 aliquo
3337 2389 3585 2458 subjecto

2004 2481 2402 2548 intelligitur,et
2431 2481 2656 2549 alicujus
2673 2484 2921 2538 accidens
2943 2494 3045 2546 ewt,
3073 2485 3212 2551 quod
3239 2483 3302 2536 de
3331 2481 3460 2544 Deo,
3487 2481 3579 2533 cui

2003 2571 2204 2623 nullum
2223 2572 2440 2634 accidit,
2455 2581 2506 2624 et
2531 2571 2620 2640 qui
2642 2573 2683 2604 ‘°
2702 2572 2897 2626 accidit
2913 2571 3060 2633 nulli,
3079 2572 3130 2624 in
3158 2569 3401 2637 nulloque
3420 2570 3585 2621 intel-

2002 2660 2206 2728 ligitur,
2225 2673 2276 2714 et
2303 2662 2501 2716 nullmn
2533 2664 2583 2715 in
2609 2663 2746 2730 ipso,
2762 2663 2983 2732 impium
3005 2672 3088 2716 est
3106 2663 3324 2716 credere
3347 2663 3407 2712 ’⁸.
3428 2661 3590 2733 οπερ.-

2005 2745 2151 2802 Satis
2170 2751 2234 2801 de
2256 2750 2355 2802 bac
2375 2750 2644 2819 categoria
2663 2751 2996 2820 disputatum
3018 2761 3122 2812 est,
3139 2760 3195 2802 ut
3220 2751 3469 2803 arbitror.

2075 2834 2164 2888 2|.
2196 2831 2334 2886 alas.
2369 2831 2506 2896 Quid
2536 2831 2732 2900 igitur?
2772 2829 2958 2887 Nonne
2994 2847 3060 2888 ex
3109 2831 3212 2896 his,
3259 2845 3395 2899 quae
3421 2844 3583 2898 prac-

2009 2923 2145 2978 dicta
2197 2929 2342 2983 sunt,
2382 2921 2450 2976 de
2490 2907 2683 2976 ceteris
2711 2923 2994 2991 categoriis
3025 2922 3258 2977 breviter
3286 2934 3580 2989 possumus

2009 3013 2301 3084 colligere?
2343 3010 2460 3066 Non
2511 3013 2653 3066 enim
2710 3013 2848 3066 Deus
2901 3012 3086 3076 locus,
3141 3025 3313 3080 neque
3366 3019 3584 3078 tempus
3655 3041 3660 3046 ι

344 3095 688 3149 habitudines
717 3106 836 3148 sunt
868 3085 1102 3148 ultumis
1151 3100 1206 3141 et
1243 3095 1407 3148 amati
1472 3096 1735 3165 siquidem
1769 3095 1904 3147 inter

2009 3115 2126 3169 est;
2168 3112 2404 3157 attamen
2451 3102 2600 3157 locus
2641 3103 2878 3156 omnium
2923 3101 3230 3156 translative
3266 3101 3485 3161 dicitur,
3527 3107 3584 3151 et

335 3200 394 3240 se
429 3188 692 3244 invieem'
719 3187 1044 3256 respiciunt;
1088 3207 1200 3246 sive
1233 3193 1288 3245 in
1336 3204 1443 3242 una
1493 3201 1722 3255 persona
1763 3187 1903 3249 sint,

335 3280 476 3347 quod
504 3294 533 3330 a
564 3279 783 3332 Graecis
809 3279 1004 3333 dicitur
1042 3282 1368 3343 αὐτοπάθεια,
1402 3280 1452 3332 id
1478 3289 1582 3344 est,
1615 3295 1734 3333 cum
1765 3275 1912 3333 actio

335 3377 392 3420 et
431 3367 612 3436 passio
659 3369 711 3421 in
759 3383 861 3421 una
910 3369 1204 3436 eademque
1241 3369 1520 3438 inspicitur
1557 3384 1808 3438 persona,
1849 3379 1905 3420 ut

337 3473 597 3525 metpsum
649 3473 801 3524 amo;
847 3459 961 3513 sive
1005 3460 1146 3514 inter
1175 3459 1310 3514 duas
1361 3438 1636 3528 personas:
1692 3458 1832 3526 quod
1876 3475 1902 3510 a

335 3547 557 3602 Graecis
584 3549 779 3604 dicitur
805 3550 1148 3624 ἕτεροπάθεια,
1182 3551 1232 3605 id
1259 3560 1362 3616 est,
1397 3566 1516 3605 cum
1549 3550 1650 3603 alia
1677 3564 1905 3618 persona

335 3637 588 3701 amantis,
609 3647 662 3690 et
683 3637 785 3692 alia
807 3641 968 3692 amati
995 3640 1035 3670 '°
1063 3640 1154 3702 sit,
1175 3650 1226 3693 ut
1259 3655 1380 3692 amo
1412 3648 1480 3691 te.
1514 3637 1652 3692 MAG.
1685 3638 1748 3691 Et
1777 3637 1907 3691 haec

335 3740 462 3779 vera
489 3742 607 3781 esse
637 3727 866 3782 decerno
891 3729 953 3780 υ.
982 3729 1123 3783 Disc.
1153 3730 1362 3796 Quaero
1394 3729 1556 3799 igitur
1579 3745 1607 3782 a
1639 3737 1710 3791 te,
1738 3743 1906 3796 quare

342 3814 446 3872 ista
503 3816 771 3886 categoria
814 3819 1158 3885 habitudiuis,
1205 3838 1328 3876 cum
1379 3821 1576 3875 ceteris
1621 3819 1906 3888 catcgoriis

340 3903 660 3958 naturaliter
677 3904 852 3960 inesse
866 3892 1132 3972 videatur,
1153 3925 1247 3979 per
1265 3910 1307 3940 ¹²
1327 3925 1385 3962 se
1402 3908 1721 3978 specialiter,
1743 3908 1903 3962 veluti

346 3992 460 4046 Suis
498 3993 730 4062 propriis
765 3995 1061 4050 rationibus
1099 3999 1350 4060 subnixa,
1397 4014 1551 4051 suum
1590 3999 1640 4048 in
1687 3997 1902 4048 denaria

338 4083 728 4150 categoriarum
782 4087 1078 4152 quantitate
1126 4087 1296 4140 locum
1347 4088 1609 4140 obtineat.
1657 4085 1793 4155 .\I._tc.
1826 4090 1903 4137 .-\u

382 4185 497 4237 irte,
530 4174 653 4242 quia
685 4175 734 4228 in
757 4177 1005 4230 onmibus
1031 4177 1322 4237 invenitur,
1347 4186 1623 4246 propterea
1651 4176 1702 4229 in
1729 4178 1904 4244 seipsa

369 4264 616 4318 absistit?
638 4263 770 4318 Nam
792 4265 932 4334 quod
953 4265 1191 4319 onmium
1215 4275 1328 4329 est,
1344 4265 1539 4320 nullius
1562 4265 1775 4334 proprie
1801 4277 1903 4322 est'

352 4354 446 4409 sed
471 4353 543 4410 ita
572 4361 658 4410 est
679 4353 732 4408 in
754 4355 1025 4418 onmilms,
1051 4353 1187 4408 utin
1213 4354 1388 4424 seipsa
1415 4355 1688 4409 subsistat.
1721 4354 1916 4408 Eadem

2012 3204 2242 3264 tempus,
2265 3194 2389 3263 quia
2428 3196 2666 3248 onmium
2712 3193 2947 3248 locorum
2987 3203 3388 3259 temporumque
3411 3203 3582 3242 causa

2008 3293 2109 3337 est.
2140 3282 2390 3338 Omnium
2421 3284 2616 3352 quippe
2640 3275 2998 3344 deﬁnitiones,
3029 3281 3180 3350 quasi
3211 3281 3425 3350 quidam
3453 3279 3584 3342 loci,

2010 3373 2060 3426 in
2102 3374 2215 3442 ipso
2254 3374 2330 3426 su'
2355 3371 2586 3436 sistunt,
2623 3382 2677 3427 et
2708 3374 2774 3427 ab
2802 3374 2914 3442 ipso
2941 3372 3094 3441 quasi
3123 3388 3152 3425 a
3181 3371 3411 3440 quodam
3439 3379 3586 3424 tem-

2009 3481 2159 3534 pore,
2190 3467 2284 3534 per
2315 3465 2484 3533 ipsum
2534 3464 2692 3518 veluti
2736 3479 2832 3532 per
2871 3463 3134 3532 quoddam
3178 3472 3400 3531 tempus,
3439 3471 3494 3515 et
3530 3463 3586 3516 in

2010 3557 2181 3626 ipsum
2211 3555 2374 3608 veluti
2416 3555 2468 3608 iu
2513 3554 2671 3610 linem
2715 3557 2980 3622 quendam
3031 3566 3344 3624 temporum,
3401 3561 3588 3606 motus

2008 3647 2246 3700 onmium
2280 3657 2333 3700 et
2363 3646 2569 3715 incipit,
2607 3656 2658 3700 et
2690 3655 2957 3708 movetur,
2995 3655 3046 3698 et
3073 3647 3288 3708 desinit,
3313 3645 3437 3698 dum
3464 3645 3588 3715 ipse

2010 3753 2108 3792 nec
2147 3754 2205 3791 se
2244 3744 2454 3791 moveat
2499 3751 2594 3805 per
2637 3745 2866 3806 tempus,
2913 3753 3010 3790 nec
3038 3737 3106 3791 ab
3135 3736 3241 3813 alio
3276 3743 3588 3793 moveatur.

2009 3825 2146 3892 Quid
2189 3825 2376 3880 enim?
2419 3823 2554 3878 Num
2582 3826 2627 3855 ἰ’
2661 3825 2704 3879 si
2755 3825 2968 3895 proprie
3011 3824 3163 3880 locus
3209 3825 3480 3879 diceretur
3527 3833 3590 3882 et
3617 3849 3654 3914 ι

2011 3923 2239 3983 tempus,
2271 3913 2539 3967 videretur
2567 3928 2670 3968 non
2697 3923 2848 3968 extra
2880 3913 3055 3968 omnia
3085 3929 3182 3983 per
3207 3913 3586 3969 excellentiam

2007 4002 2296 4066 essentiae,
2342 4002 2435 4057 sed
2467 4001 2519 4054 in
2553 4017 2778 4056 numero
2816 4005 3075 4067 omnium,
3121 4019 3260 4073 quae
3302 4013 3448 4068 sunt,
3498 4003 3590 4058 iu-

2009 4090 2196 4145 cludi?
2224 4091 2399 4148 Locus
2434 4091 2703 4160 siquidem
2728 4101 2783 4147 et
2813 4101 3029 4161 tempus
3054 4091 3189 4144 inter
3215 4088 3419 4150 omnia,
3452 4100 3602 4153 quae

2011 4193 2189 4237 creata
2241 4193 2394 4247 sunt,
2441 4193 2840 4256 computantur.
2885 4182 2943 4237 In
2982 4183 3064 4236 his
3104 4193 3336 4247 namque
3378 4178 3598 4233 duobus

2025 4277 2168 4326 lotus
2211 4269 2462 4332 mundus,
2507 4270 2596 4337 qui
2629 4284 2770 4321 nunc
2807 4277 2909 4330 est,
2949 4269 3212 4332 consistit,
3251 4277 3305 4322 et
3328 4267 3446 4322 sine
3471 4268 3600 4336 qui-

2022 4354 2124 4410 bus
2165 4370 2287 4411 esse
2330 4373 2436 4411 non
2483 4365 2676 4426 potest.
2733 4356 2962 4425 Ideoque
3009 4373 3038 4410 a
3083 4356 3304 4412 Graecis
3332 4355 3597 4410 dicuntur

351 4444 495 4497 enim
542 4445 682 4500 ratio
720 4445 883 4498 etiam
930 4443 975 4476 ²⁸
1019 4444 1073 4498 in
1111 4423 1384 4512 categoria
1423 4444 1690 4497 essentiae
1750 4443 1904 4513 inspi-

2018 4445 2082 4501 ὧν
2095 4447 2213 4503 ἄνευ
2240 4449 2296 4504 τὸ
2320 4455 2439 4512 πᾶν,
2463 4448 2514 4502 id
2543 4456 2646 4512 est,
2679 4447 2873 4518 quibus
2909 4449 3022 4502 sine
3048 4449 3092 4479 ἰ
3123 4447 3446 4502 universitas
3471 4459 3624 4500 esse.

355 4532 542 4586 cicada
573 4543 676 4588 est.
709 4535 845 4601 Quid
877 4535 1060 4590 enim?
1100 4534 1370 4606 Nunquid,
1409 4550 1529 4590 cum
1561 4535 1744 4590 decem
1773 4544 1918 4591 cale-

355 4622 536 4692 goriae
580 4625 710 4687 sint,
743 4641 844 4677 una
875 4640 1060 4677 earum
1097 4627 1332 4680 essentia
1377 4641 1468 4680 seu
1517 4625 1811 4680 substantia
1842 4627 1918 4680 di-

361 4712 532 4776 citur,
581 4728 771 4766 novem
824 4729 950 4767 vero
988 4715 1283 4769 accidentia
1324 4725 1474 4780 sunt,
1526 4727 1580 4770 et
1633 4717 1686 4769 in
1741 4718 1918 4770 subsi-

356 4801 550 4856 stentia
594 4801 927 4857 subsistunt?
953 4803 1054 4858 Per
1079 4809 1136 4860 se
1163 4807 1304 4862 enim
1342 4808 1634 4862 subsistere
1670 4823 1773 4862 non
1803 4824 1922 4878 pos-

355 4898 499 4945 sunt.
528 4891 766 4946 Essentia
792 4893 844 4947 in
869 4894 1116 4950 omnibus
1135 4911 1253 4950 esse
1279 4897 1506 4961 videtur,
1535 4897 1651 4950 sine
1673 4913 1776 4966 qua
1803 4912 1923 4952 esse

357 4996 463 5034 non
507 4991 750 5050 possunt,
789 4993 844 5038 et
882 4993 1060 5039 tamen
1087 5001 1184 5056 per
1211 5002 1267 5040 se
1296 4987 1470 5040 locum
1500 5002 1654 5040 suum
1691 4987 1919 5041 obtinet.

355 5069 508 5138 Quod
530 5071 671 5127 enini
701 5075 938 5132 omnium
963 5086 1067 5140 est,
1099 5077 1293 5130 nullius
1326 5078 1536 5146 proprie
1562 5087 1664 5142 est,
1690 5079 1782 5132 sed
1807 5093 1923 5132 om-

355 5164 503 5220 nium
571 5181 886 5234 commune;
949 5178 1002 5224 et
1045 5168 1170 5222 dum
1222 5169 1273 5222 in
1323 5171 1572 5225 omnibus
1617 5171 1874 5226 subsistat
1905 5212 1920 5236 ,

2020 4535 2315 4596 noavalct.
2351 4534 2522 4590 Omne
2563 4536 2728 4599 enim,
2775 4536 2914 4604 quod
2949 4537 2998 4588 in
3028 4538 3223 4588 mundo
3247 4544 3350 4596 est,
3383 4534 3601 4588 moveri

2025 4635 2283 4694 tempore,
2317 4626 2430 4679 lodo
2456 4626 2501 4658 “
2527 4625 2738 4678 deliniri
2760 4625 2805 4656 "
2829 4640 3047 4679 necesse
3075 4637 3190 4689 cst;
3222 4633 3275 4678 et
3297 4623 3445 4676 locus
3477 4623 3604 4693 ipse.

2025 4715 2298 4778 definitur,
2337 4725 2388 4782 et
2432 4725 2640 4783 tempus
2674 4725 2952 4780 movetur;
2983 4714 3120 4768 Deus
3149 4725 3327 4768 autem
3355 4727 3453 4766 nec
3478 4731 3602 4767 nio-

2027 4818 2201 4868 vetnr,
2257 4823 2354 4859 nec
2401 4805 2673 4860 delmitur.
2715 4804 2854 4864 Nam
2895 4804 3062 4866 locus,
3108 4817 3215 4871 quo
3260 4801 3604 4856 deﬁniuntur

2029 4899 2208 4951 omnia
2253 4897 2387 4962 loca,
2433 4897 2580 4951 locus
2620 4895 2860 4949 locorum
2897 4902 3000 4949 est.
3029 4893 3094 4948 Et
3124 4893 3248 4962 quia
3274 4891 3362 4944 ille
3385 4905 3418 4944 a
3445 4891 3604 4945 nullo

2029 4988 2252 5051 locatur,
2284 4987 2378 5042 sed
2403 4987 2583 5042 omnia
2616 4987 2754 5039 intra
2792 5000 2850 5040 se
2872 4985 3116 5048 collocat,
3144 4999 3251 5038 non
3288 4982 3457 5044 locus,
3499 4987 3604 5038 sed

2029 5077 2308 5146 plusquam
2352 5077 2618 5131 locusest.
2650 5075 2695 5130 Δ
2723 5075 2867 5130 nullo
2908 5090 3136 5144 namque
3182 5074 3457 5136 delinitur,
3499 5077 3604 5128 sed

2027 5168 2205 5222 omnia
2245 5166 2452 5220 deﬁnit.
2503 5167 2674 5222 Causa
2709 5167 2870 5238 igitur
2896 5175 2978 5222 cst
3026 5167 3266 5220 omnium
3293 5165 3361 5217 ³³.
3392 5165 3604 5218 Eodem

1619 5280 1871 5336 VARIAE
1909 5278 2306 5336 LECTIONES.

429 5371 445 5401 ¹
467 5370 512 5426 Δ
526 5381 579 5443 et
599 5389 918 5443 nequaquam
937 5390 952 5434 ;
969 5373 1345 5443 Dncquaqaam
1365 5371 1521 5443 (ςηίιῃ
1541 5373 1675 5440 om.)

356 5507 508 5570 (30E,
541 5509 586 5563 Α
609 5507 861 5564 discerno.
907 5507 915 5511 ’
946 5512 985 5542 ¹²
1012 5507 1276 5570 SithDli;
1299 5511 1336 5562 Α
1359 5521 1402 5563 ct

358 5578 423 5649 ζ’.
501 5578 541 5608 ⁸⁷
559 5578 598 5630 Α
621 5581 843 5649 proprie.
923 5579 963 5611 ³⁸
987 5581 1075 5645 qui
1097 5596 1201 5632 oin.
1227 5581 1376 5633 (lilii.

356 5645 399 5700 Δ
430 5645 660 5712 locoque.
716 5645 780 5680 ’³³
804 5649 887 5703 (ΣΕ
909 5651 1146 5716 difﬁnire.

1429 5526 1524 5579 per
1550 5527 1625 5566 Si}.

1457 5581 1496 5614 ¹⁹
1517 5583 1556 5634 Α
1581 5582 1787 5633 medere
1812 5594 1902 5635 est.

1226 5653 1266 5680 “
1297 5651 1334 5702 ll
1359 5651 1585 5702 ouiuiuut
1618 5661 1710 5702 est.

1750 5375 1770 5404 ³
1800 5375 1840 5426 Α
1866 5391 1998 5428 (mm:
2007 5385 2136 5428 rem.

429 5373 445 5401 '
467 5373 572 5426 Aet
599 5373 1345 5443 nequaquam;Dncquaqmmt
1365 5373 1521 5430 (enim
1541 5373 1675 5440 om.)
1750 5375 1770 5404 ³
1800 5373 1840 5426 Α
1866 5385 2136 5443 apparent.
2210 5373 2232 5406 ³
2257 5390 2320 5426 ex
2345 5389 2452 5427 om.
2473 5373 2536 5426 Α.
2614 5373 2636 5404 ⁸
2662 5373 2750 5427 Sic
2780 5373 2939 5436 CDE;
2971 5373 3010 5426 Α
3042 5374 3120 5442 ﬁt.
3197 5373 3218 5401 '
3249 5373 3359 5425 Sic.

355 5440 487 5522 dies;
652 5445 880 5522 partium
895 5441 1476 5522 quoqf'.e.":_sit'A:\Cl£;
1509 5442 1547 5493 Ι)
1573 5443 1845 5522 universi}.
1920 5445 2006 5522 ’.Α
2038 5444 2132 5522 rel.
2205 5444 2454 5522 ’iuvic‘em
2479 5458 2586 5522 om.
2617 5445 2678 5495 Α.
2742 5443 2798 5522 .¹-⁰
2927 5442 3032 5512 QE;
3055 5444 3359 5522 A‘Dhamallfz.

1704 5515 1718 5544 ¹
1730 5513 1747 5541 ³
1771 5513 1873 5566 Pro
1893 5514 2047 5566 etiam
2076 5514 2112 5564 Α
2137 5529 2263 5566 esse.

1981 5583 2024 5617 ”
2051 5582 2140 5634 AD
2167 5583 2324 5636 Nam.

2210 5373 2232 5406 ³
2257 5390 2320 5426 ex
2345 5389 2452 5427 om.
2473 5373 2536 5426 Α.
2614 5373 2636 5404 ⁸
2662 5373 2750 5427 Sic
2780 5372 2939 5435 CDE;
2971 5372 3010 5426 Α
3042 5374 3120 5435 ﬁt.
3197 5371 3218 5401 ³
3249 5369 3432 5435 5ῙοΑ;
3462 5370 3608 5426 CDE

3274 5452 3359 5492 ita.
3442 5442 3482 5472 “
3505 5443 3607 5496 Sic

3274 5508 3318 5540 ⁸⁸
3341 5525 3454 5561 esse
3481 5526 3606 5561 (κῃ.

3370 5526 3454 5562 888
3481 5526 3606 5565 om.

3246 5581 3290 5611 υ
3314 5578 3402 5632 Sic
3427 5580 3568 5636 ent-3
3583 5575 3632 5651 ι’

2614 5373 2636 5404 ι
2662 5373 2750 5427 Sic
2780 5372 2939 5436 οδες
2971 5372 3010 5426 Α
3042 5374 3120 5442 ﬁt.

2347 5511 2389 5542 ”
2409 5513 2450 5563 Α
2469 5521 2514 5562 et
2538 5528 2661 5567 non.
2742 5513 2917 5564 "aliis
2944 5527 3052 5566 om.
3082 5511 3192 5565 AD.

2399 5579 2441 5610 "
2471 5580 2561 5635 Sic
2581 5581 2744 5646 CDE;
2773 5583 2815 5635 Α
2835 5583 2946 5634 sine
2968 5583 3170 5652 quibus.
