3904 6148
296 298 384 358 μθ

1030 334 1042 343 -
1126 307 1212 362 DE
1255 309 1589 367 DlYlSlOXE
1629 310 1976 365 N.\Tifil.\E.
2018 346 2084 354 —
2124 314 2319 369 LIBER
2360 316 2638 374 PRIMUS.

3418 334 3529 385 4Το

296 413 432 466 modo
466 428 626 468 eausa
667 424 962 484 temporum
996 426 1232 487 tempora
1261 431 1480 485 movet,
1518 423 1632 491 ipsa
1659 438 1786 476 vero
1817 438 1850 505 a
1879 433 1920 487 Α
1952 426 2217 493 appetitus
2265 439 2408 482 motu
2456 432 2685 499 quodam
2734 434 2870 498 fieri,
2919 436 3041 504 quis
3077 438 3374 496 dubitarit?
3434 444 3527 499 Est

294 501 438 563 nullo,
462 502 513 555 in
543 503 688 555 nullo
718 512 802 557 ten
828 522 956 574 pore
983 517 1245 560 movetur.
1276 509 1366 563 Est
1391 511 1532 564 enim
1565 501 1846 581 plusquam

292 602 499 662 tempus,
530 602 583 645 et
616 594 896 661 plusquam
929 606 1124 650 motus.
1152 596 1336 665 Neque
1366 599 1511 653 locus
1540 600 1721 670 igitur,
1758 617 1852 654 ne-

289 697 376 750 que
404 691 613 752 tempus
644 696 746 737 est.
782 684 927 740 DISC.
963 685 1036 738 Ita
1063 688 1275 754 quidem
1314 690 1475 743 etiam
1506 690 1622 744 lucc
1652 690 1849 746 clarius

286 786 548 846 apparent,
600 793 741 846 quae
780 779 922 833 uicta
954 789 1099 842 sunt,
1141 782 1190 834 in
1224 790 1449 841 tantum,
1484 791 1540 835 ut
1564 781 1673 849 jam
1709 782 1866 836 nunc'

285 867 341 919 de
368 874 549 918 natura
582 867 1004 936 categoriarum,
1053 869 1224 937 deque
1268 886 1453 925 earum
1496 870 1847 925 translatiuum

286 955 330 1008 in
364 954 570 1008 divinae
597 955 868 1009 essentiae
895 957 1340 1026 signiﬁcationem
1370 960 1502 1013 satis
1528 960 1728 1013 dictum
1761 960 1841 1014 vi-

286 1043 454 1096 deatur
490 1052 711 1112 pr0pter
756 1052 955 1110 cetera,
995 1059 1133 1115 quae
1173 1048 1239 1100 ad
1276 1063 1530 1117 praesens
1573 1051 1841 1119 negotium

284 1133 571 1187 necessario
596 1134 886 1201 pertinent.

339 1224 423 1279 εἳ.
448 1224 583 1279 MAG.
612 1223 814 1280 Horum
839 1227 1023 1281 decem
1049 1242 1304 1297 generum
1339 1237 1596 1298 quattuor
1620 1230 1670 1282 in
1698 1239 1837 1301 statu

281 1324 407 1378 sunt,
433 1314 482 1367 id
505 1324 589 1368 est
617 1316 787 1379 οὐσία,
817 1316 1111 1384 quantitas,
1152 1317 1308 1379 situs,
1361 1318 1677 1381 locus;'sex
1711 1332 1840 1371 vero

281 1405 324 1457 in
350 1413 508 1482 motu,
538 1404 798 1473 qualitas,
848 1405 1058 1470 relatio,
1105 1407 1340 1472 habitus,
1388 1415 1617 1477 tempus,
1652 1422 1833 1477 agere,

277 1494 392 1562 pati.
442 1492 549 1548 Nec
588 1502 642 1548 te
683 1495 854 1549 latere
904 1496 1006 1550 hoc
1058 1497 1303 1551 aestimo.
1355 1498 1496 1552 DISC.
1544 1497 1658 1551 lmo
1704 1498 1833 1551 mihi

276 1583 404 1635 t'larc
444 1592 605 1653 patet,
641 1599 705 1637 ac
730 1585 794 1639 de
822 1585 904 1638 his
935 1583 1009 1638 nil
1049 1585 1284 1654 amplius
1316 1587 1665 1655 quaesierim.
1725 1584 1831 1639 Sed

275 1689 510 1742 quorsum
556 1674 739 1729 istuc?
767 1675 905 1730 MAG.
942 1676 1011 1731 Ut
1042 1678 1184 1731 scias
1208 1678 1385 1748 plane,
1420 1679 1602 1732 decem
1634 1692 1829 1747 genera

1954 515 2081 568 item
2117 517 2218 569 alia
2266 520 2420 583 ratio,
2454 535 2590 588 quae
2619 524 2956 591 apertissime
2984 542 3070 591 ea,
3101 544 3240 598 qttae
3273 532 3325 584 in
3356 543 3521 594 motu,

1951 604 2018 655 ab
2049 605 2150 669 lus,
2184 622 2318 674 quae
2350 609 2401 661 in
2434 618 2573 662 statu
2626 621 2772 676 sunt,
2826 614 3103 669 discernit.
3159 617 3226 673 Ut
3274 621 3420 673 enim
3462 624 3527 674 do

1951 690 2063 759 ipsa
2107 694 2511 762 generalissima
2559 699 2766 751 ratione
2813 717 2953 755 mmc
2999 703 3149 772 plura
3182 721 3289 760 non
3323 709 3520 769 dicam,

1948 800 2084 851 quae
2112 785 2311 847 omnia,
2340 802 2478 854 quae
2505 803 2532 840 a
2564 789 2608 840 D
2629 805 2673 841 Ὀ
2702 800 2819 859 post
2848 793 3011 846 Deum
3047 796 3259 849 condita
3292 808 3435 855 sunt.
3473 803 3483 847 ἱ
3511 825 3520 847 ς

1948 885 2091 929 motu
2115 890 2235 930 esse
2266 877 2861 935 manifestat—omnia
2888 902 3119 951 namque
3158 903 3223 940 ex
3268 903 3372 941 non
3410 894 3519 940 exi-

1946 966 2212 1021 stentibus
2241 968 2290 1020 in
2319 969 2605 1022 existentia
2640 986 2733 1038 per
2770 976 3167 1040 generationem
3220 988 3519 1039 moventur,

1943 1069 2006 1109 ex
2050 1071 2153 1110 non
2198 1072 2316 1112 esse
2367 1058 2418 1111 in
2462 1074 2580 1114 esse
2607 1060 2787 1114 divina
2813 1062 3049 1117 bonitate
3074 1066 3250 1120 omnia
3276 1080 3519 1130 vocante,

1944 1154 2001 1197 ut
2031 1146 2160 1210 sint,
2208 1148 2272 1201 de
2320 1148 2522 1214 nihilo;
2578 1158 2637 1203 ut
2681 1154 3098 1221 unumquodque
3148 1171 3519 1227 eorum,quae

1942 1246 2087 1299 sunt,
2129 1238 2195 1291 ad
2238 1240 2528 1293 essentiam
2582 1257 2760 1304 suam,
2812 1258 3106 1321 genusque,
3148 1249 3517 1318 speciemque,

1940 1345 2327 1399 numerumque
2349 1347 2503 1385 suum
2526 1333 2753 1386 naturali
2785 1336 3284 1403 appetitttmovetur
3310 1340 3349 1369 “
3371 1356 3517 1395 —ea

1938 1420 2154 1488 prOprie
2196 1420 2425 1475 dicimus
2470 1421 2521 1474 in
2560 1431 2705 1475 statu
2747 1438 2885 1487 esse,
2932 1440 3067 1492 quae
3112 1440 3208 1494 per
3249 1442 3306 1482 se
3343 1429 3520 1483 subsi-

1937 1518 2104 1574 stunt,
2159 1510 2462 1579 nulliuSque
2522 1512 2762 1582 indigent
2804 1512 3050 1580 subjecti,
3099 1525 3165 1569 ut.
3203 1516 3344 1581 sint;
3378 1532 3521 1587 quae

1936 1615 2062 1654 vero
2094 1601 2144 1654 in
2176 1601 2355 1675 aliquo
2400 1603 2659 1666 existunt,
2709 1604 2833 1672 quia
2881 1619 2978 1672 per
3026 1621 3084 1659 se
3130 1605 3423 1661 subsistere
3472 1606 3519 1639 ¹¹

1936 1704 2042 1743 non
2089 1699 2335 1758 possunt,
2387 1691 2439 1744 in
2491 1702 2635 1746 motu
2662 1708 2781 1748 esse
2813 1709 2915 1749 non
2968 1695 3261 1766 incongrue
3303 1678 3517 1766 judica-

275 1765 524 1835 praedicta
566 1765 688 1820 aliis
732 1766 939 1821 duobus
984 1770 1351 1837 superioribus
1374 1769 1828 1838 generalioribus-
1861 1776 1907 1835 Β
1935 1794 2071 1833 mus.
2114 1768 2336 1833 Habitus
2376 1782 2556 1849 itaque
2590 1793 2751 1852 atque
2782 1783 2825 1815 ¹³
2851 1785 3039 1839 relatio
3065 1787 3116 1838 in
3142 1765 3344 1855 aliquo
3384 1790 3515 1842 sub.

273 1868 365 1921 que
407 1854 806 1931 comprehendi,
850 1862 993 1909 motu
1035 1856 1241 1910 scilicet
1285 1866 1446 1926 atque
1486 1866 1652 1921 statu,
1689 1870 1827 1929 quae

273 1945 446 1997 iterum
490 1944 897 2011 generalissimo
955 1946 1279 2014 colliguntur
1326 1963 1557 2013 genere,
1617 1948 1759 2017 quod
1794 1963 1823 2001 a

272 2031 474 2087 Graecis
498 2034 557 2087 τὸ
581 2038 707 2097 πᾶν,
742 2049 771 2087 a
801 2035 998 2089 nosuis
1039 2050 1166 2090 vero
1203 2037 1529 2091 universitas
1567 2037 1823 2111 appellari

268 2124 543 2179 consuevit.
592 2124 739 2179 DISC.
791 2127 901 2181 lloe
949 2128 1103 2182 valde
1148 2128 1273 2183 libet
1319 2140 1537 2199 propter
1592 2145 1704 2195 eos,
1734 2131 1822 2199 qui

269 2221 457 2283 putant,
506 2214 558 2267 in
609 2226 801 2268 natura
847 2231 1026 2270 rerum
1073 2216 1275 2273 nullum
1322 2234 1491 2290 genus
1518 2219 1823 2287 generalius

267 2313 462 2375 praeter
489 2312 507 2343 ί
535 2305 723 2359 decem
769 2306 1041 2373 praedicta
1089 2322 1307 2379 genera,
1332 2322 1471 2376 quae
1516 2308 1583 2362 ab
1609 2308 1819 2362 Aristo-

270 2398 360 2449 tete
395 2399 451 2447 et
490 2390 708 2447 inventa
746 2402 799 2446 et
846 2393 1123 2447 nominata
1173 2403 1317 2459 sunt,
1366 2408 1522 2463 posse
1572 2394 1815 2462 reperiri.

267 2479 390 2535 MAG.
417 2479 621 2536 Ratane
650 2482 831 2553 itaque
867 2481 912 2514 ¹⁶
941 2483 1035 2559 tibi
1063 2484 1276 2539 videtur
1298 2486 1430 2539 haec
1452 2484 1644 2539 divisio
1675 2493 1820 2538 tate-

267 2571 519 2646 goriarum
553 2572 607 2625 in
638 2583 840 2627 motum
871 2581 1033 2643 atque
1063 2582 1283 2639 statum,
1334 2575 1386 2629 id
1425 2583 1526 2641 est,
1560 2587 1817 2646 quattuor

265 2663 310 2714 ia
332 2645 489 2725 sta'tu,
517 2679 608 2717 sex
641 2664 694 2717 in
725 2665 909 2718 motu?
1150 2722 1153 2723 ν

316 2751 397 2804 ‘23.
428 2751 572 2805 DISC.
615 2752 748 2805 [lata
778 2752 1012 2820 quidem.
1042 2751 1147 2807 Sed
1179 2754 1352 2807 adhuc
1380 2753 1445 2805 de
1475 2753 1680 2806 duabus
1705 2768 1809 2806 non

260 2839 374 2893 satis
407 2840 532 2893 mihi
562 2850 732 2910 patet,
780 2842 845 2895 de
895 2842 1076 2896 habitu
1127 2842 1247 2895 dico
1292 2853 1344 2896 et
1392 2843 1669 2896 relatione.
1703 2843 1811 2896 llae

258 2946 469 3001 namque
492 2934 627 2987 duae
655 2934 956 3004 categoriae
983 2936 1154 3005 magis
1178 2936 1305 2989 mihi
1338 2938 1582 2989 videntur
1609 2951 1727 2990 esse
1756 2936 1808 2990 in

257 3031 404 3086 statu,
430 3024 660 3092 quamin
691 3034 856 3077 motu.
892 3024 1044 3090 Quod
1079 3026 1221 3080 enim
1250 3041 1460 3094 cunque
1491 3028 1510 3055 ¹
1537 3027 1601 3079 a.l
1635 3025 1811 3095 perfe-

1925 1870 2068 1940 jecto
2102 1878 2246 1935 sunt,
2278 1871 2330 1924 in
2365 1886 2472 1941 quo
2504 1888 2717 1941 semper
2744 1889 2862 1928 esse
2894 1875 3125 1929 naturali
3160 1885 3307 1931 motu
3344 1891 3511 1946 appe-

1932 1969 2070 2025 tunt,
2104 1961 2226 2030 quia
2263 1962 2381 2016 sine
2412 1978 2475 2017 eo
2508 1978 2625 2017 esse
2653 1980 2756 2017 non
2786 1972 3027 2033 possunt.
3068 1965 3124 2017 In
3159 1972 3303 2018 motu
3342 1966 3508 2035 igitur

1932 2058 2076 2105 sunt.
3347 2111 3365 2127 θ

1994 2141 2083 2196 24.
2124 2141 2266 2195 οιεε.
2286 2140 2421 2208 Quid
2452 2157 2579 2212 ergo
2602 2142 2919 2197 dicemusde
2943 2144 3078 2210 loco,
3102 2144 3168 2200 de
3192 2146 3515 2214 quantitate,

1927 2230 1991 2284 de
2012 2230 2137 2293 situ,
2170 2224 2305 2299 quae
2333 2231 2384 2283 in
2415 2231 2517 2294 his,
2560 2247 2696 2299 quae
2739 2233 2791 2285 in
2839 2241 2980 2287 statu
3008 2242 3133 2287 sunt
3166 2233 3229 2298 “,
3252 2236 3513 2304 posuisti?

1926 2318 2057 2373 Nam
2092 2321 2156 2373 de
2184 2323 2358 2385 οὐσία,
2391 2321 2441 2374 id
2474 2330 2556 2375 est
2585 2322 2627 2351 ”
2655 2324 2911 2385 essentia,
2932 2337 3089 2377 nemo
3114 2324 3339 2389 dubitat,
3366 2327 3509 2394 quod

1925 2409 2119 2463 nullius
2162 2409 2362 2479 indiget
2404 2410 2470 2463 ad
2514 2411 2931 2465 subsistendum.
2976 2411 3055 2465 Ab
3097 2413 3207 2480 ipsa
3239 2411 3381 2466 enin.
3412 2429 3501 2468 ce-

1924 2506 2037 2554 tera
2091 2498 2267 2554 fulciri
2315 2501 2629 2555 creduntur.
2683 2500 3011 2567 llaec-vero,
3060 2503 3236 2557 locum
3286 2505 3408 2559 dico
3450 2510 3505 2557 et

1921 2590 2301 2658 quantitatem,
2354 2590 2643 2658 situmque,
2700 2589 2841 2644 inter
2890 2591 3190 2645 accidentia
3235 2593 3505 2648 essentiae

1920 2687 2395 2735 connumerantur.
2440 2678 2517 2732 Ac
2552 2695 2646 2748 per
2674 2680 2776 2733 hoc
2802 2680 2928 2733 illud
2960 2680 3279 2749 subjectum,
3314 2683 3366 2735 in
3394 2699 3502 2753 quo

1917 2772 2063 2828 sunt,
2094 2771 2147 2817 et
2173 2763 2290 2817 sine
2336 2779 2441 2834 quo
2482 2781 2602 2821 esse
2630 2784 2732 2821 non
2761 2779 3007 2838 possunt,
3056 2774 3355 2840 appetendo
3381 2788 3497 2826 mo-

1914 2863 2129 2907 ventur.
2166 2854 2232 2907 Et
2274 2855 2315 2908 si
2348 2853 2419 2906 ita
2466 2863 2567 2919 est,
2617 2856 2795 2909 omnia
2840 2858 2891 2910 in
2945 2869 3089 2914 motu
3119 2872 3241 2915 sunt
3289 2871 3503 2931 praeter

1941 2946 2140 3008 οὐσίαν,
2189 2959 2325 3012 quae
2357 2943 2469 2997 sola
2496 2952 2640 2998 motu
2666 2955 2845 3009 caret,
2876 2961 2941 3001 eo
2968 2948 3081 3001 solo
3113 2960 3358 3017 excepto,
3388 2965 3495 3019 quo
3535 2992 3542 2999 .

1914 3037 2093 3090 omnia
2124 3044 2380 3105 appetent
2407 3051 2544 3100 esse,
2578 3037 2832 3106 quoniam
2856 3037 2966 3092 sola
3001 3054 3099 3107 per
3134 3053 3191 3093 se
3230 3040 3493 3095 subsistit.

255 3122 387 3165 ctum
432 3115 735 3181 pervenerit
789 3115 810 3147 ³
852 3116 1111 3179 habitum,
1154 3117 1562 3170 itnmutahiliter
1604 3125 1801 3170 manet.
1837 3114 1879 3175 C
1911 3126 2050 3182 Μια,
2106 3126 2221 3181 Non
2267 3142 2654 3196 usquequaque
2702 3127 2930 3181 absurda
2960 3137 3041 3182 est
3070 3129 3345 3197 inquisitio
3379 3140 3489 3193 tua,

254 3200 372 3255 Nam
424 3205 467 3257 si
506 3205 904 3273 quodammodo
956 3216 1235 3261 moveatur
1284 3207 1324 3272 ⁸,
1369 3206 1479 3275 jam
1528 3222 1632 3261 non
1685 3222 1805 3262 esse

252 3293 478 3347 habitum
512 3294 857 3349 manifestum
884 3305 985 3351 est.
1023 3296 1203 3351 Virtus
1226 3298 1373 3351 enim
1405 3298 1456 3351 in
1485 3298 1660 3350 anima
1694 3308 1804 3351 tum

251 3399 359 3441 rere
411 3389 627 3443 habitus
674 3389 840 3442 animi
891 3390 912 3421 ⁸
962 3397 1079 3455 est,
1134 3406 1251 3445 cum
1301 3389 1348 3444 ei
1397 3390 1808 3444 immntabiliter

247 3474 507 3541 adhaeret,
543 3487 599 3531 ut
637 3477 706 3531 ab
728 3492 793 3533 eo
816 3480 1049 3547 separari
1078 3495 1184 3533 non
1215 3480 1402 3549 possit.
1432 3478 1664 3550 Ideoque
1687 3495 1805 3533 cor-

247 3584 417 3637 porum
464 3572 610 3639 nulla
661 3587 784 3626 vera
833 3573 1089 3628 habitudo
1134 3575 1435 3637 invenitur;
1476 3587 1599 3626 nam
1629 3586 1809 3625 arma-

246 3671 322 3714 tus
347 3664 427 3716 vel
464 3664 687 3718 indutus
717 3670 895 3732 potest
921 3665 1088 3718 armis
1119 3680 1210 3719 seu
1239 3664 1566 3718 indumentis
1590 3677 1800 3718 carere.

241 3746 291 3803 ln
320 3751 578 3807 relatione
621 3753 753 3808 item
796 3742 968 3808 Status
990 3754 1301 3823 praevalere
1333 3754 1665 3808 aestimatur.
1702 3752 1805 3805 lte-

242 3837 357 3895 latio
403 3843 673 3914 siquidem
715 3845 884 3913 patris
913 3846 979 3900 ad
1022 3845 1209 3910 filium,
1261 3861 1353 3901 seu
1400 3845 1545 3914 dupli
1576 3845 1641 3898 ad
1674 3845 1804 3897 sim-

239 3934 390 4001 Dlum,
419 3948 472 3991 et
497 3954 530 3993 e
551 3940 844 4004 contrario,
876 3939 1161 3994 immobilis
1182 3949 1282 3995 est.
1321 3939 1451 3993 Nam
1478 3948 1630 4008 pater
1658 3956 1800 3991 smn-

236 4035 323 4091 pcr
349 4036 503 4093 pater
527 4038 611 4080 est
641 4028 769 4093 filii;
820 4029 1070 4083 similiter
1112 4030 1252 4082 filius
1302 4045 1513 4098 semper
1557 4030 1694 4082 lilius
1722 4039 1801 4081 est

234 4116 415 4181 patris,
466 4124 525 4171 et
554 4125 758 4171 cetera.
794 4116 931 4172 Mac.
962 4117 1230 4173 Fortassis
1269 4132 1375 4171 non
1412 4130 1737 4187 magnopere
1777 4116 1799 4147 '

236 4202 571 4269 lzaesilasses,
591 4204 635 4260 si
659 4205 966 4275 diligentius
989 4206 1294 4270 intuereris,
1312 4207 1433 4275 quia
1455 4221 1633 4271 onme,
1658 4208 1799 4276 quod

233 4308 326 4346 non
372 4296 535 4350 simul
578 4298 1007 4352 connaturaliter
1067 4297 1336 4368 perfectae
1372 4300 1391 4330 "
1451 4299 1590 4353 inest.
1638 4314 1792 4352 crea-

234 4390 391 4450 turae,
414 4388 512 4441 sed
532 4403 626 4455 per
649 4389 977 4442 incrementa
1009 4391 1269 4458 quaedam
1292 4390 1357 4444 ad
1385 4390 1793 4457 inseparabilem

1910 3221 2035 3290 quia
2068 3221 2375 3289 opinionem
2404 3236 2745 3295 communem
2775 3221 3039 3289 sequeris.
3070 3218 3175 3274 sed
3204 3221 3247 3276 si
3277 3221 3493 3292 diligen-

1912 3311 2016 3363 tius
2064 3310 2354 3374 intuearis,
2394 3310 2658 3374 invenies,
2708 3309 2886 3364 locum
2926 3328 2956 3363 a
3006 3310 3150 3364 nullo
3190 3312 3490 3379 contineri,

1909 3398 2188 3452 continere
2210 3412 2335 3451 vero
2356 3397 2556 3460 omnia,
2578 3412 2716 3465 quae
2741 3397 2795 3450 in
2820 3412 2885 3450 eo
2908 3396 3171 3451 locantur.
3200 3398 3255 3451 Si
3281 3398 3324 3428 “
3344 3399 3483 3453 enim

1907 3487 1979 3542 nil
2007 3487 2045 3543 ἓτ
2070 3486 2211 3540 aliud
2226 3486 2373 3540 locus
2388 3486 2479 3552 sit,
2495 3485 2596 3539 nisi
2610 3487 2870 3540 terminus
2884 3496 3043 3555 atque
3056 3488 3295 3542 delinitio
3310 3488 3491 3543 unius-

1906 3580 2164 3650 cujusque
2198 3579 2238 3608 ’³
2269 3578 2451 3632 linitae
2487 3587 2729 3643 naturae,
2756 3580 3000 3647 profecto
3021 3579 3171 3633 locus
3202 3596 3305 3633 non
3332 3595 3489 3650 appe-

1910 3673 1989 3735 tit,
2023 3682 2082 3726 ut
2114 3673 2163 3725 in
2192 3671 2371 3739 aliquo
2417 3672 2506 3734 sit,
2560 3670 2654 3724 sed
2695 3671 2910 3735 omnia,
2967 3686 3106 3740 quae
3135 3671 3186 3724 in
3239 3688 3303 3725 eo
3340 3680 3483 3735 sunt,

1908 3763 2079 3831 ipsum
2112 3761 2302 3815 merito
2336 3760 2628 3815 terminum
2657 3758 2926 3829 ﬁnemque
2962 3775 3115 3813 suum
3155 3775 3366 3828 semper
3392 3762 3485 3815 de-

1906 3852 2167 3915 siderant,
2194 3852 2243 3904 in
2272 3866 2378 3920 quo
2400 3851 2720 3905 naturaliter
2747 3851 3115 3916 continentur,
3142 3864 3193 3906 et
3225 3853 3341 3907 sine
3372 3868 3481 3922 quo

1908 3943 1958 3996 in
1984 3941 2250 3995 inﬁnitum
2275 3941 2439 3995 liuere
2458 3942 2724 3993 videntur.
2752 3938 2928 3994 Locus
2944 3941 3189 4010 itaquein
3211 3950 3356 3995 motu
3375 3957 3483 3997 non

1906 4036 2007 4093 est,
2031 4042 2155 4081 cum
2201 4023 2400 4089 omnia,
2447 4041 2584 4095 quae
2613 4026 2665 4079 in
2696 4039 2761 4079 eo
2791 4033 2937 4090 sunt,
2968 4025 3036 4079 ad
3059 4039 3116 4078 se
3137 4034 3480 4091 moveantur,

1903 4115 2017 4183 ipse
2046 4129 2173 4170 vero
2206 4123 2330 4169 stat.
2364 4114 2558 4167 Eadem
2588 4115 2651 4168 de
2677 4115 2980 4182 quantitate
3014 4123 3175 4181 atque
3221 4114 3326 4167 situ
3382 4129 3493 4168 ra-.

1905 4207 1977 4259 tio
2019 4206 2224 4259 edocet.
2268 4205 2405 4271 Quid
2454 4205 2637 4258 enim?
2685 4204 3114 4275 Unumquodque
3156 4204 3477 4274 quantitatis

1902 4312 1993 4351 seu
2008 4297 2287 4366 positionis
2308 4298 2576 4350 sensibilis
2608 4298 3023 4366 intelligibilisve
3047 4298 3336 4366 particeps,
3365 4296 3471 4353 nisi

1904 4398 1961 4440 ut
2004 4388 2067 4439 ad
2111 4387 2405 4456 perfectam
2437 4404 2587 4440 suam
2624 4387 2665 4418 ¹⁹
2690 4387 3041 4456 quantitatem
3088 4388 3475 4457 positionemve

229 4472 821 4547 iucotnmumbilemque
841 4457 1224 4548 perfectionem
1247 4479 1621 4549 procedit“,in
1646 4487 1792 4533 motu
1824 4457 1872 4516 Ῑ)
1906 4478 2202 4547 perveniat,
2245 4478 2467 4547 appetit,
2501 4487 2555 4530 ut
2584 4479 2636 4530 in
2667 4492 2727 4531 ea
2761 4477 3025 4546 quiescat.
3067 4478 3178 4530 Non
3211 4493 3338 4545 ergo
3373 4492 3472 4547 ap-

227 4582 334 4619 esse
365 4584 590 4623 necesse
619 4581 724 4624 est.
763 4570 951 4625 Omnis
984 4580 1159 4627 autem
1209 4572 1423 4627 habitus
1468 4582 1612 4628 motu
1664 4585 1795 4640 Quo.

227 4654 335 4707 dam
374 4659 439 4710 ad
482 4659 872 4727 perfectionem
916 4662 1155 4715 ascendit
1187 4662 1239 4715 in
1272 4678 1358 4726 eo,
1388 4660 1539 4729 cujus
1578 4661 1793 4715 habitus

225 4754 316 4799 est.
364 4747 440 4804 De
468 4767 575 4821 qua
608 4751 961 4820 perfectione,
990 4754 1112 4822 quis
1158 4752 1343 4808 firmus
1390 4752 1506 4807 fieri
1535 4755 1556 4786 ⁹
1582 4752 1634 4805 in
1684 4752 1788 4806 hac

224 4835 320 4890 vita
349 4844 695 4907 praesumat!
728 4841 952 4896 Habitus
982 4843 1145 4913 igitur
1169 4843 1221 4896 in
1254 4852 1399 4897 motu
1430 4850 1531 4897 est.
1559 4841 1634 4895 De
1661 4840 1792 4895 rela-

221 4923 355 4982 tione
402 4930 534 4984 item
584 4933 775 4996 miror,
808 4948 905 4987 cur
934 4932 1166 4996 dubitas,
1190 4948 1310 4987 cum
1344 4932 1546 4995 videas,
1585 4946 1704 4986 eam
1734 4931 1789 4984 in

218 5028 316 5070 uno
340 5021 640 5089 eodemque
666 5036 787 5075 esse
826 5037 933 5078 non
977 5037 1164 5090 posse;
1216 5023 1268 5076 in
1313 5022 1519 5076 duobus
1556 5036 1789 5090 namque

215 5115 413 5175 semper
445 5108 660 5163 videtur
708 5110 767 5163 ⁸⁸.
817 5109 1053 5165 Duorum
1103 5120 1283 5166 autem
1332 5113 1399 5166 ad
1450 5126 1509 5166 se
1557 5111 1785 5166 invicem

1903 4576 2110 4637 petunt,
2154 4568 2245 4621 sed
2278 4576 2621 4635 appetuntur.
2666 4568 2723 4621 In
2771 4576 2916 4621 motu
2958 4571 3139 4635 itaque
3183 4582 3286 4619 non
3325 4578 3470 4620 sunt.

1902 4655 2057 4710 Stant
2073 4656 2251 4726 igitur.
2271 4656 2415 4711 DISC.
2436 4656 2567 4710 Num
2586 4658 2820 4727 itaque"
2837 4657 3132 4712 accidentia
3150 4660 3323 4716 οὒσίας
3340 4657 3470 4710 haec

1901 4748 2003 4801 tria
2034 4747 2260 4801 dicenda
2296 4757 2441 4812 sunt,
2474 4749 2769 4816 quantitas,
2799 4750 2955 4814 situs,
2989 4749 3136 4803 locus
3158 4788 3174 4815 ,
3203 4763 3266 4801 an
3295 4762 3388 4817 per
3410 4762 3472 4801 se

1899 4838 2282 4893 subsistentiae
2312 4839 2398 4892 “?

1963 4929 2222 4984 25.3lac.
2265 4930 2330 4982 Et
2375 4929 2477 4984 hoc
2530 4931 2744 5000 dignum
2794 4934 3043 5002 quaesitu
3096 4934 3270 4987 video.
3329 4926 3466 4981 Nam

1884 5020 2045 5089 juxta
2075 5020 2484 5073 Dialecticurum
2515 5021 2822 5089 opinionem
2862 5038 3040 5086 omne,
3066 5023 3205 5090 quod
3240 5028 3340 5081 est,
3371 5023 3463 5069 aut

1891 5108 2189 5176 subjectum
2222 5110 2287 5172 ’⁸,
2311 5120 2404 5162 aut
2430 5109 2495 5163 de
2521 5110 2788 5178 subjecto,
2825 5122 2917 5165 aut
2938 5114 2997 5181 in
3029 5109 3266 5174 subjecto
3290 5116 3372 5161 est
3392 5103 3460 5155 υ.

1462 5239 1712 5295 νΑιιιΑΕ
1751 5236 2151 5293 LECTIONES.

277 5356 294 5387 ¹
331 5351 422 5407 Sic
444 5353 521 5419 E;
550 5354 683 5409 ACD
702 5372 1029 5423 praeceaere.
1109 5357 1146 5387 ¹⁶
1174 5359 1348 5421 itaque
1373 5368 1481 5406 om.
1503 5352 1589 5423 Δ.
1643 5351 1663 5380 ¹
1688 5350 1778 5423 Sic
1811 5349 1945 5403 CDE
1963 5366 1988 5423 A;
2084 5338 2440 5423 Quodcunque
2466 5352 2621 5423 enim.
2700 5352 2721 5383 ³
2742 5352 2784 5406 Α
2805 5334 3023 5423 ἰἐηξνὶι.
3062 5421 3068 5423 Α
3098 5351 3120 5381 ⁸
3140 5351 3182 5404 Α
3206 5358 3457 5405 movetur.

214 5420 424 5493 {Aram
449 5426 617 5478 animi
648 5420 874 5479 habitus.
952 5426 971 5456 ⁶
1000 5427 1043 5480 ι)
1064 5420 1442 5493 ηηιρησορεηι.

215 5491 250 5518 ¹¹
282 5492 365 5545 Sir
390 5495 526 5546 (lllE
546 5511 560 5546 :
583 5498 616 5545 Α
650 5505 934 5549 moveatur.
1015 5497 1057 5526 "
1082 5495 1122 5549 A
1152 5491 1386 5546 cristam.

215 5560 252 5589 "
285 5564 321 5614 (2
346 5563 471 5616 Sed.
558 5566 598 5594 "
621 5565 782 5620 (lllliz
833 5568 870 5617 A
906 5565 1053 5618 nihil.
1132 5566 1175 5595 ¹⁸
1202 5565 1239 5615 Λ
1272 5565 1538 5625 ruinaque.

211 5631 506 5688 subiectum
539 5645 634 5687 est.

1468 5493 1510 5523 ⁸³
1534 5492 1579 5544 Α
1603 5502 1668 5544 el.

1518 5423 1537 5452 "
1565 5422 1607 5475 Α
1640 5421 1896 5490 perfecte;
1952 5420 1991 5490 7'7
2012 5419 2052 5471 A
2085 5421 2350 5490 ιιι-οπρεπῆ.

1752 5489 1794 5520 ⁸⁵
1819 5489 1911 5544 Sic
1933 5489 2050 5549 CE;
2084 5505 2135 5539 ιη
2157 5488 2236 5538 Ius
2258 5506 2390 5556 quae
2414 5506 2519 5543 om.
2554 5488 2679 5555 Al);
2717 5503 2835 5545 sunt
2869 5508 2974 5542 unt.
3003 5492 3064 5542 Α.

1614 5562 1655 5593 ’θ
1680 5577 1829 5613 suam
1870 5568 1965 5613 'om
2031 5560 2094 5610 A.

711 5635 757 5665 ⁸³
796 5637 834 5689 G
886 5647 974 5689 aut
1011 5636 1294 5687 sulit'rtum
1321 5645 1404 5684 rm!
1425 5631 1487 5682 tie
1522 5628 1748 5683 su'ln'erlo
1775 5641 1862 5683 aut
1891 5632 1942 5683 in
1968 5629 2194 5682 subiecto
2217 5642 2287 5680 est
2319 5628 2405 5682 aut
2438 5633 2489 5682 iu
2515 5630 2737 5682 subirem
2764 5642 2851 5683 aut
2883 5632 2945 5681 de
2976 5631 3222 5683 subiecto.

2426 5422 2448 5454 ⁹
2484 5421 2522 5472 Α
2551 5422 2727 5489 fuerit.
2808 5424 2849 5454 ¹⁰
2894 5422 2938 5475 Α
2990 5421 3186 5474 videtur
3237 5437 3458 5486 semper.

3144 5491 3186 5520 ¹³
3229 5490 3266 5543 Α
3300 5492 3459 5544 idem.

2172 5559 2215 5588 "
2239 5561 2275 5608 Α
2307 5575 2445 5629 ergo.
2523 5561 2689 5641 “.bﬁe
2717 5563 2832 5618 (lli;
2867 5563 2905 5611 ί)
2930 5560 3269 5641 substantiae.
3347 5561 3393 5591 “
3418 5565 3462 5616 Α
3528 5632 3539 5641 χ
