3904 6148
321 277 415 332 HI
455 350 471 364 .
1662 270 1939 327 JOANNIS
1980 272 2105 327 SCU
2122 272 2172 327 fl
3437 267 3542 324 47:!

323 358 471 439 Vera
504 391 679 439 tamen
726 382 865 436 ratio
908 381 1149 435 consulta
1196 376 1804 449 respondet,sulijectum
1829 386 1880 432 et
1910 385 1956 441 Α
1986 378 2170 441 fertur,
2201 389 2251 435 et
2271 380 2475 449 species
2501 380 2565 433 ad
2596 380 2779 449 genus.
2809 358 2987 436 Genus
3013 381 3152 435 enim
3177 382 3370 450 speciei
3396 394 3478 438 est
3498 387 3538 418 “

326 477 391 529 de
419 474 659 541 subjecto
694 489 855 527 unum
897 459 1038 533 csse,
1066 479 1118 523 et
1149 471 1208 529 in,
1235 468 1378 521 nullo
1402 467 1624 521 distare.
1655 466 1785 520 Nam
1813 457 1883 531 si;
1983 484 2169 539 genus,
2195 477 2247 522 et
2272 469 2476 537 species
2501 470 2713 538 generis
2733 480 2813 522 est
2835 470 3061 538 species.
3091 469 3312 523 Habitus
3334 488 3541 542 quoque

326 573 385 616 ut
412 563 484 618 illi
518 563 690 623 aiunt,
719 562 905 615 Cicero
932 559 1230 627 subjectum
1275 565 1356 610 est
1405 558 1419 585 ’
1464 566 1516 609 et
1547 556 1716 624 prima
1764 557 1887 609 Sub-
1984 567 2036 612 et
2062 569 2211 610 extra
2240 560 2413 612 οὐσίαν
2440 567 2495 611 et
2520 557 2659 611 intra
2691 559 2971 625 reperitur,
3001 566 3058 610 ut
3084 552 3366 624 armatum,
3400 560 3542 613 indu-

329 652 547 713 stantia,
596 653 753 705 homo
785 663 910 701 vcrn
959 648 1031 705 de.
1055 646 1296 716 subjecto
1337 646 1677 713 secundaque
1714 646 1734 674 ²
1764 645 1888 698 sub-
1986 655 2096 699 tum
2140 648 2432 701 secundum
2456 663 2653 715 corpus
2682 647 2928 701 dicimus.
2963 646 3186 701 Habitus
3210 663 3333 701 vero
3355 651 3545 713 οὐσίας,

329 741 545 802 stantia,
576 753 712 808 quae
736 737 1036 791 differentia
1067 735 1321 804 estjuxta
1348 746 1614 798 naturam,
1640 736 1736 788 nisi
1762 735 1883 802 quia
1984 739 2214 806 generis,
2247 748 2338 791 aut
2387 739 2606 807 speciei,
2629 747 2711 793 est
2760 740 2930 792 virtus
2963 740 3071 808 ipsa
3106 741 3412 804 immobilis,
3458 757 3548 810 per

329 843 490 883 unum
522 827 573 881 in
604 841 851 887 numero,
893 826 1119 878 alterum
1162 826 1215 878 in
1262 825 1460 895 specie,
1504 840 1626 879 cum
1651 825 1722 878 nil
1746 824 1885 877 aliud
1987 843 2146 896 quam
2194 843 2380 897 genus,
2412 829 2536 881 dum
2585 843 2680 897 per
2732 829 2940 899 species
2974 830 3244 887 dividitur.
3281 831 3333 882 in
3378 832 3547 899 seipse

329 919 401 971 sit
426 916 647 986 species,
692 915 795 970 nisi
838 930 1182 968 numerorum
1212 916 1412 978 unitas,
1440 922 1495 968 et
1518 913 1589 967 nil
1616 914 1757 968 aliud
1786 930 1885 966 nn-
1987 931 2201 985 semper
2230 933 2392 969 imum
2422 916 2861 985 individuumtpie
2894 927 3189 984 permanet,
3217 926 3269 969 et
3304 924 3466 969 totum
3499 919 3546 970 in

330 1019 529 1067 merus,
552 1004 655 1057 nisi
700 1003 896 1070 speciei
943 1002 1263 1071 pluralitas?
1292 1001 1347 1056 Si
1378 1016 1506 1073 ergo
1536 1002 1741 1087 species
1779 1009 1887 1055 tota
1987 1005 2267 1074 speciebus
2310 1006 2551 1075 singulis,
2579 1015 2633 1060 et
2659 1006 2899 1074 singulae
2924 1007 3127 1073 species
3167 1007 3217 1058 in
3251 1007 3365 1074 ipso
3392 1023 3547 1061 unum

329 1102 381 1145 et
403 1108 505 1145 una
529 1100 610 1145 est
634 1091 1011 1160 individuaque
1039 1091 1093 1144 in
1121 1090 1379 1156 numeris,
1411 1098 1465 1143 et
1486 1089 1694 1142 numeri
1727 1105 1887 1142 unum
1988 1103 2132 1149 sunt.
2174 1095 2373 1148 Eadem
2405 1095 2576 1148 virtus
2610 1103 2665 1148 et
2695 1095 2744 1148 in
2793 1095 2971 1163 specie
3010 1096 3349 1164 perspicitur,
3390 1112 3541 1164 quae,

331 1183 659 1237 individuum
689 1190 813 1237 sunt
840 1181 893 1235 in
922 1182 1120 1250 specie,
1144 1193 1304 1248 quae,
1340 1186 1598 1248 quantum
1638 1179 1703 1231 ad
1736 1188 1891 1231 natu-
1989 1183 2112 1237 dum
2138 1197 2233 1251 per
2258 1197 2510 1237 numeros
2536 1182 2809 1235 dividatur
2836 1184 2899 1243 η,
2940 1198 3070 1236 suae
3100 1183 3403 1237 individuae
3434 1185 3549 1237 nni-

331 1290 467 1337 ram,
494 1274 746 1328 distantia
770 1274 1009 1328 estinter
1028 1272 1320 1341 subjectum
1343 1279 1395 1323 et
1418 1270 1481 1324 de
1504 1270 1761 1339 subjecto,
1786 1284 1888 1321 non
1992 1272 2119 1326 tatis
2161 1271 2532 1325 inexhaustum
2570 1271 2676 1323 vim
2707 1272 2960 1325 custodit.
3001 1272 3303 1339 Omnesque
3330 1272 3552 1337 numeri,

330 1366 508 1420 video.
551 1364 813 1419 Similiter
847 1364 910 1418 de
942 1363 1309 1417 accidentibus
1333 1362 1537 1431 primae
1563 1362 1891 1435 substantiae
1993 1362 2042 1414 in
2082 1375 2216 1429 quos
2246 1361 2408 1415 dividi
2462 1361 2671 1414 videtur
2718 1362 2768 1413 in
2820 1363 3107 1424 inlinitum,
3155 1363 3206 1415 in
3255 1363 3367 1431 ipsa
3400 1362 3552 1427 finiti,

334 1454 755 1524 intelligendum.
818 1452 932 1507 Non
997 1452 1138 1506 aliud
1198 1460 1279 1506 est
1331 1452 1471 1506 enim
1523 1452 1581 1515 ⁸,
1644 1454 1784 1520 quod
1838 1452 1889 1504 in
1991 1465 2264 1518 unumque
2295 1450 2627 1503 individuum
2654 1460 2796 1503 sunt.
2831 1451 2905 1503 De
2940 1450 3146 1520 agendo
3176 1461 3352 1504 autem
3382 1463 3435 1505 et
3469 1468 3559 1521 pa-

331 1542 571 1611 snlijecto
614 1543 830 1607 dicitur,
875 1549 931 1597 et
973 1540 1137 1605 aliud,
1180 1542 1320 1609 quod
1361 1541 1412 1594 in
1460 1540 1698 1610 subjecto
1736 1539 1890 1593 simul
1996 1541 2170 1594 tiendo
2199 1556 2355 1595 nemo
2395 1540 2638 1603 dubitat,
2688 1556 2808 1593 cum
2836 1542 3112 1595 videmnus
3141 1557 3384 1610 corpora,
3428 1542 3552 1594 dum

332 1641 386 1685 et
429 1634 494 1688 de
536 1630 795 1699 snlijecto.
852 1631 982 1685 Nam
1027 1631 1328 1700 disciplina,
1373 1641 1430 1683 ut
1467 1629 1712 1698 exemplo
1746 1638 1890 1692 utar,
1994 1634 2059 1684 ad
2086 1633 2435 1701 quantitatem
2468 1633 2787 1700 pertineant,
2818 1642 2871 1686 et
2902 1647 3064 1701 agere
3093 1642 3147 1687 et
3175 1634 3307 1700 pati.
3353 1631 3560 1686 Genera

332 1738 434 1776 una
494 1716 789 1790 eademque
848 1729 931 1773 est
984 1720 1036 1774 in
1086 1721 1282 1789 scipsa,
1321 1727 1374 1772 et
1431 1718 1483 1771 in
1538 1718 1650 1771 suis
1696 1718 1895 1785 specie-
1929 1708 1968 1765 Β
1997 1738 2206 1790 quoque
2251 1731 2305 1775 et
2331 1722 2537 1791 species
2562 1722 2726 1788 ipsius
2758 1722 2952 1784 οὐσίας,
2995 1737 3115 1776 cum
3143 1722 3278 1775 sein
3326 1722 3568 1775 diversas

335 1814 436 1869 bus
470 1812 831 1881 numerisque.
896 1810 1011 1891 Non
1063 1810 1205 1863 aliud
1259 1808 1421 1878 igitur
1479 1806 1896 1875 uniuSCujnsque
1996 1814 2199 1882 species
2241 1829 2597 1882 numerosque
2627 1813 2669 1843 ¹³
2700 1815 3073 1882 multiplicant,
3116 1829 3271 1884 agere
3296 1814 3563 1867 videntur.

337 1900 552 1970 propria
609 1901 905 1970 disciplina,
966 1915 1103 1969 quae
1147 1915 1176 1952 a
1213 1898 1511 1954 Dialecticis
1558 1900 1609 1952 in
1658 1897 1898 1964 subjecto
1998 1904 2204 1972 Siquis
2252 1919 2377 1958 vero
2409 1903 2449 1934 l‘
2481 1905 2703 1958 rationis
2751 1906 2947 1957 virtute
2994 1904 3148 1974 juxta
3199 1904 3340 1956 illam
3406 1904 3568 1957 disci-

334 1990 533 2044 dicitur
574 1988 597 2021 ⁸
650 1990 1001 2054 solumnodo,
1034 1997 1085 2043 et
1114 1989 1256 2042 aliud
1304 1988 1568 2057 generalis
1595 1988 1896 2056 disciplina,
1998 1976 2901 2063 plinam,quiaedvalu-rzxwivocatur.
2928 2005 2973 2030 ο·
2996 2008 3244 2046 numeros
3270 1993 3320 2045 in
3337 1993 3569 2060 species,

333 2095 470 2149 quae
495 2072 562 2135 ab
599 2080 786 2135 iisdem
829 2081 880 2133 in
914 2077 1154 2146 subjecto
1197 2085 1253 2132 et
1281 2079 1344 2132 de
1375 2077 1618 2147 subjecto
1654 2088 1896 2142 vocatur,
1999 2093 2049 2135 ct
2077 2083 2287 2151 species
2318 2082 2369 2135 in
2400 2098 2615 2151 genera,
2649 2095 2947 2150 gemmaque
2974 2080 3034 2140 in.
3057 2083 3231 2135 οὐσίαν
3267 2079 3572 2147 colligendo

332 2171 494 2225 veluti
514 2171 567 2225 in
583 2171 842 2240 subjecto,
859 2170 1031 2239 prima
1048 2168 1578 2231 seilicetsubstantia,
1603 2169 1901 2222 subsistens
1998 2172 2330 2234 adunaverit,
2368 2171 2475 2240 pati
2509 2172 2753 2224 dicuntur
2777 2210 2791 2232 ,
2844 2185 2947 2222 non
2979 2171 3118 2237 quod
3162 2171 3275 2238 ipse
3317 2168 3570 2237 colligat,

337 2264 403 2317 de
425 2259 686 2328 subjecto,
710 2258 762 2313 id
792 2267 893 2324 est,
922 2259 1136 2329 propria
1179 2256 1403 2325 alicujus
1434 2257 1711 2325 disciplina
1743 2273 1891 2324 prae-
2003 2271 2191 2315 natura
2241 2262 2381 2314 enim
2411 2261 2629 2315 collecta
2670 2269 2829 2323 sunt,
2863 2261 3001 2313 sicut
3027 2260 3187 2314 etiam
3223 2260 3428 2323 divisa;
3477 2261 3572 2312 sed

332 2350 574 2405 dicitur:
605 2349 698 2405 sed
733 2364 836 2403 una
857 2350 1150 2419 eademque
1174 2349 1328 2403 estin
1353 2356 1462 2402 toto
1483 2358 1538 2401 et
1564 2349 1616 2400 in
1640 2348 1899 2416 partibus.
2001 2353 2127 2423 quia
2170 2352 2420 2421 colligere
2463 2360 2584 2405 actu
2634 2349 2855 2404 rationis
2898 2364 2961 2403 ea
3001 2349 3229 2403 videtur.
3278 2348 3408 2401 Nam
3446 2363 3572 2401 cum

339 2439 416 2493 Ac
447 2453 541 2507 per
566 2439 668 2513 hoc
696 2437 1009 2507 relinquitur
1041 2439 1337 2507 subjectum
1377 2446 1430 2491 et
1450 2438 1503 2491 in
1544 2436 1810 2507 subjecto.
1847 2434 1903 2490 Si
2002 2450 2059 2495 et
2082 2440 2128 2479 ι’
2153 2440 2338 2494 eadem
2363 2437 2578 2504 dividit,
2617 2436 2865 2494 similiter
2898 2450 3055 2506 agere
3094 2435 3309 2503 dicitur,
3352 2450 3416 2488 ea
3449 2448 3577 2485 vero

339 2538 516 2584 autem
579 2526 788 2583 acutius
837 2523 1059 2594 vestigia
1110 2524 1278 2578 sancti
1333 2521 1577 2591 Gregorii
1631 2521 1903 2589 Theologi,
2005 2528 2137 2595 pati,
3300 2548 3303 2551 ι

343 2612 768 2681 expositorisqne
817 2614 898 2665 sui
955 2612 1173 2665 Maximi
1227 2611 1608 2680 sapientissimi
1675 2627 1906 2679 sequens
2074 2613 2165 2666 26.
2208 2612 2348 2666 Dtsc.
2389 2612 2531 2666 llaec
2561 2613 2806 2679 quamvis
2843 2611 3123 2666 videantur
3154 2623 3274 2662 esse
3309 2609 3577 2665 obscura,

344 2696 657 2772 inspexeris,
693 2704 951 2766 invenies,
976 2705 1147 2758 οὐσίαν
1166 2702 1383 2756 omnino
1407 2702 1459 2756 in
1484 2703 1747 2759 omnibus.
1773 2716 1909 2769 quae
2008 2718 2112 2758 non
2153 2712 2325 2760 tamen
2350 2702 2429 2756 sic
2457 2703 2694 2755 animum
2725 2717 2899 2755 meum
2927 2700 3201 2767 effugiunt,
3236 2707 3291 2749 ut
3322 2697 3391 2750 ml
3417 2690 3475 2749 in
3501 2699 3584 2749 eis

347 2800 491 2854 sunt,
525 2805 701 2859 perse
733 2791 902 2860 ipsam
932 2789 1523 2859 incomprehensibilem
1583 2805 1685 2843 non
1733 2790 1903 2843 solum
2007 2806 2199 2860 purum
2250 2798 2410 2859 atque
2458 2790 2751 2843 discretum
2806 2790 2860 2844 ei
2910 2789 3165 2842 reluceat.
3211 2785 3278 2839 Et
3325 2785 3580 2853 quoniam

335 2881 547 2944 sensui,
575 2879 666 2935 sed
691 2882 851 2934 etiam
876 2878 1164 2933 intellectui
1196 2894 1333 2934 esse.
1362 2878 1537 2948 Atque
1580 2879 1700 2932 ideo
1729 2894 1789 2930 ex
1825 2879 1907 2931 his
2007 2881 2183 2943 video,
2221 2896 2407 2934 omnes
2440 2880 2553 2935 fere
2593 2879 2894 2950 categorias
2924 2879 3063 2933 inter
3094 2891 3153 2931 se
3192 2876 3419 2930 invicem
3452 2889 3588 2926 coo-

349 2970 511 3025 veluti
539 2969 954 3033 circumstantiis
1005 2969 1115 3022 suis
1158 2967 1471 3037 intelligitur
1501 2968 1755 3030 existere,
1794 2966 1909 3020 loco
2011 2977 2285 3024 catenatas
2328 2970 2406 3033 “,
2461 2976 2520 3022 ut
2565 2969 2652 3022 vix
2702 2983 2732 3022 a
2782 2983 2840 3023 se
2898 2967 3124 3022 invicem
3181 2972 3327 3017 certa
3372 2963 3589 3016 ratione

348 3060 488 3124 dico,
533 3059 865 3129 quantitate,
916 3059 1057 3123 situ;
1094 3058 1305 3112 additur
1350 3059 1511 3113 etiam
1558 3059 1641 3112 bis
1685 3069 1908 3126 tempus.
1940 3040 1985 3103 Ο
2016 3060 2244 3115 discerni
2268 3061 2511 3130 possint;
2554 3073 2741 3115 omnes
2763 3058 2905 3114 enim
2930 3057 3201 3119 omnibus,
3224 3062 3283 3107 nt
3303 3054 3480 3118 video,
3506 3054 3592 3107 in-

340 3151 489 3206 intra
514 3152 647 3206 haec
680 3150 967 3220 siquidem,
1000 3149 1157 3204 veluti
1199 3150 1335 3203 intra
1360 3150 1617 3218 quosdam
1649 3149 1781 3202 lines
1807 3149 1918 3203 εἰπε
2010 3160 2192 3205 sertae
2214 3160 2340 3204 sunt
2367 3168 2379 3203 :
2408 3152 2459 3203 in
2475 3166 2577 3219 qua
2600 3151 2924 3218 proprietate
2946 3147 3149 3225 singula
3172 3143 3592 3213 quaequeinve-

347 3242 698 3311 cumpositos,
725 3241 955 3295 essentia
983 3242 1322 3310 cognoscitur
1350 3238 1717 3303 circumcludi,
1759 3240 1829 3292 ita
1861 3247 1917 3292 nt
2014 3239 2122 3294 niri
2148 3239 2379 3302 valeant,
2412 3239 2623 3307 aperias
2645 3237 2841 3309 ﬂagito.
2883 3237 3020 3291 Μιια.
3053 3233 3192 3302 Quid
3219 3233 3313 3286 tibi
3334 3233 3596 3286 videtur?

351 3345 520 3398 neque
552 3331 846 3386 accidentia
876 3332 923 3385 ei
957 3331 1105 3400 quasi
1140 3331 1191 3384 in
1222 3346 1283 3383 ea
1318 3330 1461 3383 subsi
1484 3329 1658 3382 tentia
1702 3328 1917 3382 videat»
2022 3327 2159 3382 Num
2186 3330 2338 3384 οὐσία
2382 3328 2434 3381 in
2468 3328 2751 3397 generibus
2795 3323 3212 3397 generalissimis
3249 3331 3303 3377 et
3332 3321 3385 3374 in
3425 3334 3599 3389 gene-

343 3428 438 3472 atur
463 3431 607 3482 esse,
637 3416 761 3486 quia
788 3418 1124 3472 extrinsecus
1151 3424 1311 3480 sunt;
1356 3430 1528 3485 neque
1565 3419 1681 3471 sine
1713 3432 1775 3470 ea
1802 3416 1918 3470 evi-
2017 3415 2169 3468 ribus
2226 3411 2654 3482 generalioribus
2676 3450 2690 3475 ,
2754 3412 2804 3464 in
2860 3411 2987 3480 ipsis
3036 3423 3248 3477 quoque
3302 3404 3599 3476 generibus

347 3517 494 3561 stere
525 3522 700 3576 posse,
758 3507 882 3576 quia
932 3514 1174 3561 centrum
1221 3522 1406 3562 eorum
1450 3513 1550 3569 est,
1584 3506 1726 3560 circa
1772 3506 1917 3574 quod
2018 3519 2308 3573 eorumque
2331 3504 2633 3573 speciebus,
2654 3511 2813 3572 atque
2836 3503 3029 3556 iterum
3052 3497 3449 3568 specialissimis
3473 3511 3600 3566 spe-

348 3595 642 3649 volvuntur
670 3604 930 3664 tempora,
961 3594 1075 3648 loca
1111 3609 1243 3648 vero
1269 3602 1323 3649 et
1347 3594 1676 3663 quantitates
1704 3602 1758 3648 et
1784 3594 1921 3649 situs
1990 3616 1993 3619 ν
2020 3593 2230 3657 ciebus,
2261 3609 2397 3663 quae
2425 3601 2627 3658 atoma,
2661 3594 2711 3646 id
2739 3602 2823 3647 est
2860 3590 3129 3645 individua
3164 3590 3439 3650 dicuntur,
3471 3588 3599 3640 uni-

350 3687 591 3755 undiqne
634 3684 980 3739 collocantur.
1013 3684 1414 3756 Categoriarum
1455 3685 1618 3754 igitur
1657 3684 1919 3755 quaedam
2021 3682 2298 3737 versalitcr
2344 3683 2665 3757 proprieque
2720 3680 3060 3739 continetur?
3110 3680 3253 3734 DISC.
3309 3676 3392 3728 Nil
3438 3676 3596 3730 aliud

352 3776 499 3829 eirea
548 3777 725 3831 οὐσίαν
783 3774 1189 3843 praedicantur,
1243 3787 1380 3843 quae
1432 3773 1594 3828 veluti
1642 3778 1885 3849 περιοχαέ

2060 3789 2141 3828 sse
2171 3775 2325 3827 video
2355 3774 2418 3837 ⁸⁷,
2454 3774 2510 3827 in
2541 3788 2646 3843 quo
2673 3771 2989 3826 naturaliter
3017 3770 3189 3823 inesse
3218 3767 3364 3822 οὐσία
3397 3767 3602 3834 possit,

363 3867 414 3919 id
461 3874 565 3928 est,
604 3864 1016 3918 circumstantes
1062 3865 1333 3927 dicuntur,
1382 3865 1504 3934 quia
1549 3864 1695 3919 circa
1737 3865 1759 3896 ⁵
1802 3878 1921 3917 eam
2023 3863 2126 3917 nisi
2152 3864 2204 3916 in
2230 3863 2520 3932 generibus
2546 3871 2600 3915 et
2623 3861 2923 3931 speciebus,
2951 3875 2979 3912 a
3006 3872 3217 3913 summo
3242 3870 3411 3924 usque
3437 3856 3610 3909 deor-

363 3957 721 4026 inspiciuntur
746 3970 901 4020 esse;
932 3958 1191 4024 quaedam
1225 3970 1353 4010 vero
1391 3956 1442 4009 in
1474 3955 1587 4025 ipsa
1615 3963 1759 4020 sunt,
1789 3969 1925 4024 quae
2024 3966 2141 4007 sum
2172 3952 2636 4013 descendentibus,
2669 3952 2771 4005 hoc
2792 3957 2892 4013 est,
2925 3964 2954 4001 a
2983 3944 3398 4018 generalissimis
3424 3959 3610 4013 usque

357 4065 385 4101 a
408 4047 978 4119 ϐηιυυίδσυμϐἀματα,
996 4047 1045 4101 id
1072 4056 1153 4102 est
1177 4046 1472 4102 accidentia
1494 4055 1770 4108 vocantur,
1794 4060 1927 4114 qua-
2026 4041 2092 4095 ad
2120 4039 2525 4108 Specialissima,
2559 4039 2609 4092 id
2634 4046 2734 4102 est,
2762 4036 3061 4099 individua;
3095 4050 3187 4089 seu
3222 4032 3609 4100 reciprocatim

358 4136 501 4199 titas,
540 4136 749 4201 relatio,
781 4136 1022 4199 habitus,
1052 4150 1228 4207 agere,
1251 4136 1384 4203 pati.
1417 4136 1561 4202 Quae
1582 4136 1745 4191 etiam
1773 4143 1928 4190 extra
2026 4143 2239 4184 sursum
2267 4143 2453 4182 versus
2474 4128 2540 4181 ab
2569 4125 2856 4181 individuis
2881 4125 2946 4177 ad
2970 4121 3391 4194 generalissima.
3428 4120 3488 4172 In
3519 4121 3612 4173 his

362 4240 482 4278 cam
534 4226 585 4279 in
633 4225 752 4279 aliis
781 4225 1065 4296 categoriis
1106 4217 1491 4294 intelliguntur,
1543 4226 1688 4280 verbi
1733 4226 1925 4296 gratia,
2025 4220 2168 4274 enim
2214 4218 2375 4272 veluti
2416 4216 2749 4271 naturalibus
2791 4214 3033 4282 partibus
3076 4209 3391 4265 universalis
3446 4211 3614 4266 οὐσία

355 4316 591 4383 qualitas
638 4316 689 4372 in
733 4317 1063 4386 quantitate,
1119 4326 1180 4369 ut,
1225 4314 1374 4371 color
1405 4316 1456 4370 in
1502 4329 1746 4383 corpore.
1796 4314 1925 4368 [tem
1958 4372 2001 4386 n
2030 4307 2292 4361 subsistit.
2326 4305 2465 4360 MAG.
2495 4305 2773 4375 Ingredere
2799 4318 2927 4372 ergo
2959 4304 3026 4355 ad
3069 4310 3264 4355 cetera.
3299 4297 3437 4350 Num
3471 4299 3613 4353 alibi

349 4403 656 4473 qualitasin
679 4409 918 4480 adﬁgent
940 4406 991 4459 in
1031 4405 1052 4437 ⁸
1073 4406 1354 4476 generibus
1377 4404 1926 4466 invisibilitasincom-
1958 4372 2004 4428 ί)
2028 4398 2242 4451 Videtur
2279 4395 2372 4449 libi
2410 4411 2529 4449 esse
2563 4394 2879 4474 quantitatis
2910 4391 3237 4461 Proprietas.
3278 4388 3381 4441 ﬂiSi
3416 4389 3470 4440 in
3512 4405 3617 4440 ηυ·

352 4475 913 4564 preliensibilitasque.
948 4493 1128 4548 Item"
1155 4494 1343 4548 relatio
1365 4502 1515 4547 extra
1544 4496 1740 4558 οὐσίαν,
1779 4502 1931 4561 pater
2031 4503 2181 4541 mero
2227 4486 2479 4556 partium,
2523 4485 2813 4552 spatiisque
2855 4482 2918 4545 ³⁸,
2959 4490 3120 4548 atque
3164 4475 3450 4538 mensuris,
3495 4479 3620 4531 sive

356 4583 431 4637 .ad
466 4583 810 4647 lilium,lilius
844 4585 911 4638 ad
942 4594 1170 4654 patrem.
1191 4584 1303 4637 Non
1325 4584 1464 4637 enim
1492 4592 1692 4637 suntex
1712 4592 1927 4646 natura,
2031 4578 2150 4633 illae
2180 4586 2357 4647 partes
2402 4570 2699 4630 continuae'
2728 4572 2854 4633 sint,
2890 4581 2948 4624 ut
2986 4578 3109 4623 sunt
3140 4568 3435 4639 linearum,
3469 4573 3619 4618 ποιη-

368 4672 460 4724 sed
511 4671 789 4727 accidente
836 4687 1118 4741 corporum
1174 4671 1506 4741 corruptibili
1565 4671 1926 4739 generatione.
2028 4683 2241 4739 porum,
2305 4673 2747 4731 ceterorumque,
2803 4673 2940 4729 quae
2988 4658 3235 4712 continua
3300 4655 3622 4722 quantitate

360 4762 641 4829 Siquidem
674 4772 826 4832 pater
868 4778 971 4816 non
1026 4773 1247 4817 naturae
1278 4765 1303 4796 ³
1330 4763 1419 4817 lilii
1451 4772 1603 4830 pater
1632 4773 1732 4820 est.
1758 4778 1929 4833 neque
2030 4758 2406 4818 continentur;
2448 4755 2560 4808 sive
2604 4759 2915 4820 segregatae
2959 4749 3088 4808 sint.
3133 4745 3293 4800 certis
3334 4744 3622 4795 ιιςιιιιιειιὶ-

370 4852 507 4904 ﬁ'ins
542 4863 763 4906 naturae
810 4856 831 4887 ³
872 4854 1041 4922 patris
1094 4853 1233 4908 ﬁlius
1271 4862 1370 4907 est.
1418 4853 1585 4907 υηὶιις
1626 4851 1931 4919 onimejus-
2024 4847 2241 4913 cinisque
2294 4844 2488 4899 ﬁnibus
2538 4842 2823 4905 discretae,
2875 4847 2935 4892 ut
2979 4846 3097 4892 sunt
3149 4833 3379 4893 numeri,
3444 4845 3623 4899 atque

358 4935 598 5005 (lemque
640 4920 1030 4991 naturae—sunt
1067 4944 1222 5007 pater
1258 4944 1306 4990 et
1344 4935 1522 5000 ﬁlius;
1556 4935 1697 4989 nulla
1753 4944 1933 4992 autem
2038 4929 2213 4987 omnis
2272 4926 2596 4991 multitudo,
2660 4924 2715 4980 in
2774 4922 2970 4994 quibus
3031 4921 3260 4976 discreta
3307 4920 3627 5007 quantitas

360 5033 560 5088 matura
590 5024 817 5093 seipsam
846 5024 1034 5094 gignit,
1061 5005 1153 5077 aut
1182 5038 1212 5077 a
1253 5023 1425 5092 seipsa
1455 5023 1706 5092 gignitur.
1740 5024 1792 5076 ln
1821 5024 1934 5093 ipsa
2039 5025 2288 5073 constare
2324 5014 2669 5071 manifestum
2712 5014 2837 5069 est?
2874 5012 3017 5066 DISC.
3058 5010 3124 5062 Et
3160 5008 3261 5061 hoc
3306 5005 3630 5059 luculenter

302 5120 309 5191 ι
368 5129 500 5171 vero
525 5114 566 5146 ¹⁰
592 5117 740 5170 οὖσίκ
770 5115 955 5170 relatio
982 5125 1086 5178 est,
1129 5129 1249 5169 cum
1288 5128 1453 5184 genus
1481 5114 1545 5166 ad
1590 5113 1820 5183 speciem
1854 5126 1940 5167 re-
2043 5116 2283 5179 apparet.
2322 5107 2459 5163 MAG.
2502 5105 2637 5160 Num
2678 5112 2731 5158 et
2784 5119 2868 5168 ea,
2914 5115 3052 5172 quae
3092 5105 3315 5154 vocatur
3338 5098 3627 5163 qualitas,

1621 5240 1872 5294 VARIAE
1907 5236 2307 5294 LECTIONES.

454 5362 563 5412 ‘rst
593 5376 678 5412 om
718 5357 780 5411 Ι).
836 5359 855 5387 ¹
880 5356 921 5409 Α
945 5368 992 5410 et
1021 5353 1267 5407 secunda.
1341 5352 1365 5383 ³
1394 5351 1480 5406 Sic
1502 5351 1664 5413 CDE;
1696 5353 1735 5404 A
1768 5352 1885 5405 Non
1915 5352 2051 5403 enim
2077 5348 2223 5401 aliud
2244 5356 2338 5400 est.
2416 5346 2436 5375 ⁸
2473 5346 2513 5417 ᾼ
2538 5345 2852 5417 dicuntur.”
2873 5342 2894 5373 ⁸
2929 5341 2970 5394 Α
2998 5339 3211 5417 circum.
3249 5332 3380 5417 M‘f‘tf
3412 5352 3511 5417 “fit.
3553 5336 3625 5417 fg-

379 5426 399 5455 "
711 5403 1477 5492 iiiteinqiiefi'iSichDEad
1496 5403 1701 5474 natura.
1827 5403 1915 5473 Sic
1934 5419 2094 5492 (ΠΕ-ς
2121 5418 2391 5492 diuitum.
2471 5414 2511 5446 ¹⁰
2534 5414 2577 5467 Α
2599 5429 2736 5492 ρει-9ρί
2766 5412 2854 5492 m“
2883 5405 3168 5492 refigunt).
3446 5403 3633 5492 (ξῐέξέιά.

1037 5474 1298 5545 mmicros.
1375 5474 1418 5520 (³
1457 5494 1544 5545 Sic
1575 5491 1734 5549 CltE;
1769 5490 1809 5542 Α
1838 5505 2004 5542 verae.
2040 5474 2093 5518 η’
2119 5485 2204 5541 CE
2234 5485 2367 5539 Nam
2400 5494 2606 5538 etcum.
2655 5474 2731 5513 ’³⁸
2765 5480 2853 5534 Sic
2879 5477 3039 5539 CDE;
3072 5475 3113 5528 Δ
3142 5482 3427 5526 minimas.
3523 5474 3561 5499 ιτ
3594 5474 3636 5522 :2.

378 5567 522 5620 video
549 5583 674 5620 esse.
754 5568 794 5597 ¹¹¹
836 5566 924 5618 Sic
949 5564 1109 5627 CDE;
1144 5564 1180 5615 Α
1217 5561 1415 5629 spatiis.
2492 5566 2497 5571 ‘
