3904 6148
361 297 457 351 τίῗὸ

1199 292 1285 348 DE
1321 294 1655 349 DlVlSlONiﬁ
1693 294 2033 350 NATL'RAE.
2074 325 2145 335 -—
2184 297 2382 350 LIBER
2416 298 2690 355 PBlMUS.

3473 309 3581 369 £71

357 404 616 477 propriam
650 408 828 461 sedem
869 408 1096 473 obtinet,
1133 410 1236 464 nisi
1284 412 1337 464 in
1376 411 1561 482 ﬁguris
1593 421 1647 467 et
1685 410 1911 481 supcrﬁ-
1940 419 1988 472 Α
2016 413 2135 480 quis
2162 412 2229 466 de
2257 415 2438 468 animo
2469 415 2593 469 talia
2623 417 2835 481 dixerit,
2869 418 2942 472 nil
2966 419 3105 474 aliud
3134 422 3399 478 videbitur
3427 424 3583 483 intel—

352 497 550 559 ciebus,
584 494 703 549 sive
746 496 799 549 in
828 496 1162 553 naturalibus
1189 500 1526 569 corporibus,
1570 515 1662 554 seu
1693 501 1745 553 in
1790 515 1918 569 geo-

352 585 606 648 metricis,
634 592 693 636 ut
715 592 839 637 sunt
860 584 1070 654 planae,
1100 588 1415 657 triangulae,
1438 590 1752 658 quadratae,
1782 589 1915 643 mul-

352 676 600 745 tigonae,
651 675 947 739 rotundae,
1002 675 1170 731 solida
1215 677 1376 731 etiam
1424 678 1477 731 in
1522 678 1824 748 superﬁcie,
1857 688 1916 734 ut

353 774 474 819 sunt
497 762 706 828 cubica,
738 764 923 818 conica
942 803 957 826 ,
986 766 1232 833 spherica
1254 766 1278 818 ?
1302 765 1434 820 Nam
1467 768 1634 822 solida
1665 783 1908 837 corpora,

348 853 457 905 sive
498 853 788 917 naturalia,
829 852 942 906 sive
978 855 1333 921 geometrica,
1377 868 1635 925 quantum
1691 857 1914 912 interius

347 941 770 1006 considerantur,
818 949 1035 1010 propter
1073 942 1174 996 tria
1205 944 1415 1012 spatia,
1455 945 1508 997 in
1545 945 1739 1013 quibus
1764 954 1909 1010 sunt,

347 1032 727 1101 longitudinem
767 1033 919 1095 dico,
958 1032 1294 1087 latitudinem
1340 1043 1395 1088 et
1433 1035 1450 1064 ¹
1486 1035 1821 1089 altitudinem
1866 1040 1909 1102 ³,

345 1121 409 1173 ad
436 1123 789 1190 quantitatem
818 1122 1151 1192 applicantur
1180 1140 1194 1177 :
1219 1124 1341 1178 dum
1370 1138 1496 1178 vero
1531 1124 1552 1155 ³
1598 1126 1910 1194 superﬁcies

346 1227 526 1265 eorum
590 1200 931 1282 perspicitur,
983 1212 1229 1281 qualitati
1292 1210 1606 1283 junguntur.
1672 1214 1801 1268 Item
1853 1214 1907 1267 in

346 1306 501 1358 rebus
562 1304 1032 1373 iucorporalibus,
1095 1318 1273 1357 nonne
1340 1305 1632 1358 maximum
1705 1305 1910 1359 obtinet

343 1396 511 1450 locum
531 1435 547 1457 ,
584 1409 706 1449 cum
733 1410 923 1449 omnes
940 1394 1274 1463 disciplinae,
1304 1404 1493 1449 onmes
1521 1396 1762 1460 virtutes,
1793 1397 1907 1451 sive

343 1486 686 1539 ratiottaLiles
716 1486 844 1549 sint,
876 1499 967 1538 seu
1013 1484 1425 1545 irrationabiles,
1463 1486 1694 1538 nomium
1730 1496 1904 1540 tamen

340 1574 404 1630 ad
432 1574 820 1629 immutabilem
843 1575 1038 1630 mentis
1059 1580 1256 1628 statam
1283 1575 1675 1644 pervenientes,
1702 1578 1765 1630 ad
1785 1591 1902 1630 eam

342 1663 680 1718 referantur?
735 1664 883 1718 Dtsc.
918 1663 1203 1732 Ingredere
1251 1665 1317 1718 ad
1360 1679 1444 1727 ea,
1478 1680 1614 1735 quae
1664 1674 1901 1731 restant;

2015 501 2198 571 ligare,
2224 504 2322 556 nisi
2345 505 2484 572 quod
2511 514 2604 558 aut
2622 507 2796 561 adlmc
2820 510 2873 561 in
2900 510 3239 578 passionibus
3261 512 3578 568 delictorum

2004 588 2202 656 jaceat,
2223 602 2314 644 attt
2333 593 2724 660 quodammodo
2748 612 2839 649 eas
2862 596 3112 651 deserere
3136 608 3362 654 conetur
3393 602 3456 667 “,
3488 613 3580 659 aut

2013 676 2248 746 perfecte
2270 679 2321 733 in
2351 680 2576 733 virtutes
2597 682 2853 749 erigatur.
2888 683 3031 738 DISC.
3066 685 3129 737 Et
3157 685 3259 739 hoc
3286 687 3352 741 ad
3376 689 3577 743 intelli-

2010 769 2240 837 gendum
2291 784 2396 822 non
2428 771 2560 824 adeo
2601 770 2812 826 diﬁicile
2854 774 3086 826 videtur.
3139 774 3398 844 Sequere,
3439 794 3580 848 quae

2010 868 2237 914 restant.
2270 860 2407 916 MAG.
2444 861 2669 915 Habitus
2698 870 2887 927 restat,
2929 872 2989 917 ut
3020 865 3264 919 aestimo.
3289 866 3392 932 Qui
3421 883 3581 938 aper-

2012 949 2217 1004 tissime
2246 950 2298 1003 in
2324 951 2580 1004 virtutum
2611 966 2703 1005 seu
2736 952 2987 1006 vitiorum
3018 954 3182 1008 certis
3216 957 3578 1024 possessioni-

2008 1040 2109 1094 bus
2154 1040 2452 1109 inspicitur.
2512 1040 2699 1097 Omnis
2748 1042 2891 1096 enim
2943 1043 3249 1112 disciplina,
3303 1045 3405 1100 hoc
3453 1048 3577 1115 est,

2007 1128 2183 1182 omnis
2220 1128 2551 1182 rationabilis
2601 1129 2764 1183 animi
2811 1137 2986 1184 motus
3030 1139 3121 1184 aut
3166 1132 3575 1200 irrationabilis,

2008 1216 2132 1269 dum
2163 1216 2228 1269 ad
2256 1225 2460 1270 certum
2485 1224 2682 1271 statum
2705 1219 3032 1287 pervenerit,
3064 1219 3136 1273 ita
3168 1228 3227 1274 ut
3252 1221 3395 1276 nullo
3415 1224 3574 1278 modo

2008 1306 2076 1358 ab
2122 1321 2187 1359 eo
2237 1305 2344 1359 ulla
2395 1307 2680 1360 occasione
2733 1308 2938 1363 moveri
2986 1309 3177 1379 possit,
3224 1311 3316 1364 sed
3364 1326 3577 1382 semper

2007 1394 2185 1448 animo
2211 1395 2499 1449 adhaereat
2536 1397 2597 1459 ⁸³,
2637 1405 2695 1449 ut
2720 1412 2881 1451 unum
2908 1396 2959 1451 id
2998 1398 3278 1469 ipsumque
3304 1401 3353 1455 ei
3374 1416 3500 1465 esse
3530 1402 3575 1434 ¹³

2008 1482 2250 1535 videatur
2267 1483 2331 1547 ιδ,
2349 1484 2561 1537 habitus
2581 1485 2795 1539 dicitur.
2816 1486 2893 1540 Ac
2906 1502 3001 1556 per
3023 1488 3123 1544 hoc
3137 1490 3313 1545 omnis
3338 1490 3576 1560 perfecta

2007 1570 2177 1625 virtus
2202 1572 2381 1626 animo
2407 1573 2837 1642 inseparabiliter
2857 1576 3177 1643 adhaerens,
3208 1594 3334 1634 vere
3354 1595 3418 1635 ac
3445 1596 3573 1650 pro-

2006 1661 2121 1729 prie
2158 1660 2373 1715 habitus
2416 1662 2736 1731 appellatur.
2784 1662 3013 1720 Proinde
3062 1667 3115 1720 in
3153 1668 3489 1737 corporibus,
3520 1669 3574 1723 in

339 1754 467 1808 haec
494 1755 642 1808 enim
692 1752 849 1823 plane
898 1752 1070 1816 video,
1126 1761 1181 1806 et
1222 1753 1301 1806 sic
1350 1767 1408 1807 se
1453 1753 1649 1808 habere
1699 1769 1902 1808 assero.
1940 1753 1979 1808 Β
2008 1751 2198 1819 quibus
2220 1750 2295 1804 nil
2315 1751 2502 1805 stabile
2518 1752 2861 1808 videturesse
2890 1754 2954 1819 ”,
2972 1756 3171 1809 autvix
3189 1765 3281 1810 aut
3300 1771 3574 1826 nunquam

337 1843 472 1898 liae.
508 1843 648 1898 Num
676 1853 730 1899 et
755 1858 844 1908 ea,
874 1858 1016 1913 quae
1057 1858 1087 1897 a
1116 1843 1337 1898 Graecis
1366 1844 1562 1898 dicitur
1601 1845 1728 1919 πρὸς
1767 1868 1839 1911 τι,
1869 1863 1900 1900 a

339 1934 494 1988 nobis
526 1948 655 1988 vero
685 1932 752 1987 ad
781 1931 1004 2002 aliquid,
1033 1932 1116 1987 vel
1148 1932 1356 1998 relatio,
1388 1932 1547 1987 alium
1574 1933 1748 1989 locum
1775 1950 1901 2003 pro-

335 2023 448 2092 prie
480 2024 533 2077 in
561 2032 751 2077 natura
777 2037 954 2077 rerum
984 2024 1237 2093 possidet,
1266 2024 1368 2078 nisi
1393 2023 1445 2077 in
1468 2024 1901 2093 proportionibus

337 2126 511 2165 rerum
541 2126 634 2166 seu
664 2127 1032 2176 numerorum,
1096 2113 1257 2181 inque
1295 2112 1318 2143 ⁸
1357 2114 1646 2183 reciprocis
1688 2129 1895 2183 eorum,

335 2215 471 2269 quae
498 2201 566 2254 ad
594 2214 652 2254 se
684 2200 911 2255 invicem
954 2201 1266 2271 reSpiciunt,
1297 2204 1737 2260 conversionibus
1759 2206 1900 2261 inse-

336 2293 681 2361 parabilibus,
737 2294 809 2347 ita
861 2303 918 2348 ut
969 2295 1007 2360 ',
1054 2296 1193 2365 quod
1240 2312 1405 2351 unum
1452 2296 1666 2362 dicitur,
1713 2312 1816 2352 non
1865 2313 1898 2352 a

334 2386 527 2455 seipse,
559 2386 654 2440 sed
699 2386 769 2440 ab
808 2387 1000 2452 altero,
1046 2388 1187 2457 quod
1241 2389 1295 2442 ei
1321 2389 1625 2458 opponitur,
1656 2391 1898 2460 accipere

335 2473 698 2543 intelligatur?
739 2473 906 2543 Cujus
934 2475 1287 2532 inconcussae
1320 2478 1587 2534 amicitiae
1630 2480 1899 2550 insepara-

333 2560 558 2631 bilisque
609 2563 833 2632 copulae
877 2566 1120 2634 exempla
1154 2574 1282 2619 sunt
1323 2567 1643 2637 multiplices
1687 2571 1894 2626 numeri

336 2650 473 2706 inter
517 2666 577 2706 se
604 2652 835 2707 invicem
878 2655 1133 2723 copulati,
1183 2655 1352 2724 dupli,
1398 2657 1563 2726 tripli,
1590 2660 1893 2729 quadrupli,

337 2746 603 2814 ceterique
641 2745 694 2799 id
740 2762 912 2817 genus
946 2747 999 2801 in
1037 2747 1334 2814 inﬁnitum;
1370 2749 1494 2803 item
1522 2751 1893 2820 particulares,

335 2842 391 2887 ut
427 2843 552 2887 sunt
594 2835 615 2867 ⁵
641 2835 982 2904 sesqualteri,
1042 2837 1394 2906 sesquitertii,
1437 2840 1797 2909 sesquiquarti
1845 2844 1889 2907 ",

333 2923 599 2990 ceterique
629 2922 951 2990 lntjusmodi.
982 2923 1037 2978 ιη
1071 2925 1263 2993 quibus
1306 2926 1553 2980 omnibus
1580 2942 1683 2980 non
1723 2928 1891 2983 solum

333 3004 519 3072 integri
546 3019 758 3060 numeri
800 3008 869 3062 ad
904 3022 967 3064 se
993 3023 1224 3065 invicem
1264 3019 1556 3080 comparati
1587 3018 1889 3084 proportio-'-

2003 1842 2216 1909 proprie
2240 1842 2455 1896 habitus
2482 1841 2524 1873 ¹⁵
2550 1840 2842 1896 invenitur.
2875 1845 3025 1911 Quod
3053 1846 3196 1900 enim
3223 1862 3437 1916 semper
3464 1864 3570 1904 non

2004 1928 2246 1994 habetur,
2282 1931 2528 1999 quamvis
2556 1931 2622 1984 ad
2665 1942 2873 2001 tempus
2908 1933 3092 1989 haberi
3124 1935 3388 2002 videatur,
3433 1938 3570 1993 abu»

2001 2020 2114 2073 sive
2141 2020 2356 2075 habitus
2394 2021 2702 2075 nominatur
2728 2022 2794 2076 ιτ.
2835 2023 2979 2078 Disc.
3020 2022 3202 2080 Tende
3240 2025 3308 2080 ad
3350 2038 3566 2093 cetera;

1998 2108 2101 2163 hoc
2129 2109 2271 2162 enim
2293 2108 2583 2164 verisimile
2608 2124 2726 2165 esse
2753 2109 2931 2166 nullus
2954 2111 2996 2143 ιδ
3023 2110 3268 2182 denegat.

2067 2199 2157 2253 27.
2195 2199 2333 2255 Mss.
2374 2199 2561 2255 Locus»
2606 2201 2873 2269 sequitur,
2943 2200 3074 2269 qui,
3126 2210 3185 2253 ut
3234 2198 3394 2270 paulo
3444 2210 3571 2256 ante

1998 2295 2248 2358 diximus,
2278 2295 2331 2348 in
2359 2294 2760 2350 deﬁnitionibus
2801 2310 3001 2358 rerum,
3042 2310 3178 2363 quae
3205 2295 3416 2350 deﬁniri
3442 2308 3569 2365 pos-

1998 2396 2145 2448 sunt,
2191 2387 2561 2442 constituitur.
2609 2385 2694 2438 Nil
2732 2385 2875 2439 enim
2926 2384 3071 2439 aliud
3117 2392 3199 2440 est
3240 2385 3420 2450 locus,
3463 2384 3569 2440 nisi

1996 2476 2250 2540 ambitus,
2283 2489 2389 2543 quo
2420 2472 2835 2543 unumquodque
2868 2473 3031 2528 certis
3067 2474 3309 2529 terminis
3347 2474 3565 2529 conclu-

2002 2566 2147 2620 ditur
2183 2564 2247 2617 ¹⁹.
2278 2564 2546 2619 Locorum
2586 2572 2765 2618 autem
2803 2562 3002 2617 multae
3042 2564 3248 2632 species
3292 2572 3448 2629 sunt;
3490 2572 3572 2621 tot

1995 2655 2141 2709 enim
2162 2655 2275 2709 loca
2302 2663 2448 2720 sunt,
2474 2663 2603 2724 quot
2631 2669 2740 2719 res,
2763 2668 2901 2723 quae
2928 2654 3296 2708 circumscribi
3320 2668 3567 2724 possunt,

1994 2744 2106 2798 sive
2127 2743 2453 2813 corporales,
2483 2744 2595 2798 sive
2619 2741 2983 2812 incorporales
3009 2743 3135 2796 sint.
3178 2742 3336 2796 Verbi
3368 2743 3563 2812 gratia,

1993 2846 2188 2900 corpus
2200 2841 2283 2886 est
2301 2832 2613 2901 compositio
2633 2830 2893 2899 quaedam
2908 2839 3162 2898 quattuor
3180 2829 3565 2885 elementorum

1994 2921 2339 2989 qualitatibus
2366 2920 2433 2983 ⁸⁸,
2478 2921 2577 2973 sub
2608 2934 2727 2985 una
2750 2919 2979 2987 quadam
3017 2917 3196 2987 specie
3228 2918 3564 2987 conglobata.

1994 3008 2105 3064 llac
2133 3011 2276 3063 enim
2311 3008 2640 3072 deﬁnitione,
2668 3007 2902 3077 generali
2930 3008 3158 3075 quadam
3184 3006 3561 3078 descriptione,

336 3092 480 3147 uibus
503 3089 732 3149 diversis
756 3093 977 3164 pollent,
1014 3098 1106 3152 sed
1133 3097 1295 3152 etiam
1334 3077 1662 3168 singulorum
1685 3077 1886 3157 nume-
1916 3077 1965 3139 (ἶ
1995 3101 2172 3156 omnia
2236 3115 2458 3169 corpora
2484 3139 2499 3162 ,
2550 3113 2688 3167 quae
2738 3098 2962 3152 materie
3007 3098 3053 3128 ἠ
3093 3112 3157 3152 ac
3211 3096 3383 3152 forma
3432 3113 3561 3152 con-

337 3196 506 3235 rorum
535 3192 721 3251 partes
745 3183 846 3238 sibi
875 3184 1104 3239 invicem
1141 3182 1459 3254 conjunctae
1489 3189 1888 3257 proportionum

334 3271 624 3326 rationibus
651 3272 1083 3341 inseparabiliter
1109 3274 1443 3344 c0pulantur.
1487 3276 1553 3329 Et
1582 3292 1685 3331 non
1717 3278 1888 3332 solum

337 3367 433 3418 hoc
478 3364 533 3417 in
563 3364 698 3434 ipsis
728 3364 973 3419 terminis
1000 3380 1371 3430 numerorum,
1420 3382 1605 3421 verum
1632 3371 1792 3423 etiam
1837 3371 1889 3425 in

333 3454 761 3524 proportionibus
788 3455 1210 3523 proportionutn,
1259 3469 1392 3523 quas
1417 3456 1737 3512 arithmetici
1767 3473 1891 3528 pro-

337 3545 754 3613 portionalitates
793 3545 1076 3615 appellant,
1114 3546 1370 3615 reperies.
1408 3546 1551 3601 DISC.
1602 3547 1728 3602 Illud
1760 3564 1891 3618 quo-

335 3648 431 3701 que
456 3649 559 3689 non
585 3634 794 3704 ignoro.
837 3633 980 3689 llaec
1003 3633 1145 3689 enim
1171 3634 1367 3688 artium
1396 3636 1582 3705 peritis
1610 3638 1887 3693 notissima

337 3733 466 3778 sunt.

402 3810 534 3866 liae.
576 3812 716 3880 Quid
743 3813 806 3866 de
840 3813 943 3867 situ
979 3812 1260 3867 dicendum
1287 3813 1407 3867 est?
1446 3814 1628 3868 Nonne
1657 3816 1710 3868 in
1745 3816 1890 3869 ordi-

338 3899 483 3955 nibus
508 3918 686 3956 rerum
718 3903 1070 3967 naturalibus,
1119 3917 1212 3956 seu
1242 3904 1609 3959 artiﬁcialibus
1637 3921 1887 3977 corpora-

333 3979 450 4037 lium
479 3997 571 4039 seu
603 3985 965 4055 spiritualium
994 3987 1372 4057 positionibus,
1397 4002 1674 4060 proprium
1710 3996 1885 4051 locum

333 4073 564 4130 obtinet?
608 4076 740 4131 Cum
770 4078 910 4131 enim
936 4078 1086 4143 dico,
1131 4078 1388 4147 primum,
1426 4081 1742 4149 secundum,
1778 4092 1884 4138 ter-

336 4163 485 4229 tium,
515 4180 580 4219 ac
612 4165 824 4231 deinde,
859 4165 972 4220 sive
994 4166 1045 4220 in
1075 4166 1222 4232 totis,
1254 4168 1366 4222 sive
1407 4168 1458 4222 in
1483 4169 1742 4237 partibus,
1770 4172 1883 4226 sive

337 4252 384 4305 in
403 4255 695 4323 generibus,
713 4255 826 4310 sive
851 4255 904 4308 in
928 4255 1223 4325 speciebus,
1243 4271 1417 4310 nonne
1441 4257 1600 4310 situm
1615 4260 1881 4327 quendam

338 4344 650 4413 singulorum
693 4343 1008 4399 considero?
1056 4344 1190 4399 Item
1237 4345 1282 4399 si
1324 4346 1682 4412 dextrorsum,
1720 4347 1879 4403 sinis-

337 4442 573 4499 trorsum,
606 4449 841 4498 sursum,
867 4434 1137 4499 deorsum,
1167 4442 1313 4501 ante,
1346 4443 1491 4491 retro
1516 4437 1723 4501 dixero,
1748 4440 1872 4507 quid

338 4521 462 4576 aliud
484 4532 694 4592 praeter
717 4522 1036 4592 positionem
1062 4521 1355 4590 quandam,
1395 4524 1509 4577 sive
1554 4526 1876 4593 generaliter

340 4613 484 4668 totius
511 4614 713 4679 mundi,
740 4628 834 4669 seu
863 4614 1093 4683 partium
1118 4612 1233 4682 ejus
1252 4615 1600 4669 demonstro?
1629 4615 1761 4669 Nam
1786 4618 1875 4684 qui

341 4702 453 4757 dicit
471 4707 531 4758 de
554 4706 733 4774 aliquo
751 4719 996 4774 corpore,
1022 4702 1185 4772 jacet,
1212 4719 1305 4759 seu
1330 4705 1503 4770 sedet,
1530 4720 1625 4759 seu
1651 4715 1776 4772 stat,
1802 4707 1877 4760 nil

341 4794 467 4850 aliud
505 4797 757 4860 insinuat,
798 4796 901 4850 nisi
949 4804 1043 4850 aut
1097 4797 1124 4829 ⁸
1163 4797 1411 4851 deorsum
1450 4798 1738 4864 accumbit,
1786 4807 1879 4852 aut

339 4899 528 4940 sursum
552 4901 740 4941 versus
762 4888 783 4919 ⁹
806 4885 1051 4955 erigitur,
1075 4872 1167 4938 aut
1206 4884 1366 4940 veluti
1400 4885 1442 4916 ’⁸
1462 4886 1692 4956 quodam
1717 4887 1878 4942 libra-

266 4968 273 4969 ί
340 4973 466 5030 mine
503 4975 644 5029 inter
672 4988 889 5029 sursum
918 4982 1080 5043 atque
1123 4973 1371 5028 deorsum
1402 4976 1617 5044 pendet.
1657 4974 1787 5028 item
1830 4976 1875 5029 si

1989 3187 2203 3250 sistunt,
2249 3185 2656 3240 concluduntur.
2693 3184 2825 3240 item
2874 3185 3098 3256 spiritus
3131 3195 3215 3240 est
3260 3194 3450 3239 natura
3480 3186 3561 3240 in-

1988 3289 2266 3344 corporea,
2316 3273 2485 3326 forma
2518 3286 2614 3341 per
2657 3286 2715 3327 se
2757 3280 2917 3340 atque
2941 3272 2987 3302 “
3023 3272 3244 3325 materie
3267 3274 3313 3305 ³³
3344 3289 3556 3329 carens.

1988 3362 2174 3419 Omnis
2198 3363 2341 3416 enim
2372 3363 2612 3430 spiritus,
2651 3361 2763 3415 sive
2792 3361 3125 3416 rationabilis
3151 3362 3261 3414 sive
3305 3360 3545 3416 intellec-

1989 3451 2148 3505 tualis
2176 3451 2265 3514 sit,
2305 3464 2400 3518 per
2434 3464 2492 3502 se
2537 3448 2710 3517 ipsum
2752 3448 2996 3502 informis
3035 3457 3136 3502 est.
3172 3447 3229 3501 Si
3257 3463 3384 3501 vero
3418 3463 3547 3503 con-

1986 3553 2174 3594 versus
2195 3538 2354 3593 inet-tt
2381 3539 2448 3590 ad
2478 3551 2693 3591 causam
2719 3552 2894 3601 suam,
2919 3538 3022 3591 hoc
3050 3545 3160 3600 est,
3197 3537 3263 3591 ad
3295 3536 3555 3606 Verbum,

1987 3643 2082 3699 per
2106 3629 2247 3698 quod
2275 3627 2414 3681 facta
2442 3636 2568 3681 sunt
2590 3627 2791 3690 omnia,
2823 3634 2947 3681 tunc
2974 3625 3253 3681 formatur.
3282 3627 3376 3682 Est
3400 3629 3561 3698 igitur

1989 3735 2091 3774 una
2132 3720 2300 3773 lbrma
2338 3718 2578 3773 omnium
2616 3718 2925 3786 spirituum,
2962 3717 3356 3771 rationabilium
3395 3732 3448 3771 et
3478 3719 3559 3773 in-

1990 3809 2403 3875 tellectuatium,
2465 3806 2558 3862 Dei
2609 3805 2862 3860 Verbum.
2898 3806 2953 3859 Si
3005 3821 3129 3861 vero
3176 3807 3560 3862 irrationabilis

1989 3899 2211 3968 spiritus
2236 3899 2325 3963 sit,
2366 3897 2617 3952 similiter
2643 3896 2888 3951 informis
2918 3905 2998 3950 est
3040 3911 3133 3965 per
3160 3897 3414 3965 seipsutn,
3443 3898 3555 3950 for-

1988 3999 2166 4045 matur
2218 3998 2394 4043 tamen
2448 4004 2627 4043 rerum
2683 3986 3015 4041 sensibilium
3083 3987 3397 4054 pbantasiis.
3459 3986 3558 4041 Est

1990 4087 2182 4137 iterum
2241 4081 2412 4134 forma
2467 4081 2704 4133 omnium
2770 4077 3054 4145 spirituum
3110 4075 3558 4129 irrationabilium

1982 4167 2264 4240 phantasia
2290 4161 2645 4231 corporalium
2670 4166 2870 4227 rerum,
2890 4173 2944 4210 in
2963 4170 3219 4209 memoria
3243 4170 3425 4206 eorum
3455 4170 3552 4220 per

1985 4256 2293 4327 corporales
2325 4267 2515 4308 sensus
2554 4249 2741 4305 inﬁxa.
2772 4248 2901 4303 ltem
2935 4249 2987 4317 in
3019 4244 3312 4314 disciplinis
3357 4244 3548 4299 libera-

1986 4350 2123 4404 libus
2161 4346 2388 4418 plurima
2416 4342 2532 4397 loca
2560 4340 2918 4409 reperiuntur.
2950 4336 3101 4389 Nulla
3147 4336 3288 4388 enim
3318 4340 3419 4386 ‘ars
3446 4343 3549 4398 est,
3630 4352 3633 4355 ·

1980 4453 2117 4509 quae
2161 4434 2273 4490 suis
2301 4432 2432 4486 locis
2480 4438 2685 4493 careat,
2728 4436 2787 4479 ut
2831 4433 2955 4479 sunt
3002 4423 3102 4477 loci
3131 4423 3176 4452 “
3205 4421 3489 4487 dialectici,
3519 4438 3551 4475 a

1979 4540 2196 4600 genere,
2243 4540 2272 4576 a
2323 4521 2520 4590 specie,
2562 4535 2590 4572 a
2621 4516 2857 4580 nomine,
2902 4515 2969 4568 ab
3015 4513 3475 4579 antecedentibus,
3520 4528 3555 4567 a

1980 4612 2447 4682 consequentibus,
2472 4625 2501 4662 a
2525 4605 2826 4669 contrariis,
2855 4604 3126 4671 ceterique
3154 4602 3199 4634 "
3226 4600 3557 4671 hujusmodi,

1981 4708 2046 4760 tle
2074 4703 2268 4773 quibus
2305 4716 2449 4753 nunc
2492 4698 2757 4750 disserere
2798 4693 2844 4723 "
2892 4693 3104 4762 longum
3135 4699 3236 4746 est.
3271 4690 3404 4745 Nam
3441 4702 3556 4744 tam

1984 4799 2087 4852 late
2116 4802 2298 4866 patent
2318 4788 2581 4847 dialectici
2609 4786 2733 4852 loci,
2762 4793 2841 4849 ut,
2869 4786 3221 4854 undecunque
3242 4782 3554 4838 dialecticus

1982 4888 2191 4940 animus
2226 4884 2278 4936 in
2311 4882 2353 4914 ³⁷
2393 4888 2581 4934 natura
2626 4890 2805 4931 rerum
2844 4884 3239 4944 argumentum,
3283 4870 3425 4942 quod
3473 4869 3556 4923 rei

1985 4980 2174 5034 dubiae
2213 4974 2342 5029 facit
2376 4972 2551 5033 ﬁdem,
2585 4966 2867 5037 repererit,
2898 4966 3072 5020 locum
3103 4962 3403 5035 argumenti
3431 4973 3555 5014 esse

1597 5152 1680 5206 VA
1690 5151 1849 5206 RIAE
1889 5143 2282 5204 LECTIONES.

399 5291 418 5323 ¹
451 5304 491 5344 et
518 5308 622 5347 om.
652 5294 719 5346 A.
794 5293 815 5323 ²
846 5300 892 5344 et
912 5289 1237 5343 altitudinem
1259 5305 1367 5345 om.
1402 5291 1464 5344 D.
1540 5290 1561 5321 ³
1595 5290 1637 5343 Α
1659 5300 1850 5342 autent.

336 5364 486 5426 quarti
520 5379 625 5417 oui.
660 5362 724 5415 Ι).
782 5362 804 5393 ⁸
831 5370 920 5413 aut
944 5374 1051 5413 om.
1091 5358 1155 5426 ᾼ.
1230 5361 1250 5391 ⁵
1282 5376 1455 5413 versus
1497 5375 1604 5414 om.
1636 5361 1699 5412 Α.

337 5423 431 5480 om.
453 5432 510 5484 C.
579 5431 628 5492 ξι
649 5433 693 5485 Α
725 5432 773 5485 et
801 5432 1016 5483 tinetur.
1093 5423 1139 5456 ¹⁵
1162 5430 1252 5483 Al)
1275 5445 1384 5483 esse
1411 5430 1627 5481 videtur.

340 5499 493 5567 nullus
534 5517 642 5555 esse
698 5502 944 5567 denegat.
1020 5496 1062 5528 ¹⁹
1103 5493 1194 5550 Sic
1233 5499 1395 5563 ADE;
1444 5499 1484 5553 Ο
1511 5499 1811 5551 includitur.

337 5565 377 5597 "
409 5571 610 5623 materie
653 5585 716 5621 ac
752 5561 1183 5636 [oriza—71am”
1212 5583 1320 5623 om.
1357 5561 1417 5619 υ.
1493 5568 1535 5600 ⁸³
1575 5568 1617 5619 Δ
1650 5566 1886 5629 materia,
1929 5563 1971 5616 Ι)
2015 5561 2282 5614 materiae.

335 5653 439 5699 que.
509 5640 553 5669 "
588 5639 630 5691 ι)
657 5632 850 5690 dicere.
924 5635 966 5666 ⁷⁸⁷
993 5632 1041 5685 Λ
1064 5632 1116 5688 tt.

1930 5286 1948 5316 ⁵
1967 5287 2003 5339 Α
2033 5295 2204 5355 atque.
2281 5280 2389 5355 “hut
2418 5291 2524 5330 om.
2557 5272 2619 5355 Ar.

1780 5359 1824 5388 ¹⁰
1865 5356 2018 5410 veluti
2039 5351 2148 5408 om.
2181 5353 2221 5404 Α
2300 5351 2345 5380 ιτ
2378 5351 2415 5400 ιι
2458 5354 2695 5414 ponetur.

1707 5428 1749 5459 “
1784 5427 1825 5479 A
1850 5427 2055 5478 Ιιαὺέιυδ
2084 5421 2307 5491 rrontie-
2347 5487 2355 5491 _
2387 5421 2424 5446 "
2465 5421 2505 5465 (λ
2530 5421 2933 5491 ’⁸⁰’¹¹²’¹.ἱ¹9ἶὲξῒῖἶ-
2981 5421 3097 5491 ’“.ἶ“
3127 5421 3488 5491 ἒ’⁴²¹ζ¹ῗ¹⁵ῗ.¹.¹[¹ῗ-ῗῗ

1889 5469 2375 5552 ἶί
2430 5500 2544 5537 cum
2591 5473 2989 5552 qualitatibus.“
3032 5469 3549 5552 eumuteriu.

2698 5266 2720 5298 ⁸
2741 5265 2830 5320 Sic
2860 5263 3020 5327 CDE;
3049 5262 3087 5315 A
3115 5264 3239 5316 sint.

2772 5336 2812 5366 “
2851 5333 2982 5387 CDE
3017 5332 3280 5384 adimeret.

3315 5263 3333 5293 ⁷
3355 5262 3551 5330 sesqui-

3369 5331 3411 5360 ¹³
3440 5347 3551 5383 esse

2387 5418 2424 5446 ¹⁷
2458 5399 2505 5465 ’ίᾷ
2530 5405 2898 5464 nominabitur.
2979 5402 3020 5432 ¹⁸
3058 5404 3097 5451 Λ
3132 5399 3415 5454 verisimile
3442 5415 3551 5453 esse

2357 5537 2401 5587 is
2440 5552 2541 5606 ιοά
2569 5537 2676 5605 οἱιι,
2716 5543 2777 5595 D.
2851 5539 2896 5569 ”
2936 5540 3027 5591 Sic
3053 5538 3218 5604 CDE;
3262 5537 3306 5589 Α
3348 5539 3553 5590 ceteris-
