3904 6148
289 203 396 257 ιῖδ

1644 195 1928 252 JOANNlS
1970 196 2161 253 SCOTI

3429 207 3541 264 476

287 312 579 375 describat,
610 326 703 365 seu
753 312 1056 383 argumenti
1105 311 1308 365 sedem.
1342 308 1612 363 Similiter
1663 309 1715 361 in
1746 308 1864 362 aliis
1894 318 1936 374 Α
1967 309 2229 371 coeuntia,
2272 322 2683 379 componuntur,
2713 315 2872 386 inque
2903 334 2994 373 eas
3020 321 3211 376 iterum
3251 328 3545 385 resolutio-

287 404 497 458 artibus
538 404 807 471 reperies;
850 415 989 471 quae
1033 404 1143 453 suis
1185 399 1338 462 locis,
1381 400 1432 452 id
1480 407 1583 461 est,
1633 399 1864 467 propriis

288 492 687 546 deﬁnitionibus
701 492 1027 545 ambiuntur.
1047 492 1284 553 Quarum
1306 487 1546 555 cxcrupla
1568 500 1688 540 sunt
1712 489 1858 540 hare.

287 579 645 635 ΟΒΑκΙΑτιοΑ
665 589 747 632 est
767 577 1081 629 articulatae
1099 576 1242 628 vocis
1262 586 1443 628 custos
1461 586 1510 627 et
1536 575 1862 628 moderatrix

289 670 566 738 disciplina
594 670 631 719 ¹.
666 668 976 720 Βηετοκιελ
1008 675 1089 717 est
1142 664 1343 717 ﬁnitam
1368 680 1585 717 causam
1613 678 1859 733 persona,

290 758 513 812 materia
553 757 594 820 ',
621 756 924 817 occasione,
949 754 1227 822 qualitate,
1253 754 1390 816 loco,
1416 763 1674 821 tempore,
1701 752 1866 806 facul-

290 858 397 905 tate
412 847 703 902 discutiens
718 847 931 913 copiose
951 855 1111 912 atque
1145 854 1332 896 ornate
1363 843 1384 874 ⁸
1413 843 1720 912 disciplina;
1749 845 1867 895 bre-

288 939 529 1005 viterque
567 933 587 965 "
614 934 821 989 deﬁniri
848 944 1024 1001 potest
1051 974 1066 998 ,
1096 948 1391 987 nunomca
1416 944 1499 986 est
1523 933 1704 985 {initae
1734 948 1864 985 cau-

289 1042 381 1082 sae
446 1033 650 1094 septem
692 1024 961 1093 periochis
1004 1038 1165 1091 Sagax
1219 1032 1274 1075 et
1318 1022 1529 1091 copiosa
1564 1022 1862 1090 disciplina.

288 1118 612 1171 DIALECTICA
670 1124 752 1169 est
804 1114 1165 1168 communium
1223 1112 1386 1165 animi
1458 1113 1864 1179 conceptionum

287 1204 685 1262 rationabilium
741 1205 969 1274 diligens
1028 1203 1509 1270 investigatrixque
1566 1200 1862 1269 disciplina.

288 1299 665 1354 Annum-mes
739 1307 820 1351 est
916 1313 1261 1351 numerorum
1332 1294 1867 1364 conteniplatiouilnxs

288 1389 501 1444 animi“
559 1388 1022 1442 succumbentium
1070 1397 1185 1439 rata
1234 1387 1656 1453 intemerataque
1702 1384 1867 1438 disci-

290 1484 453 1554 plina.
480 1483 796 1537 Geonernu
824 1491 903 1535 est
927 1480 1205 1549 planarum
1236 1473 1526 1549 ﬁgurarum
1554 1477 1867 1532 solidarum-

291 1589 396 1643 que
446 1574 615 1644 spatia
649 1574 1064 1642 superticicsque
1095 1573 1269 1641 sagaci
1301 1572 1494 1624 mentis
1528 1572 1720 1624 intuitu
1742 1586 1868 1624 con-

1965 398 2047 451 nis
2086 408 2321 468 tempore
2353 402 2594 457 redeunt.

2033 487 2121 542 50.
2157 488 2224 542 Ut
2246 491 2387 544 enim
2417 492 2457 523 "'
2502 502 2642 549 totus
2688 496 2789 551 iste
2832 502 3057 557 mundus
3085 505 3333 562 sensit-us
3364 525 3548 581 appa-

1967 594 2090 631 rens
2130 580 2345 633 assiduo
2394 593 2537 637 motu
2573 588 2714 642 circa
2765 605 2916 645 suum
2956 594 3228 652 cardinem
3276 580 3551 667 volvitur,

1965 670 2107 722 circa
2141 679 2338 724 terram
2369 674 2519 738 dico,
2551 677 2692 730 circa
2722 694 2879 747 quam
2911 685 3072 738 veluti
3105 690 3374 755 quoddam
3412 709 3553 747 cen-

1970 768 2106 810 trum
2134 770 2310 812 cetera
2337 762 2436 814 tria
2458 762 2741 830 elementa,
2766 785 2904 837 aqua
2935 774 3203 838 videlicet,
3223 794 3335 842 aer,
3371 781 3549 849 ignis,

1967 848 2269 902 incessabili
2320 860 2493 904 rotatu
2548 855 2845 922 volvuntur,
2900 862 2973 915 ita
3022 864 3271 921 invisibili
3306 848 3465 924 motu
3506 874 3551 903 "

1965 946 2081 997 sine
2105 945 2205 998 ulla
2245 947 2640 1004 intermissione
2661 954 2979 1010 universalia
3019 972 3557 1032 corpura,quattuor

1966 1034 2230 1089 elementa
2262 1038 2381 1091 dico
2406 1039 2468 1103 ¹⁹,
2494 1041 2545 1093 in
2579 1057 2637 1095 se
2658 1042 2881 1099 invicem
2913 1052 3176 1116 coeuntia,
3201 1056 3555 1125 singularum

1969 1142 2143 1180 rerum
2174 1129 2217 1158 ¹⁰
2253 1131 2465 1199 propria
2496 1149 2718 1200 corpora
2745 1138 3053 1193 coniiciunt.
3106 1143 3253 1209 Quae
3299 1148 3557 1202 resoluia

1969 1216 2160 1271 iterum
2184 1233 2248 1271 ex
2263 1222 2679 1289 proprietatibus
2703 1226 2751 1277 in
2777 1229 3203 1292 universalitatcs
3226 1251 3560 1304 recurrunt,

1969 1317 2217 1359 manente
2261 1324 2473 1376 semper
2503 1312 2908 1371 immutabiliter
2958 1324 3107 1388 quasi
3140 1327 3373 1391 quodam
3415 1344 3562 1382 cen-

1970 1403 2052 1449 tro
2069 1397 2109 1425 "
2140 1397 2465 1465 sinoularum
2489 1415 2667 1455 rerum
2690 1406 2903 1472 propria
2926 1411 3258 1481 naturalique
3276 1420 3562 1485 essentia,

1968 1500 2105 1553 quae
2154 1503 2252 1541 nec
2299 1491 2521 1551 moveri,
2582 1508 2680 1546 nec
2732 1499 2936 1562 augeri,
2989 1515 3087 1555 nec
3131 1504 3296 1558 minui
3340 1518 3559 1576 potest.

1967 1575 2281 1630 Accidentia
2306 1578 2447 1632 enim
2482 1581 2530 1633 in
2562 1592 2706 1635 motu
2736 1594 2859 1637 sunt
2886 1587 2949 1649 υ,
2982 1605 3084 1642 non
3111 1575 3397 1649 essentiae.
3438 1598 3565 1653 Nec

292 1666 537 1720 siderans
568 1663 862 1732 disciplina.
900 1662 1100 1716 MUSICA
1127 1670 1210 1717 est
1236 1663 1495 1727 omnium,
1524 1677 1663 1731 quae
1701 1659 1867 1715 sunt'
1902 1669 1942 1726 Β
1970 1664 2129 1717 etiam
2170 1666 2278 1732 ipsa
2322 1668 2617 1724 accidentia
2657 1672 2708 1724 in
2750 1684 2892 1727 motu
2920 1688 3063 1742 sunt,
3095 1696 3186 1733 seu
3219 1684 3268 1736 in
3292 1685 3339 1716 ⁸³
3368 1687 3568 1742 incre.

291 1756 405 1810 sive
427 1757 446 1788 ⁷
477 1756 527 1809 in
560 1764 704 1810 motu
736 1756 847 1809 sive
876 1756 927 1807 in
955 1763 1095 1807 statu
1122 1754 1144 1784 ⁸
1180 1754 1374 1819 scibili,
1430 1754 1870 1822 naturalibusque

293 1846 745 1915 proportionibus,
797 1846 1133 1901 harmoniam
1166 1846 1393 1899 rationis
1432 1846 1631 1899 lumine
1680 1845 1871 1914 digno-

295 1936 494 1989 scens'
523 1935 821 2004 disciplina.
886 1936 1224 1989 ASTROLCGIA
1270 1944 1350 1989 est
1398 1935 1707 1989 caelestium
1750 1951 1870 1987 cor-

292 2040 481 2093 porum
511 2026 682 2093 spatia
711 2033 995 2093 motusque
1023 2026 1334 2093 reditusque
1354 2026 1517 2079 certis
1543 2025 1873 2094 temporibus

294 2116 624 2186 investigans
662 2116 962 2185 disciplina.
995 2115 1057 2169 Hi
1083 2125 1209 2169 sunt
1243 2116 1523 2186 generales
1546 2117 1647 2170 loci
1677 2117 1870 2169 artium

293 2205 628 2271 liberalium;
689 2206 773 2260 his
832 2206 1076 2260 terminis
1135 2207 1499 2272 continentur,
1554 2207 1692 2260 intra
1738 2223 1875 2275 quos

301 2298 439 2353 aliae
471 2298 888 2354 innumerabiles
918 2308 1043 2353 sunt
1070 2300 1135 2352 ¹⁰.

366 2390 456 2445 28.
486 2389 679 2443 Disc.“
704 2389 798 2443 llis
821 2391 1116 2458 rationibus
1132 2405 1293 2459 cogor
1317 2391 1492 2453 fateri,
1522 2407 1626 2445 non
1656 2406 1775 2445 esse
1800 2391 1875 2443 lo-

294 2496 419 2537 cum
437 2483 535 2535 nisi
554 2482 605 2534 in
626 2481 823 2535 animo.
845 2480 899 2534 Si
920 2482 1062 2534 enim
1083 2481 1321 2535 definitio
1335 2481 1508 2534 omnis
1529 2481 1581 2534 in
1597 2481 1874 2548 disciplina

296 2582 399 2636 est,
431 2582 485 2626 et
526 2570 702 2625 omnis
748 2571 1028 2637 disciplina
1065 2571 1115 2623 in
1148 2572 1347 2633 animo,
1387 2570 1689 2623 necessario
1729 2570 1876 2623 locus

297 2663 494 2727 omnis,
543 2661 666 2728 quia
713 2660 955 2713 deﬁnitio
984 2670 1084 2721 est,
1140 2675 1244 2714 non
1286 2661 1410 2712 alibi
1444 2660 1545 2713 nisi
1600 2660 1654 2713 in
1695 2662 1876 2713 animo

299 2758 463 2874 erigi).
498 2818 637 2873 MAG.
672 2819 839 2871 Recte
874 2817 1112 2870 intueris.
1158 2817 1300 2870 Disc.
1341 2814 1475 2881 Quid
1515 2817 1672 2887 igitur
1697 2818 1876 2870 dicen-

304 2912 427 2963 dum
472 2909 649 2964 estde
689 2906 791 2971 his,
817 2907 905 2975 qui
956 2905 1161 2970 dicunt,
1194 2905 1556 2959 habitationes
1599 2907 1874 2960 hominum

1974 1758 2191 1821 mentis,
2229 1758 2649 1823 detrimentisve,
2704 1766 2796 1818 sed
2846 1769 3183 1838 participatio
3227 1789 3420 1829 eorum
3491 1780 3570 1834 ab

1973 1848 2206 1900 essentia
2238 1847 2372 1902 tales
2401 1850 2603 1918 patitur
2628 1854 3029 1911 mutabilitates.
3059 1860 3225 1915 Aliter
3245 1864 3389 1917 enim
3416 1881 3568 1922 vera

1975 1938 2114 1991 ratio
2163 1952 2268 1992 non
2314 1939 2443 1992 sinit
2481 1955 2621 1996 esse.
2667 1943 2852 1999 Omnis
2900 1948 3160 2016 siquidem
3204 1962 3396 2007 natura
3452 1971 3571 2011 seu

1972 2027 2350 2092 essentiarum,
2396 2043 2488 2082 seu
2525 2032 2603 2084 eis
2632 2033 2986 2088 accidentium
3027 2038 3376 2096 immutabilis
3428 2017 3567 2112 est;
3651 2047 3654 2051 ’

1974 2119 2311 2187 participatio
2342 2136 2491 2185 vero,
2527 2132 2584 2174 ut
2609 2124 2863 2189 diximus,
2909 2132 3259 2185 essentiarum
3300 2136 3371 2187 ab
3401 2139 3571 2191 acci-

1974 2209 2242 2273 dentibus,
2295 2226 2388 2265 seu
2420 2213 2774 2268 accidentium
2819 2220 2885 2271 ab
2927 2223 3202 2283 essentiis,
3235 2239 3462 2293 semper
3512 2230 3571 2281 in

1974 2313 2121 2354 motu
2145 2312 2245 2355 est.
2277 2302 2629 2375 Participatio
2649 2308 2908 2375 siquidem
2937 2322 2989 2363 et
3019 2313 3254 2367 inchoari
3275 2324 3329 2370 et
3359 2322 3571 2388 augeri

1975 2393 2248 2461 minuique
2278 2404 2471 2462 potest,
2505 2398 2673 2451 donec
2718 2402 2946 2455 mundus
2977 2403 3074 2456 iste
3120 2405 3183 2456 ad
3226 2407 3386 2460 linem
3420 2424 3576 2465 suae

1972 2485 2284 2538 stabilitatis
2338 2487 2388 2539 in
2436 2486 2684 2539 omnibus
2727 2491 3019 2556 perveniat,
3069 2501 3187 2559 pust
3234 2510 3397 2561 quem
3458 2515 3577 2555 nec

1975 2574 2232 2635 essentia,
2254 2590 2351 2627 nec
2382 2574 2646 2638 accidens,
2689 2592 2788 2629 nec
2827 2595 3013 2633 eorum
3053 2583 3193 2636 inter
3222 2600 3280 2638 se
3316 2586 3575 2643 invicem

1976 2664 2311 2732 participatio
2334 2663 2496 2717 ullum
2514 2669 2973 2737 motumpatietur
2988 2692 3000 2723 :
3017 2674 3191 2727 omnia
3213 2675 3357 2730 enim
3383 2694 3572 2734 unum

1975 2765 2027 2805 et
2051 2753 2274 2820 idipsum
2308 2755 2578 2810 immobile
2605 2766 2786 2822 erunt,
2813 2761 3026 2827 quando
3055 2762 3107 2816 in
3137 2779 3260 2817 suas
3290 2766 3573 2824 immuta-

1977 2844 2110 2897 biles
2154 2845 2390 2899 rationes
2415 2848 2592 2901 omnia
2632 2862 2913 2904 reversum
2944 2863 3086 2908 sunt.
3133 2854 3208 2910 De
3234 2871 3341 2926 quo
3373 2862 3575 2916 reditu

1978 2934 2101 2988 alibi
2130 2935 2496 2990 disserendum
2524 2937 2774 2995 arbitror.

303 3010 712 3067 ceterorumque
736 2995 1047 3051 animalium
1080 2983 1226 3050 locos
1255 2996 1410 3050 esse?
1443 2995 1690 3050 similiter
1714 2995 1874 3050 istum
1905 2983 3069 3091 ,τρξιξὲξηυωωοαο
3086 3039 3556 3097 mundicemmm

303 3103 642 3144 communem
671 3101 794 3140 aera
835 3088 900 3153 ³⁸,
935 3095 1133 3144 terram
1180 3102 1414 3158 quoque,
1454 3088 1694 3141 omnium
1729 3086 1884 3141 habi-

314 3180 541 3233 tantium
578 3180 630 3232 in
676 3180 755 3232 eis
782 3179 928 3234 locos
955 3179 1000 3210 ’³
1026 3180 1346 3234 aestimant?
1378 3194 1569 3247 aquam
1600 3179 1771 3232 locum
1811 3177 1889 3247 pi-

315 3273 485 3325 scium
517 3270 724 3332 dicunt,
769 3271 1102 3339 planetarum
1144 3271 1386 3327 aethera.
1440 3269 1689 3336 spheram
1718 3267 1891 3322 caele-

315 3368 455 3413 stem
485 3367 754 3411 astrorqu
783 3358 956 3411 locum
989 3374 1106 3412 esse
1135 3359 1359 3428 putant?
1389 3358 1524 3412 MAG.
1556 3357 1695 3411 Nihil
1722 3357 1888 3421 aliud,

318 3447 422 3501 nisi
465 3456 522 3499 ut
549 3456 639 3499 aut
669 3448 959 3500 suadentur
1005 3449 1103 3509 eis,
1146 3448 1188 3500 si
1244 3446 1661 3516 disciplinabiles
1687 3448 1794 3502 sint
1838 3456 1894 3501 ct

317 3538 499 3593 doceri
536 3538 799 3591 voluerint
823 3538 886 3600 ιδ,
922 3548 1013 3590 aut
1048 3539 1259 3607 penitus
1285 3539 1647 3603 dimittantur,
1686 3539 1732 3593 si
1766 3552 1893 3593 con-

252 3664 253 3667 η
320 3630 534 3684 tentiosi
584 3630 709 3683 sint.
757 3630 799 3661 ¹³
842 3630 944 3682 Eos
990 3631 1156 3695 enim,
1204 3631 1292 3700 qui
1342 3630 1469 3684 talia
1513 3631 1719 3694 dicunt,
1765 3645 1891 3684 vera

318 3718 531 3773 deridet
572 3719 731 3771 ratio.
784 3718 914 3771 Nam
958 3720 1000 3772 si
1049 3719 1190 3774 aliud
1221 3732 1302 3775 est
1333 3738 1529 3791 corpus
1568 3730 1622 3775 et
1648 3721 1788 3775 aliud
1814 3728 1898 3774 est

319 3806 473 3864 locus
498 3809 562 3872 ⁸⁸,
588 3808 847 3877 sequitur,
872 3818 928 3862 ut
955 3795 1232 3865 locusnon
1255 3813 1324 3864 sit
1345 3826 1557 3880 corpus.
1583 3810 1692 3864 Aer
1716 3820 1892 3864 autem

321 3899 479 3956 istius
518 3900 815 3970 corporalis
849 3910 1010 3970 atque
1055 3901 1282 3955 visibilis
1323 3902 1505 3956 mundi
1548 3911 1737 3971 quarta
1774 3917 1896 3972 pars

320 3999 427 4045 est.
487 3990 656 4045 Locus
701 3992 863 4061 igitur
892 4009 995 4047 non
1049 4004 1150 4047 est.
1206 3994 1430 4047 Constat
1477 3995 1696 4058 etenim,
1754 3995 1897 4047 hunc

325 4082 581 4135 mundum
622 4081 885 4136 visibilem
912 4094 1165 4151 quattuor
1205 4084 1502 4148 clementis,
1544 4085 1706 4140 voluti
1739 4096 1896 4153 quat-

327 4179 451 4225 tuor
496 4173 836 4241 generalibus
894 4174 1211 4243 quibusdam
1268 4176 1507 4245 partibus
1544 4178 1897 4245 compositum

326 4279 464 4319 esse.
509 4266 572 4321 Et
610 4275 691 4320 est
734 4267 886 4335 quasi
935 4270 1202 4337 quoddam
1234 4284 1455 4338 corpus,
1504 4270 1613 4323 suis
1665 4270 1901 4339 partibus

328 4366 685 4424 compactum.
738 4357 817 4411 Ex
844 4359 1037 4426 quibus
1076 4358 1322 4413 videlicet
1360 4360 1599 4429 partibus
1628 4359 1904 4413 catholicis
1933 4362 1981 4420 ι)

328 4448 567 4501 omnium
585 4450 918 4513 animalium,
945 4452 1218 4515 arborum,
1249 4452 1532 4507 herbarum
1551 4455 1762 4522 propria
1781 4468 1902 4521 spe-

329 4534 733 4606 cialissiniaque
755 4555 978 4608 curpora
1030 4540 1255 4595 mirabili
1289 4541 1646 4612 ineﬂ'abilique
1674 4544 1902 4596 mixtura

1989 3113 2044 3169 id
2070 3120 2154 3168 est
2174 3122 2340 3178 terra,
2366 3129 2576 3186 semper
2599 3128 2727 3184 stat,
2759 3132 2936 3176 cetera
2965 3140 3091 3179 vero
3121 3128 3388 3183 elementa
3418 3133 3589 3187 circa

1989 3217 2108 3257 eam
2158 3211 2377 3258 aeterno
2426 3218 2570 3259 motu
2598 3209 2903 3264 'volruntur
2932 3253 2947 3277 ,
2994 3231 3097 3269 non
3140 3232 3302 3285 parva
3358 3221 3593 3295 indiget

1991 3293 2436 3349 consideratione.
2471 3294 2603 3350 Nam
2646 3306 2700 3352 et
2736 3300 3055 3355 secularium
3089 3293 3593 3379 Philosophorum,

1991 3393 2045 3438 et
2068 3383 2452 3439 catholicorum
2476 3385 2694 3441 Patrum
2723 3389 2788 3443 de
2809 3389 2910 3445 hac
2931 3397 3243 3461 quaestione
3265 3405 3597 3460 sententias

1993 3476 2338 3546 cognovimus
2365 3476 2430 3529 ".
2464 3477 2616 3534 Plato
2646 3481 2932 3550 siquidem,
2958 3486 3465 3557 philosophantium
3520 3498 3597 3550 de

1995 3570 2192 3623 numdo
2220 3571 2503 3636 maximus,
2557 3574 2609 3626 in
2657 3574 2876 3631 Timaeo
2925 3593 3021 3633 suo
3058 3580 3236 3635 multis
3265 3586 3627 3645 rationibus

1996 3660 2207 3721 asserit,
2236 3660 2374 3714 hunc
2392 3662 2642 3716 mundum
2668 3667 2938 3733 visibilem,
2967 3672 3116 3739 quasi
3140 3680 3603 3748 magnumquod.

1995 3750 2114 3803 dam
2129 3751 2347 3815 animal,
2372 3768 2582 3822 corpore
2605 3756 2879 3825 animaque
2899 3763 3134 3829 componi
3148 3780 3162 3825 ;
3189 3764 3341 3832 cujus
3363 3768 3602 3823 anima-

1997 3840 2062 3894 lis
2077 3857 2260 3909 corpus
2271 3842 2478 3911 quidem
2492 3853 2565 3896 est
2584 3854 2829 3913 quattuor
2839 3848 3098 3906 elementis
3114 3854 3407 3909 notissimis
3421 3875 3604 3927 gene-

1999 3930 2317 4013 ralibusque,
2352 3932 2670 4004 diversisque
2699 3940 2999 4005 corporibus
3045 3958 3109 3995 ea:
3134 3943 3323 3997 eisdem
3363 3964 3607 4022 compo—

1999 4023 2116 4076 sitis
2140 4037 2485 4093 compactum;
2512 4030 2687 4079 anima
2729 4046 2845 4083 vero
2872 4020 3035 4101 ipsius
3059 4044 3131 4087 est
3156 4037 3417 4105 generalis
3455 4020 3604 4108 vita,

2000 4130 2132 4182 quae
2156 4114 2201 4145 "
2223 4115 2415 4175 omnia,
2448 4132 2580 4185 quae
2603 4117 2656 4170 in
2681 4130 2822 4173 motu
2846 4131 2997 4192 atque
3022 4123 3074 4175 in
3097 4134 3233 4178 statu
3259 4139 3406 4194 sunt,
3434 4147 3610 4203 vege—

2002 4213 2075 4256 tat
2106 4216 2259 4275 atque
2287 4214 2471 4259 movet.
2508 4205 2639 4263 llinc
2663 4207 2824 4262 Poeta
2861 4227 2874 4262 :

2103 4317 2353 4389 Principio
2376 4316 2643 4389 eaeIumLac
2666 4323 3219 4389 "_terram_cainposque
3243 4328 3513 4389 liquentes

2102 4374 2467 4454 ειυςβξιίεειιςιυθ
2488 4381 2682 4454 ereum
2703 4381 2891 4446 Lunae,
2915 4374 3536 4453 τίιειιίεειιιῑιε“εέιῖ-Ξ;“““’

2096 4443 2307 4501 Spiritus
2324 4443 2453 4489 iutus
2475 4443 2559 4490 alit
2582 4444 2627 4491 ⁸.

2073 4541 2176 4596 Sed
2199 4542 2321 4612 quia
2352 4543 2757 4611 ipsa.auima,ut
2779 4546 2851 4599 ait
2884 4548 3016 4615 ipse,
3047 4552 3383 4607 aeterualiter
3413 4572 3613 4613 mave-

1600 4700 1851 4756 VAKIAE
1887 4700 2277 4756 LECTIONES.

410 4824 426 4855 ⁸
457 4823 543 4895 Sic
575 4824 690 4889 CE;
725 4825 813 4878 AD
843 4827 1256 4895 disciplinarum.
1332 4833 1351 4862 ²
1378 4834 1420 4887 D
1449 4833 1713 4888 materiae.

339 4896 401 4951 D.
477 4893 499 4924 ⁸
531 4910 665 4960 quae
702 4906 819 4947 sunt
850 4911 955 4947 om.
977 4893 1051 4951 Ἰ).
1129 4899 1148 4929 ⁷
1171 4900 1276 4954 sive
1304 4917 1411 4956 om.
1445 4903 1597 4957 (ΖΗΕ.

1791 4836 1812 4867 ³
1834 4837 1876 4889 D
1902 4836 2156 4890 ordinate.

1672 4904 1693 4935 ⁸
1722 4906 1826 4958 sire
1859 4906 1913 4957 in
1955 4916 2093 4958 statu
2136 4923 2243 4959 om.
2276 4907 2382 4961 CD.

2234 4839 2254 4867 ⁸
2283 4837 2322 4908 Α
2353 4836 2496 4890 llaec
2517 4838 2790 4908 disciplina
2812 4842 2886 4894 sic
2918 4841 3149 4897 breviter.

3223 4844 3245 4876 ³
3274 4850 3451 4903 animi
3482 4872 3611 4909 om.

2458 4908 2478 4938 9
2509 4907 2550 4960 E
2579 4907 2692 4961 cum
2745 4912 3032 4963 diuoscens.

3113 4915 3155 4945 ¹⁰
3177 4914 3219 4967 Α
3246 4918 3397 4974 addit
3435 4939 3451 4972 :
3508 4926 3616 4978 Se-

913 4969 1664 5056 est,Sciretunstautiae.sunt,
1701 4976 1833 5056 quis,
1875 4975 2017 5043 quid.
2046 4992 2182 5056 _cur,
2213 4978 2490 5056 quomodo,
2536 4980 2765 5056 quando,
2819 4981 2924 5042 ubi,
2966 4983 3152 5056 quibus
3179 4965 3616 5056 'ia’hiiiéiioK;

336 5034 394 5091 in
454 5034 858 5089 codieibuS'DE
908 5038 1128 5092 omnino
1173 5040 1385 5093 desunt.

342 5176 382 5227 Α
407 5174 594 5225 (actim.
676 5174 719 5205 ⁸⁸
745 5174 834 5226 AD
858 5177 1132 5229 valuerint.
1214 5174 1256 5209 ¹⁸
1282 5181 1383 5230 sint
1410 5195 1514 5233 om.
1540 5174 1602 5233 Ᾱ.

341 5242 511 5320 ἶι-βὶρ
540 5242 703 5320 CllE;
746 5246 860 5311 AOet
894 5246 967 5296 ita
1000 5246 1244 5320 inuisibili
1273 5253 1435 5314 (motu
1475 5266 1582 5303 om.
1611 5251 1694 5320 A).

344 5313 430 5366 lii-3
452 5315 713 5382 quoddam
736 5325 988 5367 centrum.
1066 5317 1110 5345 "
1135 5327 1252 5371 sunt
1277 5313 1383 5369 om.
1418 5320 1476 5371 Ι).

1683 5182 1723 5213 ¹⁶
1751 5182 2024 5258 Δ(ΖΙ)Ι⁴];
2074 5184 2109 5234 Λ
2157 5184 2297 5258 aliud
2349 5197 2429 5258 est
2461 5184 2604 5236 locus
2638 5198 2684 5258 et
2734 5182 2880 5241 aliud
2922 5208 3126 5258 corpus.

1775 5254 1813 5284 ¹⁹
1843 5252 1887 5302 Α
1907 5264 2152 5319 quattuor
2183 5254 2298 5305 dico
2321 5253 2589 5307 elementa.

1555 5320 1670 5374 “in
1701 5337 1805 5375 om.
1833 5321 1942 5375 AD.
2016 5323 2061 5353 "‘
2091 5322 2181 5374 AD
2203 5324 2525 5393 agnovimus.
2601 5320 2649 5355 ⁸⁸
2673 5323 2717 5381 Α
2740 5341 2878 5396 quia.

488 5043 858 5123 ENIIL'I‘litl-S‘Ul?
908 5043 1128 5123 omnino
1173 5043 1385 5093 desunt.
1450 5043 1531 5123 I“
1580 5043 1619 5095 C
1671 5047 1734 5123 ad
1782 5061 1948 5123 mare.
1992 5048 2165 5123 adscr.
2211 5043 2296 5123 illa
2353 5048 2511 5123 verba
2545 5043 2790 5123 risi/itam
2830 5043 3097 5123 mpm'zm’,
3134 5043 3323 5111 id'est.
3358 5043 3617 5114 armi};

336 5107 561 5182 stamine
589 5114 731 5182 sunt,
760 5107 898 5182 quis,
919 5107 1062 5182 quid,
1091 5112 1513 5182 cur,_quomodo,
1541 5113 1769 5180 quando.
1801 5107 1905 5173 ubi,
1927 5115 2110 5182 quibus
2131 5114 2488 5180 facultatibus.
2568 5116 2608 5146 ¹¹
2634 5107 2721 5171 Sic
2748 5120 2850 5182 (Ili;
2882 5107 3018 5173 ᾹΒἩ

2568 5116 2608 5146 ¹¹
2634 5117 2721 5171 Sic
2748 5120 2850 5183 (lli;
2882 5116 3183 5179 [\D’aerem.
3244 5125 3283 5155 ιθ
3303 5126 3394 5179 Sic
3420 5131 3615 5191 (IUL;

2568 5202 2604 5236 is
2638 5198 2684 5238 et
2734 5190 2880 5241 aliud
2922 5208 3126 5246 carius.
3208 5193 3244 5222 ίτ
3280 5196 3318 5246 Α
3356 5197 3611 5246 Hiems;

3280 5205 3318 5247 Α
3356 5205 3614 5255 Ιτιεηίπ.

2665 5256 2710 5337 εξ
2743 5273 2910 5310 rerum
2955 5256 3063 5337 {ill}:
3093 5262 3150 5313 l).
3230 5263 3271 5292 “
3302 5264 3343 5315 (ἶ
3366 5280 3571 5322 contu;
3598 5289 3619 5337 ;

2962 5328 3007 5361 ιο
3041 5329 3079 5389 Α
3110 5340 3177 5383 ρι.

1860 5451 2035 5507 ΝΟΤΑ
2048 5455 2107 5507 Ε.

418 5540 441 5567 ει
480 5531 659 5599 Virgil.
688 5536 815 5586 Λίδη.
851 5532 933 5599 Ἠ,
961 5535 1062 5589 724
1092 5551 1191 5605 sqq
