3834 6152
273 230 369 284 ιῖἷ

274 351 355 391 tur
381 340 450 391 ad
472 354 665 408 corpus
685 354 861 402 suum,
882 337 934 391 id
954 344 1061 401 cst,
1087 338 1346 390 mundum
1368 346 1540 391 totum
1566 336 1725 388 virili!
1745 351 1843 387 au-
1880 345 1919 399 Α

199 464 207 470 -
270 429 1090 499 dum,rcgendum,diversisqne
1115 443 1189 480 ra:
1217 428 1416 482 onibus
1437 428 1701 480 variorum
1722 441 1845 481 cor-

273 538 464 593 iorum
489 522 833 591 singulorum
861 520 1344 589 coniunctionibus
1380 518 1843 573 resolutionibus—

283 627 390 680 que
411 611 756 675 movendum,
783 619 953 662 manet
978 611 1133 662 etiam
1155 610 1209 663 in
1236 626 1330 663 suo
1357 609 1586 662 naturali
1613 610 1852 662 immobi-

283 703 422 773 lique
460 710 624 756 statu.
664 700 905 755 Movetur
931 714 1058 768 ergo
1100 714 1314 767 semper
1363 699 1379 730 ³
1420 708 1475 753 ει
1517 708 1644 763 stat,
1672 714 1734 752 ac
1758 714 1855 768 per

266 791 391 854 .boc
419 799 474 844 et
498 804 695 859 corpus
747 788 887 856 ejus,
914 788 966 841 id
992 798 1075 841 est
1105 787 1426 841 universitas
1462 803 1639 840 rerum
1671 788 1854 841 visibi-

288 878 440 942 lium,
476 877 670 947 partim
713 876 929 945 quidem
957 884 1064 928 stat
1091 883 1309 929 acterna
1352 874 1662 937 stabilitate,
1696 882 1859 928 utest

293 977 453 1029 terra,
468 966 662 1034 partim
675 979 805 1020 vero
818 973 1033 1019 aeterna
1054 963 1331 1019 velocitate
1346 973 1590 1019 movetur
1602 966 1643 1029 ¹,
1663 972 1721 1017 ιιι
1737 980 1858 1034 spa-

295 1056 423 1108 tium
446 1055 756 1108 aetbereum
786 1052 831 1118 ³,
858 1053 1052 1121 partim
1077 1068 1176 1107 nec
1200 1060 1309 1106 stat
1331 1068 1427 1108 nec
1470 1053 1722 1108 velociter
1748 1069 1860 1109 mo-

296 1154 469 1208 vetur,
490 1152 548 1196 ut
566 1157 725 1213 aqua,
744 1142 939 1211 partim
960 1142 1234 1207 velociter,
1260 1143 1352 1197 sed
1377 1158 1481 1197 non
1506 1143 1858 1208 velocissime,

297 1244 352 1286 ut
381 1242 464 1286 est
503 1247 615 1286 aer.
671 1231 737 1285 Et
772 1232 906 1286 haec
951 1232 1087 1284 ratio
1116 1232 1309 1285 summi
1346 1232 1644 1302 pbi|050pbi
1695 1232 1717 1263 ⁸
1756 1248 1859 1287 non

296 1332 373 1378 est
401 1323 621 1377 ounduo
645 1321 965 1390 spernenda,
991 1330 1047 1374 ut
1068 1307 1323 1387 aestimo;
1356 1331 1509 1375 acuta
1531 1323 1671 1376 enim
1703 1333 1863 1390 atque

298 1412 550 1466 ιιιιιηιλιιιὶς
578 1427 696 1464 esse
728 1411 956 1464 videtur.
1012 1409 1115 1464 Sed
1146 1413 1397 1479 quoniam
1425 1414 1491 1465 de
1530 1414 1628 1465 bac
1674 1413 1861 1467 eadem

298 1520 453 1557 causa
486 1504 507 1534 '
538 1517 763 1571 magnus
780 1500 1070 1570 Gregorius
1110 1500 1374 1571 Nyssaeus
1406 1502 1696 1572 Episcopus
1742 1501 1867 1557 sub-

302 1591 542 1644 tilissime
599 1590 837 1660 disputat
880 1590 934 1643 in
984 1587 1244 1643 Sermone
1285 1591 1350 1644 de
1400 1592 1648 1662 imagine,
1699 1593 1868 1662 magis

1118 232 1203 285 DE
1249 229 1594 286 LiVlSlOfxE
1643 229 1987 283 N.\Tl'[l.\i§.
2030 259 2094 267 —
2127 229 2328 284 LIBER
2367 229 2640 300 PﬂliiUS.

3436 228 3538 282 £78

2019 335 2107 387 255.
2140 332 2273 388 llic.
2302 334 2419 388 Non
2443 334 2722 395 aliorsum,
2752 330 2853 386 nisi
2875 340 2930 385 ut
2958 347 3251 401 corporum
3278 344 3524 385 natura-n

1950 440 1977 477 a
2003 426 2242 479 lusorum
2266 424 2706 495 uaturadiligeuti
2735 423 3149 477 ratiocinatione
3170 437 3536 492 segregemus.

1953 518 2157 572 "urunt
2197 532 2428 585 namque
2476 514 2726 570 confusio
2756 524 2849 567 aut
2881 513 3136 577 tnaxima,
3168 521 3261 567 aut
3283 515 3398 567 sola
3447 521 3539 567 est

1949 608 2150 658 erroris
2185 620 2344 656 causa
2377 604 2555 656 multis
2584 617 2647 656 ac
2678 617 2847 674 paene
2889 606 3160 668 erunibus,
3189 607 3524 661 aestimanti-

1951 696 2068 753 bus.
2105 695 2245 748 hunc
2270 694 2524 747 mundum
2545 693 2831 756 visibilem,
2855 704 3143 763 partesque
3168 695 3282 763 ejus
3306 697 3525 753 univer-

1952 786 2092 841 sales
2113 794 2271 854 atque
2292 785 2552 854 speciales
2582 785 2695 839 loca
2722 799 2860 839 esse.
2888 785 2943 839 Si
2972 787 3112 840 cnim
3146 796 3290 842 recta
3314 789 3524 845 ratione

1954 889 2133 927 rerum
2164 874 2399 927 omnium
2432 887 2625 943 genera
2649 882 2804 928 acute
2839 890 2903 929 ac
2929 876 3044 931 sine
3071 876 3183 930 ullo
3206 893 3393 935 errore
3413 880 3524 935 dis-

1953 971 2271 1027 cernerent,
2305 962 2450 1016 nullo
2484 963 2642 1017 modo
2680 977 2875 1033 corpus
2907 976 3068 1034 atque
3108 965 3281 1021 locum
3323 967 3376 1022 in
3416 982 3528 1024 uno

1955 1055 2250 1121 eodemque
2278 1067 2475 1122 genere
2508 1051 2906 1107 concluderent.
2938 1052 3105 1109 Nemo
3132 1056 3273 1109 enim
3303 1064 3527 1112 naturas

1957 1158 2138 1197 rerum
2199 1152 2343 1196 recte
2392 1142 2849 1196 considerantium
2900 1151 3062 1212 atque
3110 1145 3527 1201 discernentium

1957 1233 2075 1288 loca
2102 1241 2156 1288 et
2180 1248 2403 1302 corpora
2433 1234 2486 1287 in
2516 1249 2622 1287 uno
2641 1248 2838 1303 genere
2864 1235 3074 1300 miscet,
3105 1238 3198 1291 sed
3228 1237 3530 1293 rationabili

1961 1325 2284 1379 discretione
2344 1332 2609 1394 segregat.
2670 1323 2803 1377 Nam
2862 1340 3089 1394 corpora
3151 1326 3205 1381 in
3263 1332 3535 1400 catcgoria

1963 1419 2278 1489 quantitatis
2303 1418 2658 1473 continentur.
2707 1419 2988 1487 Categoria
3020 1429 3195 1491 autem
3223 1424 3536 1491 quantitatis

1963 1525 1992 1562 a
2034 1509 2303 1579 catcgoria
2357 1508 2456 1563 loci
2515 1509 2670 1576 longe
2720 1508 3033 1563 naturaliter
3080 1509 3260 1569 distat.
3304 1509 3416 1565 Non
3453 1520 3539 1566 est
3620 1576 3633 1584 _

1967 1599 2130 1667 igitur
2158 1611 2351 1667 corpus
2383 1598 2549 1661 locus,
2583 1597 2706 1667 quia
2732 1598 2976 1653 localitas
3009 1613 3113 1653 non
3140 1607 3223 1654 est
3247 1611 3535 1668 quantitas.

301 1681 451 1733 video
480 1679 646 1748 ipsius
677 1679 996 1733 sententiam
1023 1692 1145 1733 esse
1165 1680 1511 1749 sequendam.
1536 1680 1676 1734 Dicit
1704 1683 1869 1745 cuitu,
1904 1682 1945 1741 Β
1971 1684 2268 1754 Siquidem,
2301 1694 2360 1739 ut
2401 1685 2789 1755 praediximus,
2820 1686 2892 1739 nil
2936 1686 3078 1740 aliud
3117 1696 3200 1742 est
3241 1688 3537 1757 quantitas,

302 1767 615 1826 conditorem
647 1770 1008 1825 Universitatis
1024 1772 1161 1824 hunc
1190 1773 1440 1825 mundum
1467 1772 1711 1847 visibilem
1738 1774 1874 1827 inter

302 1863 432 1913 duas
460 1861 558 1913 sibi
588 1860 808 1913 invicem
832 1860 1122 1913 contrarias
1151 1865 1498 1915 extremitates
1526 1861 1868 1924 constituisse,

304 1953 435 2003 inter
465 1952 771 2020 gravitatem
799 1949 916 2002 dico
956 1959 1003 2002 et
1038 1949 1330 2015 levitatem,
1371 1967 1504 2020 quae
1529 1952 1626 2004 sibi
1665 1953 1873 2006 omnino

307 2051 648 2112 opponuntur.
676 2040 839 2111 Atque
858 2040 974 2094 ideo
994 2041 1242 2110 quoniam
1270 2042 1323 2094 in
1359 2043 1610 2110 gravitate
1637 2052 1774 2095 terra
1799 2049 1874 2097 est

310 2133 607 2197 constituta,
658 2146 858 2200 semper
899 2131 1176 2184 immobilis
1218 2125 1409 2186 manet.
1465 2131 1601 2185 Nam
1647 2133 1874 2201 gravitas

308 2223 493 2275 moveri
521 2222 704 2285 nescit,
724 2228 774 2274 et
793 2229 866 2274 est
899 2221 953 2273 in
984 2219 1154 2273 medio
1182 2222 1360 2279 mundi
1386 2224 1687 2286 constitum,
1714 2235 1868 2277 extre-

310 2326 547 2381 mumque
572 2327 633 2362 ac
659 2309 886 2363 medium
909 2309 1097 2363 obtinet
1129 2311 1422 2362 terminmn.
1467 2312 1715 2364 Aetherea
1762 2328 1877 2364 vero

309 2399 473 2467 spatia
491 2407 765 2466 propterea
784 2396 1034 2466 ineffabili
1050 2396 1314 2451 velocitate
1334 2415 1533 2465 semper
1547 2401 1684 2452 circa
1709 2401 1876 2452 media

311 2490 602 2551 volvuntur,
622 2487 864 2549 quoniam
890 2490 943 2541 in
965 2498 1153 2542 natura
1186 2489 1402 2543 leritatis
1430 2492 1706 2544 constituta
1735 2505 1875 2557 sunt,

292 2599 425 2655 quae
449 2593 592 2636 stare
619 2580 853 2649 ignorat,
886 2587 934 2631 et
957 2586 1245 2632 extremum
1278 2582 1459 2633 mundi
1492 2581 1703 2634 visibilis
1736 2581 1872 2633 obti-

294 2686 407 2727 nent
435 2671 616 2739 ﬁnem.
649 2667 766 2722 Duo
790 2683 909 2722 vero
944 2670 997 2721 in
1026 2669 1194 2721 medio
1225 2668 1479 2723 elementa
1509 2676 1793 2724 constituta
1818 2672 1863 2737 ',

293 2781 429 2835 aqua
449 2761 692 2818 videlicet
716 2770 766 2816 et
796 2777 907 2827 aer,
943 2762 1330 2829 proportiouali
1353 2763 1710 2816 moderamine
1734 2765 1870 2817 inter

290 2857 605 2927 gravitatem
653 2861 704 2907 et
755 2852 1019 2907 levitatem
1068 2854 1278 2906 assidue
1333 2862 1625 2916 moventur,
1680 2856 1757 2906 ita
1816 2864 1871 2905 ut

291 2947 590 3014 proximum
624 2945 725 2998 sibi
767 2942 1058 2997 extremum
1104 2947 1382 2996 terminum
1431 2954 1654 3014 utraque
1708 2946 1875 3016 magis

1969 1776 2068 1830 nisi
2110 1776 2367 1845 partium,
2415 1791 2551 1844 quae
2577 1774 2623 1806 "
2663 1791 2754 1830 seu
2784 1775 2895 1829 sola
2928 1776 3153 1841 ratione,
3186 1791 3279 1832 seu
3311 1778 3542 1833 naturali

1967 1865 2265 1921 dili’ercntia
2315 1874 2661 1934 separantur,
2711 1875 2857 1920 certa
2905 1866 3190 1932 dimensio,
3214 1881 3539 1937 eorumque,

1968 1973 2106 2027 quae
2158 1956 2488 2011 naturalibus
2540 1956 2728 2025 spatiis
2779 1958 3160 2021 extenduntur,
3212 1956 3544 2029 longitudine

1970 2049 2110 2112 dico,
2143 2048 2443 2112 latitudine,
2472 2055 2525 2102 et
2552 2048 2852 2113 altitudine,
2885 2048 2953 2102 ad
2974 2057 3152 2103 certos
3175 2050 3432 2105 terminos
3453 2065 3542 2103 ra-

1973 2138 2243 2191 tionabilis
2278 2138 2600 2207 progressio.
2647 2136 2820 2192 Locus
2856 2151 2984 2191 vero
3028 2136 3101 2191 nil
3146 2136 3287 2190 aliud
3323 2146 3405 2193 est
3440 2139 3543 2191 nisi

1977 2243 2174 2289 t-crtnu,
2205 2241 2343 2294 quae
2370 2234 2517 2281 certo
2558 2224 2663 2279 line
2707 2226 3082 2289 terminantur,
3114 2225 3345 2280 ambitus
3382 2233 3545 2295 atque

1974 2315 2267 2367 conclusio.
2316 2313 2371 2367 Si
2407 2329 2535 2382 ergo
2582 2313 2809 2366 mundus
2836 2314 2937 2365 iste
2961 2311 3187 2365 visibilis
3221 2327 3416 2381 corpus
3442 2324 3543 2375 est,

1974 2403 2213 2469 sentitur
2246 2401 2576 2467 necessario,
2615 2409 2674 2453 ut
2711 2408 2766 2454 et
2800 2409 2977 2470 partes
3021 2398 3137 2468 ejus
3166 2416 3388 2471 corpora
3416 2403 3544 2456 sint.

1976 2495 2034 2544 At
2071 2492 2111 2540 si
2133 2504 2353 2557 corpora
2385 2498 2531 2552 sunt,
2560 2489 2895 2558 quantitatis,
2925 2504 3028 2542 non
3058 2490 3340 2545 localitatis
3361 2493 3543 2558 generi

1977 2579 2339 2649 subiugantur
2365 2579 2428 2634 η.
2464 2579 2602 2634 Sunt
2642 2591 2820 2636 autem
2850 2596 3100 2652 corpora.
3141 2579 3282 2636 Loca
3312 2581 3479 2652 igltur
3512 2582 3556 2613 "

1977 2684 2084 2723 non
2115 2679 2266 2724 sunt.
2313 2669 2543 2724 Videsne
2591 2673 2794 2740 itaque,
2830 2671 3104 2740 quomodo
3156 2671 3432 2740 pra'dictis
3472 2689 3558 2724 rn-

1979 2759 2223 2814 tionibus
2245 2759 2553 2814 conl‘ectum
2580 2768 2687 2824 est,
2718 2759 2864 2813 hunc
2886 2761 3144 2813 mundum
3164 2776 3288 2814 cum
3311 2762 3559 2830 partibus

1979 2849 2094 2903 suis
2142 2865 2250 2903 non
2282 2865 2404 2905 esse
2450 2851 2648 2913 locum,
2682 2850 2776 2905 sed
2828 2851 2950 2905 loco
2978 2851 3272 2917 contineri,
3306 2853 3411 2907 hoc
3448 2864 3557 2915 est,

1982 2950 2137 2994 certo
2187 2941 2231 2972 ⁸⁸
2259 2940 2597 2995 deﬁnitionis
2626 2955 2757 3015 suae
2788 2941 3038 2995 ambitu?
3069 2941 3229 2996 Aliud
3258 2952 3344 2998 est
3388 2944 3557 3007 enim,

296 3045 604 3104 sequantur,
653 3050 813 3102 quam
857 3033 920 3086 ab
952 3049 978 3087 e
1000 3050 1024 3086 s
1052 3035 1202 3107 long»
1233 3047 1491 3088 mnuum:
1545 3036 1695 3104 Aqua
1722 3052 1874 3090 nam-
1905 3046 1948 3103 ς
1983 3031 2126 3101 quod
2150 3032 2421 3096 continet,
2446 3042 2501 3086 ct
2519 3032 2688 3099 aliud,
2712 3035 2857 3102 quod
2884 3035 3224 3089 continetur.
3248 3034 3489 3103 Corpora
3514 3034 3558 3065 "

296 3145 393 3196 que
415 3128 621 3178 tardius
658 3135 888 3179 movetur
908 3141 1049 3189 aere,
1070 3128 1307 3191 quoniam
1330 3117 1583 3196 gravitati
1611 3129 1628 3159 ⁷
1667 3127 1872 3181 telluris

296 3221 585 3281 adhaeret;
610 3233 704 3270 aer
726 3233 842 3271 vero
869 3217 1092 3270 velocius
1121 3234 1259 3286 aqua
1279 3218 1596 3283 concitatur,
1624 3220 1870 3290 quoniam

307 3312 574 3364 aethereae
599 3308 795 3361 levitati
821 3307 1175 3376 conjungitur.
1224 3304 1326 3361 Sed
1355 3324 1585 3377 quamvis
1608 3312 1875 3363 videantur

306 3411 567 3455 extremae
586 3397 769 3452 mundi
785 3406 956 3466 partes
978 3413 1009 3450 a
1030 3413 1085 3450 se
1105 3396 1322 3450 invicem
1343 3398 1635 3466 discrepare
1671 3409 1876 3466 prapter

304 3492 534 3544 diversas
566 3504 748 3542 earum
775 3488 1074 3557 qualitates,
1109 3502 1210 3539 non
1234 3496 1404 3541 tamen
1429 3502 1520 3554 per
1547 3488 1719 3540 omnia
1757 3504 1787 3539 a
1821 3503 1874 3539 se

306 3581 523 3633 invicem
574 3578 907 3631 dissentiunt.
958 3576 1098 3629 Nam
1141 3576 1375 3629 aetlterea
1422 3576 1589 3645 spatia
1640 3578 1875 3645 quamvis

303 3685 507 3739 semper
545 3666 815 3722 celerrima
867 3665 1134 3720 velocitate
1170 3665 1456 3729 volvantur,
1486 3666 1671 3719 chorus
1707 3676 1875 3719 tamen

304 3770 570 3811 astrorum
593 3772 743 3810 suam
766 3754 1138 3808 immutabilem
1159 3756 1392 3807 observat
1421 3754 1612 3816 sedem,
1654 3756 1726 3806 ita
1774 3765 1826 3806 ut
1853 3754 1876 3784 ⁸

305 3858 352 3901 et
376 3863 493 3900 cum
521 3845 726 3898 aethere
753 3843 1006 3905 volvatur,
1034 3852 1081 3896 et
1108 3841 1398 3895 naturalem
1429 3841 1598 3894 locant
1637 3842 1704 3895 ad
1735 3842 1878 3894 sinti-

304 3937 579 3989 litudinem
602 3945 835 3988 terrenae
858 3932 1160 3986 stabilitatis
1189 3947 1291 3984 non
1316 3932 1540 3985 deserat.
1569 3930 1727 3984 Terra
1758 3948 1877 3985 vero

302 4042 331 4077 ε
360 4025 626 4078 contrario
656 4039 771 4076 cum
798 4021 1125 4076 aeternaliter
1143 4021 1197 4073 in
1218 4030 1355 4074 statu
1376 4020 1466 4083 sit,
1488 4021 1660 4073 omnia
1683 4030 1875 4085 tamen,

298 4133 439 4186 quae
465 4131 531 4169 ea:
560 4132 621 4169 ea
642 4116 907 4178 oriuntur,
937 4111 1006 4165 ad
1043 4110 1436 4165 similitudinem
1465 4110 1686 4165 levitatis
1711 4112 1881 4163 aethe-

302 4224 428 4262 reae
448 4224 645 4276 semper
665 4208 722 4259 in
745 4214 887 4257 motu
908 4211 1051 4268 sunt,
1077 4202 1336 4256 nascendo
1362 4218 1454 4270 per
1472 4202 1875 4272 generationem,

299 4300 582 4351 crescendo
620 4298 675 4349 in
713 4310 983 4348 numerum
1035 4293 1057 4323 ’
1094 4294 1326 4347 Locorum
1355 4307 1416 4343 ac
1443 4300 1746 4360 temporum,
1787 4292 1880 4344 ite-

1980 3123 2336 3177 eoutiucntur
2364 3122 2498 3177 locis
2525 3124 2658 3177 suis.
2691 3123 2851 3178 Aliud
2887 3124 3053 3193 igitur
3073 3134 3158 3179 est
3183 3125 3221 3155 "
3246 3140 3469 3195 corpus,
3502 3137 3562 3180 ει

1979 3214 2126 3269 aliud
2154 3213 2328 3280 locus,
2359 3215 2502 3269 sicut
2532 3214 2676 3269 aliud
2706 3225 2783 3270 est
2811 3216 3089 3285 quantitas
3114 3218 3373 3287 partium,
3409 3217 3558 3273 aliud

1974 3308 2216 3362 deﬁnitio
2257 3323 2465 3362 earum.
2518 3305 2634 3363 Non
2666 3306 2825 3378 igitur
2863 3314 3113 3377 quattuor
3140 3318 3236 3361 ista
3267 3309 3550 3364 notissima

1973 3399 2236 3453 elementa
2266 3397 2378 3453 loca
2404 3408 2546 3460 sunt,
2564 3396 2656 3453 sed
2680 3397 2732 3451 in
2755 3397 2874 3451 loco
2897 3396 3327 3466 circumscripta,
3350 3398 3479 3467 quia
3509 3398 3550 3429 "

1975 3482 2099 3543 sunt
2142 3488 2463 3557 principales
2492 3495 2694 3557 Partes,
2727 3486 2921 3554 quibus
2955 3485 3331 3540 universalitas
3373 3489 3546 3541 sensi-

1976 3576 2098 3630 bilis
2121 3576 2165 3606 ²⁰
2195 3575 2378 3629 mundi
2402 3574 2714 3643 completur.
2749 3576 2894 3629 Dtsc.
2930 3574 3093 3641 llaec,
3116 3590 3253 3643 quae
3275 3590 3304 3629 a
3332 3583 3383 3630 te
3408 3575 3553 3630 dica

1975 3675 2103 3721 sunt
2135 3668 2202 3720 de
2224 3666 2522 3719 dill'erentia
2560 3666 2798 3720 locorum
2830 3674 2883 3721 et
2911 3681 3216 3735 corporum,
3244 3665 3552 3723 verisimilia

1976 3770 2096 3810 esse
2139 3756 2404 3810 videntur.
2450 3755 2554 3810 Sed
2605 3755 2853 3811 subtilius
2894 3756 3079 3810 callem
3130 3756 3288 3811 velim
3319 3768 3548 3826 repetas.

1977 3846 2093 3901 Non
2116 3848 2257 3901 enim
2290 3848 2469 3904 video.
2503 3862 2669 3917 quare
2687 3847 2917 3901 mundus
2940 3846 3040 3900 iste
3070 3846 3216 3902 locus
3247 3862 3351 3900 non
3392 3848 3462 3901 sit
3483 3847 3548 3908 ²¹,

1978 3953 2101 3991 cum
2136 3938 2302 3992 multa
2335 3940 2387 3992 in
2414 3953 2479 3993 eo
2504 3936 2766 3992 locentur.
2804 3936 2944 3991 Mtte.
2974 3934 3087 3990 Non
3119 3945 3167 3990 te
3197 3935 3346 3999 latet,
3375 3943 3433 3988 ut
3460 3950 3548 3988 ar—

1981 4032 2169 4097 bitror,
2224 4031 2423 4085 nullam
2476 4031 2873 4102 praedictarum
2946 4027 3360 4097 categoriarum,
3417 4040 3552 4094 qiuts

1978 4124 2162 4178 decem
2183 4139 2300 4179 esse
2321 4122 2637 4178 Aristoteles
2659 4120 2921 4184 deﬁnivit,
2949 4120 3070 4173 dum
3104 4132 3198 4189 per
3235 4116 3549 4184 seipsam",

1981 4215 2083 4268 boc
2106 4223 2205 4278 est,
2234 4215 2283 4267 iu
2307 4229 2400 4267 sua
2424 4222 2613 4266 natura
2643 4211 2870 4265 rationis
2894 4207 3134 4264 contuitu
3157 4206 3549 4267 consideratur,

1980 4305 2227 4359 sensibus
2250 4304 2521 4372 corporeis
2551 4302 2927 4358 succumbere.
2958 4297 3092 4351 Nam
3120 4299 3265 4352 οὐσία
3308 4297 3552 4364 incorpo-

300 4404 527 4456 mmque
550 4385 914 4447 decrescendo,
957 4394 1003 4437 et
1033 4386 1100 4437 ad
1139 4382 1450 4437 solutionem
1490 4381 1690 4451 formae
1728 4392 1879 4452 atque
1908 4381 1956 4439 D
1984 4393 2112 4447 ralis
2143 4401 2246 4457 est,
2278 4392 2513 4458 nullique
2559 4403 2820 4457 corporeo
2855 4385 3036 4442 sensui
3087 4384 3358 4453 subiacet;
3407 4384 3551 4437 circa

295 4478 560 4532 materiae
577 4475 937 4548 perveniendo.

364 4578 467 4633 32.
501 4578 642 4632 DISC.
684 4576 892 4631 Videris
917 4576 1046 4631 mihi
1090 4575 1247 4645 paulo
1276 4572 1488 4645 longius
1532 4588 1560 4627 a
1595 4573 1871 4643 principali

291 4666 623 4735 quaestione
649 4664 715 4719 ad
758 4664 1077 4720 incidentem
1104 4664 1147 4695 ¹⁰
1177 4662 1459 4717 transitum
1488 4660 1698 4716 fecisse.
1742 4661 1872 4715 Nam

290 4768 423 4807 cum
448 4753 523 4807 de
547 4754 667 4807 loco
684 4752 966 4821 disputare
986 4755 1150 4809 nostri
1175 4754 1437 4823 propositi
1462 4752 1488 4808 ι’
1488 4762 1641 4809 uerat
1667 4753 1731 4818 “,
1757 4753 1876 4808 loco

292 4849 528 4909 relicta,
558 4844 622 4897 all
673 4843 861 4899 mundi
909 4853 1197 4899 tractatum
1227 4844 1486 4907 transisti,
1531 4852 1584 4898 et
1611 4859 1873 4913 quorsum

294 4937 445 4987 haec
476 4938 705 4985 tendant
733 4934 775 4964 "
800 4975 815 4995 ,
848 4931 1027 4987 adhuc
1051 4933 1259 5003 ignoro.

1981 4496 2162 4551 quam,
2193 4491 2284 4533 aut
2313 4480 2366 4532 in
2392 4494 2495 4547 qua
2520 4478 2566 4509 ²³
2594 4477 2730 4530 aliae
2765 4490 2955 4530 novem
2993 4472 3295 4543 categorias
3331 4486 3553 4525 versan-

1983 4582 2087 4625 tur.
2111 4572 2180 4625 At
2204 4572 2247 4625 si
2275 4571 2359 4624 illa
2385 4571 2663 4637 incorpora
2684 4575 2767 4621 est
2787 4565 2853 4629 "‘,
2877 4580 3003 4618 nutu
3026 4564 3073 4596 ”
3092 4563 3183 4617 tibi
3213 4562 3372 4615 aliter
3415 4563 3552 4614 vide-

1982 4671 2088 4727 tur,
2132 4663 2234 4717 nisi
2283 4672 2340 4716 ut
2367 4661 2568 4723 omnia,
2616 4674 2754 4728 quae
2774 4665 2874 4711 aut
2916 4657 2965 4710 ei
3013 4656 3325 4717 adhaerent,
3374 4662 3465 4707 aut
3499 4669 3552 4705 tu

1981 4769 2044 4809 ea
2066 4753 2383 4817 subsistunt,
2404 4761 2458 4806 et
2484 4751 2601 4806 sine
2627 4764 2690 4805 ea
2717 4763 2836 4805 esse
2853 4762 2956 4802 nou
2980 4755 3220 4816 possunt,
3238 4745 3550 4813 incorporea

1981 4841 2136 4895 Sitti?

2034 4933 2126 4989 54.
2148 4930 2349 4986 Omnes
2366 4930 2529 5001 igitur
2546 4931 2591 4962 "
2606 4931 2912 5000 categoriae
2935 4930 3009 4984 int
3026 4932 3301 5000 orpnmles
3318 4940 3443 4984 sunt
3458 4943 3554 4997 pc?

1591 5092 1849 5148 VARIAE
1890 5090 2293 5147 LECTIONES.

368 5246 389 5276 ⁸
417 5243 525 5297 Sic
553 5243 724 5310 CDE;
758 5261 961 5309 sentrer
988 5262 1098 5302 om.
1133 5247 1204 5302 Α.
1269 5250 1289 5280 ³
1320 5257 1552 5300 movetur
1577 5264 1687 5300 om.
1730 5246 1838 5300 CE.
1879 5247 1900 5279 ⁸
1923 5246 2011 5299 Cl".
2042 5258 2101 5300 ut
2153 5256 2229 5300 est
2262 5245 2559 5299 aetltereum
2593 5247 2843 5310 spatium.
2912 5247 2934 5278 ⁸
2965 5248 3008 5300 D
3032 5246 3225 5300 summi
3253 5244 3407 5310 ratio”
3436 5244 3550 5303 {xii-

293 5314 544 5381 trsoplri.
581 5315 600 5346 ⁵
630 5318 674 5367 Δ
695 5309 761 5370 de
784 5316 967 5369 eadem
1008 5334 1170 5371 causa
1192 5317 1310 5370 hac.
1357 5317 1377 5347 ‘
1410 5317 1501 5371 Sic
1524 5316 1658 5373 CDE
1685 5335 1698 5381 ;
1743 5321 1779 5368 Λ
1811 5318 2110 5369 constituta
2145 5326 2285 5369 sunt.
2326 5317 2345 5347 ⁷
2384 5317 2423 5368 t‘.
2456 5316 2739 5383 gravitate.
2775 5315 2872 5368 “ut
2905 5331 3013 5368 om.
3044 5317 3106 5367 Ο.
3133 5312 3269 5383 ’_Sie
3301 5309 3432 5361 (1M2
3459 5329 3472 5367 ;
3506 5315 3546 5363 Α

292 5399 557 5437 nurnero.
597 5385 637 5416 ¹⁰
664 5387 705 5437 Α
736 5387 1077 5440 incedentem.
1113 5389 1152 5419 ³⁸
1192 5386 1282 5439 Sic
1311 5385 1482 5447 CDE;
1522 5391 1559 5439 Α
1595 5389 1773 5454 fuerit.
1827 5390 1870 5417 ¹²
1901 5388 1992 5436 Sic.
2021 5388 2196 5447 (10E;
2232 5389 2273 5438 Α
2311 5389 2550 5440 tendunt.
2592 5386 2633 5417 “
2670 5386 2715 5439 Δ

1842 5455 1882 5485 ³⁷
1908 5455 1998 5508 Sic
2025 5457 2195 5515 CDEC;
2232 5456 2274 5509 Α
2305 5471 2506 5521 corpus
2536 5450 2765 5509 ιιιιιεηι.⁷
2800 5455 2841 5486 ⁸⁸
2863 5456 2904 5507 Α
2938 5452 3093 5505 Aliud
3132 5460 3206 5503 est
3239 5466 3381 5517 ergo.
3434 5450 3474 5481 ¹⁹
3512 5453 3551 5503 Α

1905 5527 1948 5556 ⁸³
1985 5528 2075 5578 διε
2106 5527 2276 5593 ADE;
2321 5528 2359 5580 (1
2390 5543 2492 5581 non
2519 5530 2588 5580 sit
2612 5526 2777 5579 locus.

1770 5598 1817 5628 ⁸⁸
1845 5599 1883 5648 Α
1925 5612 2070 5667 ergo.

290 5464 541 5523 guntur;
580 5454 1042 5525 Dsubiungantar.
1112 5457 1153 5487 ’θ
1188 5454 1231 5507 A
1262 5472 1401 5525 ergo.
1476 5457 1520 5489 ¹⁶
1542 5458 1581 5509 C
1613 5472 1766 5509 certe.

291 5540 458 5594 quae.
569 5524 623 5594 ’⁸.
644 5525 735 5578 Sic
763 5526 892 5594 _At.‘;
928 5527 966 5578 ι)
992 5526 1209 5579 visibilis
1237 5544 1248 5582 ;
1280 5527 1541 5581 sensibilis
1580 5546 1614 5576 η
1637 5546 1687 5579 n.
1729 5529 1782 5579 l'l.

290 5591 399 5661 qua
430 5608 561 5646 om.
605 5591 664 5649 D.
736 5592 782 5626 ”
819 5595 863 5647 Δ
895 5605 969 5649 est
1005 5598 1333 5665 incorporea.
1424 5597 1468 5629 ³⁵
1503 5601 1544 5652 Α
1572 5613 1695 5650 non.

2744 5402 2868 5454 qua.
2914 5386 2958 5415 ”
2991 5384 3092 5454 Sic.»
3120 5380 3236 5437 CE:
3273 5385 3309 5431 Α
3336 5383 3550 5454 subiun-

2858 5522 2962 5575 “D
2994 5535 3088 5588 per
3120 5523 3309 5588 ipsum.
3417 5520 3462 5551 “
3491 5521 3546 5573 in
