3904 6148
329 231 435 286 479

1724 226 1755 277 1
1785 226 2011 279 ..Ἇῗκλίξό
2061 226 2250 280 51011

3461 225 3570 278 130

324 347 732 406 seintellectae.
759 344 956 398 Earum
1005 353 1181 397 tamen
1230 342 1493 409 quaedam
1536 342 1677 394 inter
1703 357 1758 392 se
1787 340 1887 391 mi-
1920 345 1959 400 Λ
1992 340 2372 407 intelligi‘iiia,
2408 340 2516 392 mis
2548 340 2780 408 propriis
2816 339 2975 404 locis,
3010 339 3061 393 id
3094 350 3197 403 est,
3218 340 3572 395 naturalibus

331 440 486 495 rabili
529 438 758 507 quodam
793 436 961 497 coitu,
1015 444 1071 487 ut
1108 435 1182 486 ait
1233 432 1550 501 Gregorius,
1606 415 1886 484 tratericm

337 530 597 593 visibilem
636 534 956 597 coniiciunt;
986 530 1249 600 quaedam
1292 543 1418 581 vero
1468 528 1517 579 in
1564 525 1705 578 nullo
1739 540 1899 592 appa-

335 638 478 692 rent,
528 640 841 693 semperque
867 621 1229 691 incorporales
1271 619 1423 673 fiunt.
1476 618 1607 671 Nam
1641 620 1811 680 οὐσία,
1850 625 1905 668 et

338 718 542 781 relatio,
574 717 738 777 locus,
777 723 1006 781 tempus,
1034 724 1215 779 agere,
1256 710 1388 778 pati,
1429 708 1572 761 nullo
1595 723 1751 760 sensu
1782 722 1902 760 cor-

333 820 497 873 poreo
532 804 887 872 attinguntur.
925 800 1207 865 Quantitas
1241 815 1385 861 vero,
1419 797 1787 865 qualitasqnc,
1832 797 1899 848 si—

335 905 453 956 tus,
483 901 537 945 et
580 891 811 953 habitus,
842 889 968 943 dum
1018 890 1154 940 inter
1190 903 1247 940 se
1295 895 1549 939 coeuntes
1593 884 1894 949 materiem,

334 993 391 1036 ut
427 980 789 1052 praediximus
838 980 881 1043 ¹,
932 977 1197 1046 iungunt,
1252 990 1510 1043 corporeo
1564 990 1721 1028 sensu
1774 989 1896 1043 per-

330 1072 434 1139 cipi
472 1071 667 1124 solent.
722 1069 778 1123 Si
814 1068 975 1136 igitur
1015 1068 1035 1096 ¹
1078 1066 1226 1120 locus
1262 1066 1403 1119 inter
1446 1079 1529 1128 ea,
1581 1079 1717 1132 quae
1753 1063 1897 1116 nullo

330 1161 487 1214 modo
511 1160 786 1227 corporeis
827 1156 1073 1210 sensibus
1116 1156 1487 1215 succumbunt,
1541 1168 1897 1207 connumera-

330 1262 445 1315 tur;
486 1265 716 1318 corpora
761 1263 905 1311 vero,
956 1248 1000 1300 si
1040 1246 1287 1300 sensibus
1317 1262 1422 1297 non
1462 1244 1893 1312 pet'cipinttlttt",

327 1356 550 1408 corpora
580 1356 683 1392 non
715 1348 879 1391 sunt:
905 1353 1082 1390 nonne
1113 1336 1288 1398 datur,
1333 1336 1472 1401 quod
1502 1335 1649 1388 locus
1690 1350 1793 1387 non
1826 1334 1897 1386 sit

325 1428 559 1498 corpus?
583 1427 818 1496 Corpora
849 1441 991 1480 nunc
1011 1425 1032 1456 ⁸
1057 1423 1193 1486 dico,
1223 1439 1360 1492 quae
1383 1437 1450 1476 ex
1476 1424 1618 1477 coitu
1645 1430 1896 1489 quattuor

329 1520 509 1571 mundi
566 1518 948 1572 elementorum
1005 1516 1380 1572 conﬁciuntur.
1440 1513 1577 1568 Nam
1644 1522 1895 1584 quattuor

328 1610 506 1660 mundi
536 1609 819 1671 elementa,
852 1608 977 1662 dum
1025 1621 1254 1675 corpora
1292 1606 1399 1660 sint
1438 1619 1537 1674 per
1564 1620 1621 1658 se
1652 1605 1764 1673 ipsa
1787 1605 1895 1658 dis-

1986 432 2401 486 detinitionibus
2432 431 2701 485 contineri
2739 447 2865 485 vera
2899 433 3036 487 ratio
3071 433 3288 488 edocet.

2072 521 2159 574 56.
2201 520 2336 573 υιεο.
2365 518 2467 572 Nec
2496 519 2619 571 huic
2646 518 2972 571 conclusioni
3007 517 3218 580 resisto,
3268 518 3393 570 dum
3447 532 3571 572 eam

2003 628 2183 665 veram
2212 628 2329 664 esse
2358 610 2528 663 video.
2559 608 2663 663 Sed
2696 608 2843 661 valde
2874 609 3056 671 miror,
3087 624 3184 659 cur
3226 608 3277 660 in
3324 623 3571 662 commu-

2002 717 2121 755 nem
2148 718 2298 754 usum
2346 701 2610 753 lnnnanac
2636 700 2776 752 vitae
2811 698 3072 767 pervenit,
3125 706 3185 751 ut
3230 699 3410 751 omnia
3441 700 3574 753 haec

2001 793 2385 859 Corpora,'sive
2400 789 2673 854 caelestia,
2706 792 2818 843 sive
2840 789 3008 851 aeria,
3033 788 3146 842 sive
3169 790 3439 857 aquatica,
3458 789 3578 844 sive

2003 889 2232 941 terrena,
2264 881 2527 933 minortun
2582 878 2721 931 intra
2773 891 2830 931 se
2879 892 3164 946 corpormn
3198 877 3309 930 loca
3336 891 3465 931 esse
3489 878 3575 931 di—

2000 986 2125 1024 cere
2147 980 2500 1034 consuescat;
2529 966 2976 1037 quemadmodum
3005 966 3076 1019 nil
3099 965 3238 1019 aliud
3267 980 3390 1019 esse
3410 966 3577 1020 aesti-

2002 1068 2111 1110 mat
2139 1060 2319 1112 οὐσίαν
2342 1066 2555 1126 praeter
2597 1055 2697 1108 hoc
2722 1070 2917 1123 corpus
2944 1054 3152 1108 visibile
3190 1062 3352 1122 atque
3399 1054 3578 1124 tangi-

1998 1147 2121 1201 bile.
2157 1147 2386 1214 Ideoque
2426 1144 2620 1199 obnixe
2659 1143 2855 1213 ﬂagito,
2890 1159 2957 1197 ne
3006 1143 3089 1197 sit.
3123 1142 3219 1195 tibi
3268 1157 3576 1203 morosum,

2000 1236 2198 1288 diutius
2223 1236 2287 1287 de
2322 1234 2421 1287 bac
2452 1233 2717 1301 praesenti
2748 1230 3053 1285 difﬁcultate
3090 1230 3390 1298 disputare.-
3424 1230 3574 1285 MAG.

1999 1325 2134 1389 Quid
2161 1325 2321 1394 igitur
2350 1323 2426 1376 "‘2
2457 1322 2657 1391 Nempe
2677 1321 2991 1389 jamdudum
3018 1322 3158 1375 inter
3199 1336 3296 1375 nos
3322 1330 3407 1377 est
3441 1336 3578 1377 cou-

1998 1411 2218 1475 fectum,
2251 1411 2453 1474 omnia,
2482 1425 2619 1479 quae
2668 1408 2754 1463 vel
2803 1424 2963 1463 sensu
3016 1424 3306 1477 corporeo,
3356 1410 3443 1464 vel
3488 1426 3577 1464 ra-

2000 1503 2165 1567 tione,
2181 1503 2260 1557 vel
2284 1502 2550 1556 intellectu
2581 1517 2879 1570 cognoscas:
2890 1511 2991 1565 tur,
3008 1502 3071 1556 de
3085 1502 3195 1555 Deo
3214 1503 3408 1556 merito
3422 1517 3577 1558 crea-

2001 1602 2117 1646 tore
2159 1592 2398 1645 omnium
2434 1591 2476 1622 "
2500 1607 2658 1660 posse
2697 1592 3014 1659 praedicari,
3047 1592 3170 1644 dum
3196 1591 3328 1644 nihil
3353 1605 3570 1653 eorum,

326 1709 493 1760 creta,
527 1698 778 1775 ineffabili
811 1714 906 1754 sua
960 1698 1193 1752 naturali
1230 1696 1521 1752 subtilitate
1550 1707 1709 1765 atque
1750 1695 1892 1765 puri-

2001 1696 2139 1750 quae
2167 1682 2232 1736 de
2265 1696 2322 1735 se
2352 1681 2709 1750 predicantur,
2742 1696 2875 1750 pura
2919 1680 3160 1734 veritatis
3188 1681 3573 1751 contemplatio

327 1798 687 1842 tate-omnem
714 1804 930 1843 sensum
976 1787 1254 1842 mortalem
1295 1796 1568 1857 superant.
1613 1786 1767 1838 Aliud
1812 1793 1896 1839 est

240 1870 247 1879 ’
327 1881 490 1951 igitur
521 1880 542 1912 ¹
572 1882 740 1943 locus,
768 1888 823 1933 et
865 1880 1005 1933 aliud
1045 1892 1262 1947 corpus.
1311 1879 1390 1930 An
1425 1877 1519 1930 tibi
1569 1876 1724 1930 aliter
1756 1874 1895 1928 vide-

327 1970 446 2023 tur?
475 1970 616 2024 Disc.
653 1970 804 2023 Nullo
837 1970 1011 2022 modo.
1043 1968 1110 2021 Et
1141 1968 1273 2020 haec
1304 1974 1570 2035 postrema
1615 1963 1894 2017 ratiocina-

325 2060 486 2113 ti0nis
514 2069 728 2113 nostrae
753 2059 1027 2113 conclusio
1054 2071 1389 2125 nequaquam
1417 2055 1545 2108 sinit
1575 2054 1888 2117 concedere,

322 2151 497 2205 locum
523 2159 575 2202 et
602 2164 796 2217 corpus
822 2150 983 2202 unius
1011 2147 1221 2217 generis
1248 2162 1386 2199 esse.
1421 2143 1525 2198 Sed
1556 2145 1696 2213 quod
1727 2143 1892 2197 inter-

326 2243 554 2311 positum
585 2256 614 2293 a
647 2250 699 2295 te
721 2241 892 2301 video,
920 2240 991 2293 nil
1022 2238 1161 2292 aliud
1184 2252 1301 2292 esse
1328 2237 1601 2290 materiem
1625 2235 1890 2289 visibilem

324 2330 524 2382 formae
570 2328 869 2395 adjunctam
898 2326 1244 2395 —tliri(-iliiitl
1295 2325 1437 2378 enim
1487 2331 1746 2393 apparet,
1797 2338 1893 2392 per

313 2418 542 2473 formam
568 2416 964 2485 apnaretunisi
996 2414 1356 2468 accidentium
1382 2411 1739 2478 quorumdam
1762 2425 1891 2465 σου·

315 2525 560 2574 cursum,
584 2523 689 2561 non
728 2522 949 2577 pazvum
984 2507 1003 2535 ⁸
1031 2526 1111 2559 me
1142 2520 1292 2557 u.ove
1325 2543 1336 2555 .
1376 2504 1506 2555 .“tti.
1536 2503 1650 2555 Non
1688 2512 1741 2557 te
1772 2516 1887 2554 mo~

318 2611 457 2657 veat.
492 2601 647 2661 Nam,
675 2611 734 2651 ut
766 2597 898 2659 dixi,
926 2610 1153 2665 magnus
1184 2595 1480 2662 Gregorius
1524 2595 1793 2663 Nyssaeus
1831 2593 1885 2647 in

317 2693 579 2745 Sermone
600 2691 666 2742 de
691 2688 927 2757 imagine
951 2686 1115 2739 certis
1148 2687 1451 2737 rationibus
1484 2685 1556 2736 ita
1608 2699 1727 2737 esse.
1759 2702 1885 2744 sua-

315 2784 426 2844 det,
452 2780 528 2835 nil
549 2782 696 2834 aliud
731 2781 921 2832 dicens
941 2780 1217 2830 materiam
1248 2792 1375 2838 esse,
1402 2777 1504 2828 nisi
1538 2777 1883 2829 arridrniinm

316 2873 583 2938 qumdnm
616 2867 1063 2933 compositionem,
1112 2879 1174 2915 ex
1217 2863 1423 2918 inrisibi
1449 2864 1563 2915 ibus
1610 2865 1784 2915 comis
1817 2866 1884 2915 ad

1999 1788 2120 1825 eum
2153 1774 2413 1841 approbat
2454 1772 2497 1804 ¹⁵
2531 1787 2667 1826 esse.
2701 1774 2841 1826 Disc.
2870 1772 2925 1825 Id
2969 1772 3139 1841 ipsum
3188 1774 3572 1829 inconcussum

1998 1880 2141 1929 esse,
2170 1866 2391 1935 luceque
2420 1866 2615 1919 clarius
2645 1866 2775 1919 ratio
2805 1866 3007 1920 edocet.

2067 1958 2153 2011 37.
2197 1942 2333 2013 and.
2366 1956 2421 2010 Si
2452 1974 2579 2026 ergo
2606 1958 2670 2010 de
2720 1957 2828 2010 Deo
2865 1958 3063 2018 omnia,
3096 1971 3231 2023 qziae
3259 1965 3403 2020 sunt,
3457 1970 3571 2013 non

1997 2050 2209 2118 quidem
2234 2050 2469 2118 proprie,
2490 2049 2582 2102 sed
2610 2049 2764 2102 modo
2780 2049 3007 2116 quodam
3032 2038 3415 2110 translationis,
3431 2068 3572 2121 quo-

1999 2140 2139 2191 niam
2168 2140 2233 2192 ab
2254 2141 2367 2206 ipso
2382 2146 2525 2201 sunt,
2554 2138 2652 2192 rite
2675 2139 3051 2207 praedicantur
3081 2157 3093 2191 :
3122 2140 3247 2207 quid
3276 2140 3498 2203 mirum,
3524 2143 3569 2195 si

1998 2235 2185 2279 cuncta
2205 2267 2218 2288 ,
2244 2243 2381 2295 quae
2402 2228 2451 2279 in
2473 2228 2586 2279 loco
2610 2236 2754 2290 sunt,
2777 2228 2901 2279 dum
2929 2226 3216 2294 majoribus
3248 2246 3305 2282 se
3327 2231 3570 2299 undique

1998 2317 2587 2369 \i.!cattturcircumitu:
2614 2318 2643 2369 fi
2666 2358 2679 2381 ,
2698 2318 2810 2370 loca
2829 2317 2870 2346 “
2886 2322 3087 2385 possint
3106 2320 3365 2371 nominari
3392 2360 3406 2383 ,
3440 2336 3568 2375 cum
3640 2336 3649 2342 ·

1998 2402 2198 2452 nudum
2232 2402 2447 2455 illorum
2487 2406 2705 2472 proprie
2727 2403 2880 2456 locus
2902 2403 2995 2465 sit,
3017 2404 3111 2456 sed
3146 2404 3265 2457 loco
3286 2419 3418 2457 suae
3441 2419 3573 2471 pro-

1998 2493 2146 2559 priae
2166 2493 2207 2523 "
2228 2499 2449 2544 naturae
2472 2494 2786 2545 continetur
2805 2490 2869 2554 ",
2887 2505 3123 2559 cumque
3142 2492 3442 2553 videamus,
3473 2509 3576 2561 per

1998 2582 2399 2651 metonymiam,
2423 2581 2471 2634 id
2490 2590 2573 2635 est
2594 2581 3197 2643 transnominationem,
3218 2582 3284 2633 ab
3306 2581 3572 2649 bis,qnae

1996 2672 2304 2735 continent,
2321 2674 2591 2726 nominari
2609 2687 2694 2738 ea,
2719 2688 2854 2741 quae
2867 2672 3237 2735 continentur,
3256 2684 3570 2726 nontamen

1994 2760 2065 2812 ita
2085 2764 2432 2816 continentur
2449 2764 2516 2816 ab
2539 2763 2641 2827 eis,
2675 2776 2728 2816 ut
2752 2765 2869 2817 sine
2891 2766 2970 2817 eis
2994 2765 3133 2816 intra
3149 2764 3573 2818 naturalessuos

1992 2855 2255 2907 terminos
2271 2838 2570 2931 subsistere
2597 2870 2701 2908 nun
2721 2856 2948 2922 possint.
2976 2855 3113 2909 Usus
3129 2855 3397 2922 siquidem
3421 2870 3577 2908 mor-

316 2958 567 3012 vi.~t'bilem
612 2958 877 3007 materiem
922 2954 1299 3021 procedentem.
1347 2951 1455 3004 Nec
1504 2952 1795 3003 ἰιηηιυνῑιιν.
1832 2951 1885 3003 ειιί

2001 2945 2184 2995 talium
2206 2947 2450 3008 domum,
2476 2962 2722 3005 uxorem.
2749 2961 2842 2998 seu
2864 2946 3124 2999 familiam
3148 2946 3286 2999 solet
3319 2948 3573 3013 appr-lla.

317 3052 460 3103 enim
487 3047 785 3114 corporalis
808 3048 969 3097 huius
1001 3043 1256 3095 litato-riae
1285 3042 1643 3107 sultiliiiisqmg
1672 3043 1689 3071 ⁷
1722 3058 1886 3109 (μείω-

318 3142 441 3190 dam
493 3136 722 3202 simplex
777 3144 940 3203 atque
980 3132 1341 3186 immutabilis
1388 3144 1625 3185 (‘SSt'ltlla
1660 3143 1713 3184 ct
1742 3136 1889 3185 nullo

322 3230 483 3281 niodo
510 3229 763 3281 solubilis
793 3230 1014 3290 inesset,
1035 3228 1176 3278 nulla
1208 3224 1416 3277 raLione
1441 3225 1696 3292 nullaque
1721 3242 1766 3275 at
1786 3225 1891 3278 tio-

317 3331 355 3371 n
420 3316 635 3381 penitus
684 3315 1007 3365 solveretur.
1048 3312 1165 3365 .lam
1210 3327 1335 3363 vero
1368 3311 1619 3364 solvitur.
1656 3309 1741 3361 Nzl
1778 3313 1843 3379 igi
1871 3340 1884 3349 -

320 3416 410 3460 tur
438 3406 487 3458 ei
514 3403 804 3458 insolubile
826 3403 1035 3457 subest.
1084 3400 1216 3455 Nam
1251 3415 1450 3470 genera
1504 3407 1557 3453 et
1600 3400 1809 3469 species
1840 3409 1895 3453 et

321 3511 504 3549 atoma
560 3506 846 3562 propterea
883 3507 1094 3558 semper
1140 3504 1259 3543 sunt
1296 3507 1356 3542 ne
1393 3499 1729 3557 permanent,
1766 3490 1892 3554 quia

327 3595 468 3646 inest
517 3590 597 3643 eis
650 3587 860 3655 aliquozl
910 3585 1120 3636 “unum
1166 3580 1513 3643 individuum,
1568 3580 1705 3647 quod
1758 3578 1890 3630 solvi

332 3679 539 3747 nequit,
573 3692 745 3744 neque
792 3672 1013 3727 destrui.
1048 3671 1163 3739 Ipsa
1199 3684 1409 3737 quoque
1435 3666 1732 3721 accidentia
1769 3680 1893 3733 pro-

330 3781 511 3841 pterea
541 3769 593 3819 in
624 3781 715 3819 sua
742 3775 930 3817 natura
962 3761 1361 3813 innnutabiliter
1409 3766 1738 3827 permanent,
1767 3755 1891 3822 quia

328 3859 576 3912 omnibus
628 3857 705 3909 eis
754 3868 914 3907 unum
962 3851 1226 3919 quoddam
1274 3852 1293 3883 ⁸
1324 3848 1653 3902 individuum
1690 3845 1892 3910 subest,

332 3947 385 4001 in
416 3963 522 4016 quo
548 3944 862 3998 naturaliter
885 3942 1065 3995 omnia
1099 3956 1261 3993 unum
1288 3938 1602 3992 subsistunt.

404 4037 489 4091 '55.
530 4037 675 4092 Dtsc.
724 4035 802 4088 Nil
849 4033 1045 4099 verius,
1094 4041 1151 4084 ut
1179 4031 1437 4095 arbitror;
1494 4040 1653 4098 atque
1707 4029 1825 4082 ideo
1856 4028 1894 4058 ‘°

332 4138 667 4199 praesentem
690 4125 1084 4193 inquisitionem
1109 4122 1416 4186 concludas,
1452 4132 1632 4191 specto
1661 4122 1721 4174 “.
1755 4121 1893 4176 MAG.

331 4219 470 4285 Quid
505 4225 691 4282 restat,
722 4216 821 4269 nisi
852 4223 911 4268 ut
944 4213 1200 4274 dicamus,
1238 4214 1384 4267 verbi
1429 4214 1619 4283 gratia,
1660 4212 1783 4265 dum
1815 4214 1885 4264 vi-

335 4314 521 4361 demus
550 4320 777 4375 corpora
826 4312 1009 4357 nostra
1045 4303 1096 4355 in
1144 4302 1242 4355 bac
1274 4311 1413 4355 terra
1452 4304 1760 4364 constituta,
1814 4302 1897 4355 vel

1994 3050 2071 3098 re,
2115 3054 2236 3089 cum
2278 3038 2407 3091 haec
2438 3038 2757 3091 naturaliter
2790 3039 3015 3093 distent.
3051 3036 3166 3091 Non
3195 3040 3340 3092 enim
3371 3040 3575 3095 domus

1991 3136 2229 3195 praestat
2257 3130 2410 3181 uxori
2451 3143 2546 3181 seu
2585 3128 2823 3183 familiae
2851 3129 3283 3182 substantialiter
3302 3144 3444 3191 esse,
3468 3129 3573 3183 sed

1990 3231 2216 3272 naturae
2243 3220 2408 3273 locus.
2432 3218 2700 3283 Quoniam
2718 3235 2846 3273 vero
2864 3221 2918 3273 in
2947 3235 3009 3273 ca
3036 3220 3313 3288 possident
3334 3221 3485 3283 “,ab
3505 3236 3572 3275 ea

1993 3308 2333 3363 denominari
2365 3309 2558 3363 solent.
2591 3309 2962 3379 Similiterque
2981 3324 3067 3374 ea,
3092 3324 3230 3379 quae
3259 3310 3569 3378 continent,

1992 3398 2061 3451 ab
2082 3398 2187 3462 liis,
2222 3414 2362 3467 quae
2393 3400 2766 3453 continentur.
2816 3399 2976 3454 Verbi
3006 3401 3052 3432 "
3083 3403 3279 3470 gratia,
3309 3414 3406 3453 aer
3433 3415 3577 3454 con-

1998 3491 2132 3542 tinet
2187 3490 2404 3554 lucem;
2462 3490 2693 3560 ideoque
2743 3491 3081 3544 illuminatus
3129 3504 3223 3543 aer
3256 3490 3298 3519 "
3336 3490 3424 3541 lar
3483 3493 3569 3541 ui-

1994 3579 2152 3632 citur.
2191 3577 2391 3632 Oculus
2422 3579 2564 3632 visus
2607 3586 2849 3643 vocatur,
2887 3592 2980 3632 seu
3026 3577 3178 3641 visio,
3218 3578 3342 3631 dum
3386 3592 3566 3646 neque

1998 3667 2164 3730 visus,
2212 3681 2384 3734 neque
2418 3666 2553 3719 \isio
2588 3666 2659 3718 sit
2693 3666 2843 3733 juxta
2886 3674 3111 3720 naturae
3154 3667 3560 3734 proprietatem.

1995 3756 2125 3822 Quis
2155 3756 2295 3809 enim
2326 3755 2546 3817 nesciat,
2577 3754 2790 3809 oculum
2831 3766 3035 3825 partem
3072 3758 3337 3825 quandam
3367 3773 3565 3825 corpo~

1997 3850 2163 3904 ralem
2188 3843 2401 3918 rapitis,
2436 3849 2815 3916 lunnidamque
2835 3863 2973 3910 esse,
3002 3864 3097 3917 per
3135 3864 3294 3917 quam
3338 3850 3486 3903 visus
3515 3850 3563 3879 "

1984 3942 2267 4011 radiorum
2311 3940 2479 3992 instar
2520 3954 2584 3992 ex
2632 3941 2869 4003 menica,
2924 3940 3023 3994 hoc
3068 3949 3147 3993 est
3191 3941 3559 3993 membranula

1999 4030 2230 4089 cerebri,
2262 4029 2404 4083 foras
2450 4028 2730 4083 fttmlitur?
2759 4028 2960 4083 Menica
2994 4045 3121 4084 vero
3154 4028 3369 4084 luminis
3398 4040 3558 4083 uatu-

2000 4135 2110 4171 ram
2149 4135 2211 4172 ex
2256 4120 2433 4179 corde,
2483 4119 2620 4185 ignis
2659 4118 2902 4173 videlicet
2937 4120 3082 4184 sede,
3126 4122 3312 4188 recipit
3351 4121 3419 4173 ⁸³.
3463 4120 3562 4175 Est

1999 4210 2142 4263 enim
2171 4209 2317 4262 visus
2347 4208 2604 4263 naturalis
2647 4209 2862 4263 luminis
2901 4210 2953 4263 in
2986 4226 3142 4264 sensu
3185 4210 3395 4265 videndi
3435 4225 3562 4280 pos-

2001 4302 2226 4355 sidentis
2280 4296 2525 4353 radiatim
2586 4300 2745 4354 foras
2790 4300 3069 4371 prosiliens
3120 4301 3368 4364 emissio,
3422 4315 3561 4370 quae

337 4398 436 4447 hoc
465 4409 589 4448 acre
617 4392 963 4456 circumfusa,
1013 4390 1084 4443 nil
1114 4389 1254 4443 aliud
1284 4391 1382 4443 nisi
1427 4405 1650 4458 corpora
1681 4390 1731 4441 in
1780 4405 1901 4442 cor-
1932 4371 1979 4429 Ῑ)
2004 4410 2123 4445 cum
2191 4390 2457 4443 coloribus
2496 4389 2787 4458 formisque
2846 4389 3171 4443 exteriorum
3228 4391 3558 4444 sensibilium

335 4484 553 4546 poribus
596 4482 749 4535 esse?
797 4482 992 4534 Eadem
1051 4481 1255 4533 ratione
1305 4480 1478 4547 pisces
1524 4480 1574 4531 in
1628 4478 1892 4539 tliunilius,

337 4573 582 4639 pianetae
613 4572 665 4624 in
709 4571 946 4633 aethere,
994 4580 1137 4623 astra
1188 4570 1239 4622 in
1289 4570 1645 4631 firmamento,
1676 4585 1895 4636 corpora

340 4663 391 4713 in
422 4660 735 4729 corporibus
768 4668 921 4722 sunt,
950 4659 1154 4711 minora
1206 4660 1259 4712 in
1317 4659 1611 4728 majoribus
1642 4660 1703 4724 “,
1753 4676 1898 4713 cras-

339 4753 483 4806 siora
536 4753 587 4805 in
617 4747 999 4809 subtilioribus.
1039 4750 1171 4804 levia
1207 4752 1257 4805 in
1307 4745 1616 4815 levioribus,
1664 4768 1793 4820 pura
1847 4756 1896 4806 in

341 4842 664 4903 purioribus.
693 4839 837 4895 llaec
861 4842 1000 4894 enim
1030 4843 1205 4895 omnia
1237 4843 1531 4905 sensibilia,
1556 4844 1696 4897 sicut
1739 4845 1898 4897 etiam

2003 4499 2286 4552 corporum
2326 4481 2791 4545 circumfumlitnr,
2836 4482 3066 4535 mirabili
3114 4481 3387 4536 celeritate
3429 4482 3561 4550 ipsis

2004 4577 2257 4632 coloratis
2299 4574 2591 4627 visibilibus
2625 4573 2812 4628 formis
2855 4571 3239 4627 conformatur.
3284 4572 3379 4627 Est
3414 4575 3557 4627 enim

2005 4670 2139 4721 visio
2187 4665 2477 4720 formarum
2524 4665 2869 4733 colorumque
2903 4665 3255 4732 corporalium
3294 4667 3347 4719 in
3397 4668 3561 4722 radiis

2004 4755 2277 4809 oculormn
2317 4756 2792 4823 quaedam.itnago
2842 4754 3193 4820 conformata,
3235 4772 3374 4826 quae
3414 4757 3558 4811 nulla

2008 4862 2156 4900 mora
2187 4847 2502 4900 interstante
2527 4860 2685 4900 sensu
2722 4844 2996 4914 recipitur,
3025 4848 3419 4903 memoriaeoue
3437 4862 3552 4902 sen-

1603 5003 1857 5059 VAlllAE
1922 5002 2330 5058 LECTLONES.

396 5172 413 5201 ¹
437 5174 524 5227 Sic
559 5172 732 5237 (30E;
767 5172 807 5224 A
842 5173 988 5240 prius
1014 5172 1282 5240 diximus,
1342 5168 1359 5197 ³
1393 5164 1623 5240 Amorgi).

319 5241 487 5304 (DE;
533 5247 571 5295 Α
611 5234 770 5295 Aliud
802 5234 936 5296 enim
962 5257 1103 5307 ergo.
1172 5239 1191 5267 ⁸
1232 5237 1321 5291 Sic
1353 5234 1523 5299 LDF;
1559 5244 1596 5307 A_
1640 5247 1853 5307 parum.

315 5310 340 5341 ⁸
364 5313 452 5367 διε
483 5315 604 5375 (Ri;
645 5316 682 5364 Α
742 5313 961 5376 aliquid,
1020 5304 1036 5307 “
1062 5313 1080 5341 ⁹
1114 5309 1149 5360 S
1173 5321 1201 5359 c
1230 5307 1397 5369 uilli;
1442 5311 1478 5353 Α
1510 5304 1781 5371 quiitdmn.

356 5398 376 5428 ι’
396 5403 462 5434 to.

319 5398 462 5443 cvm.
546 5398 587 5414 ι·
625 5398 713 5434 δικ
739 5398 904 5441 non;
937 5398 978 5432 rx
1029 5398 1094 5430 ae
1129 5398 1233 5429 uco

325 5452 367 5478 "
404 5455 490 5506 Sic
520 5453 695 5518 cura;
751 5454 794 5505 Α
853 5450 1061 5517 ρτομνίε
1111 5462 1258 5501 suae.

329 5519 410 5578 1'3;
444 5525 533 5577 AD
577 5513 724 5575 Ideo.
828 5513 869 5552 ’λ
898 5513 999 5574 Αέν
1047 5537 1157 5573 oni.
1194 5518 1254 5572 D.
1363 5517 1404 5545 ²¹
1436 5517 1471 5565 Α
1512 5515 1655 5565 κίειμ
1691 5513 1858 5579 (trans.

1707 5162 1727 5193 ³
1764 5161 1853 5213 Sic
1883 5157 2054 5214 (IDE:
2110 5158 2149 5209 Α

1969 5229 1989 5261 ⁷
2030 5231 2119 5281 Si:
2159 5219 2290 5280 UBE
2318 5219 2421 5291 ςἈ
2462 5220 2722 5287 corporali
2754 5224 2873 5274 huic
2917 5223 3169 5275 "tulerim:
3231 5219 3577 5291 solubiltvlne.

1854 5300 1895 5329 '°
1920 5298 1963 5352 Α
1989 5309 2065 5352 ut.

544 5386 587 5414 “
625 5383 713 5434 Sic
739 5380 904 5441 CDE;
937 5384 978 5432 Α
1029 5382 1094 5430 de
1129 5379 1233 5429 Deo
1273 5390 1505 5428 cremore
1534 5387 1767 5425 ominum
1805 5381 2011 5424 uterne.

1370 5444 1409 5476 ’⁸
1445 5446 1533 5497 Sic
1591 5443 1767 5508 CDu;
1817 5441 1857 5494 C
1907 5441 2286 5515 nominentur“

1370 5517 1404 5545 ¹¹
1436 5517 1471 5559 Α
1512 5515 1655 5559 \istn
1693 5513 1858 5559 fusus.
1961 5514 2006 5541 ¹³
2038 5511 2078 5559 l)
2120 5515 2308 5559 recent!

2120 5522 2308 5572 recepit
2319 5543 2332 5560 .

2205 5156 2587 5226 percipiuntur.
2682 5149 3014 5226 fpSicCDE;
3144 5150 3311 5226 ("inn
3479 5147 3578 5201 Sic

2147 5297 2179 5327 "
2221 5289 2505 5355 SSC'CDE;
2543 5297 2583 5342 Α
2616 5303 2873 5359 exspecto.
2914 5292 2953 5321 "
2987 5293 3022 5342 ί)
3059 5293 3351 5341 tumoribus
3465 5290 3508 5319 ”
3537 5289 3578 5340 Α

2165 5366 2248 5413 Sir
2281 5366 2410 5413 (IDE
2442 5381 2455 5413 :
2509 5365 2549 5413 Λ
2593 5364 2858 5413 πρηγοὺιί.
2934 5360 2976 5390 ¹⁸
3000 5364 3087 5411 51c
3118 5358 3159 5413 C
3210 5358 3250 5412 Ε
3283 5375 3300 5413 ;
3337 5364 3373 5408 Α
3409 5358 3578 5409 locus.

3003 5375 3087 5411 bitt
3118 5375 3159 5413 υ
3210 5375 3250 5412 Γ,
3283 5375 3300 5419 ;
3337 5375 3373 5408 .'\
3409 5375 3581 5409 ιυτιιι.

3303 5430 3474 5481 ’τ’-διε
3529 5426 3571 5479 (2

2092 5369 2131 5397 ⁸⁸
2165 5366 2248 5420 Sir
2281 5366 2410 5419 CUE
2442 5381 2455 5424 ;
2509 5365 2549 5413 Λ
2593 5364 2858 5425 approbet.

2355 5434 2396 5465 "
2424 5432 2514 5487 Sic
2545 5430 2713 5499 (JDE;
2760 5438 2794 5483 Α
2842 5429 3191 5496 possidendam
