3904 6148
409 177 527 245 λεδ

1788 173 2074 231 ἸΟᾹΝΝΙδ
2110 168 2307 232 SCOTI

2792 127 2803 155 τ

3565 174 3666 234 ιδι

406 290 672 360 temporis
714 293 982 355 habuisse,
1036 292 1407 346 universalitcr
1446 290 1509 345 de
1533 289 1805 351 omnibus,
1837 289 1927 358 qui
1965 290 1981 319 ί
2014 290 2059 349 Α
2087 259 2281 355 ηίαίιω.
2308 284 2438 339 nihil
2465 286 2632 339 utilius
2675 294 2830 349 tenet,
2850 301 3006 356 quam
3037 286 3089 340 td
3117 287 3180 351 “,
3211 287 3347 356 quod
3375 301 3664 357 susceptum

410 381 636 434 futurae
693 381 1037 435 beatitudinis
1080 380 1374 449 participes
1422 386 1620 442 erunt,
1684 377 1985 447 intelligen-
2024 382 2029 387 ’

419 474 544 526 dum
593 472 842 524 arbitror.
903 469 1102 525 Omnes
1154 470 1440 538 siquidem,
1487 469 1577 538 qui
1631 468 1697 522 ad
1742 476 1990 521 aeternas

419 576 546 628 suas
575 561 595 591 ’
631 561 884 621 rationes,
921 573 1060 628 quae
1107 574 1279 626 neque
1328 559 1535 612 initium
1595 557 1851 625 temporis
1894 570 1991 624 per

418 650 811 721 generationem
862 649 912 699 in
970 648 1084 701 loco
1126 657 1450 716 temporeve.
1505 660 1677 716 neque
1705 646 1863 699 ﬁnem
1894 659 1992 713 per

421 738 801 791 resolutionem
853 737 1091 800 habent,
1143 752 1318 805 neque
1369 735 1474 789 ulla
1527 734 1680 789 locali
1724 734 1990 801 positione

418 827 950 890 circumscribtmtur,
1004 827 1271 880 reversuri
1301 834 1444 886 sunt,
1486 834 1543 879 ut
1586 824 1732 878 solae
1755 823 1775 854 ³
1803 825 1855 877 in
1886 824 1988 889 eis,

417 925 468 968 ct
492 917 564 969 nil
594 916 733 969 aliud
762 916 899 979 sint,
936 913 1177 984 profecto
1201 915 1347 968 omni
1373 914 1395 945 ⁸
1422 913 1576 967 locali
1602 912 1990 982 temporalique

416 1008 646 1062 termino
671 1008 950 1061 carebunt.
973 1007 1178 1060 Causae
1200 1008 1341 1061 enim
1365 1007 1604 1061 omnium
1629 1014 1833 1069 rerum,
1850 1017 1990 1075 quae

415 1100 560 1155 omni
615 1108 765 1153 caret
817 1097 1336 1166 circumscriptione,
1362 1098 1615 1164 quoniam
1649 1095 1854 1150 inﬁnita
1881 1102 1985 1160 est,

416 1190 609 1243 infiniti
638 1190 690 1243 iu
717 1188 986 1242 inﬁnitum
1008 1190 1396 1243 adhaerebunt.
1417 1187 1574 1242 Solus
1597 1203 1827 1257 namque
1849 1188 1989 1241 Deus

386 1281 470 1333 'in
526 1280 655 1348 ipsis
701 1277 997 1346 apparebit,
1038 1279 1253 1347 quando
1293 1278 1551 1332 terminos
1595 1293 1722 1332 suae
1765 1286 1989 1332 naturae

416 1373 833 1439 transcendent;
865 1390 968 1428 non
1002 1384 1059 1429 ut
1085 1375 1137 1428 in
1167 1375 1246 1429 eis
1277 1384 1465 1429 natura
1491 1383 1694 1444 pereat,
1720 1375 1813 1428 sed
1841 1381 1903 1427 ut
1933 1372 1988 1426 in

414 1461 496 1514 eis
520 1461 665 1516 solus
691 1473 964 1533 appareat,
990 1466 1079 1534 qui
1109 1466 1253 1521 solus
1281 1481 1405 1521 vere
1432 1476 1533 1521 est.
1566 1466 1631 1520 Et
1662 1467 1763 1520 hoc
1789 1474 1872 1520 est
1895 1480 1989 1519 na-

416 1561 590 1606 turam
632 1557 1043 1609 transcendere:
1082 1564 1328 1611 naturam
1371 1570 1475 1610 non
1516 1568 1808 1626 apparere;
1849 1554 1988 1609 sicut

2089 387 2165 430 est
2188 377 2259 428 ad
2294 375 2683 445 explicandum.
2734 374 2901 429 Aliter
2949 377 3159 431 omnino
3190 378 3374 432 vitiosa
3401 389 3496 433 est.
3524 379 3664 437 Hac.

2089 464 2247 520 Clare
2295 465 2576 534 perspicis.
2632 463 2747 518 Non
2797 466 2942 520 enim
2993 467 3135 520 aliud
3170 469 3234 533 ",
3266 479 3479 538 praeter
3525 474 3666 541 quod

2089 554 2297 617 dixisti,
2335 556 2614 624 praedicta
2662 555 2797 609 ratio
2824 556 3027 624 appetit
3076 558 3323 613 suadere.
3379 559 3521 615 Dtsc.
3565 558 3669 616 Sel

2090 646 2275 708 miror,
2309 661 2408 701 nec
2444 662 2577 718 pure
2599 647 2888 717 perspicio,
2922 648 3191 716 quomodo
3220 649 3463 706 deﬁnitio
3490 651 3672 720 cujus-

2089 751 2301 806 cunque
2324 737 2589 792 essentiae
2618 754 2724 792 non
2756 738 2896 792 intra
2927 738 3118 806 ipsam,
3146 739 3243 794 sed
3282 752 3441 796 extra
3477 757 3603 798 esse
3627 740 3669 775 ”

2089 823 2324 889 dicatur,
2356 825 2458 879 hoc
2479 834 2584 890 est,
2610 839 2785 895 neque
2808 833 2977 879 totum
3002 825 3192 895 ipsius,
3223 841 3395 897 neque
3413 843 3545 899 pars
3571 829 3670 884 dici

2090 915 2280 972 valeat.
2320 916 2458 973 Mss.
2491 917 2765 971 Attentior
2790 915 2954 986 igitur
2983 917 3024 948 ι’
3051 925 3192 982 esto,
3220 927 3351 973 utet
3386 919 3492 973 hoc
3515 919 3672 989 plane

2089 1022 2405 1077 cognoscas.
2455 1007 2602 1063 DISC.
2663 1006 2933 1074 Quantum
2990 1008 3081 1062 lux
3134 1009 3357 1063 interior
3405 1011 3668 1064 admittit.

2090 1100 2230 1154 Man.
2267 1099 2381 1164 Dic,
2428 1112 2648 1167 quaeso,
2681 1112 2805 1152 cum
2843 1111 3022 1152 rerum
3069 1099 3310 1153 omnium
3339 1100 3444 1152 duo
3472 1112 3669 1169 genera

2087 1192 2225 1252 sint;
2257 1205 2418 1245 omne
2443 1191 2611 1253 enim,
2639 1190 2782 1259 quod
2820 1188 3016 1244 dicitur
3038 1205 3179 1256 esse,
3212 1198 3304 1246 aut
3323 1191 3540 1246 visibile
3571 1202 3671 1254 est,

2087 1291 2143 1337 et
2160 1282 2205 1315 '°
2236 1281 2486 1337 sensibus
2497 1281 2772 1350 corporeis
2796 1280 3110 1351 percipitur,
3135 1291 3227 1335 aut
3251 1283 3450 1353 percipi
3473 1292 3671 1352 potest,

2088 1381 2182 1425 aut
2212 1370 2499 1433 invisibile,
2542 1378 2598 1423 et
2630 1368 3014 1437 intelligentiae
3053 1370 3242 1424 obtutu
3271 1372 3671 1435 consideratur,

2089 1469 2182 1514 aut
2206 1458 2536 1514 considerari
2562 1458 2814 1530 possibile
2841 1468 2947 1524 est,
2972 1468 3063 1513 aut
3084 1476 3181 1531 per
3208 1475 3289 1526 se,
3318 1471 3409 1516 aut
3435 1477 3542 1534 per
3577 1463 3675 1517 ali-

2091 1552 2235 1620 quod
2260 1551 2361 1606 sibi
2385 1551 2684 1606 adhaerens
2720 1568 2734 1604 :
2765 1551 2819 1605 in
2843 1565 2950 1620 quo
2978 1552 3373 1623 praedictorum
3409 1569 3676 1626 generum

404 1654 528 1705 .aer,
572 1652 629 1695 ut
675 1656 835 1711 saepe
881 1644 1139 1708 diximus,
1187 1643 1306 1698 luce
1343 1644 1543 1714 plenus
1592 1659 1696 1697 non
1742 1634 2435 1712 apparet,.Bdeﬁuitiones
2468 1638 2821 1709 essejudicas
2851 1641 2945 1695 “1

418 1730 671 1798 quoniam
703 1731 812 1786 sola
845 1732 934 1786 lux
969 1733 1361 1802 rcgtmt-Quod
1388 1734 1551 1804 igitur
1576 1733 1597 1763 '
1652 1734 1719 1786 de
1754 1730 1990 1802 generali

415 1818 553 1883 loco,
598 1824 942 1891 generalique
995 1832 1233 1892 tempore
1260 1823 1579 1878 tutiversalis
1603 1831 1885 1878 creaturae
1916 1821 1994 1874 in-

415 1908 692 1978 telligitur,
723 1914 1029 1967 necessario
1057 1913 1122 1966 de
1142 1914 1374 1980 partium
1404 1914 1520 1981 ejus
1566 1912 1699 1967 locis
1732 1912 1989 1981 tempori-

382 1992 623 2070 ‘irusque
660 2001 984 2071 specialibus
1010 2012 1063 2057 et
1093 2005 1326 2074 propriis
1345 2019 1378 2057 a
1408 2018 1622 2060 summo
1648 2019 1819 2073 usque
1842 2004 1991 2058 deor-

420 2106 536 2143 sum
594 2091 919 2160 intelligetur
940 2092 983 2146 ‘.
1011 2092 1292 2148 Praecedit
1318 2103 1498 2148 autem
1525 2093 1676 2149 locus
1720 2093 1989 2164 generalis

415 2191 730 2250 tempusque
754 2182 1005 2249 generale
1031 2185 1326 2237 secundum
1357 2183 1760 2254 intelligentiam
1782 2184 1986 2248 omnia,

417 2288 555 2338 quae
583 2273 635 2327 in
668 2272 750 2327 eis
781 2283 924 2328 sunt.
957 2273 1238 2330 Praecedit
1286 2276 1452 2346 igitur
1476 2275 1495 2306 ⁷
1526 2274 1837 2346 specialium
1866 2288 1990 2343 pro-

412 2364 764 2435 priorumque
813 2364 834 2397 '
897 2365 1136 2420 locorum
1180 2375 1590 2436 temporumque
1641 2365 1874 2436 cognitio
1900 2379 1983 2429 ea,

411 2470 551 2524 quae
594 2458 659 2510 in.
693 2457 772 2512 eis
802 2457 1109 2527 specialiter
1138 2459 1460 2528 prOprieque
1490 2456 1879 2527 intelliguntur.
1909 2456 1988 2511 Ac

413 2562 509 2617 per
531 2548 632 2603 hoc
657 2546 1016 2612 concluditur,
1045 2547 1118 2601 uil
1162 2548 1305 2602 aliud
1334 2562 1453 2602 esse
1484 2547 1678 2611 locum,
1706 2546 1809 2599 nisi
1832 2553 1988 2598 uatu-

412 2637 577 2691 ralem
609 2636 1014 2703 deﬁnitionem,
1067 2638 1391 2707 modumque
1451 2640 1497 2702 ’,
1558 2638 1987 2707 positionemque

412 2727 831 2799 uniuscujusque
850 2730 963 2784 sive
980 2729 1246 2798 generalis
1266 2730 1381 2784 sive
1404 2728 1650 2799 specialis
1675 2737 1983 2793 creaturae;

411 2820 862 2887 quemadmodum
906 2819 995 2874 nil.
1020 2819 1164 2874 aliud
1194 2829 1285 2875 est
1306 2819 1361 2852 "'
1393 2830 1623 2889 tempus,
1655 2818 1757 2873 nisi
1805 2832 1986 2873 rerum

410 2926 508 2978 per
531 2910 931 2980 generationem
954 2912 1221 2967 motiones
1251 2912 1291 2943 ”
1322 2926 1389 2966 ex
1422 2925 1527 2965 non
1557 2925 1677 2968 esse
1700 2911 1888 2968 inesse
1902 2910 1987 2966 in-

2162 1729 2252 1783 te.
2296 1729 2442 1785 DlSC.
2473 1727 2781 1784 Ridiculum
2811 1730 2969 1786 istuc.
2998 1730 3130 1798 Quis
3157 1730 3298 1787 enim
3333 1730 3539 1798 locum,
3585 1748 3675 1789 seu

2093 1821 2276 1886 ﬁnem,
2307 1835 2400 1875 seu
2430 1820 2817 1888 deﬁnitionem,
2854 1837 2948 1877 seu
2976 1822 3402 1894 qualemcunque
3430 1824 3673 1880 circum-

2090 1913 2402 1982 scriptionis
2440 1913 2699 1981 speciem,
2749 1927 2854 1981 qua
2900 1913 3318 1983 uniuscujusque
3364 1914 3677 1969 substantia

2092 2002 2342 2065 ambitur,
2377 2001 2516 2055 inter
2540 2015 2626 2067 ea,
2656 2016 2799 2070 quae
2838 2001 3089 2058 sensibus
3106 2002 3390 2073 corporeis
3417 2017 3679 2059 succum-

2091 2094 2244 2156 bunt,
2259 2104 2404 2149 recte
2416 2093 2738 2162 sapientium
2753 2094 3014 2162 posuerit,
3036 2107 3157 2148 cum
3174 2092 3371 2157 videat,
3397 2092 3675 2148 terminos

2091 2181 2287 2246 lineae,
2331 2197 2424 2239 seu
2472 2181 2744 2252 trianguli,
2787 2197 2882 2237 seu
2912 2180 3138 2252 alicujus
3178 2181 3371 2252 planae
3393 2182 3681 2239 solidaeve

2092 2272 2292 2341 ﬁgurae
2336 2273 2679 2342 incorporeos
2733 2272 2887 2329 esse?
2920 2271 3185 2329 Punctum
3206 2273 3256 2307 ⁸³
3285 2272 3586 2343 siquidem,
3611 2289 3682 2330 ex

2089 2379 2196 2434 quo
2236 2363 2383 2420 linea
2411 2365 2622 2435 incipit,
2659 2365 2787 2421 etin
2820 2378 2928 2434 quo
2955 2364 3292 2428 terminatur,
3320 2378 3419 2419 nec
3440 2363 3679 2426 linea”.

2090 2470 2192 2511 nec
2218 2471 2346 2525 pars
2392 2454 2509 2523 ejus
2546 2463 2651 2518 est,
2687 2455 2780 2511 sed
2823 2455 3083 2510 terminus
3113 2453 3303 2509 lineae.
3336 2454 3553 2525 Asper
3578 2456 3683 2511 hoc

2089 2541 2239 2599 locus
2266 2542 2382 2612 ejus
2408 2558 2509 2599 nec
2535 2558 2694 2599 sensu
2726 2543 3038 2614 percipitur,
3069 2542 3164 2597 sed
3201 2542 3315 2598 sola
3338 2544 3565 2601 ratione
3591 2559 3686 2600 co-

2088 2633 2307 2705 gitatur.
2344 2633 2584 2690 Punctus
2602 2633 2747 2690 enim
2778 2634 3048 2689 sensibilis
3071 2649 3197 2705 pars
3225 2633 3400 2690 lineae
3420 2642 3539 2701 est,
3573 2648 3683 2690 non

2088 2737 2266 2783 autem
2294 2722 2410 2794 ejus
2450 2725 2793 2797 principium,
2836 2740 2930 2781 seu
2978 2724 3121 2781 ﬁnis.
3168 2724 3431 2780 Similiter
3456 2735 3516 2783 et
3564 2725 3687 2797 ipsa

2087 2817 2229 2875 linea
2255 2819 2464 2874 ratione
2489 2817 2736 2873 consulta
2763 2817 3079 2887 incorporea
3125 2825 3230 2883 est,
3263 2825 3319 2873 et
3353 2825 3442 2872 est
3472 2818 3687 2889 princi-

2094 2912 2242 2982 pium
2295 2898 2621 2980 superficiei.
2660 2909 2791 2966 item
2840 2908 3153 2980 superficies
3199 2911 3525 2980 incorporea
3573 2921 3687 2977 est,

411 3001 778 3067 clinatione“,
804 3002 1080 3073 ipsiusque
1096 3009 1273 3057 motus
1296 3001 1835 3056 rerummutabilium
1856 3015 1984 3056 cer-
2014 2981 2059 3043 (ἶ
2090 2981 2146 3055 et
2192 3009 2278 3055 est
2322 3000 2446 3056 ﬁnis
2480 3000 2676 3067 lineae,
2732 2999 3053 3072 principium
3093 3016 3223 3057 vero
3263 3001 3309 3033 "
3353 3001 3685 3056 soliditatis.

409 3104 498 3147 tae
540 3091 919 3157 dimensiones,
952 3094 1122 3149 donec
1165 3094 1345 3149 veniat
1389 3094 1599 3148 stabilis
1630 3094 1767 3161 ﬁnis,
1798 3094 1851 3148 in
1878 3110 1986 3164 quo

413 3183 820 3239 immutabiliter
845 3185 1024 3241 omnia
1041 3184 1279 3240 stabunt.
1317 3184 1466 3257 DISCa
1488 3184 1750 3242 Clarescit
1794 3186 1984 3256 paulu-

410 3268 542 3332 lum,
569 3278 626 3323 ut
653 3284 798 3333 reor,
828 3269 986 3340 hujus
1013 3272 1438 3330 ratiocinationis
1474 3275 1720 3332 intentio.
1750 3275 1878 3331 Nam
1908 3275 1984 3333 nil

405 3357 555 3411 aliud
582 3358 801 3428 appetit,
843 3369 1103 3430 quantum
1143 3363 1272 3419 mihi
1299 3364 1797 3437 daturintelligere,
1823 3380 1983 3434 quam

412 3457 469 3501 ut
513 3448 645 3504 nihil
700 3448 743 3482 “
777 3466 899 3507 esse
943 3452 1122 3509 locum
1169 3456 1389 3509 suadeat
1440 3455 1506 3519 “,
1539 3456 1638 3511 nisi
1686 3455 1982 3511 naturalem

410 3538 826 3609 uniuscujusque
849 3550 1130 3598 creaturae
1150 3542 1533 3608 deﬁnitionem,
1564 3544 1886 3616 intraquam
1904 3554 1981 3601 to-

407 3637 463 3683 ta
488 3630 815 3694 continetur,
843 3640 897 3684 et
921 3639 1071 3685 extra
1094 3648 1255 3703 quam
1290 3631 1435 3688 nullo
1467 3634 1623 3688 modo
1654 3633 1981 3690 extenditur.

378 3721 485 3774 .Ac
510 3733 607 3790 per
633 3723 733 3774 hoc
757 3721 913 3775 datur
939 3722 1181 3795 intelligi,
1218 3722 1331 3779 sive
1372 3721 1550 3778 locum
1580 3724 1716 3794 quis
1762 3723 1982 3790 dixerit,

408 3809 522 3864 sive
571 3810 753 3874 ﬁnem,
804 3811 918 3866 sive
955 3814 1267 3878 terminum,
1299 3814 1412 3869 sive
1454 3814 1983 3879 deﬁnitionem,.sive

407 3897 967 3970 circumscriptionem
992 3941 1008 3969 ,
1056 3918 1221 3957 unum
1273 3903 1612 3974 idipsutnque
1636 3903 1942 3975 signiﬁcare
1965 3942 1982 3971 ,

407 3994 667 4048 ambitum
697 3994 947 4049 videlicet
984 3995 1167 4051 ﬁnitae
1194 4005 1437 4051 naturae.

478 4081 566 4135 «Η.
612 4082 972 4154 Quamvisque
1011 4085 1210 4140 multae
1239 4084 1607 4141 deﬁnitionum
1636 4084 1844 4154 species
1863 4085 1984 4157 qui—

372 4168 373 4171 “
406 4171 631 4228 busdam
681 4188 801 4228 csse
852 4176 1153 4241 vidcantur,
1196 4174 1309 4230 sola
1352 4189 1415 4230 ac
1456 4189 1580 4230 vere
1616 4175 1730 4245 ipsa
1757 4175 1980 4230 dicenda

408 4250 492 4315 cst
519 4262 781 4330 deﬁnitio,
812 4280 948 4336 quae
971 4282 1000 4320 a
1030 4265 1250 4322 Graecis
1276 4264 1543 4333 οὐσιῶδης,
1572 4281 1601 4320 a
1634 4266 1833 4322 nostris
1851 4281 1981 4321 vero

2090 3090 2346 3147 Soliditas
2380 3105 2593 3162 quoque
2630 3091 2948 3162 incorporea
2990 3099 3091 3153 est.
3136 3099 3300 3147 etest
3342 3089 3473 3148 ﬁnis
3505 3094 3690 3149 totius

2084 3180 2450 3251 perfectionis.
2489 3181 2758 3253 Quicquid
2786 3184 2932 3239 enim
2958 3184 3010 3239 in
3040 3183 3146 3250 his,
3174 3184 3227 3239 id
3253 3192 3359 3250 est,
3395 3185 3520 3242 sive
3548 3202 3693 3258 pun-

2085 3281 2254 3339 ctum,
2286 3273 2632 3341 sivelineam,
2662 3275 2777 3331 sive
2808 3274 3169 3347 superﬁciem,
3199 3276 3312 3332 sive
3337 3276 3697 3335 soliditatem

2086 3364 2349 3421 visibilem
2378 3382 2671 3438 corporeus
2690 3383 2880 3425 sensus
2907 3369 3145 3442 attigerit
3174 3369 3243 3435 ⁸⁸,
3264 3369 3521 3441 profecto
3546 3370 3697 3441 ﬁgu-

2087 3469 2179 3511 rae
2212 3456 2626 3527 incorporalium
2658 3473 2839 3515 rerum
2867 3467 3013 3525 sunt,
3045 3475 3151 3515 non
3182 3474 3368 3518 earum
3391 3460 3516 3532 ipsa
3551 3474 3696 3516 vera

2086 3546 2410 3616 substantia,
2439 3563 2582 3619 quae
2613 3550 2929 3621 incorporea
2966 3559 3067 3606 est.
3103 3551 3477 3621 Similiterque
3518 3562 3697 3608 natu-

2084 3637 2278 3693 ralium
2304 3654 2613 3710 corporum,
2646 3642 2761 3697 sive
2789 3641 3064 3698 sensibilia
3090 3643 3200 3697 sint
3224 3656 3321 3711 per
3354 3650 3698 3715 contempe-

2084 3732 2314 3786 rantiam
2341 3732 2751 3799 elementorum,
2771 3734 2976 3805 quibus
3002 3734 3320 3798 subsistunt,
3349 3734 3473 3791 sive
3499 3736 3697 3791 subti-

2083 3823 2234 3880 litate
2261 3823 2346 3879 sui
2364 3824 2621 3880 mortales
2649 3822 2874 3896 fugitent
2895 3826 3192 3904 contuitus,
3237 3826 3352 3881 solo
3388 3826 3698 3884 intellectu

2084 3920 2308 3967 naturae
2349 3911 2483 3968 ﬁnes
2518 3914 2934 3983 perspiciuntur.
2984 3913 3503 3985 Forma-siquidem,
3538 3931 3705 3988 quae

2083 4016 2296 4056 omnem
2341 4003 2621 4057 materiam
2657 4017 2942 4074 corporum
2963 4003 3013 4036 ³⁸
3047 4004 3306 4068 mutinet,
3346 4003 3703 4077 incorporea

2082 4101 2184 4147 est.
2212 4093 2328 4162 ipsa
2349 4093 2511 4149 etiam
2532 4093 2577 4126 "
2602 4095 2874 4160 materies,
2899 4096 2943 4150 si
2969 4095 3350 4165 quissintentus
3370 4100 3703 4166 aspexerit,

2082 4196 2150 4241 ex
2178 4183 2506 4252 incorporeis
2532 4184 2880 4252 qualitatibus
2899 4186 3200 4255 c0pulatur.
3241 4185 3380 4243 Mss.
3407 4187 3620 4256 Itaque
3642 4191 3703 4244 in

2086 4270 2660 4340 geuereiusisibilium
2684 4272 2730 4304 "
2760 4272 3115 4337 deﬁnitiones,
3147 4289 3282 4344 quas
3309 4275 3461 4332 locos
3490 4293 3710 4335 rerum

405 4353 706 4409 essentialis
733 4356 911 4410 vocari
944 4356 1239 4412 consuevit.
1274 4355 1424 4412 Aliae
1439 4356 1700 4428 siquidem
1735 4367 1828 4412 aut
1848 4370 1980 4412 con-
2012 4328 2060 4385 ί)
2086 4359 2610 4429 circumscriptarum
2625 4360 2879 4427 diximus,
2903 4328 3499 4420 concludiarbitraris?
3531 4365 3705 4423 οισι.

406 4445 812 4499 numerationes
869 4446 1281 4517 intelligibilium
1333 4447 1567 4516 partium
1622 4449 1842 4512 οὐσίας,
1886 4454 1981 4500 aut

406 4535 895 4602 argumentationes
923 4538 1184 4604 quaedam
1216 4538 1554 4592 extrinsecus
1573 4591 1577 4595 ,
1597 4551 1693 4606 per
1733 4536 1980 4591 acciden-

410 4624 503 4687 tia,
536 4631 623 4677 aut
660 4624 1047 4695 qualiscunque
1079 4628 1121 4659 "
1164 4628 1552 4682 sententiarum
1590 4626 1796 4696 species
1833 4634 1976 4681 sunt.

409 4715 538 4769 Sola
566 4730 694 4771 vero
745 4721 993 4782 οὐσιώδης
1018 4721 1069 4776 id
1096 4721 1268 4775 solum
1300 4721 1489 4791 recipit
1509 4722 1574 4775 ad
1595 4720 1978 4784 deﬁniendum,

407 4808 551 4877 quod
589 4807 973 4879 perfectionem
1023 4821 1267 4877 naturae,
1313 4826 1473 4880 quam
1509 4810 1715 4873 deﬁnit,
1751 4810 1985 4880 complet

350 4926 356 4932 ι
408 4914 473 4956 ac
504 4899 735 4971 perficit.
767 4900 1011 4971 Deﬁnitio
1061 4904 1224 4968 enim,
1262 4912 1331 4956 ut
1347 4902 1423 4956 ait
1468 4901 1819 4972 Augustinus,
1851 4901 1983 4955 nihil

2087 4448 2162 4502 lta
2192 4448 2405 4517 quidem
2432 4448 2668 4505 arbitror
2690 4459 2745 4504 et
2770 4450 2846 4505 nil
2868 4451 3071 4507 certius
3095 4452 3269 4507 video.

2153 4537 2244 4594 45.
2274 4538 2412 4594 Mss.
2460 4538 2627 4594 Recte
2655 4541 2929 4596 aestimas.
2969 4540 3074 4597 Sed
3120 4543 3245 4613 quia
3268 4543 3469 4598 iterum
3498 4560 3710 4615 genus

2089 4627 2432 4683 invisibilium
2464 4628 2517 4682 in
2561 4629 2757 4683 multas
2785 4630 2994 4698 species
3034 4630 3198 4686 dividi
3232 4630 3472 4700 patitur;
3502 4651 3717 4704 quae.

2086 4719 2210 4773 dam
2240 4718 2382 4773 enim
2415 4717 2765 4773 invisibilium
2816 4726 2960 4784 sunt,
3002 4734 3144 4788 quae
3190 4720 3597 4790 intelliguntur
3626 4736 3716 4780 et

2088 4809 2411 4880 intelligunt,
2442 4808 2718 4879 quaedam.
2735 4809 3108 4881 intelliguntur
3134 4820 3190 4865 et
3211 4826 3319 4866 non
3334 4810 3719 4885 intelligunt,

2085 4902 2349 4972 quaedam
2397 4901 2442 4932 ”
2466 4916 2642 4970 neque
2669 4902 3058 4973 intelliguntur,
3102 4918 3274 4973 neque
3317 4903 3716 4976 intelligunt:

1710 5053 1963 5109 VMUAE
1999 5052 2397 5108 LECTIONES.

485 5212 498 5281 ε
529 5210 617 5265 Sic
638 5213 755 5275 Al);
780 5214 955 5281 (Equo,
978 5211 1019 5266 E
1042 5226 1187 5281 quia.

1272 5211 1292 5239 ¹
1323 5225 1446 5263 suos
1472 5222 1582 5263 om.
1602 5209 1673 5280 _A.
1746 5208 1767 5238 ’
1788 5205 1880 5280 Sic
1908 5204 2108 5280 ACDE.
2185 5205 2207 5236 ‘
2229 5205 2513 5280 Slc_ADE;
2533 5206 2761 5280 eam.
2833 5210 2857 5240 ⁸
2886 5210 2925 5262 Λ
2949 5226 3091 5280 ergo.
3155 5209 3188 5239 “
3213 5209 3301 5263 Sic
3321 5207 3509 5280 ABE;
3539 5213 3600 5269 (ζ
3624 5217 3731 5275 in.

410 5279 679 5404 talligitnr.
756 5285 775 5315 ⁷
795 5275 1005 5350 Αένρο.
1056 5275 1523 5360 ’⁸Εννυρήοιςαηι.
1596 5277 1617 5307 ⁹
1642 5279 1686 5331 Α
1717 5278 1949 5357 modum.
2027 5275 2072 5307 η
2093 5285 2168 5331 est
2199 5291 2288 5331 om
2317 5277 2380 5332 D.
2462 5278 2505 5312 “
2536 5276 2627 5332 Sic
2652 5277 2772 5344 DE;
2801 5275 3052 5333 motiones
3083 5295 3193 5361 om.
3218 5280 3257 5332 A
3278 5295 3295 5344 ;
3320 5279 3361 5332 (Σ
3391 5275 3726 5345 motio-i3.

411 5350 455 5379 "'
556 5350 603 5404 ic.
642 5352 776 5404 ()DE
800 5352 883 5404 :-A
909 5350 1191 5404 inchoatio.
1270 5348 1314 5379 ⁸³
1362 5348 1453 5402 Stc
1481 5346 1605 5404 CE:
1657 5347 1750 5402 Al)
1774 5346 1868 5399 nti.
1946 5345 1991 5377 "‘
2025 5345 2067 5401 ϐ
2104 5348 2309 5402 suadet.
2389 5347 2434 5381 ¹⁸
2460 5346 2927 5404 Aoualescunaue.
3010 5347 3052 5379 “
3081 5349 3137 5402 td
3158 5350 3338 5403 om.A.
3420 5348 3465 5382 ι’
3496 5352 3565 5404 D
3592 5359 3726 5404 uli-

573 5366 603 5403 c.
642 5352 776 5406 ()DE
800 5352 883 5416 ;-A
909 5345 1191 5419 inchoatio.
1242 5345 1314 5419 7“
1362 5348 1453 5402 Sic
1481 5346 1615 5419 CE;
1657 5347 1750 5402 Al)
1774 5346 1875 5419 nil.
1936 5345 1991 5419 ff
2025 5345 2310 5419 C_su_adet.
2389 5347 2434 5419 ξ’
2460 5346 2927 5419 Aqualescttnque.

407 5420 553 5485 quid.
630 5421 673 5450 ”
719 5438 830 5474 esse
867 5435 977 5474 om.
1009 5423 1073 5472 A.
1130 5418 1194 5487 ν¹³
1222 5418 1266 5471 Α
1296 5434 1437 5486 ergo.
1512 5417 1620 5473 "C
1649 5426 1759 5471 aut.
1796 5415 2189 5487 “"ASicﬁDE
2223 5433 2239 5480 ;
2284 5417 2331 5469 Δ
2373 5415 2603 5487 judicés.
2644 5418 2727 5487 γ’*
2754 5415 2845 5474 Sic
2900 5417 3063 5485 CDE;
3117 5418 3163 5473 Δ
3201 5415 3463 5472 Puncta”

3010 5347 3052 5379 ¹⁶
3081 5349 3137 5402 id
3158 5350 3338 5403 om.A.
3420 5348 3465 5382 "
3496 5352 3565 5406 ι)
3592 5359 3729 5412 uti-

3567 5424 3737 5486 ιιΑ

408 5484 548 5540 linea
595 5499 688 5542 est.
765 5490 811 5521 ³⁸⁵
846 5492 936 5544 Sic
964 5486 1162 5543 ACDE.
1238 5487 1286 5520 ’⁸
1312 5484 1400 5543 DE
1429 5487 1713 5557 attingerit.
1789 5485 1845 5557 "7
1865 5484 2143 5557 Sic‘tLDE;
2174 5487 2214 5539 Δ
2238 5484 2559 5557 corpoream.
2637 5486 2683 5519 "
2710 5486 2800 5545 Sic
2840 5487 3003 5557 CDE;
3030 5484 3072 5545 Α
3104 5489 3259 5544 enim.
3339 5488 3388 5521 "'
3415 5489 3462 5543 Ι)
3492 5484 3733 5554 niani;

394 5566 555 5621 altum.
634 5560 676 5590 ”
709 5558 799 5617 Sic
830 5559 994 5616 .CDE'
1042 5559 1082 5612 Α
1108 5568 1251 5626 sunt,
1284 5572 1416 5628 quae
1438 5554 1728 5628 intelligant
1761 5564 1807 5610 ct
1831 5554 2219 5627 intelliguntur,
2254 5556 2512 5626 quaedam
2536 5571 2691 5627 quae.
