  <div class='ocr_page' id='page_1' title='image "/cluster/home/n/w/nwhite01/storage/ocr_20150623/122/hvd.32044054759840/280.png"; bbox 0 0 3904 6148; ppageno 0'>
   <div class='ocr_carea' id='block_1_1' title="bbox 198 279 3449 360">
    <p class='ocr_par' dir='ltr' id='par_1_1' title="bbox 198 279 3449 360">
     <span class='ocr_line' id='line_1_1' title="bbox 198 279 3449 360; baseline 0 -1"><span class='ocrx_word' id='word_1_1' title='bbox 198 305 288 359; x_wconf 71' lang='lat' dir='ltr'><strong>tas</strong></span> <span class='ocrx_word' id='word_1_2' title='bbox 1041 297 1133 358; x_wconf 83' lang='lat' dir='ltr'><strong>DE</strong></span> <span class='ocrx_word' id='word_1_3' title='bbox 1175 302 1510 359; x_wconf 74' lang='lat' dir='ltr'><strong>DlVlSlONE</strong></span> <span class='ocrx_word' id='word_1_4' title='bbox 1553 302 1899 360; x_wconf 68' lang='lat' dir='ltr'><strong>NA&#39;I‘UltAE.</strong></span> <span class='ocrx_word' id='word_1_5' title='bbox 1943 334 2010 342; x_wconf 87' lang='grc'><strong><em>-</em></strong></span> <span class='ocrx_word' id='word_1_6' title='bbox 2049 279 2248 358; x_wconf 69' lang='grc' dir='ltr'>ιιθῐειι</span> <span class='ocrx_word' id='word_1_7' title='bbox 2288 291 2562 360; x_wconf 65' lang='lat' dir='ltr'><strong>euntes.</strong></span> <span class='ocrx_word' id='word_1_8' title='bbox 3347 307 3449 360; x_wconf 66' lang='lat' dir='ltr'><strong>tas</strong></span> 
     </span>
    </p>
   </div>
   <div class='ocr_carea' id='block_1_2' title="bbox 205 414 3444 488">
    <p class='ocr_par' dir='ltr' id='par_1_2' title="bbox 205 414 3444 488">
     <span class='ocr_line' id='line_1_2' title="bbox 205 414 3444 488; baseline 0 -15"><span class='ocrx_word' id='word_1_9' title='bbox 205 421 370 488; x_wconf 87' lang='lat' dir='ltr'><strong>inqua</strong></span> <span class='ocrx_word' id='word_1_10' title='bbox 393 418 565 486; x_wconf 84' lang='lat' dir='ltr'><strong>specie</strong></span> <span class='ocrx_word' id='word_1_11' title='bbox 581 417 770 470; x_wconf 86' lang='lat' dir='ltr'><strong>horum</strong></span> <span class='ocrx_word' id='word_1_12' title='bbox 792 414 1128 470; x_wconf 88' lang='lat' dir='ltr'><strong>deﬁnitiones</strong></span> <span class='ocrx_word' id='word_1_13' title='bbox 1147 416 1613 470; x_wconf 85' lang='lat' dir='ltr'><strong>connumerandas</strong></span> <span class='ocrx_word' id='word_1_14' title='bbox 1636 431 1756 471; x_wconf 88' lang='lat' dir='ltr'><strong>esse</strong></span> <span class='ocrx_word' id='word_1_15' title='bbox 1787 421 1828 478; x_wconf 81' lang='grc' dir='ltr'>Α</span> <span class='ocrx_word' id='word_1_16' title='bbox 1861 428 1914 472; x_wconf 88' lang='grc' dir='ltr'><strong>ει</strong></span> <span class='ocrx_word' id='word_1_17' title='bbox 1959 416 2102 471; x_wconf 83' lang='lat' dir='ltr'><strong>aliud</strong></span> <span class='ocrx_word' id='word_1_18' title='bbox 2142 415 2258 484; x_wconf 84' lang='lat' dir='ltr'><strong>ejus</strong></span> <span class='ocrx_word' id='word_1_19' title='bbox 2310 417 2567 472; x_wconf 85' lang='lat' dir='ltr'><strong>deﬁnitio.</strong></span> <span class='ocrx_word' id='word_1_20' title='bbox 2626 417 2765 470; x_wconf 71' lang='grc' dir='ltr'>ὓπερ.</span> <span class='ocrx_word' id='word_1_21' title='bbox 2803 417 2959 472; x_wconf 79' lang='lat' dir='ltr'><strong>Aliud</strong></span> <span class='ocrx_word' id='word_1_22' title='bbox 2984 431 3103 472; x_wconf 91' lang='lat' dir='ltr'><strong>esse</strong></span> <span class='ocrx_word' id='word_1_23' title='bbox 3136 417 3310 472; x_wconf 90' lang='lat' dir='ltr'><strong>video.</strong></span> <span class='ocrx_word' id='word_1_24' title='bbox 3337 417 3444 475; x_wconf 89' lang='lat' dir='ltr'><strong>Sed</strong></span> 
     </span>
    </p>
   </div>
   <div class='ocr_carea' id='block_1_3' title="bbox 203 504 3455 580">
    <p class='ocr_par' dir='ltr' id='par_1_3' title="bbox 203 504 3455 580">
     <span class='ocr_line' id='line_1_3' title="bbox 203 504 3455 580; baseline -0 -16"><span class='ocrx_word' id='word_1_25' title='bbox 203 507 406 565; x_wconf 84' lang='lat' dir='ltr'><strong>censes?</strong></span> <span class='ocrx_word' id='word_1_26' title='bbox 441 507 585 560; x_wconf 88' lang='lat' dir='ltr'><strong>Dtsc.</strong></span> <span class='ocrx_word' id='word_1_27' title='bbox 615 505 670 559; x_wconf 91' lang='lat' dir='ltr'><strong>In</strong></span> <span class='ocrx_word' id='word_1_28' title='bbox 700 520 762 560; x_wconf 89' lang='lat' dir='ltr'><strong>ea</strong></span> <span class='ocrx_word' id='word_1_29' title='bbox 790 505 1050 574; x_wconf 80' lang='lat' dir='ltr'><strong>profecto,</strong></span> <span class='ocrx_word' id='word_1_30' title='bbox 1083 521 1221 575; x_wconf 88' lang='lat' dir='ltr'><strong>quae</strong></span> <span class='ocrx_word' id='word_1_31' title='bbox 1249 505 1498 575; x_wconf 69' lang='lat' dir='ltr'><strong>intelligit</strong></span> <span class='ocrx_word' id='word_1_32' title='bbox 1521 515 1577 560; x_wconf 93' lang='lat' dir='ltr'><strong>et</strong></span> <span class='ocrx_word' id='word_1_33' title='bbox 1606 504 1765 560; x_wconf 86' lang='lat' dir='ltr'><strong>intel-</strong></span> <span class='ocrx_word' id='word_1_34' title='bbox 1877 509 2204 572; x_wconf 90' lang='lat' dir='ltr'><strong>intellectus,</strong></span> <span class='ocrx_word' id='word_1_35' title='bbox 2231 510 2320 578; x_wconf 88' lang='lat' dir='ltr'><strong>qui</strong></span> <span class='ocrx_word' id='word_1_36' title='bbox 2359 509 2591 578; x_wconf 88' lang='lat' dir='ltr'><strong>seipsum</strong></span> <span class='ocrx_word' id='word_1_37' title='bbox 2631 508 2896 577; x_wconf 83' lang='lat' dir='ltr'><strong>intelligit,</strong></span> <span class='ocrx_word' id='word_1_38' title='bbox 2933 508 3187 580; x_wconf 86' lang='lat' dir='ltr'><strong>quoniam</strong></span> <span class='ocrx_word' id='word_1_39' title='bbox 3217 510 3455 578; x_wconf 89' lang='lat' dir='ltr'><strong>seipsum</strong></span> 
     </span>
    </p>
   </div>
   <div class='ocr_carea' id='block_1_4' title="bbox 200 595 3458 668">
    <p class='ocr_par' dir='ltr' id='par_1_4' title="bbox 200 595 3458 668">
     <span class='ocr_line' id='line_1_4' title="bbox 200 595 3458 668; baseline 0 -15"><span class='ocrx_word' id='word_1_40' title='bbox 200 597 388 668; x_wconf 88' lang='lat' dir='ltr'><strong>ligitnr.</strong></span> <span class='ocrx_word' id='word_1_41' title='bbox 421 597 572 650; x_wconf 80' lang='lat' dir='ltr'><strong>Actio</strong></span> <span class='ocrx_word' id='word_1_42' title='bbox 598 596 865 664; x_wconf 79' lang='lat' dir='ltr'><strong>siquidem</strong></span> <span class='ocrx_word' id='word_1_43' title='bbox 896 595 1228 650; x_wconf 71' lang='lat' dir='ltr'><strong>definitionis</strong></span> <span class='ocrx_word' id='word_1_44' title='bbox 1285 596 1660 650; x_wconf 77' lang='lat' dir='ltr'><strong>ratiocinantis</strong></span> <span class='ocrx_word' id='word_1_45' title='bbox 1689 596 1768 651; x_wconf 89' lang='lat' dir='ltr'><strong>in-</strong></span> <span class='ocrx_word' id='word_1_46' title='bbox 1871 598 2079 661; x_wconf 85' lang='lat' dir='ltr'><strong>deﬁnit,</strong></span> <span class='ocrx_word' id='word_1_47' title='bbox 2105 600 2304 652; x_wconf 83' lang='lat' dir='ltr'><strong>suimet</strong></span> <span class='ocrx_word' id='word_1_48' title='bbox 2334 599 2483 652; x_wconf 90' lang='lat' dir='ltr'><strong>locus</strong></span> <span class='ocrx_word' id='word_1_49' title='bbox 2509 613 2628 652; x_wconf 91' lang='lat' dir='ltr'><strong>esse</strong></span> <span class='ocrx_word' id='word_1_50' title='bbox 2658 599 2887 652; x_wconf 88' lang='lat' dir='ltr'><strong>videtur.</strong></span> <span class='ocrx_word' id='word_1_51' title='bbox 2929 599 3066 653; x_wconf 75' lang='lat' dir='ltr'><strong>MAG.</strong></span> <span class='ocrx_word' id='word_1_52' title='bbox 3100 598 3209 652; x_wconf 82' lang='lat' dir='ltr'><strong>Nec</strong></span> <span class='ocrx_word' id='word_1_53' title='bbox 3237 599 3335 652; x_wconf 86' lang='lat' dir='ltr'><strong>hoc</strong></span> <span class='ocrx_word' id='word_1_54' title='bbox 3365 599 3458 654; x_wconf 86' lang='lat' dir='ltr'><strong>ab-</strong></span> 
     </span>
    </p>
   </div>
   <div class='ocr_carea' id='block_1_5' title="bbox 200 685 3453 758">
    <p class='ocr_par' dir='ltr' id='par_1_5' title="bbox 200 685 3453 758">
     <span class='ocr_line' id='line_1_5' title="bbox 200 685 3453 758; baseline -0.001 -13"><span class='ocrx_word' id='word_1_55' title='bbox 200 688 577 758; x_wconf 88' lang='lat' dir='ltr'><strong>tclligentisque</strong></span> <span class='ocrx_word' id='word_1_56' title='bbox 604 697 830 742; x_wconf 88' lang='lat' dir='ltr'><strong>naturae</strong></span> <span class='ocrx_word' id='word_1_57' title='bbox 856 687 998 742; x_wconf 86' lang='lat' dir='ltr'><strong>actio</strong></span> <span class='ocrx_word' id='word_1_58' title='bbox 1035 698 1139 742; x_wconf 89' lang='lat' dir='ltr'><strong>est.</strong></span> <span class='ocrx_word' id='word_1_59' title='bbox 1169 686 1307 742; x_wconf 68' lang='lat' dir='ltr'><strong>Msa.</strong></span> <span class='ocrx_word' id='word_1_60' title='bbox 1360 685 1469 740; x_wconf 85' lang='lat' dir='ltr'><strong>Nec</strong></span> <span class='ocrx_word' id='word_1_61' title='bbox 1495 685 1651 740; x_wconf 87' lang='lat' dir='ltr'><strong>aliter</strong></span> <span class='ocrx_word' id='word_1_62' title='bbox 1685 689 1765 739; x_wconf 83' lang='lat' dir='ltr'><strong>vi-</strong></span> <span class='ocrx_word' id='word_1_63' title='bbox 1871 690 2032 741; x_wconf 86' lang='lat' dir='ltr'><strong>surde</strong></span> <span class='ocrx_word' id='word_1_64' title='bbox 2061 689 2184 756; x_wconf 86' lang='lat' dir='ltr'><strong>quis</strong></span> <span class='ocrx_word' id='word_1_65' title='bbox 2215 688 2434 751; x_wconf 80' lang='lat' dir='ltr'><strong>dixerit,</strong></span> <span class='ocrx_word' id='word_1_66' title='bbox 2472 688 2515 742; x_wconf 91' lang='lat' dir='ltr'><strong>si</strong></span> <span class='ocrx_word' id='word_1_67' title='bbox 2549 687 2687 742; x_wconf 90' lang='lat' dir='ltr'><strong>ullus</strong></span> <span class='ocrx_word' id='word_1_68' title='bbox 2717 688 3023 742; x_wconf 87' lang='lat' dir='ltr'><strong>intellectus</strong></span> <span class='ocrx_word' id='word_1_69' title='bbox 3051 699 3171 756; x_wconf 89' lang='lat' dir='ltr'><strong>post</strong></span> <span class='ocrx_word' id='word_1_70' title='bbox 3199 689 3240 719; x_wconf 78' lang='grc' dir='ltr'>ι’</span> <span class='ocrx_word' id='word_1_71' title='bbox 3269 690 3453 752; x_wconf 89' lang='lat' dir='ltr'><strong>Deum,</strong></span> 
     </span>
    </p>
   </div>
   <div class='ocr_carea' id='block_1_6' title="bbox 199 778 3462 850">
    <p class='ocr_par' dir='ltr' id='par_1_6' title="bbox 199 778 3462 850">
     <span class='ocr_line' id='line_1_6' title="bbox 199 778 3462 850; baseline -0 -15"><span class='ocrx_word' id='word_1_72' title='bbox 199 781 342 836; x_wconf 86' lang='lat' dir='ltr'><strong>detur</strong></span> <span class='ocrx_word' id='word_1_73' title='bbox 366 796 484 834; x_wconf 89' lang='lat' dir='ltr'><strong>esse</strong></span> <span class='ocrx_word' id='word_1_74' title='bbox 509 794 686 849; x_wconf 87' lang='lat' dir='ltr'><strong>posse.</strong></span> <span class='ocrx_word' id='word_1_75' title='bbox 718 778 874 833; x_wconf 84' lang='lat' dir='ltr'><strong>Nulla</strong></span> <span class='ocrx_word' id='word_1_76' title='bbox 923 780 1067 833; x_wconf 90' lang='lat' dir='ltr'><strong>enim</strong></span> <span class='ocrx_word' id='word_1_77' title='bbox 1118 787 1335 844; x_wconf 89' lang='lat' dir='ltr'><strong>natura,</strong></span> <span class='ocrx_word' id='word_1_78' title='bbox 1366 794 1505 849; x_wconf 88' lang='lat' dir='ltr'><strong>quae</strong></span> <span class='ocrx_word' id='word_1_79' title='bbox 1531 779 1766 847; x_wconf 87' lang='lat' dir='ltr'><strong>seipsam</strong></span> <span class='ocrx_word' id='word_1_80' title='bbox 1871 780 1961 846; x_wconf 89' lang='lat' dir='ltr'><strong>qui</strong></span> <span class='ocrx_word' id='word_1_81' title='bbox 1990 779 2291 850; x_wconf 80' lang='lat' dir='ltr'><strong>intellectus</strong></span> <span class='ocrx_word' id='word_1_82' title='bbox 2315 781 2554 834; x_wconf 90' lang='lat' dir='ltr'><strong>omnium</strong></span> <span class='ocrx_word' id='word_1_83' title='bbox 2597 781 2813 844; x_wconf 77' lang='lat' dir='ltr'><strong>dicitur,</strong></span> <span class='ocrx_word' id='word_1_84' title='bbox 2844 781 3078 850; x_wconf 89' lang='lat' dir='ltr'><strong>seipsum</strong></span> <span class='ocrx_word' id='word_1_85' title='bbox 3105 789 3283 849; x_wconf 86' lang='lat' dir='ltr'><strong>potest</strong></span> <span class='ocrx_word' id='word_1_86' title='bbox 3311 781 3462 835; x_wconf 86' lang='lat' dir='ltr'><strong>intel-</strong></span> 
     </span>
    </p>
   </div>
   <div class='ocr_carea' id='block_1_7' title="bbox 199 848 3460 942">
    <p class='ocr_par' dir='ltr' id='par_1_7' title="bbox 199 848 3460 942">
     <span class='ocr_line' id='line_1_7' title="bbox 199 848 3460 942; baseline -0.001 -16"><span class='ocrx_word' id='word_1_87' title='bbox 199 888 295 927; x_wconf 87' lang='lat' dir='ltr'><strong>non</strong></span> <span class='ocrx_word' id='word_1_88' title='bbox 335 848 578 941; x_wconf 77' lang='lat' dir='ltr'><strong>intelligit</strong></span> <span class='ocrx_word' id='word_1_89' title='bbox 605 886 744 935; x_wconf 90' lang='lat' dir='ltr'><strong>esse,</strong></span> <span class='ocrx_word' id='word_1_90' title='bbox 783 879 877 924; x_wconf 87' lang='lat' dir='ltr'><strong>ant</strong></span> <span class='ocrx_word' id='word_1_91' title='bbox 901 870 983 925; x_wconf 91' lang='lat' dir='ltr'><strong>sui</strong></span> <span class='ocrx_word' id='word_1_92' title='bbox 1009 869 1311 939; x_wconf 88' lang='lat' dir='ltr'><strong>aequalem,</strong></span> <span class='ocrx_word' id='word_1_93' title='bbox 1336 848 1429 922; x_wconf 87' lang='lat' dir='ltr'><strong>aut</strong></span> <span class='ocrx_word' id='word_1_94' title='bbox 1456 883 1516 924; x_wconf 89' lang='lat' dir='ltr'><strong>se</strong></span> <span class='ocrx_word' id='word_1_95' title='bbox 1550 867 1768 922; x_wconf 82' lang='lat' dir='ltr'><strong>inferio—</strong></span> <span class='ocrx_word' id='word_1_96' title='bbox 1871 848 2073 940; x_wconf 51' lang='lat' dir='ltr'><strong>ligere?</strong></span> <span class='ocrx_word' id='word_1_97' title='bbox 2102 869 2160 923; x_wconf 92' lang='lat' dir='ltr'><strong>Si</strong></span> <span class='ocrx_word' id='word_1_98' title='bbox 2191 879 2370 924; x_wconf 81' lang='lat' dir='ltr'><strong>autem</strong></span> <span class='ocrx_word' id='word_1_99' title='bbox 2395 871 2571 924; x_wconf 90' lang='lat' dir='ltr'><strong>omnis</strong></span> <span class='ocrx_word' id='word_1_100' title='bbox 2596 869 2900 942; x_wconf 83' lang='lat' dir='ltr'><strong>intellectus</strong></span> <span class='ocrx_word' id='word_1_101' title='bbox 2924 848 3138 938; x_wconf 84' lang='lat' dir='ltr'><strong>praeter</strong></span> <span class='ocrx_word' id='word_1_102' title='bbox 3164 869 3329 923; x_wconf 89' lang='lat' dir='ltr'><strong>Deum</strong></span> <span class='ocrx_word' id='word_1_103' title='bbox 3357 885 3460 922; x_wconf 87' lang='lat' dir='ltr'><strong>non</strong></span> 
     </span>
    </p>
   </div>
   <div class='ocr_carea' id='block_1_8' title="bbox 201 960 3468 1033">
    <p class='ocr_par' dir='ltr' id='par_1_8' title="bbox 201 960 3468 1033">
     <span class='ocr_line' id='line_1_8' title="bbox 201 960 3468 1033; baseline -0.001 -15"><span class='ocrx_word' id='word_1_104' title='bbox 201 979 300 1018; x_wconf 86' lang='lat' dir='ltr'><strong>rem</strong></span> <span class='ocrx_word' id='word_1_105' title='bbox 317 971 488 1033; x_wconf 85' lang='lat' dir='ltr'><strong>potest</strong></span> <span class='ocrx_word' id='word_1_106' title='bbox 509 961 756 1015; x_wconf 86' lang='lat' dir='ltr'><strong>deﬁnire.</strong></span> <span class='ocrx_word' id='word_1_107' title='bbox 786 961 920 1016; x_wconf 81' lang='lat' dir='ltr'><strong>Nam</strong></span> <span class='ocrx_word' id='word_1_108' title='bbox 943 964 1084 1030; x_wconf 90' lang='lat' dir='ltr'><strong>quod</strong></span> <span class='ocrx_word' id='word_1_109' title='bbox 1112 975 1274 1030; x_wconf 87' lang='lat' dir='ltr'><strong>supra</strong></span> <span class='ocrx_word' id='word_1_110' title='bbox 1297 976 1354 1015; x_wconf 87' lang='lat' dir='ltr'><strong>se</strong></span> <span class='ocrx_word' id='word_1_111' title='bbox 1377 969 1478 1022; x_wconf 89' lang='lat' dir='ltr'><strong>est,</strong></span> <span class='ocrx_word' id='word_1_112' title='bbox 1498 960 1769 1030; x_wconf 91' lang='lat' dir='ltr'><strong>quomodo</strong></span> <span class='ocrx_word' id='word_1_113' title='bbox 1873 976 1904 1012; x_wconf 90' lang='lat' dir='ltr'><strong>a</strong></span> <span class='ocrx_word' id='word_1_114' title='bbox 1934 961 2132 1029; x_wconf 83' lang='lat' dir='ltr'><strong>seipse,</strong></span> <span class='ocrx_word' id='word_1_115' title='bbox 2160 961 2255 1015; x_wconf 84' lang='lat' dir='ltr'><strong>sed</strong></span> <span class='ocrx_word' id='word_1_116' title='bbox 2307 977 2334 1013; x_wconf 89' lang='lat' dir='ltr'><strong>a</strong></span> <span class='ocrx_word' id='word_1_117' title='bbox 2379 961 2642 1030; x_wconf 87' lang='lat' dir='ltr'><strong>superiori</strong></span> <span class='ocrx_word' id='word_1_118' title='bbox 2672 976 2728 1014; x_wconf 91' lang='lat' dir='ltr'><strong>se</strong></span> <span class='ocrx_word' id='word_1_119' title='bbox 2759 961 3245 1027; x_wconf 84' lang='lat' dir='ltr'><strong>circumscribitur,</strong></span> <span class='ocrx_word' id='word_1_120' title='bbox 3286 961 3468 1017; x_wconf 83' lang='lat' dir='ltr'><strong>nullus</strong></span> 
     </span>
    </p>
   </div>
   <div class='ocr_carea' id='block_1_9' title="bbox 198 1051 3464 1127">
    <p class='ocr_par' dir='ltr' id='par_1_9' title="bbox 198 1051 3464 1127">
     <span class='ocr_line' id='line_1_9' title="bbox 198 1051 3464 1127; baseline -0.001 -19"><span class='ocrx_word' id='word_1_121' title='bbox 198 1065 358 1127; x_wconf 84' lang='lat' dir='ltr'><strong>potest</strong></span> <span class='ocrx_word' id='word_1_122' title='bbox 402 1069 730 1125; x_wconf 88' lang='lat' dir='ltr'><strong>cognoscere</strong></span> <span class='ocrx_word' id='word_1_123' title='bbox 757 1095 772 1118; x_wconf 90' lang='lat'><strong>,</strong></span> <span class='ocrx_word' id='word_1_124' title='bbox 817 1054 940 1108; x_wconf 89' lang='lat' dir='ltr'><strong>dum</strong></span> <span class='ocrx_word' id='word_1_125' title='bbox 989 1055 1106 1124; x_wconf 90' lang='lat' dir='ltr'><strong>ejus</strong></span> <span class='ocrx_word' id='word_1_126' title='bbox 1147 1053 1393 1107; x_wconf 89' lang='lat' dir='ltr'><strong>notitiam</strong></span> <span class='ocrx_word' id='word_1_127' title='bbox 1440 1069 1545 1108; x_wconf 92' lang='lat' dir='ltr'><strong>non</strong></span> <span class='ocrx_word' id='word_1_128' title='bbox 1595 1053 1772 1108; x_wconf 87' lang='lat' dir='ltr'><strong>valeat</strong></span> <span class='ocrx_word' id='word_1_129' title='bbox 1874 1051 2177 1108; x_wconf 86' lang='lat' dir='ltr'><strong>intellectus</strong></span> <span class='ocrx_word' id='word_1_130' title='bbox 2203 1054 2402 1107; x_wconf 89' lang='lat' dir='ltr'><strong>suimet</strong></span> <span class='ocrx_word' id='word_1_131' title='bbox 2431 1054 2579 1108; x_wconf 86' lang='lat' dir='ltr'><strong>locus</strong></span> <span class='ocrx_word' id='word_1_132' title='bbox 2600 1055 2724 1117; x_wconf 88' lang='lat' dir='ltr'><strong>erit,</strong></span> <span class='ocrx_word' id='word_1_133' title='bbox 2749 1054 2840 1108; x_wconf 91' lang='lat' dir='ltr'><strong>sed</strong></span> <span class='ocrx_word' id='word_1_134' title='bbox 2871 1054 3010 1107; x_wconf 90' lang='lat' dir='ltr'><strong>intra</strong></span> <span class='ocrx_word' id='word_1_135' title='bbox 3040 1055 3375 1122; x_wconf 86' lang='lat' dir='ltr'><strong>superiorem</strong></span> <span class='ocrx_word' id='word_1_136' title='bbox 3404 1069 3464 1108; x_wconf 86' lang='lat' dir='ltr'><strong>se</strong></span> 
     </span>
    </p>
   </div>
   <div class='ocr_carea' id='block_1_10' title="bbox 201 1142 3468 1216">
    <p class='ocr_par' dir='ltr' id='par_1_10' title="bbox 201 1142 3468 1216">
     <span class='ocr_line' id='line_1_10' title="bbox 201 1142 3468 1216; baseline 0.001 -18"><span class='ocrx_word' id='word_1_137' title='bbox 201 1145 509 1215; x_wconf 77' lang='lat' dir='ltr'><strong>snperare‘?</strong></span> <span class='ocrx_word' id='word_1_138' title='bbox 538 1144 684 1200; x_wconf 88' lang='lat' dir='ltr'><strong>Dtsc.</strong></span> <span class='ocrx_word' id='word_1_139' title='bbox 717 1143 899 1200; x_wconf 87' lang='lat' dir='ltr'><strong>Solius</strong></span> <span class='ocrx_word' id='word_1_140' title='bbox 925 1159 1056 1216; x_wconf 87' lang='lat' dir='ltr'><strong>ergo</strong></span> <span class='ocrx_word' id='word_1_141' title='bbox 1101 1142 1482 1199; x_wconf 88' lang='lat' dir='ltr'><strong>intellectualis</strong></span> <span class='ocrx_word' id='word_1_142' title='bbox 1524 1151 1767 1208; x_wconf 89' lang='lat' dir='ltr'><strong>naturae,</strong></span> <span class='ocrx_word' id='word_1_143' title='bbox 1874 1143 2243 1199; x_wconf 90' lang='lat' dir='ltr'><strong>collocabitur.</strong></span> <span class='ocrx_word' id='word_1_144' title='bbox 2273 1145 2340 1198; x_wconf 87' lang='lat' dir='ltr'><strong>Et</strong></span> <span class='ocrx_word' id='word_1_145' title='bbox 2371 1145 2474 1199; x_wconf 87' lang='lat' dir='ltr'><strong>hoe</strong></span> <span class='ocrx_word' id='word_1_146' title='bbox 2516 1145 2676 1214; x_wconf 87' lang='lat' dir='ltr'><strong>paulo</strong></span> <span class='ocrx_word' id='word_1_147' title='bbox 2715 1146 2961 1214; x_wconf 88' lang='lat' dir='ltr'><strong>superius</strong></span> <span class='ocrx_word' id='word_1_148' title='bbox 2998 1161 3176 1200; x_wconf 87' lang='lat' dir='ltr'><strong>nonne</strong></span> <span class='ocrx_word' id='word_1_149' title='bbox 3199 1160 3468 1204; x_wconf 70' lang='lat' dir='ltr'><strong>convene~</strong></span> 
     </span>
    </p>
   </div>
   <div class='ocr_carea' id='block_1_11' title="bbox 197 1234 3467 1306">
    <p class='ocr_par' dir='ltr' id='par_1_11' title="bbox 197 1234 3467 1306">
     <span class='ocr_line' id='line_1_11' title="bbox 197 1234 3467 1306; baseline 0.001 -18"><span class='ocrx_word' id='word_1_150' title='bbox 197 1252 323 1306; x_wconf 91' lang='lat' dir='ltr'><strong>quae</strong></span> <span class='ocrx_word' id='word_1_151' title='bbox 362 1237 414 1290; x_wconf 91' lang='lat' dir='ltr'><strong>in</strong></span> <span class='ocrx_word' id='word_1_152' title='bbox 445 1237 665 1291; x_wconf 85' lang='lat' dir='ltr'><strong>homine</strong></span> <span class='ocrx_word' id='word_1_153' title='bbox 709 1236 1008 1306; x_wconf 89' lang='lat' dir='ltr'><strong>angeloque</strong></span> <span class='ocrx_word' id='word_1_154' title='bbox 1037 1234 1408 1299; x_wconf 89' lang='lat' dir='ltr'><strong>constituitur,</strong></span> <span class='ocrx_word' id='word_1_155' title='bbox 1443 1234 1773 1289; x_wconf 86' lang='lat' dir='ltr'><strong>deﬁnitionis</strong></span> <span class='ocrx_word' id='word_1_156' title='bbox 1878 1244 1961 1288; x_wconf 89' lang='lat' dir='ltr'><strong>rat</strong></span> <span class='ocrx_word' id='word_1_157' title='bbox 1987 1235 2052 1300; x_wconf 83' lang='lat'><strong>&quot;,</strong></span> <span class='ocrx_word' id='word_1_158' title='bbox 2086 1251 2190 1290; x_wconf 91' lang='lat' dir='ltr'><strong>non</strong></span> <span class='ocrx_word' id='word_1_159' title='bbox 2220 1236 2378 1290; x_wconf 89' lang='lat' dir='ltr'><strong>aliter</strong></span> <span class='ocrx_word' id='word_1_160' title='bbox 2415 1237 2570 1291; x_wconf 85' lang='lat' dir='ltr'><strong>esse?</strong></span> <span class='ocrx_word' id='word_1_161' title='bbox 2611 1237 2752 1290; x_wconf 78' lang='lat' dir='ltr'><strong>Disc.</strong></span> <span class='ocrx_word' id='word_1_162' title='bbox 2789 1235 2861 1290; x_wconf 89' lang='lat' dir='ltr'><strong>De</strong></span> <span class='ocrx_word' id='word_1_163' title='bbox 2894 1237 2996 1291; x_wconf 92' lang='lat' dir='ltr'><strong>hoc</strong></span> <span class='ocrx_word' id='word_1_164' title='bbox 3022 1236 3148 1290; x_wconf 80' lang='lat' dir='ltr'><strong>alibi</strong></span> <span class='ocrx_word' id='word_1_165' title='bbox 3174 1235 3334 1291; x_wconf 84' lang='lat' dir='ltr'><strong>latius</strong></span> <span class='ocrx_word' id='word_1_166' title='bbox 3358 1237 3467 1291; x_wconf 80' lang='lat' dir='ltr'><strong>dis-</strong></span> 
     </span>
    </p>
   </div>
   <div class='ocr_carea' id='block_1_12' title="bbox 199 1325 2456 1399">
    <p class='ocr_par' dir='ltr' id='par_1_12' title="bbox 199 1325 2456 1399">
     <span class='ocr_line' id='line_1_12' title="bbox 199 1325 2456 1399; baseline -0.003 -17"><span class='ocrx_word' id='word_1_167' title='bbox 199 1329 371 1399; x_wconf 88' lang='lat' dir='ltr'><strong>peritia</strong></span> <span class='ocrx_word' id='word_1_168' title='bbox 390 1338 492 1382; x_wconf 87' lang='lat' dir='ltr'><strong>est.</strong></span> <span class='ocrx_word' id='word_1_169' title='bbox 541 1327 646 1382; x_wconf 91' lang='lat' dir='ltr'><strong>Sed</strong></span> <span class='ocrx_word' id='word_1_170' title='bbox 696 1338 875 1381; x_wconf 83' lang='lat' dir='ltr'><strong>utrum</strong></span> <span class='ocrx_word' id='word_1_171' title='bbox 918 1326 1145 1397; x_wconf 78' lang='lat' dir='ltr'><strong>angelus</strong></span> <span class='ocrx_word' id='word_1_172' title='bbox 1178 1334 1272 1380; x_wconf 86' lang='lat' dir='ltr'><strong>aut</strong></span> <span class='ocrx_word' id='word_1_173' title='bbox 1318 1326 1481 1380; x_wconf 90' lang='lat' dir='ltr'><strong>homo</strong></span> <span class='ocrx_word' id='word_1_174' title='bbox 1511 1327 1772 1396; x_wconf 88' lang='lat' dir='ltr'><strong>seipsum,</strong></span> <span class='ocrx_word' id='word_1_175' title='bbox 1881 1325 2178 1394; x_wconf 84' lang='lat' dir='ltr'><strong>putandum</strong></span> <span class='ocrx_word' id='word_1_176' title='bbox 2209 1326 2456 1379; x_wconf 86' lang='lat' dir='ltr'><strong>aestimo.</strong></span> 
     </span>
    </p>
   </div>
   <div class='ocr_carea' id='block_1_13' title="bbox 197 1412 3473 1488">
    <p class='ocr_par' dir='ltr' id='par_1_13' title="bbox 197 1412 3473 1488">
     <span class='ocr_line' id='line_1_13' title="bbox 197 1412 3473 1488; baseline -0.001 -18"><span class='ocrx_word' id='word_1_177' title='bbox 197 1427 274 1470; x_wconf 92' lang='lat' dir='ltr'><strong>ant</strong></span> <span class='ocrx_word' id='word_1_178' title='bbox 306 1419 464 1471; x_wconf 88' lang='lat' dir='ltr'><strong>homo</strong></span> <span class='ocrx_word' id='word_1_179' title='bbox 495 1417 766 1488; x_wconf 87' lang='lat' dir='ltr'><strong>angelum,</strong></span> <span class='ocrx_word' id='word_1_180' title='bbox 793 1425 885 1471; x_wconf 90' lang='lat' dir='ltr'><strong>aut</strong></span> <span class='ocrx_word' id='word_1_181' title='bbox 909 1416 1135 1484; x_wconf 76' lang='lat' dir='ltr'><strong>angelus</strong></span> <span class='ocrx_word' id='word_1_182' title='bbox 1170 1415 1440 1469; x_wconf 90' lang='lat' dir='ltr'><strong>hominem</strong></span> <span class='ocrx_word' id='word_1_183' title='bbox 1473 1414 1646 1484; x_wconf 88' lang='lat' dir='ltr'><strong>possit</strong></span> <span class='ocrx_word' id='word_1_184' title='bbox 1681 1415 1774 1470; x_wconf 86' lang='lat' dir='ltr'><strong>de-</strong></span> <span class='ocrx_word' id='word_1_185' title='bbox 1946 1413 2039 1467; x_wconf 65' lang='grc'><strong>44.</strong></span> <span class='ocrx_word' id='word_1_186' title='bbox 2099 1413 2250 1469; x_wconf 79' lang='lat' dir='ltr'><strong>Nunc</strong></span> <span class='ocrx_word' id='word_1_187' title='bbox 2303 1423 2481 1469; x_wconf 91' lang='lat' dir='ltr'><strong>autem</strong></span> <span class='ocrx_word' id='word_1_188' title='bbox 2529 1415 2573 1446; x_wconf 74' lang='grc'><strong>¹¹⁶</strong></span> <span class='ocrx_word' id='word_1_189' title='bbox 2617 1415 2776 1468; x_wconf 89' lang='lat' dir='ltr'><strong>velim</strong></span> <span class='ocrx_word' id='word_1_190' title='bbox 2803 1415 2964 1479; x_wconf 90' lang='lat' dir='ltr'><strong>scire,</strong></span> <span class='ocrx_word' id='word_1_191' title='bbox 3012 1421 3194 1468; x_wconf 91' lang='lat' dir='ltr'><strong>utrum</strong></span> <span class='ocrx_word' id='word_1_192' title='bbox 3224 1412 3364 1469; x_wconf 87' lang='lat' dir='ltr'><strong>aliud</strong></span> <span class='ocrx_word' id='word_1_193' title='bbox 3387 1423 3473 1469; x_wconf 83' lang='lat' dir='ltr'><strong>est</strong></span> 
     </span>
    </p>
   </div>
   <div class='ocr_carea' id='block_1_14' title="bbox 199 1505 3472 1577">
    <p class='ocr_par' dir='ltr' id='par_1_14' title="bbox 199 1505 3472 1577">
     <span class='ocr_line' id='line_1_14' title="bbox 199 1505 3472 1577; baseline -0 -17"><span class='ocrx_word' id='word_1_194' title='bbox 199 1507 358 1571; x_wconf 83' lang='lat' dir='ltr'><strong>ﬁnire,</strong></span> <span class='ocrx_word' id='word_1_195' title='bbox 383 1524 491 1562; x_wconf 87' lang='lat' dir='ltr'><strong>non</strong></span> <span class='ocrx_word' id='word_1_196' title='bbox 519 1523 685 1574; x_wconf 85' lang='lat' dir='ltr'><strong>parva</strong></span> <span class='ocrx_word' id='word_1_197' title='bbox 716 1509 963 1577; x_wconf 85' lang='lat' dir='ltr'><strong>quaestio</strong></span> <span class='ocrx_word' id='word_1_198' title='bbox 995 1516 1098 1562; x_wconf 91' lang='lat' dir='ltr'><strong>est.</strong></span> <span class='ocrx_word' id='word_1_199' title='bbox 1134 1508 1208 1562; x_wconf 92' lang='lat' dir='ltr'><strong>De</strong></span> <span class='ocrx_word' id='word_1_200' title='bbox 1235 1521 1363 1576; x_wconf 90' lang='lat' dir='ltr'><strong>qua,</strong></span> <span class='ocrx_word' id='word_1_201' title='bbox 1395 1507 1523 1577; x_wconf 90' lang='lat' dir='ltr'><strong>quid</strong></span> <span class='ocrx_word' id='word_1_202' title='bbox 1553 1506 1645 1561; x_wconf 89' lang='lat' dir='ltr'><strong>tibi</strong></span> <span class='ocrx_word' id='word_1_203' title='bbox 1690 1507 1772 1561; x_wconf 86' lang='lat' dir='ltr'><strong>vi-</strong></span> <span class='ocrx_word' id='word_1_204' title='bbox 1878 1513 2070 1559; x_wconf 88' lang='lat' dir='ltr'><strong>natura</strong></span> <span class='ocrx_word' id='word_1_205' title='bbox 2101 1506 2267 1560; x_wconf 90' lang='lat' dir='ltr'><strong>animi</strong></span> <span class='ocrx_word' id='word_1_206' title='bbox 2303 1506 2630 1570; x_wconf 74' lang='lat' dir='ltr'><strong>definientis,</strong></span> <span class='ocrx_word' id='word_1_207' title='bbox 2690 1506 2742 1559; x_wconf 89' lang='lat' dir='ltr'><strong>id</strong></span> <span class='ocrx_word' id='word_1_208' title='bbox 2779 1518 2883 1571; x_wconf 88' lang='lat' dir='ltr'><strong>est,</strong></span> <span class='ocrx_word' id='word_1_209' title='bbox 2930 1520 3111 1570; x_wconf 88' lang='lat' dir='ltr'><strong>omne,</strong></span> <span class='ocrx_word' id='word_1_210' title='bbox 3140 1505 3282 1575; x_wconf 88' lang='lat' dir='ltr'><strong>quod</strong></span> <span class='ocrx_word' id='word_1_211' title='bbox 3310 1507 3377 1560; x_wconf 85' lang='lat' dir='ltr'><strong>ab</strong></span> <span class='ocrx_word' id='word_1_212' title='bbox 3407 1519 3472 1560; x_wconf 87' lang='lat' dir='ltr'><strong>eo</strong></span> 
     </span>
    </p>
   </div>
   <div class='ocr_carea' id='block_1_15' title="bbox 198 1595 3472 1669">
    <p class='ocr_par' dir='ltr' id='par_1_15' title="bbox 198 1595 3472 1669">
     <span class='ocr_line' id='line_1_15' title="bbox 198 1595 3472 1669; baseline -0.001 -16"><span class='ocrx_word' id='word_1_213' title='bbox 198 1600 357 1662; x_wconf 88' lang='lat' dir='ltr'><strong>detur,</strong></span> <span class='ocrx_word' id='word_1_214' title='bbox 391 1615 556 1654; x_wconf 89' lang='lat' dir='ltr'><strong>nosse</strong></span> <span class='ocrx_word' id='word_1_215' title='bbox 586 1601 763 1669; x_wconf 89' lang='lat' dir='ltr'><strong>cupio.</strong></span> <span class='ocrx_word' id='word_1_216' title='bbox 788 1598 928 1655; x_wconf 73' lang='lat' dir='ltr'><strong>MAG.</strong></span> <span class='ocrx_word' id='word_1_217' title='bbox 962 1599 1187 1653; x_wconf 83' lang='lat' dir='ltr'><strong>Videtur</strong></span> <span class='ocrx_word' id='word_1_218' title='bbox 1238 1599 1368 1653; x_wconf 89' lang='lat' dir='ltr'><strong>mihi</strong></span> <span class='ocrx_word' id='word_1_219' title='bbox 1411 1613 1585 1667; x_wconf 89' lang='lat' dir='ltr'><strong>neque</strong></span> <span class='ocrx_word' id='word_1_220' title='bbox 1635 1600 1778 1669; x_wconf 77' lang='lat' dir='ltr'><strong>seip-</strong></span> <span class='ocrx_word' id='word_1_221' title='bbox 1879 1595 2212 1666; x_wconf 83' lang='lat' dir='ltr'><strong>intelligitur,</strong></span> <span class='ocrx_word' id='word_1_222' title='bbox 2237 1597 2695 1666; x_wconf 85' lang='lat' dir='ltr'><strong>cognitionisloco</strong></span> <span class='ocrx_word' id='word_1_223' title='bbox 2709 1595 3472 1667; x_wconf 86' lang='lat' dir='ltr'><strong>comprehendentis.etaliud</strong></span> 
     </span>
    </p>
   </div>
   <div class='ocr_carea' id='block_1_16' title="bbox 199 1683 3474 1758">
    <p class='ocr_par' dir='ltr' id='par_1_16' title="bbox 199 1683 3474 1758">
     <span class='ocr_line' id='line_1_16' title="bbox 199 1683 3474 1758; baseline -0 -18"><span class='ocrx_word' id='word_1_224' title='bbox 199 1703 295 1751; x_wconf 79' lang='lat' dir='ltr'><strong>sos,</strong></span> <span class='ocrx_word' id='word_1_225' title='bbox 335 1703 513 1757; x_wconf 84' lang='lat' dir='ltr'><strong>neque</strong></span> <span class='ocrx_word' id='word_1_226' title='bbox 550 1688 694 1742; x_wconf 90' lang='lat' dir='ltr'><strong>inter</strong></span> <span class='ocrx_word' id='word_1_227' title='bbox 741 1703 800 1743; x_wconf 90' lang='lat' dir='ltr'><strong>se</strong></span> <span class='ocrx_word' id='word_1_228' title='bbox 830 1689 1060 1743; x_wconf 81' lang='lat' dir='ltr'><strong>invicem</strong></span> <span class='ocrx_word' id='word_1_229' title='bbox 1089 1687 1316 1742; x_wconf 82' lang='lat' dir='ltr'><strong>deﬁnire</strong></span> <span class='ocrx_word' id='word_1_230' title='bbox 1359 1702 1516 1758; x_wconf 89' lang='lat' dir='ltr'><strong>posse</strong></span> <span class='ocrx_word' id='word_1_231' title='bbox 1559 1690 1600 1742; x_wconf 83' lang='grc'>³.</span> <span class='ocrx_word' id='word_1_232' title='bbox 1639 1687 1774 1742; x_wconf 85' lang='lat' dir='ltr'><strong>Nam</strong></span> <span class='ocrx_word' id='word_1_233' title='bbox 1845 1687 2030 1755; x_wconf 72' lang='lat' dir='ltr'><strong>,locus</strong></span> <span class='ocrx_word' id='word_1_234' title='bbox 2057 1686 2191 1755; x_wconf 91' lang='lat' dir='ltr'><strong>ipse,</strong></span> <span class='ocrx_word' id='word_1_235' title='bbox 2215 1702 2305 1741; x_wconf 90' lang='lat' dir='ltr'><strong>seu</strong></span> <span class='ocrx_word' id='word_1_236' title='bbox 2335 1687 2574 1740; x_wconf 89' lang='lat' dir='ltr'><strong>deﬁnitio</strong></span> <span class='ocrx_word' id='word_1_237' title='bbox 2617 1687 2774 1741; x_wconf 86' lang='lat' dir='ltr'><strong>locati</strong></span> <span class='ocrx_word' id='word_1_238' title='bbox 2801 1687 2881 1741; x_wconf 89' lang='lat' dir='ltr'><strong>vel</strong></span> <span class='ocrx_word' id='word_1_239' title='bbox 2924 1685 3151 1741; x_wconf 84' lang='lat' dir='ltr'><strong>deﬁniti.</strong></span> <span class='ocrx_word' id='word_1_240' title='bbox 3193 1683 3332 1741; x_wconf 65' lang='lat' dir='ltr'><strong>Mss.</strong></span> <span class='ocrx_word' id='word_1_241' title='bbox 3362 1683 3474 1740; x_wconf 84' lang='lat' dir='ltr'><strong>Nec</strong></span> 
     </span>
    </p>
   </div>
   <div class='ocr_carea' id='block_1_17' title="bbox 197 1773 3471 1850">
    <p class='ocr_par' dir='ltr' id='par_1_17' title="bbox 197 1773 3471 1850">
     <span class='ocr_line' id='line_1_17' title="bbox 197 1773 3471 1850; baseline -0.001 -17"><span class='ocrx_word' id='word_1_242' title='bbox 197 1779 237 1834; x_wconf 80' lang='lat' dir='ltr'><strong>si</strong></span> <span class='ocrx_word' id='word_1_243' title='bbox 276 1779 425 1832; x_wconf 88' lang='lat' dir='ltr'><strong>homo</strong></span> <span class='ocrx_word' id='word_1_244' title='bbox 450 1779 696 1848; x_wconf 86' lang='lat' dir='ltr'><strong>seipsum</strong></span> <span class='ocrx_word' id='word_1_245' title='bbox 722 1778 805 1833; x_wconf 88' lang='lat' dir='ltr'><strong>vel</strong></span> <span class='ocrx_word' id='word_1_246' title='bbox 827 1778 1075 1850; x_wconf 88' lang='lat' dir='ltr'><strong>angelum</strong></span> <span class='ocrx_word' id='word_1_247' title='bbox 1105 1777 1313 1840; x_wconf 87' lang='lat' dir='ltr'><strong>deﬁnit,</strong></span> <span class='ocrx_word' id='word_1_248' title='bbox 1370 1778 1542 1847; x_wconf 83' lang='lat' dir='ltr'><strong>major</strong></span> <span class='ocrx_word' id='word_1_249' title='bbox 1593 1781 1773 1850; x_wconf 91' lang='lat' dir='ltr'><strong>seipso</strong></span> <span class='ocrx_word' id='word_1_250' title='bbox 1804 1773 1849 1833; x_wconf 80' lang='grc' dir='ltr'><strong><em>Β</em></strong></span> <span class='ocrx_word' id='word_1_251' title='bbox 1878 1779 1981 1835; x_wconf 88' lang='lat' dir='ltr'><strong>hoc</strong></span> <span class='ocrx_word' id='word_1_252' title='bbox 2018 1780 2366 1850; x_wconf 89' lang='lat' dir='ltr'><strong>inquisitione</strong></span> <span class='ocrx_word' id='word_1_253' title='bbox 2397 1781 2672 1850; x_wconf 85' lang='lat' dir='ltr'><strong>indignum</strong></span> <span class='ocrx_word' id='word_1_254' title='bbox 2729 1795 2849 1834; x_wconf 87' lang='lat' dir='ltr'><strong>esse</strong></span> <span class='ocrx_word' id='word_1_255' title='bbox 2899 1780 3074 1834; x_wconf 85' lang='lat' dir='ltr'><strong>video.</strong></span> <span class='ocrx_word' id='word_1_256' title='bbox 3132 1777 3280 1832; x_wconf 82' lang='lat' dir='ltr'><strong>Multi</strong></span> <span class='ocrx_word' id='word_1_257' title='bbox 3325 1777 3471 1832; x_wconf 87' lang='lat' dir='ltr'><strong>enim</strong></span> 
     </span>
    </p>
   </div>
   <div class='ocr_carea' id='block_1_18' title="bbox 199 1868 1771 1940">
    <p class='ocr_par' dir='ltr' id='par_1_18' title="bbox 199 1868 1771 1940">
     <span class='ocr_line' id='line_1_18' title="bbox 199 1868 1771 1940; baseline 0.001 -16"><span class='ocrx_word' id='word_1_258' title='bbox 199 1880 273 1924; x_wconf 88' lang='lat' dir='ltr'><strong>est</strong></span> <span class='ocrx_word' id='word_1_259' title='bbox 313 1880 366 1924; x_wconf 89' lang='lat' dir='ltr'><strong>et</strong></span> <span class='ocrx_word' id='word_1_260' title='bbox 390 1870 607 1940; x_wconf 76' lang='lat' dir='ltr'><strong>angelo.</strong></span> <span class='ocrx_word' id='word_1_261' title='bbox 641 1868 811 1937; x_wconf 75' lang='lat' dir='ltr'><strong>Maius</strong></span> <span class='ocrx_word' id='word_1_262' title='bbox 835 1871 979 1925; x_wconf 90' lang='lat' dir='ltr'><strong>enim</strong></span> <span class='ocrx_word' id='word_1_263' title='bbox 1009 1878 1094 1923; x_wconf 92' lang='lat' dir='ltr'><strong>est</strong></span> <span class='ocrx_word' id='word_1_264' title='bbox 1123 1869 1145 1900; x_wconf 87' lang='grc'><strong><em>³</em></strong></span> <span class='ocrx_word' id='word_1_265' title='bbox 1194 1868 1335 1938; x_wconf 87' lang='lat' dir='ltr'><strong>quod</strong></span> <span class='ocrx_word' id='word_1_266' title='bbox 1369 1870 1576 1935; x_wconf 84' lang='lat' dir='ltr'><strong>deﬁnit,</strong></span> <span class='ocrx_word' id='word_1_267' title='bbox 1609 1886 1771 1939; x_wconf 90' lang='lat' dir='ltr'><strong>quam</strong></span> 
     </span>
    </p>
   </div>
   <div class='ocr_carea' id='block_1_19' title="bbox 201 1958 1775 2028">
    <p class='ocr_par' dir='ltr' id='par_1_19' title="bbox 201 1958 1775 2028">
     <span class='ocr_line' id='line_1_19' title="bbox 201 1958 1775 2028; baseline 0.003 -18"><span class='ocrx_word' id='word_1_268' title='bbox 201 1958 326 2028; x_wconf 90' lang='lat' dir='ltr'><strong>quod</strong></span> <span class='ocrx_word' id='word_1_269' title='bbox 353 1958 631 2013; x_wconf 80' lang='lat' dir='ltr'><strong>delinitur.</strong></span> <span class='ocrx_word' id='word_1_270' title='bbox 673 1958 870 2012; x_wconf 83' lang='lat' dir='ltr'><strong>Eadem</strong></span> <span class='ocrx_word' id='word_1_271' title='bbox 902 1959 970 2013; x_wconf 90' lang='lat' dir='ltr'><strong>de</strong></span> <span class='ocrx_word' id='word_1_272' title='bbox 1003 1958 1195 2028; x_wconf 83' lang='lat' dir='ltr'><strong>angelo</strong></span> <span class='ocrx_word' id='word_1_273' title='bbox 1219 1969 1301 2014; x_wconf 77' lang='lat' dir='ltr'><strong>est</strong></span> <span class='ocrx_word' id='word_1_274' title='bbox 1328 1960 1485 2014; x_wconf 87' lang='lat' dir='ltr'><strong>ratio.</strong></span> <span class='ocrx_word' id='word_1_275' title='bbox 1531 1959 1640 2014; x_wconf 88' lang='lat' dir='ltr'><strong>Hos</strong></span> <span class='ocrx_word' id='word_1_276' title='bbox 1669 1961 1775 2014; x_wconf 84' lang='lat' dir='ltr'><strong>ita-</strong></span> 
     </span>
    </p>
   </div>
   <div class='ocr_carea' id='block_1_20' title="bbox 200 2051 1776 2120">
    <p class='ocr_par' dir='ltr' id='par_1_20' title="bbox 200 2051 1776 2120">
     <span class='ocr_line' id='line_1_20' title="bbox 200 2051 1776 2120; baseline 0.002 -17"><span class='ocrx_word' id='word_1_277' title='bbox 200 2066 294 2120; x_wconf 81' lang='lat' dir='ltr'><strong>que</strong></span> <span class='ocrx_word' id='word_1_278' title='bbox 317 2053 380 2104; x_wconf 87' lang='lat' dir='ltr'><strong>ab</strong></span> <span class='ocrx_word' id='word_1_279' title='bbox 412 2052 534 2120; x_wconf 84' lang='lat' dir='ltr'><strong>ipso</strong></span> <span class='ocrx_word' id='word_1_280' title='bbox 573 2051 710 2114; x_wconf 87' lang='lat' dir='ltr'><strong>solo,</strong></span> <span class='ocrx_word' id='word_1_281' title='bbox 741 2051 831 2120; x_wconf 91' lang='lat' dir='ltr'><strong>qui</strong></span> <span class='ocrx_word' id='word_1_282' title='bbox 864 2066 960 2104; x_wconf 88' lang='lat' dir='ltr'><strong>eos</strong></span> <span class='ocrx_word' id='word_1_283' title='bbox 991 2051 1056 2104; x_wconf 92' lang='lat' dir='ltr'><strong>ad</strong></span> <span class='ocrx_word' id='word_1_284' title='bbox 1091 2051 1376 2120; x_wconf 84' lang='lat' dir='ltr'><strong>imaginem</strong></span> <span class='ocrx_word' id='word_1_285' title='bbox 1408 2065 1560 2107; x_wconf 86' lang='lat' dir='ltr'><strong>suam</strong></span> <span class='ocrx_word' id='word_1_286' title='bbox 1591 2052 1776 2107; x_wconf 91' lang='lat' dir='ltr'><strong>condi-</strong></span> 
     </span>
    </p>
   </div>
   <div class='ocr_carea' id='block_1_21' title="bbox 203 2140 1776 2211">
    <p class='ocr_par' dir='ltr' id='par_1_21' title="bbox 203 2140 1776 2211">
     <span class='ocr_line' id='line_1_21' title="bbox 203 2140 1776 2211; baseline 0.001 -16"><span class='ocrx_word' id='word_1_287' title='bbox 203 2143 287 2206; x_wconf 87' lang='lat' dir='ltr'><strong>dit,</strong></span> <span class='ocrx_word' id='word_1_288' title='bbox 322 2141 538 2196; x_wconf 81' lang='lat' dir='ltr'><strong>deﬁniri</strong></span> <span class='ocrx_word' id='word_1_289' title='bbox 589 2157 746 2211; x_wconf 87' lang='lat' dir='ltr'><strong>posse</strong></span> <span class='ocrx_word' id='word_1_290' title='bbox 793 2143 1048 2196; x_wconf 85' lang='lat' dir='ltr'><strong>arbitror.</strong></span> <span class='ocrx_word' id='word_1_291' title='bbox 1093 2140 1234 2197; x_wconf 85' lang='lat' dir='ltr'><strong>Dtsc.</strong></span> <span class='ocrx_word' id='word_1_292' title='bbox 1269 2140 1492 2198; x_wconf 85' lang='lat' dir='ltr'><strong>Videtur</strong></span> <span class='ocrx_word' id='word_1_293' title='bbox 1521 2143 1650 2197; x_wconf 91' lang='lat' dir='ltr'><strong>mibi</strong></span> <span class='ocrx_word' id='word_1_294' title='bbox 1673 2142 1776 2198; x_wconf 88' lang='lat' dir='ltr'><strong>hac</strong></span> 
     </span>
    </p>
   </div>
   <div class='ocr_carea' id='block_1_22' title="bbox 206 2232 1777 2292">
    <p class='ocr_par' dir='ltr' id='par_1_22' title="bbox 206 2232 1777 2292">
     <span class='ocr_line' id='line_1_22' title="bbox 206 2232 1777 2292; baseline 0.002 -6"><span class='ocrx_word' id='word_1_295' title='bbox 206 2234 392 2288; x_wconf 87' lang='lat' dir='ltr'><strong>ratione</strong></span> <span class='ocrx_word' id='word_1_296' title='bbox 413 2233 688 2292; x_wconf 84' lang='lat' dir='ltr'><strong>concludi.</strong></span> <span class='ocrx_word' id='word_1_297' title='bbox 723 2247 827 2287; x_wconf 93' lang='lat' dir='ltr'><strong>non</strong></span> <span class='ocrx_word' id='word_1_298' title='bbox 852 2232 986 2287; x_wconf 89' lang='lat' dir='ltr'><strong>alias</strong></span> <span class='ocrx_word' id='word_1_299' title='bbox 1014 2243 1238 2287; x_wconf 86' lang='lat' dir='ltr'><strong>naturas</strong></span> <span class='ocrx_word' id='word_1_300' title='bbox 1269 2233 1572 2287; x_wconf 84' lang='lat' dir='ltr'><strong>rationabili</strong></span> <span class='ocrx_word' id='word_1_301' title='bbox 1595 2233 1777 2290; x_wconf 91' lang='lat' dir='ltr'><strong>animo</strong></span> 
     </span>
    </p>
   </div>
   <div class='ocr_carea' id='block_1_23' title="bbox 206 2321 1778 2386">
    <p class='ocr_par' dir='ltr' id='par_1_23' title="bbox 206 2321 1778 2386">
     <span class='ocr_line' id='line_1_23' title="bbox 206 2321 1778 2386; baseline 0.002 -11"><span class='ocrx_word' id='word_1_302' title='bbox 206 2321 418 2386; x_wconf 84' lang='lat' dir='ltr'><strong>deﬁniri,</strong></span> <span class='ocrx_word' id='word_1_303' title='bbox 449 2323 560 2376; x_wconf 83' lang='lat' dir='ltr'><strong>nisi</strong></span> <span class='ocrx_word' id='word_1_304' title='bbox 597 2321 881 2376; x_wconf 85' lang='lat' dir='ltr'><strong>inferiores</strong></span> <span class='ocrx_word' id='word_1_305' title='bbox 907 2337 966 2378; x_wconf 88' lang='lat' dir='ltr'><strong>se</strong></span> <span class='ocrx_word' id='word_1_306' title='bbox 992 2321 1036 2386; x_wconf 73' lang='grc'>⁸,</span> <span class='ocrx_word' id='word_1_307' title='bbox 1091 2323 1204 2377; x_wconf 86' lang='lat' dir='ltr'><strong>sive</strong></span> <span class='ocrx_word' id='word_1_308' title='bbox 1233 2322 1475 2377; x_wconf 80' lang='lat' dir='ltr'><strong>visibiles</strong></span> <span class='ocrx_word' id='word_1_309' title='bbox 1495 2323 1625 2386; x_wconf 91' lang='lat' dir='ltr'><strong>sint,</strong></span> <span class='ocrx_word' id='word_1_310' title='bbox 1663 2324 1778 2379; x_wconf 82' lang='lat' dir='ltr'><strong>sive</strong></span> 
     </span>
    </p>
   </div>
   <div class='ocr_carea' id='block_1_24' title="bbox 206 2411 1777 2481">
    <p class='ocr_par' dir='ltr' id='par_1_24' title="bbox 206 2411 1777 2481">
     <span class='ocr_line' id='line_1_24' title="bbox 206 2411 1777 2481; baseline 0.002 -17"><span class='ocrx_word' id='word_1_311' title='bbox 206 2411 504 2466; x_wconf 67' lang='lat' dir='ltr'><strong>invisibiles.</strong></span> <span class='ocrx_word' id='word_1_312' title='bbox 537 2411 674 2468; x_wconf 69' lang='lat' dir='ltr'><strong>liae.</strong></span> <span class='ocrx_word' id='word_1_313' title='bbox 702 2412 959 2481; x_wconf 80' lang='lat' dir='ltr'><strong>Quisquis</strong></span> <span class='ocrx_word' id='word_1_314' title='bbox 998 2412 1099 2467; x_wconf 86' lang='lat' dir='ltr'><strong>hoc</strong></span> <span class='ocrx_word' id='word_1_315' title='bbox 1119 2413 1338 2478; x_wconf 79' lang='lat' dir='ltr'><strong>dixerit,</strong></span> <span class='ocrx_word' id='word_1_316' title='bbox 1371 2413 1601 2467; x_wconf 82' lang='lat' dir='ltr'><strong>veritate</strong></span> <span class='ocrx_word' id='word_1_317' title='bbox 1623 2413 1645 2444; x_wconf 86' lang='lat'><strong>&#39;</strong></span> <span class='ocrx_word' id='word_1_318' title='bbox 1671 2427 1777 2468; x_wconf 92' lang='lat' dir='ltr'><strong>non</strong></span> 
     </span>
    </p>
   </div>
   <div class='ocr_carea' id='block_1_25' title="bbox 1877 1869 3475 1941">
    <p class='ocr_par' dir='ltr' id='par_1_25' title="bbox 1877 1869 3475 1941">
     <span class='ocr_line' id='line_1_25' title="bbox 1877 1869 3475 1941; baseline -0.001 -15"><span class='ocrx_word' id='word_1_319' title='bbox 1877 1873 1943 1926; x_wconf 89' lang='lat' dir='ltr'><strong>de</strong></span> <span class='ocrx_word' id='word_1_320' title='bbox 1972 1873 2074 1927; x_wconf 91' lang='lat' dir='ltr'><strong>hoc</strong></span> <span class='ocrx_word' id='word_1_321' title='bbox 2105 1871 2368 1926; x_wconf 88' lang='lat' dir='ltr'><strong>dubitant.</strong></span> <span class='ocrx_word' id='word_1_322' title='bbox 2425 1871 2532 1926; x_wconf 91' lang='lat' dir='ltr'><strong>Sed</strong></span> <span class='ocrx_word' id='word_1_323' title='bbox 2580 1873 2836 1941; x_wconf 89' lang='lat' dir='ltr'><strong>quoniam</strong></span> <span class='ocrx_word' id='word_1_324' title='bbox 2880 1871 3141 1933; x_wconf 85' lang='lat' dir='ltr'><strong>videmus,</strong></span> <span class='ocrx_word' id='word_1_325' title='bbox 3185 1869 3329 1924; x_wconf 83' lang='lat' dir='ltr'><strong>aliud</strong></span> <span class='ocrx_word' id='word_1_326' title='bbox 3350 1883 3475 1924; x_wconf 78' lang='lat' dir='ltr'><strong>esse</strong></span> 
     </span>
    </p>
   </div>
   <div class='ocr_carea' id='block_1_26' title="bbox 1878 1959 3474 2030">
    <p class='ocr_par' dir='ltr' id='par_1_26' title="bbox 1878 1959 3474 2030">
     <span class='ocr_line' id='line_1_26' title="bbox 1878 1959 3474 2030; baseline -0.003 -12"><span class='ocrx_word' id='word_1_327' title='bbox 1878 1963 2199 2018; x_wconf 88' lang='lat' dir='ltr'><strong>constitutas</strong></span> <span class='ocrx_word' id='word_1_328' title='bbox 2225 1963 2277 2016; x_wconf 87' lang='lat' dir='ltr'><strong>itt</strong></span> <span class='ocrx_word' id='word_1_329' title='bbox 2311 1963 2489 2016; x_wconf 87' lang='lat' dir='ltr'><strong>anima</strong></span> <span class='ocrx_word' id='word_1_330' title='bbox 2519 1961 2769 2016; x_wconf 87' lang='lat' dir='ltr'><strong>liberales</strong></span> <span class='ocrx_word' id='word_1_331' title='bbox 2794 1972 2962 2026; x_wconf 90' lang='lat' dir='ltr'><strong>artes,</strong></span> <span class='ocrx_word' id='word_1_332' title='bbox 2989 1959 3132 2016; x_wconf 89' lang='lat' dir='ltr'><strong>aliud</strong></span> <span class='ocrx_word' id='word_1_333' title='bbox 3157 1961 3329 2030; x_wconf 84' lang='lat' dir='ltr'><strong>ipsam</strong></span> <span class='ocrx_word' id='word_1_334' title='bbox 3365 1961 3474 2014; x_wconf 86' lang='lat' dir='ltr'><strong>ani-</strong></span> 
     </span>
    </p>
   </div>
   <div class='ocr_carea' id='block_1_27' title="bbox 1877 2055 3472 2127">
    <p class='ocr_par' dir='ltr' id='par_1_27' title="bbox 1877 2055 3472 2127">
     <span class='ocr_line' id='line_1_27' title="bbox 1877 2055 3472 2127; baseline -0.003 -16"><span class='ocrx_word' id='word_1_335' title='bbox 1877 2071 2043 2121; x_wconf 91' lang='lat' dir='ltr'><strong>mam,</strong></span> <span class='ocrx_word' id='word_1_336' title='bbox 2066 2071 2204 2126; x_wconf 87' lang='lat' dir='ltr'><strong>quae</strong></span> <span class='ocrx_word' id='word_1_337' title='bbox 2225 2058 2380 2127; x_wconf 90' lang='lat' dir='ltr'><strong>quasi</strong></span> <span class='ocrx_word' id='word_1_338' title='bbox 2406 2056 2448 2088; x_wconf 80' lang='lat'>&quot;</span> <span class='ocrx_word' id='word_1_339' title='bbox 2464 2057 2732 2126; x_wconf 88' lang='lat' dir='ltr'><strong>quoddam</strong></span> <span class='ocrx_word' id='word_1_340' title='bbox 2761 2056 2807 2087; x_wconf 82' lang='grc'><strong>¹⁶</strong></span> <span class='ocrx_word' id='word_1_341' title='bbox 2827 2055 3129 2125; x_wconf 82' lang='lat' dir='ltr'><strong>subjectum</strong></span> <span class='ocrx_word' id='word_1_342' title='bbox 3155 2065 3237 2111; x_wconf 82' lang='lat' dir='ltr'><strong>est</strong></span> <span class='ocrx_word' id='word_1_343' title='bbox 3255 2055 3472 2117; x_wconf 87' lang='lat' dir='ltr'><strong>artium,</strong></span> 
     </span>
    </p>
   </div>
   <div class='ocr_carea' id='block_1_28' title="bbox 1883 2148 3475 2219">
    <p class='ocr_par' dir='ltr' id='par_1_28' title="bbox 1883 2148 3475 2219">
     <span class='ocr_line' id='line_1_28' title="bbox 1883 2148 3475 2219; baseline 0 -17"><span class='ocrx_word' id='word_1_344' title='bbox 1883 2157 2029 2203; x_wconf 87' lang='lat' dir='ltr'><strong>artes</strong></span> <span class='ocrx_word' id='word_1_345' title='bbox 2069 2163 2200 2204; x_wconf 89' lang='lat' dir='ltr'><strong>vero</strong></span> <span class='ocrx_word' id='word_1_346' title='bbox 2250 2149 2411 2204; x_wconf 86' lang='lat' dir='ltr'><strong>veluti</strong></span> <span class='ocrx_word' id='word_1_347' title='bbox 2446 2148 2825 2219; x_wconf 87' lang='lat' dir='ltr'><strong>inscparabilia</strong></span> <span class='ocrx_word' id='word_1_348' title='bbox 2858 2148 3232 2218; x_wconf 86' lang='lat' dir='ltr'><strong>naturaliaque</strong></span> <span class='ocrx_word' id='word_1_349' title='bbox 3259 2149 3475 2202; x_wconf 83' lang='lat' dir='ltr'><strong>animae</strong></span> 
     </span>
    </p>
   </div>
   <div class='ocr_carea' id='block_1_29' title="bbox 1880 2236 3475 2308">
    <p class='ocr_par' dir='ltr' id='par_1_29' title="bbox 1880 2236 3475 2308">
     <span class='ocr_line' id='line_1_29' title="bbox 1880 2236 3475 2308; baseline -0.001 -15"><span class='ocrx_word' id='word_1_350' title='bbox 1880 2239 2178 2295; x_wconf 84' lang='lat' dir='ltr'><strong>accidentia</strong></span> <span class='ocrx_word' id='word_1_351' title='bbox 2205 2239 2453 2293; x_wconf 88' lang='lat' dir='ltr'><strong>videntur</strong></span> <span class='ocrx_word' id='word_1_352' title='bbox 2473 2253 2612 2298; x_wconf 86' lang='lat' dir='ltr'><strong>esse,</strong></span> <span class='ocrx_word' id='word_1_353' title='bbox 2632 2239 2758 2308; x_wconf 87' lang='lat' dir='ltr'><strong>quid</strong></span> <span class='ocrx_word' id='word_1_354' title='bbox 2777 2253 2872 2294; x_wconf 88' lang='lat' dir='ltr'><strong>nos</strong></span> <span class='ocrx_word' id='word_1_355' title='bbox 2894 2238 3161 2308; x_wconf 86' lang='lat' dir='ltr'><strong>prohibet,</strong></span> <span class='ocrx_word' id='word_1_356' title='bbox 3183 2236 3475 2292; x_wconf 85' lang='lat' dir='ltr'><strong>deﬁniendi</strong></span> 
     </span>
    </p>
   </div>
   <div class='ocr_carea' id='block_1_30' title="bbox 1881 2327 3471 2402">
    <p class='ocr_par' dir='ltr' id='par_1_30' title="bbox 1881 2327 3471 2402">
     <span class='ocr_line' id='line_1_30' title="bbox 1881 2327 3471 2402; baseline -0.001 -16"><span class='ocrx_word' id='word_1_357' title='bbox 1881 2331 2217 2401; x_wconf 86' lang='lat' dir='ltr'><strong>disciplinam</strong></span> <span class='ocrx_word' id='word_1_358' title='bbox 2268 2331 2408 2386; x_wconf 91' lang='lat' dir='ltr'><strong>inter</strong></span> <span class='ocrx_word' id='word_1_359' title='bbox 2457 2339 2602 2386; x_wconf 90' lang='lat' dir='ltr'><strong>artes</strong></span> <span class='ocrx_word' id='word_1_360' title='bbox 2645 2345 2865 2402; x_wconf 87' lang='lat' dir='ltr'><strong>ponere,</strong></span> <span class='ocrx_word' id='word_1_361' title='bbox 2898 2329 3256 2401; x_wconf 87' lang='lat' dir='ltr'><strong>adjungentes</strong></span> <span class='ocrx_word' id='word_1_362' title='bbox 3299 2327 3471 2384; x_wconf 72' lang='lat' dir='ltr'><strong>diale~</strong></span> 
     </span>
    </p>
   </div>
   <div class='ocr_carea' id='block_1_31' title="bbox 1883 2419 3476 2491">
    <p class='ocr_par' dir='ltr' id='par_1_31' title="bbox 1883 2419 3476 2491">
     <span class='ocr_line' id='line_1_31' title="bbox 1883 2419 3476 2491; baseline -0.001 -15"><span class='ocrx_word' id='word_1_363' title='bbox 1883 2422 2072 2483; x_wconf 89' lang='lat' dir='ltr'><strong>cticae,</strong></span> <span class='ocrx_word' id='word_1_364' title='bbox 2130 2419 2285 2489; x_wconf 84' lang='lat' dir='ltr'><strong>cujus</strong></span> <span class='ocrx_word' id='word_1_365' title='bbox 2335 2421 2639 2491; x_wconf 89' lang='lat' dir='ltr'><strong>proprietas</strong></span> <span class='ocrx_word' id='word_1_366' title='bbox 2671 2429 2773 2484; x_wconf 90' lang='lat' dir='ltr'><strong>est,</strong></span> <span class='ocrx_word' id='word_1_367' title='bbox 2823 2434 3004 2474; x_wconf 90' lang='lat' dir='ltr'><strong>rerum</strong></span> <span class='ocrx_word' id='word_1_368' title='bbox 3028 2419 3292 2484; x_wconf 88' lang='lat' dir='ltr'><strong>omnium,</strong></span> <span class='ocrx_word' id='word_1_369' title='bbox 3335 2432 3476 2488; x_wconf 79' lang='lat' dir='ltr'><strong>quae</strong></span> 
     </span>
    </p>
   </div>
   <div class='ocr_carea' id='block_1_32' title="bbox 1885 2508 3481 2583">
    <p class='ocr_par' dir='ltr' id='par_1_32' title="bbox 1885 2508 3481 2583">
     <span class='ocr_line' id='line_1_32' title="bbox 1885 2508 3481 2583; baseline -0.002 -16"><span class='ocrx_word' id='word_1_370' title='bbox 1885 2510 2105 2583; x_wconf 85' lang='lat' dir='ltr'><strong>intelligi</strong></span> <span class='ocrx_word' id='word_1_371' title='bbox 2133 2519 2381 2582; x_wconf 76' lang='lat' dir='ltr'><strong>possunt,</strong></span> <span class='ocrx_word' id='word_1_372' title='bbox 2419 2521 2644 2566; x_wconf 89' lang='lat' dir='ltr'><strong>naturas</strong></span> <span class='ocrx_word' id='word_1_373' title='bbox 2683 2511 2941 2576; x_wconf 88' lang='lat' dir='ltr'><strong>dividere,</strong></span> <span class='ocrx_word' id='word_1_374' title='bbox 2972 2508 3320 2581; x_wconf 86' lang='lat' dir='ltr'><strong>conjungere,</strong></span> <span class='ocrx_word' id='word_1_375' title='bbox 3368 2509 3481 2564; x_wconf 86' lang='lat' dir='ltr'><strong>dis-</strong></span> 
     </span>
    </p>
   </div>
   <div class='ocr_carea' id='block_1_33' title="bbox 1885 2602 3478 2677">
    <p class='ocr_par' dir='ltr' id='par_1_33' title="bbox 1885 2602 3478 2677">
     <span class='ocr_line' id='line_1_33' title="bbox 1885 2602 3478 2677; baseline -0.003 -17"><span class='ocrx_word' id='word_1_376' title='bbox 1885 2620 2130 2670; x_wconf 90' lang='lat' dir='ltr'><strong>eernere,</strong></span> <span class='ocrx_word' id='word_1_377' title='bbox 2172 2605 2528 2677; x_wconf 88' lang='lat' dir='ltr'><strong>propriosque</strong></span> <span class='ocrx_word' id='word_1_378' title='bbox 2582 2604 2728 2661; x_wconf 88' lang='lat' dir='ltr'><strong>locos</strong></span> <span class='ocrx_word' id='word_1_379' title='bbox 2785 2604 3076 2674; x_wconf 88' lang='lat' dir='ltr'><strong>unicuique</strong></span> <span class='ocrx_word' id='word_1_380' title='bbox 3107 2602 3478 2659; x_wconf 74' lang='lat' dir='ltr'><strong>distribuere?</strong></span> 
     </span>
    </p>
   </div>
   <div class='ocr_carea' id='block_1_34' title="bbox 1883 2692 3474 2766">
    <p class='ocr_par' dir='ltr' id='par_1_34' title="bbox 1883 2692 3474 2766">
     <span class='ocr_line' id='line_1_34' title="bbox 1883 2692 3474 2766; baseline -0.003 -16"><span class='ocrx_word' id='word_1_381' title='bbox 1883 2695 2059 2765; x_wconf 82' lang='lat' dir='ltr'><strong>Atque</strong></span> <span class='ocrx_word' id='word_1_382' title='bbox 2098 2695 2218 2751; x_wconf 90' lang='lat' dir='ltr'><strong>ideo</strong></span> <span class='ocrx_word' id='word_1_383' title='bbox 2262 2711 2290 2748; x_wconf 91' lang='lat' dir='ltr'><strong>a</strong></span> <span class='ocrx_word' id='word_1_384' title='bbox 2322 2697 2658 2766; x_wconf 88' lang='lat' dir='ltr'><strong>sapientibus</strong></span> <span class='ocrx_word' id='word_1_385' title='bbox 2701 2710 2827 2750; x_wconf 87' lang='lat' dir='ltr'><strong>vera</strong></span> <span class='ocrx_word' id='word_1_386' title='bbox 2877 2708 3057 2750; x_wconf 81' lang='lat' dir='ltr'><strong>rerum</strong></span> <span class='ocrx_word' id='word_1_387' title='bbox 3087 2692 3474 2764; x_wconf 84' lang='lat' dir='ltr'><strong>contemplatio</strong></span> 
     </span>
    </p>
   </div>
   <div class='ocr_carea' id='block_1_35' title="bbox 1887 2783 3486 2858">
    <p class='ocr_par' dir='ltr' id='par_1_35' title="bbox 1887 2783 3486 2858">
     <span class='ocr_line' id='line_1_35' title="bbox 1887 2783 3486 2858; baseline -0.004 -14"><span class='ocrx_word' id='word_1_388' title='bbox 1887 2787 2023 2844; x_wconf 81' lang='lat' dir='ltr'><strong>solet</strong></span> <span class='ocrx_word' id='word_1_389' title='bbox 2059 2788 2335 2858; x_wconf 89' lang='lat' dir='ltr'><strong>appellari.</strong></span> <span class='ocrx_word' id='word_1_390' title='bbox 2377 2787 2512 2844; x_wconf 85' lang='lat' dir='ltr'><strong>Nam</strong></span> <span class='ocrx_word' id='word_1_391' title='bbox 2557 2804 2681 2844; x_wconf 92' lang='lat' dir='ltr'><strong>cum</strong></span> <span class='ocrx_word' id='word_1_392' title='bbox 2712 2788 2763 2842; x_wconf 92' lang='lat' dir='ltr'><strong>in</strong></span> <span class='ocrx_word' id='word_1_393' title='bbox 2809 2786 2957 2842; x_wconf 92' lang='lat' dir='ltr'><strong>omni</strong></span> <span class='ocrx_word' id='word_1_394' title='bbox 2987 2783 3290 2840; x_wconf 85' lang='lat' dir='ltr'><strong>rationabili</strong></span> <span class='ocrx_word' id='word_1_395' title='bbox 3323 2783 3486 2840; x_wconf 84' lang='lat' dir='ltr'><strong>intel-</strong></span> 
     </span>
    </p>
   </div>
   <div class='ocr_carea' id='block_1_36' title="bbox 1890 2873 3484 2949">
    <p class='ocr_par' dir='ltr' id='par_1_36' title="bbox 1890 2873 3484 2949">
     <span class='ocr_line' id='line_1_36' title="bbox 1890 2873 3484 2949; baseline -0.005 -15"><span class='ocrx_word' id='word_1_396' title='bbox 1890 2879 2223 2949; x_wconf 85' lang='lat' dir='ltr'><strong>lectualique</strong></span> <span class='ocrx_word' id='word_1_397' title='bbox 2252 2889 2444 2933; x_wconf 86' lang='lat' dir='ltr'><strong>natura</strong></span> <span class='ocrx_word' id='word_1_398' title='bbox 2479 2877 2579 2932; x_wconf 91' lang='lat' dir='ltr'><strong>tria</strong></span> <span class='ocrx_word' id='word_1_399' title='bbox 2612 2875 2992 2948; x_wconf 85' lang='lat' dir='ltr'><strong>inseparabilia</strong></span> <span class='ocrx_word' id='word_1_400' title='bbox 3035 2887 3354 2945; x_wconf 87' lang='lat' dir='ltr'><strong>semperque</strong></span> <span class='ocrx_word' id='word_1_401' title='bbox 3400 2873 3484 2927; x_wconf 86' lang='lat' dir='ltr'><strong>in-</strong></span> 
     </span>
    </p>
   </div>
   <div class='ocr_carea' id='block_1_37' title="bbox 1888 2964 3531 3040">
    <p class='ocr_par' dir='ltr' id='par_1_37' title="bbox 1888 2964 3531 3040">
     <span class='ocr_line' id='line_1_37' title="bbox 1888 2964 3531 3040; baseline -0.007 -15"><span class='ocrx_word' id='word_1_402' title='bbox 1888 2969 2424 3040; x_wconf 84' lang='lat' dir='ltr'><strong>corruptibiliterque</strong></span> <span class='ocrx_word' id='word_1_403' title='bbox 2498 2969 2541 3001; x_wconf 82' lang='lat'>&quot;</span> <span class='ocrx_word' id='word_1_404' title='bbox 2599 2967 2872 3022; x_wconf 88' lang='lat' dir='ltr'><strong>manentia</strong></span> <span class='ocrx_word' id='word_1_405' title='bbox 2942 2966 3356 3021; x_wconf 86' lang='lat' dir='ltr'><strong>considerentur</strong></span> <span class='ocrx_word' id='word_1_406' title='bbox 3392 2964 3480 3028; x_wconf 68' lang='lat' dir='ltr'><strong>i&#39;,</strong></span> <span class='ocrx_word' id='word_1_407' title='bbox 3527 3001 3531 3014; x_wconf 88' lang='lat'><strong>.</strong></span> 
     </span>
    </p>
   </div>
   <div class='ocr_carea' id='block_1_38' title="bbox 1892 3057 3478 3134">
    <p class='ocr_par' dir='ltr' id='par_1_38' title="bbox 1892 3057 3478 3134">
     <span class='ocr_line' id='line_1_38' title="bbox 1892 3057 3478 3134; baseline -0.005 -18"><span class='ocrx_word' id='word_1_408' title='bbox 1892 3063 2072 3116; x_wconf 80' lang='grc' dir='ltr'><strong>οὐσίαν</strong></span> <span class='ocrx_word' id='word_1_409' title='bbox 2096 3061 2239 3123; x_wconf 89' lang='lat' dir='ltr'><strong>dico,</strong></span> <span class='ocrx_word' id='word_1_410' title='bbox 2268 3068 2323 3114; x_wconf 91' lang='lat' dir='ltr'><strong>et</strong></span> <span class='ocrx_word' id='word_1_411' title='bbox 2367 3058 2601 3132; x_wconf 79' lang='grc' dir='ltr'><strong>δύναμιν,</strong></span> <span class='ocrx_word' id='word_1_412' title='bbox 2625 3059 3002 3134; x_wconf 50' lang='lat' dir='ltr'><strong>“imumque,</strong></span> <span class='ocrx_word' id='word_1_413' title='bbox 3027 3057 3130 3112; x_wconf 89' lang='lat' dir='ltr'><strong>hoc</strong></span> <span class='ocrx_word' id='word_1_414' title='bbox 3152 3063 3256 3118; x_wconf 89' lang='lat' dir='ltr'><strong>est,</strong></span> <span class='ocrx_word' id='word_1_415' title='bbox 3285 3069 3478 3110; x_wconf 85' lang='lat' dir='ltr'><strong>essen-</strong></span> 
     </span>
    </p>
   </div>
   <div class='ocr_carea' id='block_1_39' title="bbox 1895 3149 3482 3221">
    <p class='ocr_par' dir='ltr' id='par_1_39' title="bbox 1895 3149 3482 3221">
     <span class='ocr_line' id='line_1_39' title="bbox 1895 3149 3482 3221; baseline -0.003 -16"><span class='ocrx_word' id='word_1_416' title='bbox 1895 3151 2047 3215; x_wconf 89' lang='lat' dir='ltr'><strong>tiam,</strong></span> <span class='ocrx_word' id='word_1_417' title='bbox 2064 3149 2338 3216; x_wconf 88' lang='lat' dir='ltr'><strong>virtutem,</strong></span> <span class='ocrx_word' id='word_1_418' title='bbox 2361 3151 2732 3221; x_wconf 88' lang='lat' dir='ltr'><strong>operationem</strong></span> <span class='ocrx_word' id='word_1_419' title='bbox 2755 3166 2769 3214; x_wconf 90' lang='lat'><strong>;</strong></span> <span class='ocrx_word' id='word_1_420' title='bbox 2804 3150 2936 3204; x_wconf 87' lang='lat' dir='ltr'><strong>haec</strong></span> <span class='ocrx_word' id='word_1_421' title='bbox 2957 3149 3100 3204; x_wconf 91' lang='lat' dir='ltr'><strong>enim</strong></span> <span class='ocrx_word' id='word_1_422' title='bbox 3126 3156 3262 3202; x_wconf 87' lang='lat' dir='ltr'><strong>teste</strong></span> <span class='ocrx_word' id='word_1_423' title='bbox 3289 3155 3482 3201; x_wconf 89' lang='lat' dir='ltr'><strong>sancto</strong></span> 
     </span>
    </p>
   </div>
   <div class='ocr_carea' id='block_1_40' title="bbox 1893 3237 3480 3310">
    <p class='ocr_par' dir='ltr' id='par_1_40' title="bbox 1893 3237 3480 3310">
     <span class='ocr_line' id='line_1_40' title="bbox 1893 3237 3480 3310; baseline -0.002 -16"><span class='ocrx_word' id='word_1_424' title='bbox 1893 3239 2148 3310; x_wconf 84' lang='lat' dir='ltr'><strong>Dionysio</strong></span> <span class='ocrx_word' id='word_1_425' title='bbox 2194 3239 2236 3271; x_wconf 82' lang='lat'>&quot;</span> <span class='ocrx_word' id='word_1_426' title='bbox 2291 3238 2723 3308; x_wconf 76' lang='lat' dir='ltr'><strong>inseparabiliter</strong></span> <span class='ocrx_word' id='word_1_427' title='bbox 2770 3239 2988 3294; x_wconf 84' lang='lat' dir='ltr'><strong>sibimet</strong></span> <span class='ocrx_word' id='word_1_428' title='bbox 3034 3237 3361 3299; x_wconf 87' lang='lat' dir='ltr'><strong>adhaerent.</strong></span> <span class='ocrx_word' id='word_1_429' title='bbox 3415 3251 3480 3291; x_wconf 90' lang='lat' dir='ltr'><strong>ac</strong></span> 
     </span>
    </p>
   </div>
   <div class='ocr_carea' id='block_1_41' title="bbox 1892 3326 3485 3396">
    <p class='ocr_par' dir='ltr' id='par_1_41' title="bbox 1892 3326 3485 3396">
     <span class='ocr_line' id='line_1_41' title="bbox 1892 3326 3485 3396; baseline 0.001 -20"><span class='ocrx_word' id='word_1_430' title='bbox 1892 3326 2056 3382; x_wconf 87' lang='lat' dir='ltr'><strong>veluti</strong></span> <span class='ocrx_word' id='word_1_431' title='bbox 2077 3335 2224 3391; x_wconf 87' lang='lat' dir='ltr'><strong>sunt,</strong></span> <span class='ocrx_word' id='word_1_432' title='bbox 2265 3336 2319 3381; x_wconf 89' lang='lat' dir='ltr'><strong>et</strong></span> <span class='ocrx_word' id='word_1_433' title='bbox 2352 3343 2450 3382; x_wconf 88' lang='lat' dir='ltr'><strong>nec</strong></span> <span class='ocrx_word' id='word_1_434' title='bbox 2487 3327 2670 3395; x_wconf 80' lang='lat' dir='ltr'><strong>augeri</strong></span> <span class='ocrx_word' id='word_1_435' title='bbox 2701 3342 2803 3382; x_wconf 90' lang='lat' dir='ltr'><strong>nec</strong></span> <span class='ocrx_word' id='word_1_436' title='bbox 2856 3327 3025 3382; x_wconf 90' lang='lat' dir='ltr'><strong>minui</strong></span> <span class='ocrx_word' id='word_1_437' title='bbox 3071 3335 3318 3396; x_wconf 84' lang='lat' dir='ltr'><strong>possunt,</strong></span> <span class='ocrx_word' id='word_1_438' title='bbox 3356 3335 3485 3394; x_wconf 89' lang='lat' dir='ltr'><strong>quo-</strong></span> 
     </span>
    </p>
   </div>
   <div class='ocr_carea' id='block_1_42' title="bbox 1891 3415 3486 3488">
    <p class='ocr_par' dir='ltr' id='par_1_42' title="bbox 1891 3415 3486 3488">
     <span class='ocr_line' id='line_1_42' title="bbox 1891 3415 3486 3488; baseline -0.001 -16"><span class='ocrx_word' id='word_1_439' title='bbox 1891 3419 2038 3473; x_wconf 89' lang='lat' dir='ltr'><strong>niam</strong></span> <span class='ocrx_word' id='word_1_440' title='bbox 2088 3419 2416 3474; x_wconf 87' lang='lat' dir='ltr'><strong>immortalia</strong></span> <span class='ocrx_word' id='word_1_441' title='bbox 2471 3428 2596 3473; x_wconf 92' lang='lat' dir='ltr'><strong>suut</strong></span> <span class='ocrx_word' id='word_1_442' title='bbox 2634 3427 2797 3488; x_wconf 87' lang='lat' dir='ltr'><strong>atque</strong></span> <span class='ocrx_word' id='word_1_443' title='bbox 2829 3417 3188 3474; x_wconf 87' lang='lat' dir='ltr'><strong>immutabilia</strong></span> <span class='ocrx_word' id='word_1_444' title='bbox 3217 3435 3230 3470; x_wconf 88' lang='lat'><strong>:</strong></span> <span class='ocrx_word' id='word_1_445' title='bbox 3258 3431 3384 3471; x_wconf 88' lang='lat' dir='ltr'><strong>num</strong></span> <span class='ocrx_word' id='word_1_446' title='bbox 3437 3415 3486 3446; x_wconf 83' lang='lat'>&quot;</span> 
     </span>
    </p>
   </div>
   <div class='ocr_carea' id='block_1_43' title="bbox 214 3505 3481 3579">
    <p class='ocr_par' dir='ltr' id='par_1_43' title="bbox 214 3505 3481 3579">
     <span class='ocr_line' id='line_1_43' title="bbox 214 3505 3481 3579; baseline 0 -20"><span class='ocrx_word' id='word_1_447' title='bbox 214 3505 533 3579; x_wconf 80' lang='lat' dir='ltr'><strong>intelligitur,</strong></span> <span class='ocrx_word' id='word_1_448' title='bbox 565 3509 634 3564; x_wconf 55' lang='lat' dir='ltr'><strong>sit</strong></span> <span class='ocrx_word' id='word_1_449' title='bbox 656 3519 716 3562; x_wconf 90' lang='lat' dir='ltr'><strong>ut</strong></span> <span class='ocrx_word' id='word_1_450' title='bbox 745 3509 894 3579; x_wconf 86' lang='lat' dir='ltr'><strong>prius</strong></span> <span class='ocrx_word' id='word_1_451' title='bbox 919 3511 1100 3564; x_wconf 89' lang='lat' dir='ltr'><strong>datum</strong></span> <span class='ocrx_word' id='word_1_452' title='bbox 1143 3520 1227 3565; x_wconf 90' lang='lat' dir='ltr'><strong>est</strong></span> <span class='ocrx_word' id='word_1_453' title='bbox 1255 3509 1298 3564; x_wconf 84' lang='lat'><strong>&#39;.</strong></span> <span class='ocrx_word' id='word_1_454' title='bbox 1325 3508 1685 3578; x_wconf 87' lang='lat' dir='ltr'><strong>lncorporalis</strong></span> <span class='ocrx_word' id='word_1_455' title='bbox 1707 3517 1790 3565; x_wconf 86' lang='lat' dir='ltr'><strong>est</strong></span> <span class='ocrx_word' id='word_1_456' title='bbox 1894 3509 1988 3564; x_wconf 92' lang='lat' dir='ltr'><strong>tibi</strong></span> <span class='ocrx_word' id='word_1_457' title='bbox 2014 3509 2307 3565; x_wconf 86' lang='lat' dir='ltr'><strong>verisimile</strong></span> <span class='ocrx_word' id='word_1_458' title='bbox 2330 3510 2561 3574; x_wconf 90' lang='lat' dir='ltr'><strong>videtur,</strong></span> <span class='ocrx_word' id='word_1_459' title='bbox 2580 3518 2871 3579; x_wconf 89' lang='lat' dir='ltr'><strong>certaeque</strong></span> <span class='ocrx_word' id='word_1_460' title='bbox 2899 3507 3095 3563; x_wconf 89' lang='lat' dir='ltr'><strong>rationi</strong></span> <span class='ocrx_word' id='word_1_461' title='bbox 3130 3506 3481 3568; x_wconf 85' lang='lat' dir='ltr'><strong>conveniens.</strong></span> 
     </span>
    </p>
   </div>
   <div class='ocr_carea' id='block_1_44' title="bbox 215 3597 3484 3673">
    <p class='ocr_par' dir='ltr' id='par_1_44' title="bbox 215 3597 3484 3673">
     <span class='ocr_line' id='line_1_44' title="bbox 215 3597 3484 3673; baseline 0.001 -25"><span class='ocrx_word' id='word_1_462' title='bbox 215 3597 358 3666; x_wconf 82' lang='lat' dir='ltr'><strong>igitur</strong></span> <span class='ocrx_word' id='word_1_463' title='bbox 386 3599 431 3651; x_wconf 78' lang='lat'><strong>’.</strong></span> <span class='ocrx_word' id='word_1_464' title='bbox 485 3599 638 3655; x_wconf 81' lang='lat' dir='ltr'><strong>Disc.</strong></span> <span class='ocrx_word' id='word_1_465' title='bbox 680 3599 745 3654; x_wconf 83' lang='lat' dir='ltr'><strong>Et</strong></span> <span class='ocrx_word' id='word_1_466' title='bbox 783 3601 884 3654; x_wconf 91' lang='lat' dir='ltr'><strong>boc</strong></span> <span class='ocrx_word' id='word_1_467' title='bbox 917 3599 1042 3667; x_wconf 87' lang='lat' dir='ltr'><strong>jure</strong></span> <span class='ocrx_word' id='word_1_468' title='bbox 1098 3598 1410 3654; x_wconf 89' lang='lat' dir='ltr'><strong>conclusum</strong></span> <span class='ocrx_word' id='word_1_469' title='bbox 1450 3599 1626 3654; x_wconf 90' lang='lat' dir='ltr'><strong>video.</strong></span> <span class='ocrx_word' id='word_1_470' title='bbox 1665 3598 1791 3655; x_wconf 86' lang='lat' dir='ltr'><strong>Sive</strong></span> <span class='ocrx_word' id='word_1_471' title='bbox 1891 3617 2083 3658; x_wconf 88' lang='lat' dir='ltr'><strong>omnes</strong></span> <span class='ocrx_word' id='word_1_472' title='bbox 2112 3601 2363 3658; x_wconf 90' lang='lat' dir='ltr'><strong>liberales</strong></span> <span class='ocrx_word' id='word_1_473' title='bbox 2385 3601 2696 3672; x_wconf 87' lang='lat' dir='ltr'><strong>disciplinas</strong></span> <span class='ocrx_word' id='word_1_474' title='bbox 2723 3602 2776 3656; x_wconf 92' lang='lat' dir='ltr'><strong>in</strong></span> <span class='ocrx_word' id='word_1_475' title='bbox 2799 3615 2859 3656; x_wconf 87' lang='lat' dir='ltr'><strong>ea</strong></span> <span class='ocrx_word' id='word_1_476' title='bbox 2880 3611 3054 3669; x_wconf 90' lang='lat' dir='ltr'><strong>parte,</strong></span> <span class='ocrx_word' id='word_1_477' title='bbox 3079 3613 3217 3669; x_wconf 87' lang='lat' dir='ltr'><strong>quae</strong></span> <span class='ocrx_word' id='word_1_478' title='bbox 3239 3597 3484 3673; x_wconf 73' lang='grc' dir='ltr'>ὶνέργεια,</span> 
     </span>
    </p>
   </div>
   <div class='ocr_carea' id='block_1_45' title="bbox 218 3687 3486 3762">
    <p class='ocr_par' dir='ltr' id='par_1_45' title="bbox 218 3687 3486 3762">
     <span class='ocr_line' id='line_1_45' title="bbox 218 3687 3486 3762; baseline 0 -22"><span class='ocrx_word' id='word_1_479' title='bbox 218 3690 338 3741; x_wconf 82' lang='lat' dir='ltr'><strong>enim</strong></span> <span class='ocrx_word' id='word_1_480' title='bbox 369 3692 619 3760; x_wconf 84' lang='lat' dir='ltr'><strong>angelica</strong></span> <span class='ocrx_word' id='word_1_481' title='bbox 650 3699 842 3743; x_wconf 87' lang='lat' dir='ltr'><strong>natura</strong></span> <span class='ocrx_word' id='word_1_482' title='bbox 875 3704 1054 3744; x_wconf 89' lang='lat' dir='ltr'><strong>rerum</strong></span> <span class='ocrx_word' id='word_1_483' title='bbox 1088 3689 1402 3744; x_wconf 82' lang='lat' dir='ltr'><strong>inferiorum</strong></span> <span class='ocrx_word' id='word_1_484' title='bbox 1429 3705 1488 3744; x_wconf 90' lang='lat' dir='ltr'><strong>se</strong></span> <span class='ocrx_word' id='word_1_485' title='bbox 1520 3689 1791 3745; x_wconf 85' lang='lat' dir='ltr'><strong>deﬁnitio—</strong></span> <span class='ocrx_word' id='word_1_486' title='bbox 1890 3693 1948 3747; x_wconf 86' lang='lat' dir='ltr'><strong>id</strong></span> <span class='ocrx_word' id='word_1_487' title='bbox 1977 3702 2081 3757; x_wconf 88' lang='lat' dir='ltr'><strong>est,</strong></span> <span class='ocrx_word' id='word_1_488' title='bbox 2105 3694 2350 3762; x_wconf 86' lang='lat' dir='ltr'><strong>operatio</strong></span> <span class='ocrx_word' id='word_1_489' title='bbox 2371 3693 2583 3748; x_wconf 86' lang='lat' dir='ltr'><strong>animae</strong></span> <span class='ocrx_word' id='word_1_490' title='bbox 2609 3692 2825 3756; x_wconf 89' lang='lat' dir='ltr'><strong>dicitur,</strong></span> <span class='ocrx_word' id='word_1_491' title='bbox 2851 3689 3164 3746; x_wconf 82' lang='lat' dir='ltr'><strong>aestimari?</strong></span> <span class='ocrx_word' id='word_1_492' title='bbox 3201 3687 3486 3759; x_wconf 80' lang='lat' dir='ltr'><strong>Siquidem</strong></span> 
     </span>
    </p>
   </div>
   <div class='ocr_carea' id='block_1_46' title="bbox 217 3780 3482 3855">
    <p class='ocr_par' dir='ltr' id='par_1_46' title="bbox 217 3780 3482 3855">
     <span class='ocr_line' id='line_1_46' title="bbox 217 3780 3482 3855; baseline 0 -25"><span class='ocrx_word' id='word_1_493' title='bbox 217 3793 298 3832; x_wconf 77' lang='lat' dir='ltr'><strong>nes</strong></span> <span class='ocrx_word' id='word_1_494' title='bbox 321 3783 625 3844; x_wconf 83' lang='lat' dir='ltr'><strong>contineat,</strong></span> <span class='ocrx_word' id='word_1_495' title='bbox 655 3791 714 3834; x_wconf 89' lang='lat' dir='ltr'><strong>ut</strong></span> <span class='ocrx_word' id='word_1_496' title='bbox 752 3782 1049 3852; x_wconf 82' lang='lat' dir='ltr'><strong>Augustino</strong></span> <span class='ocrx_word' id='word_1_497' title='bbox 1085 3781 1297 3836; x_wconf 83' lang='lat' dir='ltr'><strong>videtur</strong></span> <span class='ocrx_word' id='word_1_498' title='bbox 1325 3780 1556 3852; x_wconf 87' lang='lat' dir='ltr'><strong>placere,</strong></span> <span class='ocrx_word' id='word_1_499' title='bbox 1588 3795 1712 3834; x_wconf 83' lang='lat' dir='ltr'><strong>nam</strong></span> <span class='ocrx_word' id='word_1_500' title='bbox 1736 3787 1790 3834; x_wconf 88' lang='lat' dir='ltr'><strong>et</strong></span> <span class='ocrx_word' id='word_1_501' title='bbox 1895 3801 1923 3839; x_wconf 85' lang='lat' dir='ltr'><strong>a</strong></span> <span class='ocrx_word' id='word_1_502' title='bbox 1958 3782 2299 3855; x_wconf 88' lang='lat' dir='ltr'><strong>philosophis</strong></span> <span class='ocrx_word' id='word_1_503' title='bbox 2329 3783 2598 3839; x_wconf 90' lang='lat' dir='ltr'><strong>veraciter</strong></span> <span class='ocrx_word' id='word_1_504' title='bbox 2627 3781 2930 3852; x_wconf 88' lang='lat' dir='ltr'><strong>quaesitum</strong></span> <span class='ocrx_word' id='word_1_505' title='bbox 2964 3788 3350 3850; x_wconf 89' lang='lat' dir='ltr'><strong>repertumque</strong></span> <span class='ocrx_word' id='word_1_506' title='bbox 3378 3785 3482 3841; x_wconf 82' lang='lat' dir='ltr'><strong>est.</strong></span> 
     </span>
    </p>
   </div>
   <div class='ocr_carea' id='block_1_47' title="bbox 217 3869 3487 3944">
    <p class='ocr_par' dir='ltr' id='par_1_47' title="bbox 217 3869 3487 3944">
     <span class='ocr_line' id='line_1_47' title="bbox 217 3869 3487 3944; baseline 0.002 -26"><span class='ocrx_word' id='word_1_507' title='bbox 217 3871 367 3938; x_wconf 84' lang='lat' dir='ltr'><strong>angeli</strong></span> <span class='ocrx_word' id='word_1_508' title='bbox 399 3871 663 3926; x_wconf 78' lang='lat' dir='ltr'><strong>inferiora</strong></span> <span class='ocrx_word' id='word_1_509' title='bbox 712 3887 772 3926; x_wconf 85' lang='lat' dir='ltr'><strong>se</strong></span> <span class='ocrx_word' id='word_1_510' title='bbox 798 3873 1092 3927; x_wconf 90' lang='lat' dir='ltr'><strong>creduntur</strong></span> <span class='ocrx_word' id='word_1_511' title='bbox 1119 3871 1522 3937; x_wconf 81' lang='lat' dir='ltr'><strong>administrare,</strong></span> <span class='ocrx_word' id='word_1_512' title='bbox 1563 3869 1677 3926; x_wconf 84' lang='lat' dir='ltr'><strong>sive</strong></span> <span class='ocrx_word' id='word_1_513' title='bbox 1721 3869 1790 3924; x_wconf 88' lang='lat' dir='ltr'><strong>ad</strong></span> <span class='ocrx_word' id='word_1_514' title='bbox 1892 3885 2040 3931; x_wconf 75' lang='lat' dir='ltr'><strong>artes</strong></span> <span class='ocrx_word' id='word_1_515' title='bbox 2068 3889 2187 3931; x_wconf 91' lang='lat' dir='ltr'><strong>esse</strong></span> <span class='ocrx_word' id='word_1_516' title='bbox 2211 3885 2487 3940; x_wconf 84' lang='lat' dir='ltr'><strong>aeternas,</strong></span> <span class='ocrx_word' id='word_1_517' title='bbox 2513 3883 2570 3930; x_wconf 91' lang='lat' dir='ltr'><strong>et</strong></span> <span class='ocrx_word' id='word_1_518' title='bbox 2599 3889 2813 3944; x_wconf 86' lang='lat' dir='ltr'><strong>semper</strong></span> <span class='ocrx_word' id='word_1_519' title='bbox 2842 3871 3253 3927; x_wconf 85' lang='lat' dir='ltr'><strong>immutabiliter</strong></span> <span class='ocrx_word' id='word_1_520' title='bbox 3271 3869 3487 3924; x_wconf 71' lang='lat' dir='ltr'><strong>animae</strong></span> 
     </span>
    </p>
   </div>
   <div class='ocr_carea' id='block_1_48' title="bbox 215 3960 1781 4037">
    <p class='ocr_par' dir='ltr' id='par_1_48' title="bbox 215 3963 1781 4032">
     <span class='ocr_line' id='line_1_48' title="bbox 215 3963 1781 4032; baseline -0.003 -14"><span class='ocrx_word' id='word_1_521' title='bbox 215 3975 474 4032; x_wconf 71' lang='lat' dir='ltr'><strong>superiora</strong></span> <span class='ocrx_word' id='word_1_522' title='bbox 489 3980 549 4020; x_wconf 88' lang='lat' dir='ltr'><strong>se</strong></span> <span class='ocrx_word' id='word_1_523' title='bbox 571 3965 1067 4032; x_wconf 83' lang='lat' dir='ltr'><strong>semperintendat,</strong></span> <span class='ocrx_word' id='word_1_524' title='bbox 1093 3964 1147 4019; x_wconf 92' lang='lat' dir='ltr'><strong>id</strong></span> <span class='ocrx_word' id='word_1_525' title='bbox 1168 3972 1272 4028; x_wconf 91' lang='lat' dir='ltr'><strong>est,</strong></span> <span class='ocrx_word' id='word_1_526' title='bbox 1299 3963 1367 4016; x_wconf 90' lang='lat' dir='ltr'><strong>ad</strong></span> <span class='ocrx_word' id='word_1_527' title='bbox 1388 3978 1583 4018; x_wconf 85' lang='lat' dir='ltr'><strong>causas</strong></span> <span class='ocrx_word' id='word_1_528' title='bbox 1606 3975 1781 4017; x_wconf 89' lang='lat' dir='ltr'><strong>rerum</strong></span> 
     </span>
    </p>
   </div>
   <div class='ocr_carea' id='block_1_49' title="bbox 1885 3960 3486 4037">
    <p class='ocr_par' dir='ltr' id='par_1_49' title="bbox 1893 3960 3486 4037">
     <span class='ocr_line' id='line_1_49' title="bbox 1893 3960 3486 4037; baseline -0.006 -16"><span class='ocrx_word' id='word_1_529' title='bbox 1893 3967 2211 4030; x_wconf 88' lang='lat' dir='ltr'><strong>adhaerere,</strong></span> <span class='ocrx_word' id='word_1_530' title='bbox 2245 3967 2317 4022; x_wconf 90' lang='lat' dir='ltr'><strong>ita</strong></span> <span class='ocrx_word' id='word_1_531' title='bbox 2347 3977 2406 4022; x_wconf 89' lang='lat' dir='ltr'><strong>ut</strong></span> <span class='ocrx_word' id='word_1_532' title='bbox 2433 3982 2543 4022; x_wconf 93' lang='lat' dir='ltr'><strong>non</strong></span> <span class='ocrx_word' id='word_1_533' title='bbox 2589 3966 2743 4037; x_wconf 89' lang='lat' dir='ltr'><strong>quasi</strong></span> <span class='ocrx_word' id='word_1_534' title='bbox 2773 3964 3074 4019; x_wconf 83' lang='lat' dir='ltr'><strong>accidentia</strong></span> <span class='ocrx_word' id='word_1_535' title='bbox 3108 3961 3374 4032; x_wconf 88' lang='lat' dir='ltr'><strong>quaedam</strong></span> <span class='ocrx_word' id='word_1_536' title='bbox 3412 3960 3486 4028; x_wconf 81' lang='lat' dir='ltr'><strong>ip—</strong></span> 
     </span>
    </p>
   </div>
   <div class='ocr_carea' id='block_1_50' title="bbox 216 4045 3485 4124">
    <p class='ocr_par' dir='ltr' id='par_1_50' title="bbox 216 4045 3485 4124">
     <span class='ocr_line' id='line_1_50' title="bbox 216 4045 3485 4124; baseline 0 -20"><span class='ocrx_word' id='word_1_537' title='bbox 216 4061 466 4119; x_wconf 84' lang='lat' dir='ltr'><strong>aeternas,</strong></span> <span class='ocrx_word' id='word_1_538' title='bbox 499 4055 629 4110; x_wconf 87' lang='lat' dir='ltr'><strong>huic</strong></span> <span class='ocrx_word' id='word_1_539' title='bbox 671 4055 864 4108; x_wconf 88' lang='lat' dir='ltr'><strong>rationi</strong></span> <span class='ocrx_word' id='word_1_540' title='bbox 907 4069 1010 4108; x_wconf 91' lang='lat' dir='ltr'><strong>non</strong></span> <span class='ocrx_word' id='word_1_541' title='bbox 1038 4055 1237 4108; x_wconf 87' lang='lat' dir='ltr'><strong>obstat.</strong></span> <span class='ocrx_word' id='word_1_542' title='bbox 1268 4045 1383 4107; x_wconf 87' lang='lat' dir='ltr'><strong>Non</strong></span> <span class='ocrx_word' id='word_1_543' title='bbox 1413 4053 1559 4109; x_wconf 90' lang='lat' dir='ltr'><strong>enim</strong></span> <span class='ocrx_word' id='word_1_544' title='bbox 1585 4066 1616 4107; x_wconf 87' lang='lat' dir='ltr'><strong>a</strong></span> <span class='ocrx_word' id='word_1_545' title='bbox 1645 4051 1785 4105; x_wconf 86' lang='lat' dir='ltr'><strong>veri-</strong></span> <span class='ocrx_word' id='word_1_546' title='bbox 1892 4059 2004 4114; x_wconf 71' lang='lat' dir='ltr'><strong>sius</strong></span> <span class='ocrx_word' id='word_1_547' title='bbox 2033 4073 2152 4114; x_wconf 75' lang='lat' dir='ltr'><strong>esse</strong></span> <span class='ocrx_word' id='word_1_548' title='bbox 2185 4059 2492 4124; x_wconf 72' lang='lat' dir='ltr'><strong>videantur,</strong></span> <span class='ocrx_word' id='word_1_549' title='bbox 2523 4058 2616 4114; x_wconf 72' lang='lat' dir='ltr'><strong>sed</strong></span> <span class='ocrx_word' id='word_1_550' title='bbox 2647 4056 2921 4112; x_wconf 79' lang='lat' dir='ltr'><strong>naturales</strong></span> <span class='ocrx_word' id='word_1_551' title='bbox 2952 4057 3182 4110; x_wconf 84' lang='lat' dir='ltr'><strong>virtutes</strong></span> <span class='ocrx_word' id='word_1_552' title='bbox 3215 4051 3485 4108; x_wconf 83' lang='lat' dir='ltr'><strong>actiones-</strong></span> 
     </span>
    </p>
   </div>
   <div class='ocr_carea' id='block_1_51' title="bbox 215 4141 3478 4216">
    <p class='ocr_par' dir='ltr' id='par_1_51' title="bbox 215 4141 3478 4216">
     <span class='ocr_line' id='line_1_51' title="bbox 215 4141 3478 4216; baseline -0.005 -6"><span class='ocrx_word' id='word_1_553' title='bbox 215 4149 307 4196; x_wconf 63' lang='grc' dir='ltr'>ωε</span> <span class='ocrx_word' id='word_1_554' title='bbox 328 4145 512 4210; x_wconf 52' lang='lat' dir='ltr'><strong>distat,</strong></span> <span class='ocrx_word' id='word_1_555' title='bbox 547 4154 609 4200; x_wconf 81' lang='grc' dir='ltr'><strong>ιιι</strong></span> <span class='ocrx_word' id='word_1_556' title='bbox 635 4144 810 4209; x_wconf 72' lang='lat' dir='ltr'><strong>Video.</strong></span> <span class='ocrx_word' id='word_1_557' title='bbox 834 4145 878 4199; x_wconf 77' lang='lat' dir='ltr'><strong>Si</strong></span> <span class='ocrx_word' id='word_1_558' title='bbox 901 4145 1024 4215; x_wconf 76' lang='lat' dir='ltr'><strong>quis</strong></span> <span class='ocrx_word' id='word_1_559' title='bbox 1059 4143 1446 4207; x_wconf 68' lang='lat' dir='ltr'><strong>aestimaveril.</strong></span> <span class='ocrx_word' id='word_1_560' title='bbox 1491 4143 1787 4198; x_wconf 81' lang='lat' dir='ltr'><strong>humanum</strong></span> <span class='ocrx_word' id='word_1_561' title='bbox 1889 4162 2016 4216; x_wconf 90' lang='lat' dir='ltr'><strong>que,</strong></span> <span class='ocrx_word' id='word_1_562' title='bbox 2049 4146 2195 4202; x_wconf 91' lang='lat' dir='ltr'><strong>nullo</strong></span> <span class='ocrx_word' id='word_1_563' title='bbox 2220 4147 2378 4202; x_wconf 89' lang='lat' dir='ltr'><strong>modo</strong></span> <span class='ocrx_word' id='word_1_564' title='bbox 2405 4148 2474 4203; x_wconf 89' lang='lat' dir='ltr'><strong>ab</strong></span> <span class='ocrx_word' id='word_1_565' title='bbox 2513 4163 2577 4202; x_wconf 87' lang='lat' dir='ltr'><strong>ea</strong></span> <span class='ocrx_word' id='word_1_566' title='bbox 2608 4147 2942 4208; x_wconf 89' lang='lat' dir='ltr'><strong>recedentes,</strong></span> <span class='ocrx_word' id='word_1_567' title='bbox 2977 4158 3076 4200; x_wconf 91' lang='lat' dir='ltr'><strong>nec</strong></span> <span class='ocrx_word' id='word_1_568' title='bbox 3108 4141 3364 4199; x_wconf 87' lang='lat' dir='ltr'><strong>recedere</strong></span> <span class='ocrx_word' id='word_1_569' title='bbox 3387 4155 3478 4194; x_wconf 84' lang='lat' dir='ltr'><strong>va-</strong></span> 
     </span>
    </p>
   </div>
   <div class='ocr_carea' id='block_1_52' title="bbox 214 4229 3482 4304">
    <p class='ocr_par' dir='ltr' id='par_1_52' title="bbox 214 4229 3482 4304">
     <span class='ocr_line' id='line_1_52' title="bbox 214 4229 3482 4304; baseline 0 -22"><span class='ocrx_word' id='word_1_570' title='bbox 214 4234 457 4299; x_wconf 84' lang='lat' dir='ltr'><strong>animum,</strong></span> <span class='ocrx_word' id='word_1_571' title='bbox 490 4235 732 4291; x_wconf 84' lang='lat' dir='ltr'><strong>terrenis</strong></span> <span class='ocrx_word' id='word_1_572' title='bbox 765 4235 941 4290; x_wconf 88' lang='lat' dir='ltr'><strong>adhttc</strong></span> <span class='ocrx_word' id='word_1_573' title='bbox 970 4235 1267 4304; x_wconf 88' lang='lat' dir='ltr'><strong>pbantasiis</strong></span> <span class='ocrx_word' id='word_1_574' title='bbox 1293 4235 1628 4304; x_wconf 89' lang='lat' dir='ltr'><strong>depressum,</strong></span> <span class='ocrx_word' id='word_1_575' title='bbox 1661 4248 1788 4287; x_wconf 86' lang='lat' dir='ltr'><strong>cau-</strong></span> <span class='ocrx_word' id='word_1_576' title='bbox 1890 4235 2084 4302; x_wconf 88' lang='lat' dir='ltr'><strong>lentes,</strong></span> <span class='ocrx_word' id='word_1_577' title='bbox 2121 4253 2221 4292; x_wconf 88' lang='lat' dir='ltr'><strong>nec</strong></span> <span class='ocrx_word' id='word_1_578' title='bbox 2247 4237 2462 4292; x_wconf 84' lang='lat' dir='ltr'><strong>aliunde</strong></span> <span class='ocrx_word' id='word_1_579' title='bbox 2507 4236 2806 4299; x_wconf 88' lang='lat' dir='ltr'><strong>venientes,</strong></span> <span class='ocrx_word' id='word_1_580' title='bbox 2834 4234 2926 4290; x_wconf 85' lang='lat' dir='ltr'><strong>sed</strong></span> <span class='ocrx_word' id='word_1_581' title='bbox 2967 4230 3284 4288; x_wconf 87' lang='lat' dir='ltr'><strong>naturaliter</strong></span> <span class='ocrx_word' id='word_1_582' title='bbox 3316 4230 3366 4286; x_wconf 86' lang='lat' dir='ltr'><strong>ei</strong></span> <span class='ocrx_word' id='word_1_583' title='bbox 3395 4229 3482 4284; x_wconf 86' lang='lat' dir='ltr'><strong>in—</strong></span> 
     </span>
    </p>
   </div>
   <div class='ocr_carea' id='block_1_53' title="bbox 211 4322 3485 4400">
    <p class='ocr_par' dir='ltr' id='par_1_53' title="bbox 211 4322 3485 4400">
     <span class='ocr_line' id='line_1_53' title="bbox 211 4322 3485 4400; baseline -0.003 -15"><span class='ocrx_word' id='word_1_584' title='bbox 211 4337 288 4377; x_wconf 69' lang='lat' dir='ltr'><strong>m</strong></span> <span class='ocrx_word' id='word_1_585' title='bbox 313 4338 529 4381; x_wconf 78' lang='lat' dir='ltr'><strong>creatas</strong></span> <span class='ocrx_word' id='word_1_586' title='bbox 561 4327 885 4381; x_wconf 69' lang='lat' dir='ltr'><strong>inferiorum</strong></span> <span class='ocrx_word' id='word_1_587' title='bbox 913 4342 973 4381; x_wconf 83' lang='lat' dir='ltr'><strong>se</strong></span> <span class='ocrx_word' id='word_1_588' title='bbox 1007 4336 1319 4380; x_wconf 80' lang='lat' dir='ltr'><strong>naturarum</strong></span> <span class='ocrx_word' id='word_1_589' title='bbox 1350 4338 1508 4396; x_wconf 82' lang='lat' dir='ltr'><strong>posse</strong></span> <span class='ocrx_word' id='word_1_590' title='bbox 1535 4338 1786 4392; x_wconf 81' lang='lat' dir='ltr'><strong>compre-</strong></span> <span class='ocrx_word' id='word_1_591' title='bbox 1889 4329 2047 4394; x_wconf 84' lang='lat' dir='ltr'><strong>sitas,</strong></span> <span class='ocrx_word' id='word_1_592' title='bbox 2070 4329 2144 4384; x_wconf 87' lang='lat' dir='ltr'><strong>ita</strong></span> <span class='ocrx_word' id='word_1_593' title='bbox 2180 4337 2240 4382; x_wconf 91' lang='lat' dir='ltr'><strong>ut</strong></span> <span class='ocrx_word' id='word_1_594' title='bbox 2268 4328 2576 4400; x_wconf 88' lang='lat' dir='ltr'><strong>ambiguttm</strong></span> <span class='ocrx_word' id='word_1_595' title='bbox 2600 4329 2693 4390; x_wconf 90' lang='lat' dir='ltr'><strong>sit,</strong></span> <span class='ocrx_word' id='word_1_596' title='bbox 2722 4335 2900 4380; x_wconf 91' lang='lat' dir='ltr'><strong>utrum</strong></span> <span class='ocrx_word' id='word_1_597' title='bbox 2926 4325 3077 4394; x_wconf 84' lang='lat' dir='ltr'><strong>ipsae</strong></span> <span class='ocrx_word' id='word_1_598' title='bbox 3102 4322 3485 4378; x_wconf 88' lang='lat' dir='ltr'><strong>aeternitatem</strong></span> 
     </span>
    </p>
   </div>
   <div class='ocr_carea' id='block_1_54' title="bbox 215 4413 3485 4492">
    <p class='ocr_par' dir='ltr' id='par_1_54' title="bbox 215 4413 3485 4492">
     <span class='ocr_line' id='line_1_54' title="bbox 215 4413 3485 4492; baseline -0.001 -23"><span class='ocrx_word' id='word_1_599' title='bbox 215 4413 446 4484; x_wconf 86' lang='lat' dir='ltr'><strong>bendere,</strong></span> <span class='ocrx_word' id='word_1_600' title='bbox 502 4423 551 4475; x_wconf 92' lang='lat' dir='ltr'><strong>si</strong></span> <span class='ocrx_word' id='word_1_601' title='bbox 603 4437 738 4492; x_wconf 89' lang='lat' dir='ltr'><strong>pure</strong></span> <span class='ocrx_word' id='word_1_602' title='bbox 780 4420 996 4485; x_wconf 76' lang='lat' dir='ltr'><strong>vixerit,</strong></span> <span class='ocrx_word' id='word_1_603' title='bbox 1037 4417 1338 4490; x_wconf 86' lang='lat' dir='ltr'><strong>angelicum</strong></span> <span class='ocrx_word' id='word_1_604' title='bbox 1375 4433 1504 4474; x_wconf 87' lang='lat' dir='ltr'><strong>vero</strong></span> <span class='ocrx_word' id='word_1_605' title='bbox 1543 4416 1786 4472; x_wconf 90' lang='lat' dir='ltr'><strong>omnium</strong></span> <span class='ocrx_word' id='word_1_606' title='bbox 1821 4465 1868 4492; x_wconf 42' lang='grc' dir='ltr'>,ἱ</span> <span class='ocrx_word' id='word_1_607' title='bbox 1891 4423 1940 4476; x_wconf 84' lang='lat' dir='ltr'><strong>ei</strong></span> <span class='ocrx_word' id='word_1_608' title='bbox 1967 4429 2243 4492; x_wconf 87' lang='lat' dir='ltr'><strong>praestent</strong></span> <span class='ocrx_word' id='word_1_609' title='bbox 2267 4418 2614 4488; x_wconf 68' lang='lat' dir='ltr'><strong>&#39;!,qnoniam</strong></span> <span class='ocrx_word' id='word_1_610' title='bbox 2645 4427 2898 4472; x_wconf 86' lang='lat' dir='ltr'><strong>aeternae</strong></span> <span class='ocrx_word' id='word_1_611' title='bbox 2942 4413 3313 4484; x_wconf 80' lang='lat' dir='ltr'><strong>sint“,eique</strong></span> <span class='ocrx_word' id='word_1_612' title='bbox 3339 4429 3485 4468; x_wconf 89' lang='lat' dir='ltr'><strong>sem-</strong></span> 
     </span>
    </p>
   </div>
   <div class='ocr_carea' id='block_1_55' title="bbox 214 4505 3486 4584">
    <p class='ocr_par' dir='ltr' id='par_1_55' title="bbox 214 4505 3486 4584">
     <span class='ocr_line' id='line_1_55' title="bbox 214 4505 3486 4584; baseline 0 -24"><span class='ocrx_word' id='word_1_613' title='bbox 214 4523 371 4564; x_wconf 84' lang='lat' dir='ltr'><strong>rerum</strong></span> <span class='ocrx_word' id='word_1_614' title='bbox 401 4523 668 4569; x_wconf 85' lang='lat' dir='ltr'><strong>aeternas</strong></span> <span class='ocrx_word' id='word_1_615' title='bbox 693 4524 944 4583; x_wconf 87' lang='lat' dir='ltr'><strong>appetere</strong></span> <span class='ocrx_word' id='word_1_616' title='bbox 973 4513 1231 4577; x_wconf 85' lang='lat' dir='ltr'><strong>rationes,</strong></span> <span class='ocrx_word' id='word_1_617' title='bbox 1259 4519 1314 4566; x_wconf 92' lang='lat' dir='ltr'><strong>et</strong></span> <span class='ocrx_word' id='word_1_618' title='bbox 1350 4511 1418 4567; x_wconf 88' lang='lat' dir='ltr'><strong>ad</strong></span> <span class='ocrx_word' id='word_1_619' title='bbox 1449 4512 1552 4568; x_wconf 87' lang='lat' dir='ltr'><strong>hoc</strong></span> <span class='ocrx_word' id='word_1_620' title='bbox 1578 4526 1791 4580; x_wconf 79' lang='lat' dir='ltr'><strong>semper</strong></span> <span class='ocrx_word' id='word_1_621' title='bbox 1821 4505 1866 4524; x_wconf 88' lang='grc'><em>”</em></span> <span class='ocrx_word' id='word_1_622' title='bbox 1893 4529 1990 4584; x_wconf 87' lang='lat' dir='ltr'><strong>per</strong></span> <span class='ocrx_word' id='word_1_623' title='bbox 2015 4513 2346 4568; x_wconf 86' lang='lat' dir='ltr'><strong>adhaereant</strong></span> <span class='ocrx_word' id='word_1_624' title='bbox 2373 4511 2517 4576; x_wconf 78' lang='lat' dir='ltr'><strong>&quot;,ut</strong></span> <span class='ocrx_word' id='word_1_625' title='bbox 2546 4519 2766 4566; x_wconf 88' lang='lat' dir='ltr'><strong>aeterna</strong></span> <span class='ocrx_word' id='word_1_626' title='bbox 2788 4509 2882 4574; x_wconf 90' lang='lat' dir='ltr'><strong>sit,</strong></span> <span class='ocrx_word' id='word_1_627' title='bbox 2907 4525 2972 4564; x_wconf 91' lang='lat' dir='ltr'><strong>an</strong></span> <span class='ocrx_word' id='word_1_628' title='bbox 3000 4509 3206 4563; x_wconf 90' lang='lat' dir='ltr'><strong>ratione</strong></span> <span class='ocrx_word' id='word_1_629' title='bbox 3235 4505 3486 4575; x_wconf 83' lang='lat' dir='ltr'><strong>subjecti,</strong></span> 
     </span>
    </p>
   </div>
   <div class='ocr_carea' id='block_1_56' title="bbox 215 4599 3482 4676">
    <p class='ocr_par' dir='ltr' id='par_1_56' title="bbox 215 4599 3482 4676">
     <span class='ocr_line' id='line_1_56' title="bbox 215 4599 3482 4676; baseline -0 -24"><span class='ocrx_word' id='word_1_630' title='bbox 215 4603 417 4658; x_wconf 83' lang='lat' dir='ltr'><strong>caritate</strong></span> <span class='ocrx_word' id='word_1_631' title='bbox 460 4613 649 4659; x_wconf 83' lang='lat' dir='ltr'><strong>motus</strong></span> <span class='ocrx_word' id='word_1_632' title='bbox 680 4605 972 4659; x_wconf 85' lang='lat' dir='ltr'><strong>humanam</strong></span> <span class='ocrx_word' id='word_1_633' title='bbox 1017 4612 1264 4658; x_wconf 89' lang='lat' dir='ltr'><strong>naturam</strong></span> <span class='ocrx_word' id='word_1_634' title='bbox 1297 4605 1594 4661; x_wconf 83' lang='lat' dir='ltr'><strong>attrahere.</strong></span> <span class='ocrx_word' id='word_1_635' title='bbox 1646 4603 1783 4658; x_wconf 66' lang='lat' dir='ltr'><strong>liae.</strong></span> <span class='ocrx_word' id='word_1_636' title='bbox 1894 4607 2036 4676; x_wconf 91' lang='lat' dir='ltr'><strong>quod</strong></span> <span class='ocrx_word' id='word_1_637' title='bbox 2085 4614 2170 4660; x_wconf 89' lang='lat' dir='ltr'><strong>est</strong></span> <span class='ocrx_word' id='word_1_638' title='bbox 2205 4605 2406 4668; x_wconf 87' lang='lat' dir='ltr'><strong>anima,</strong></span> <span class='ocrx_word' id='word_1_639' title='bbox 2438 4605 2648 4659; x_wconf 87' lang='lat' dir='ltr'><strong>artibus</strong></span> <span class='ocrx_word' id='word_1_640' title='bbox 2687 4602 2984 4657; x_wconf 89' lang='lat' dir='ltr'><strong>aeternitas</strong></span> <span class='ocrx_word' id='word_1_641' title='bbox 3033 4599 3482 4663; x_wconf 88' lang='lat' dir='ltr'><strong>administratur;</strong></span> 
     </span>
    </p>
   </div>
   <div class='ocr_carea' id='block_1_57' title="bbox 217 4692 3482 4768">
    <p class='ocr_par' dir='ltr' id='par_1_57' title="bbox 217 4692 3482 4768">
     <span class='ocr_line' id='line_1_57' title="bbox 217 4692 3482 4768; baseline -0.001 -22"><span class='ocrx_word' id='word_1_642' title='bbox 217 4692 359 4751; x_wconf 74' lang='lat' dir='ltr'><strong>Recte</strong></span> <span class='ocrx_word' id='word_1_643' title='bbox 392 4700 568 4754; x_wconf 84' lang='lat' dir='ltr'><strong>vides.</strong></span> <span class='ocrx_word' id='word_1_644' title='bbox 603 4697 840 4753; x_wconf 80' lang='lat' dir='ltr'><strong>Videsne</strong></span> <span class='ocrx_word' id='word_1_645' title='bbox 877 4699 1073 4768; x_wconf 88' lang='lat' dir='ltr'><strong>itaque,</strong></span> <span class='ocrx_word' id='word_1_646' title='bbox 1126 4712 1232 4751; x_wconf 91' lang='lat' dir='ltr'><strong>non</strong></span> <span class='ocrx_word' id='word_1_647' title='bbox 1263 4696 1406 4752; x_wconf 89' lang='lat' dir='ltr'><strong>aliud</strong></span> <span class='ocrx_word' id='word_1_648' title='bbox 1438 4711 1559 4752; x_wconf 91' lang='lat' dir='ltr'><strong>esse</strong></span> <span class='ocrx_word' id='word_1_649' title='bbox 1587 4696 1785 4762; x_wconf 88' lang='lat' dir='ltr'><strong>locum,</strong></span> <span class='ocrx_word' id='word_1_650' title='bbox 1890 4699 2040 4752; x_wconf 78' lang='grc' dir='ltr'><strong>οὐσία</strong></span> <span class='ocrx_word' id='word_1_651' title='bbox 2070 4697 2214 4751; x_wconf 89' lang='lat' dir='ltr'><strong>enim</strong></span> <span class='ocrx_word' id='word_1_652' title='bbox 2265 4695 2478 4750; x_wconf 88' lang='lat' dir='ltr'><strong>animae</strong></span> <span class='ocrx_word' id='word_1_653' title='bbox 2504 4704 2559 4750; x_wconf 92' lang='lat' dir='ltr'><strong>et</strong></span> <span class='ocrx_word' id='word_1_654' title='bbox 2579 4695 2753 4749; x_wconf 90' lang='lat' dir='ltr'><strong>virtus</strong></span> <span class='ocrx_word' id='word_1_655' title='bbox 2779 4703 2833 4747; x_wconf 90' lang='lat' dir='ltr'><strong>et</strong></span> <span class='ocrx_word' id='word_1_656' title='bbox 2861 4692 3004 4748; x_wconf 87' lang='lat' dir='ltr'><strong>actio</strong></span> <span class='ocrx_word' id='word_1_657' title='bbox 3030 4699 3284 4746; x_wconf 90' lang='lat' dir='ltr'><strong>aeternae</strong></span> <span class='ocrx_word' id='word_1_658' title='bbox 3323 4698 3482 4753; x_wconf 88' lang='lat' dir='ltr'><strong>sunt;</strong></span> 
     </span>
    </p>
   </div>
   <div class='ocr_carea' id='block_1_58' title="bbox 216 4782 3484 4860">
    <p class='ocr_par' dir='ltr' id='par_1_58' title="bbox 216 4782 3484 4860">
     <span class='ocr_line' id='line_1_58' title="bbox 216 4782 3484 4860; baseline -0.001 -25"><span class='ocrx_word' id='word_1_659' title='bbox 216 4787 300 4840; x_wconf 83' lang='lat' dir='ltr'><strong>nisi</strong></span> <span class='ocrx_word' id='word_1_660' title='bbox 350 4793 630 4844; x_wconf 87' lang='lat' dir='ltr'><strong>actionem</strong></span> <span class='ocrx_word' id='word_1_661' title='bbox 676 4789 1023 4860; x_wconf 90' lang='lat' dir='ltr'><strong>intelligentis</strong></span> <span class='ocrx_word' id='word_1_662' title='bbox 1074 4797 1237 4858; x_wconf 89' lang='lat' dir='ltr'><strong>atque</strong></span> <span class='ocrx_word' id='word_1_663' title='bbox 1279 4787 1791 4857; x_wconf 88' lang='lat' dir='ltr'><strong>comprehendentis</strong></span> <span class='ocrx_word' id='word_1_664' title='bbox 1894 4805 1961 4844; x_wconf 90' lang='lat' dir='ltr'><strong>an</strong></span> <span class='ocrx_word' id='word_1_665' title='bbox 1994 4790 2067 4843; x_wconf 92' lang='lat' dir='ltr'><strong>ita</strong></span> <span class='ocrx_word' id='word_1_666' title='bbox 2105 4788 2205 4843; x_wconf 89' lang='lat' dir='ltr'><strong>sibi</strong></span> <span class='ocrx_word' id='word_1_667' title='bbox 2233 4787 2460 4842; x_wconf 86' lang='lat' dir='ltr'><strong>invicem</strong></span> <span class='ocrx_word' id='word_1_668' title='bbox 2497 4786 2892 4841; x_wconf 83' lang='lat' dir='ltr'><strong>coadhaereant</strong></span> <span class='ocrx_word' id='word_1_669' title='bbox 2921 4782 2991 4848; x_wconf 62' lang='grc'>⁸³,</span> <span class='ocrx_word' id='word_1_670' title='bbox 3019 4783 3143 4836; x_wconf 93' lang='lat' dir='ltr'><strong>dum</strong></span> <span class='ocrx_word' id='word_1_671' title='bbox 3175 4795 3367 4836; x_wconf 89' lang='lat' dir='ltr'><strong>omnes</strong></span> <span class='ocrx_word' id='word_1_672' title='bbox 3389 4794 3484 4834; x_wconf 56' lang='lat' dir='ltr'><strong>ac-</strong></span> 
     </span>
    </p>
   </div>
   <div class='ocr_carea' id='block_1_59' title="bbox 215 4870 3482 4948">
    <p class='ocr_par' dir='ltr' id='par_1_59' title="bbox 215 4870 3482 4948">
     <span class='ocr_line' id='line_1_59' title="bbox 215 4870 3482 4948; baseline -0.001 -23"><span class='ocrx_word' id='word_1_673' title='bbox 215 4877 389 4934; x_wconf 73' lang='lat' dir='ltr'><strong>virtute</strong></span> <span class='ocrx_word' id='word_1_674' title='bbox 412 4879 814 4946; x_wconf 72' lang='lat' dir='ltr'><strong>intelligentiae</strong></span> <span class='ocrx_word' id='word_1_675' title='bbox 835 4895 920 4943; x_wconf 85' lang='lat' dir='ltr'><strong>ea,</strong></span> <span class='ocrx_word' id='word_1_676' title='bbox 939 4893 1079 4948; x_wconf 87' lang='lat' dir='ltr'><strong>quae</strong></span> <span class='ocrx_word' id='word_1_677' title='bbox 1103 4877 1564 4948; x_wconf 82' lang='lat' dir='ltr'><strong>comprehendere</strong></span> <span class='ocrx_word' id='word_1_678' title='bbox 1588 4887 1786 4948; x_wconf 85' lang='lat' dir='ltr'><strong>potest,</strong></span> <span class='ocrx_word' id='word_1_679' title='bbox 1895 4891 2084 4934; x_wconf 82' lang='lat' dir='ltr'><strong>ternae</strong></span> <span class='ocrx_word' id='word_1_680' title='bbox 2131 4880 2259 4941; x_wconf 89' lang='lat' dir='ltr'><strong>sint,</strong></span> <span class='ocrx_word' id='word_1_681' title='bbox 2287 4886 2345 4932; x_wconf 90' lang='lat' dir='ltr'><strong>ut</strong></span> <span class='ocrx_word' id='word_1_682' title='bbox 2373 4893 2402 4930; x_wconf 82' lang='lat' dir='ltr'><strong>a</strong></span> <span class='ocrx_word' id='word_1_683' title='bbox 2433 4893 2492 4932; x_wconf 88' lang='lat' dir='ltr'><strong>se</strong></span> <span class='ocrx_word' id='word_1_684' title='bbox 2519 4877 2746 4931; x_wconf 83' lang='lat' dir='ltr'><strong>invicem</strong></span> <span class='ocrx_word' id='word_1_685' title='bbox 2797 4873 3068 4944; x_wconf 79' lang='lat' dir='ltr'><strong>segregari</strong></span> <span class='ocrx_word' id='word_1_686' title='bbox 3114 4887 3220 4926; x_wconf 90' lang='lat' dir='ltr'><strong>non</strong></span> <span class='ocrx_word' id='word_1_687' title='bbox 3254 4870 3482 4940; x_wconf 83' lang='lat' dir='ltr'><strong>possint.</strong></span> 
     </span>
    </p>
   </div>
   <div class='ocr_carea' id='block_1_60' title="bbox 211 4959 3484 5039">
    <p class='ocr_par' dir='ltr' id='par_1_60' title="bbox 211 4959 3484 5039">
     <span class='ocr_line' id='line_1_60' title="bbox 211 4959 3484 5039; baseline -0.001 -24"><span class='ocrx_word' id='word_1_688' title='bbox 211 4966 309 5020; x_wconf 85' lang='lat' dir='ltr'><strong>sive</strong></span> <span class='ocrx_word' id='word_1_689' title='bbox 354 4970 643 5025; x_wconf 78' lang='lat' dir='ltr'><strong>setisibilia</strong></span> <span class='ocrx_word' id='word_1_690' title='bbox 700 4970 809 5023; x_wconf 84' lang='lat' dir='ltr'><strong>sint</strong></span> <span class='ocrx_word' id='word_1_691' title='bbox 835 5009 848 5034; x_wconf 89' lang='lat'><strong>,</strong></span> <span class='ocrx_word' id='word_1_692' title='bbox 902 4971 1016 5024; x_wconf 85' lang='lat' dir='ltr'><strong>sive</strong></span> <span class='ocrx_word' id='word_1_693' title='bbox 1051 4969 1322 5024; x_wconf 89' lang='lat' dir='ltr'><strong>intellectu</strong></span> <span class='ocrx_word' id='word_1_694' title='bbox 1369 4969 1791 5039; x_wconf 87' lang='lat' dir='ltr'><strong>comprehensa?</strong></span> <span class='ocrx_word' id='word_1_695' title='bbox 1967 4971 2056 5026; x_wconf 72' lang='grc' dir='ltr'>ιδ.</span> <span class='ocrx_word' id='word_1_696' title='bbox 2101 4971 2244 5025; x_wconf 87' lang='lat' dir='ltr'><strong>Dtsc.</strong></span> <span class='ocrx_word' id='word_1_697' title='bbox 2276 4969 2409 5024; x_wconf 82' lang='lat' dir='ltr'><strong>Huic</strong></span> <span class='ocrx_word' id='word_1_698' title='bbox 2434 4968 2648 5030; x_wconf 88' lang='lat' dir='ltr'><strong>rationi,</strong></span> <span class='ocrx_word' id='word_1_699' title='bbox 2681 4965 2936 5035; x_wconf 84' lang='lat' dir='ltr'><strong>quoniam</strong></span> <span class='ocrx_word' id='word_1_700' title='bbox 2979 4978 3105 5018; x_wconf 85' lang='lat' dir='ltr'><strong>vera</strong></span> <span class='ocrx_word' id='word_1_701' title='bbox 3148 4971 3252 5027; x_wconf 88' lang='lat' dir='ltr'><strong>est,</strong></span> <span class='ocrx_word' id='word_1_702' title='bbox 3299 4959 3484 5015; x_wconf 85' lang='lat' dir='ltr'><strong>nescio</strong></span> 
     </span>
    </p>
   </div>
   <div class='ocr_carea' id='block_1_61' title="bbox 208 5053 3485 5132">
    <p class='ocr_par' dir='ltr' id='par_1_61' title="bbox 208 5053 3485 5132">
     <span class='ocr_line' id='line_1_61' title="bbox 208 5053 3485 5132; baseline -0.002 -20"><span class='ocrx_word' id='word_1_703' title='bbox 208 5053 353 5127; x_wconf 65' lang='lat' dir='ltr'><strong>Atqui</strong></span> <span class='ocrx_word' id='word_1_704' title='bbox 377 5059 422 5092; x_wconf 81' lang='lat'>&quot;</span> <span class='ocrx_word' id='word_1_705' title='bbox 441 5061 492 5116; x_wconf 85' lang='lat' dir='ltr'><strong>si</strong></span> <span class='ocrx_word' id='word_1_706' title='bbox 519 5059 602 5114; x_wconf 82' lang='lat' dir='ltr'><strong>ita</strong></span> <span class='ocrx_word' id='word_1_707' title='bbox 636 5069 739 5124; x_wconf 88' lang='lat' dir='ltr'><strong>est,</strong></span> <span class='ocrx_word' id='word_1_708' title='bbox 763 5059 908 5114; x_wconf 91' lang='lat' dir='ltr'><strong>aliud</strong></span> <span class='ocrx_word' id='word_1_709' title='bbox 933 5061 1099 5130; x_wconf 89' lang='lat' dir='ltr'><strong>igitur</strong></span> <span class='ocrx_word' id='word_1_710' title='bbox 1137 5060 1178 5091; x_wconf 81' lang='lat'>“</span> <span class='ocrx_word' id='word_1_711' title='bbox 1209 5067 1294 5114; x_wconf 87' lang='lat' dir='ltr'><strong>est</strong></span> <span class='ocrx_word' id='word_1_712' title='bbox 1337 5059 1480 5115; x_wconf 87' lang='lat' dir='ltr'><strong>ouod</strong></span> <span class='ocrx_word' id='word_1_713' title='bbox 1507 5059 1790 5123; x_wconf 87' lang='lat' dir='ltr'><strong>deﬁnitur,</strong></span> <span class='ocrx_word' id='word_1_714' title='bbox 1895 5063 2021 5132; x_wconf 89' lang='lat' dir='ltr'><strong>quis</strong></span> <span class='ocrx_word' id='word_1_715' title='bbox 2045 5062 2242 5117; x_wconf 88' lang='lat' dir='ltr'><strong>audeat</strong></span> <span class='ocrx_word' id='word_1_716' title='bbox 2265 5060 2536 5116; x_wconf 87' lang='lat' dir='ltr'><strong>reluctari.</strong></span> <span class='ocrx_word' id='word_1_717' title='bbox 2566 5058 2701 5112; x_wconf 83' lang='lat' dir='ltr'><strong>Nam</strong></span> <span class='ocrx_word' id='word_1_718' title='bbox 2744 5057 3100 5128; x_wconf 84' lang='lat' dir='ltr'><strong>quodcunque</strong></span> <span class='ocrx_word' id='word_1_719' title='bbox 3130 5054 3324 5110; x_wconf 84' lang='lat' dir='ltr'><strong>borum</strong></span> <span class='ocrx_word' id='word_1_720' title='bbox 3362 5053 3485 5121; x_wconf 88' lang='lat' dir='ltr'><strong>quis</strong></span> 
     </span>
    </p>
   </div>
   <div class='ocr_carea' id='block_1_62' title="bbox 205 2503 1781 2583">
    <p class='ocr_par' dir='ltr' id='par_1_62' title="bbox 205 2503 1781 2583">
     <span class='ocr_line' id='line_1_62' title="bbox 205 2503 1781 2583; baseline 0.003 -28"><span class='ocrx_word' id='word_1_721' title='bbox 205 2514 352 2555; x_wconf 86' lang='lat' dir='ltr'><strong>errat.</strong></span> <span class='ocrx_word' id='word_1_722' title='bbox 386 2503 626 2574; x_wconf 86' lang='lat' dir='ltr'><strong>Ideoque</strong></span> <span class='ocrx_word' id='word_1_723' title='bbox 655 2504 742 2583; x_wconf 82' lang='lat' dir='ltr'><strong>ubi</strong></span> <span class='ocrx_word' id='word_1_724' title='bbox 773 2503 1116 2560; x_wconf 89' lang='lat' dir='ltr'><strong>deﬁnitiones</strong></span> <span class='ocrx_word' id='word_1_725' title='bbox 1173 2514 1296 2560; x_wconf 91' lang='lat' dir='ltr'><strong>sunt</strong></span> <span class='ocrx_word' id='word_1_726' title='bbox 1321 2504 1343 2538; x_wconf 81' lang='grc'><strong><em>⁸</em></strong></span> <span class='ocrx_word' id='word_1_727' title='bbox 1381 2520 1592 2570; x_wconf 90' lang='lat' dir='ltr'><strong>eorum,</strong></span> <span class='ocrx_word' id='word_1_728' title='bbox 1641 2519 1781 2574; x_wconf 87' lang='lat' dir='ltr'><strong>quae</strong></span> 
     </span>
    </p>
   </div>
   <div class='ocr_carea' id='block_1_63' title="bbox 205 2593 1781 2667">
    <p class='ocr_par' dir='ltr' id='par_1_63' title="bbox 205 2593 1781 2667">
     <span class='ocr_line' id='line_1_63' title="bbox 205 2593 1781 2667; baseline 0.003 -19"><span class='ocrx_word' id='word_1_729' title='bbox 205 2593 542 2658; x_wconf 82' lang='lat' dir='ltr'><strong>deﬁniuntur,</strong></span> <span class='ocrx_word' id='word_1_730' title='bbox 578 2595 648 2648; x_wconf 92' lang='lat' dir='ltr'><strong>ibi</strong></span> <span class='ocrx_word' id='word_1_731' title='bbox 673 2594 918 2664; x_wconf 82' lang='lat' dir='ltr'><strong>profecto</strong></span> <span class='ocrx_word' id='word_1_732' title='bbox 938 2606 993 2650; x_wconf 91' lang='lat' dir='ltr'><strong>et</strong></span> <span class='ocrx_word' id='word_1_733' title='bbox 1023 2596 1125 2650; x_wconf 93' lang='lat' dir='ltr'><strong>loci</strong></span> <span class='ocrx_word' id='word_1_734' title='bbox 1154 2612 1362 2660; x_wconf 91' lang='lat' dir='ltr'><strong>eorum,</strong></span> <span class='ocrx_word' id='word_1_735' title='bbox 1385 2613 1526 2667; x_wconf 87' lang='lat' dir='ltr'><strong>quae</strong></span> <span class='ocrx_word' id='word_1_736' title='bbox 1547 2598 1781 2654; x_wconf 85' lang='lat' dir='ltr'><strong>circum-</strong></span> 
     </span>
    </p>
   </div>
   <div class='ocr_carea' id='block_1_64' title="bbox 207 2687 1780 2746">
    <p class='ocr_par' dir='ltr' id='par_1_64' title="bbox 207 2687 1780 2746">
     <span class='ocr_line' id='line_1_64' title="bbox 207 2687 1780 2746; baseline 0.003 -4"><span class='ocrx_word' id='word_1_737' title='bbox 207 2689 522 2742; x_wconf 76' lang='lat' dir='ltr'><strong>scribuntur.</strong></span> <span class='ocrx_word' id='word_1_738' title='bbox 573 2687 872 2744; x_wconf 86' lang='lat' dir='ltr'><strong>Praedictis</strong></span> <span class='ocrx_word' id='word_1_739' title='bbox 913 2689 1058 2744; x_wconf 88' lang='lat' dir='ltr'><strong>enim</strong></span> <span class='ocrx_word' id='word_1_740' title='bbox 1122 2688 1422 2744; x_wconf 89' lang='lat' dir='ltr'><strong>rationibus</strong></span> <span class='ocrx_word' id='word_1_741' title='bbox 1473 2688 1780 2746; x_wconf 76' lang='lat' dir='ltr'><strong>confectum</strong></span> 
     </span>
    </p>
   </div>
   <div class='ocr_carea' id='block_1_65' title="bbox 206 2778 1778 2845">
    <p class='ocr_par' dir='ltr' id='par_1_65' title="bbox 206 2778 1778 2845">
     <span class='ocr_line' id='line_1_65' title="bbox 206 2778 1778 2845; baseline 0.003 -13"><span class='ocrx_word' id='word_1_742' title='bbox 206 2789 296 2842; x_wconf 78' lang='lat' dir='ltr'><strong>est,</strong></span> <span class='ocrx_word' id='word_1_743' title='bbox 321 2780 490 2834; x_wconf 84' lang='lat' dir='ltr'><strong>locum</strong></span> <span class='ocrx_word' id='word_1_744' title='bbox 533 2778 902 2835; x_wconf 80' lang='lat' dir='ltr'><strong>deﬁnitionem</strong></span> <span class='ocrx_word' id='word_1_745' title='bbox 931 2795 1076 2845; x_wconf 70' lang='lat' dir='ltr'><strong>esse,</strong></span> <span class='ocrx_word' id='word_1_746' title='bbox 1100 2787 1154 2832; x_wconf 90' lang='lat' dir='ltr'><strong>et</strong></span> <span class='ocrx_word' id='word_1_747' title='bbox 1188 2779 1554 2834; x_wconf 83' lang='lat' dir='ltr'><strong>deﬁnitionem</strong></span> <span class='ocrx_word' id='word_1_748' title='bbox 1582 2781 1778 2836; x_wconf 92' lang='lat' dir='ltr'><strong>locum.</strong></span> 
     </span>
    </p>
   </div>
   <div class='ocr_carea' id='block_1_66' title="bbox 209 2869 1785 2941">
    <p class='ocr_par' dir='ltr' id='par_1_66' title="bbox 209 2869 1785 2941">
     <span class='ocr_line' id='line_1_66' title="bbox 209 2869 1785 2941; baseline 0.003 -19"><span class='ocrx_word' id='word_1_749' title='bbox 209 2869 334 2924; x_wconf 87' lang='lat' dir='ltr'><strong>Dtsc.</strong></span> <span class='ocrx_word' id='word_1_750' title='bbox 385 2870 710 2926; x_wconf 81' lang='lat' dir='ltr'><strong>Confectum</strong></span> <span class='ocrx_word' id='word_1_751' title='bbox 761 2871 991 2928; x_wconf 89' lang='lat' dir='ltr'><strong>scilicet.</strong></span> <span class='ocrx_word' id='word_1_752' title='bbox 1047 2869 1188 2926; x_wconf 66' lang='lat' dir='ltr'><strong>Msa.</strong></span> <span class='ocrx_word' id='word_1_753' title='bbox 1233 2870 1395 2941; x_wconf 83' lang='lat' dir='ltr'><strong>Atqui</strong></span> <span class='ocrx_word' id='word_1_754' title='bbox 1444 2869 1785 2927; x_wconf 84' lang='lat' dir='ltr'><strong>deﬁnitiones</strong></span> 
     </span>
    </p>
   </div>
   <div class='ocr_carea' id='block_1_67' title="bbox 206 2959 1786 3030">
    <p class='ocr_par' dir='ltr' id='par_1_67' title="bbox 206 2959 1786 3030">
     <span class='ocr_line' id='line_1_67' title="bbox 206 2959 1786 3030; baseline 0.003 -19"><span class='ocrx_word' id='word_1_755' title='bbox 206 2972 496 3029; x_wconf 80' lang='lat' dir='ltr'><strong>corporum,</strong></span> <span class='ocrx_word' id='word_1_756' title='bbox 561 2975 850 3030; x_wconf 86' lang='lat' dir='ltr'><strong>rerumque</strong></span> <span class='ocrx_word' id='word_1_757' title='bbox 901 2960 1109 3015; x_wconf 85' lang='lat' dir='ltr'><strong>ratione</strong></span> <span class='ocrx_word' id='word_1_758' title='bbox 1161 2959 1486 3025; x_wconf 87' lang='lat' dir='ltr'><strong>carentium,</strong></span> <span class='ocrx_word' id='word_1_759' title='bbox 1525 2975 1631 3017; x_wconf 92' lang='lat' dir='ltr'><strong>non</strong></span> <span class='ocrx_word' id='word_1_760' title='bbox 1658 2961 1786 3016; x_wconf 91' lang='lat' dir='ltr'><strong>alibi</strong></span> 
     </span>
    </p>
   </div>
   <div class='ocr_carea' id='block_1_68' title="bbox 209 3049 1784 3121">
    <p class='ocr_par' dir='ltr' id='par_1_68' title="bbox 209 3049 1784 3121">
     <span class='ocr_line' id='line_1_68' title="bbox 209 3049 1784 3121; baseline 0.004 -21"><span class='ocrx_word' id='word_1_761' title='bbox 209 3049 296 3102; x_wconf 87' lang='lat' dir='ltr'><strong>nisi</strong></span> <span class='ocrx_word' id='word_1_762' title='bbox 330 3051 380 3104; x_wconf 91' lang='lat' dir='ltr'><strong>in</strong></span> <span class='ocrx_word' id='word_1_763' title='bbox 411 3051 600 3105; x_wconf 82' lang='lat' dir='ltr'><strong>anima</strong></span> <span class='ocrx_word' id='word_1_764' title='bbox 650 3050 954 3105; x_wconf 84' lang='lat' dir='ltr'><strong>rationabili</strong></span> <span class='ocrx_word' id='word_1_765' title='bbox 995 3059 1140 3104; x_wconf 88' lang='lat' dir='ltr'><strong>sunt.</strong></span> <span class='ocrx_word' id='word_1_766' title='bbox 1191 3051 1246 3104; x_wconf 93' lang='lat' dir='ltr'><strong>ln</strong></span> <span class='ocrx_word' id='word_1_767' title='bbox 1295 3068 1355 3105; x_wconf 86' lang='lat' dir='ltr'><strong>ea</strong></span> <span class='ocrx_word' id='word_1_768' title='bbox 1383 3051 1568 3121; x_wconf 87' lang='lat' dir='ltr'><strong>itaque</strong></span> <span class='ocrx_word' id='word_1_769' title='bbox 1599 3061 1654 3108; x_wconf 85' lang='lat' dir='ltr'><strong>et</strong></span> <span class='ocrx_word' id='word_1_770' title='bbox 1684 3051 1784 3106; x_wconf 90' lang='lat' dir='ltr'><strong>loci</strong></span> 
     </span>
    </p>
   </div>
   <div class='ocr_carea' id='block_1_69' title="bbox 207 3141 1788 3211">
    <p class='ocr_par' dir='ltr' id='par_1_69' title="bbox 207 3141 1788 3211">
     <span class='ocr_line' id='line_1_69' title="bbox 207 3141 1788 3211; baseline 0.004 -19"><span class='ocrx_word' id='word_1_771' title='bbox 207 3141 433 3195; x_wconf 86' lang='lat' dir='ltr'><strong>omnium</strong></span> <span class='ocrx_word' id='word_1_772' title='bbox 461 3141 508 3206; x_wconf 87' lang='grc'>⁷,</span> <span class='ocrx_word' id='word_1_773' title='bbox 553 3157 693 3211; x_wconf 90' lang='lat' dir='ltr'><strong>quae</strong></span> <span class='ocrx_word' id='word_1_774' title='bbox 751 3141 996 3196; x_wconf 83' lang='lat' dir='ltr'><strong>localiter</strong></span> <span class='ocrx_word' id='word_1_775' title='bbox 1031 3143 1586 3211; x_wconf 84' lang='lat' dir='ltr'><strong>comprehenduntur.</strong></span> <span class='ocrx_word' id='word_1_776' title='bbox 1635 3142 1706 3198; x_wconf 82' lang='lat' dir='ltr'><strong>At</strong></span> <span class='ocrx_word' id='word_1_777' title='bbox 1741 3143 1788 3199; x_wconf 90' lang='lat' dir='ltr'><strong>si</strong></span> 
     </span>
    </p>
   </div>
   <div class='ocr_carea' id='block_1_70' title="bbox 211 3230 1790 3304">
    <p class='ocr_par' dir='ltr' id='par_1_70' title="bbox 211 3230 1790 3304">
     <span class='ocr_line' id='line_1_70' title="bbox 211 3230 1790 3304; baseline 0.005 -24"><span class='ocrx_word' id='word_1_778' title='bbox 211 3230 472 3286; x_wconf 89' lang='lat' dir='ltr'><strong>rationalis</strong></span> <span class='ocrx_word' id='word_1_779' title='bbox 495 3231 682 3285; x_wconf 88' lang='lat' dir='ltr'><strong>anima</strong></span> <span class='ocrx_word' id='word_1_780' title='bbox 715 3233 1030 3301; x_wconf 89' lang='lat' dir='ltr'><strong>incorporea</strong></span> <span class='ocrx_word' id='word_1_781' title='bbox 1065 3242 1170 3296; x_wconf 91' lang='lat' dir='ltr'><strong>est,</strong></span> <span class='ocrx_word' id='word_1_782' title='bbox 1195 3233 1336 3287; x_wconf 89' lang='lat' dir='ltr'><strong>unde</strong></span> <span class='ocrx_word' id='word_1_783' title='bbox 1367 3232 1546 3288; x_wconf 89' lang='lat' dir='ltr'><strong>nullus</strong></span> <span class='ocrx_word' id='word_1_784' title='bbox 1573 3233 1790 3304; x_wconf 88' lang='lat' dir='ltr'><strong>sapiens</strong></span> 
     </span>
    </p>
   </div>
   <div class='ocr_carea' id='block_1_71' title="bbox 211 3323 1789 3398">
    <p class='ocr_par' dir='ltr' id='par_1_71' title="bbox 211 3323 1789 3398">
     <span class='ocr_line' id='line_1_71' title="bbox 211 3323 1789 3398; baseline 0 -18"><span class='ocrx_word' id='word_1_785' title='bbox 211 3325 420 3391; x_wconf 87' lang='lat' dir='ltr'><strong>dubitat,</strong></span> <span class='ocrx_word' id='word_1_786' title='bbox 471 3323 814 3390; x_wconf 88' lang='lat' dir='ltr'><strong>necessario,</strong></span> <span class='ocrx_word' id='word_1_787' title='bbox 843 3326 1099 3396; x_wconf 90' lang='lat' dir='ltr'><strong>quicquid</strong></span> <span class='ocrx_word' id='word_1_788' title='bbox 1127 3327 1198 3381; x_wconf 88' lang='lat' dir='ltr'><strong>&#39;in</strong></span> <span class='ocrx_word' id='word_1_789' title='bbox 1229 3342 1292 3382; x_wconf 90' lang='lat' dir='ltr'><strong>ea</strong></span> <span class='ocrx_word' id='word_1_790' title='bbox 1329 3326 1665 3398; x_wconf 88' lang='lat' dir='ltr'><strong>intelligitur,</strong></span> <span class='ocrx_word' id='word_1_791' title='bbox 1703 3328 1789 3382; x_wconf 82' lang='lat' dir='ltr'><strong>in-</strong></span> 
     </span>
    </p>
   </div>
   <div class='ocr_carea' id='block_1_72' title="bbox 215 3417 1791 3488">
    <p class='ocr_par' dir='ltr' id='par_1_72' title="bbox 215 3417 1791 3488">
     <span class='ocr_line' id='line_1_72' title="bbox 215 3417 1791 3488; baseline 0.001 -16"><span class='ocrx_word' id='word_1_792' title='bbox 215 3431 512 3488; x_wconf 84' lang='lat' dir='ltr'><strong>corporeum</strong></span> <span class='ocrx_word' id='word_1_793' title='bbox 544 3432 675 3474; x_wconf 88' lang='lat' dir='ltr'><strong>esse</strong></span> <span class='ocrx_word' id='word_1_794' title='bbox 706 3417 1050 3474; x_wconf 84' lang='lat' dir='ltr'><strong>manifestum</strong></span> <span class='ocrx_word' id='word_1_795' title='bbox 1089 3428 1192 3474; x_wconf 90' lang='lat' dir='ltr'><strong>est.</strong></span> <span class='ocrx_word' id='word_1_796' title='bbox 1234 3419 1300 3474; x_wconf 87' lang='lat' dir='ltr'><strong>Et</strong></span> <span class='ocrx_word' id='word_1_797' title='bbox 1334 3418 1484 3474; x_wconf 91' lang='lat' dir='ltr'><strong>locus</strong></span> <span class='ocrx_word' id='word_1_798' title='bbox 1514 3419 1568 3474; x_wconf 93' lang='lat' dir='ltr'><strong>in</strong></span> <span class='ocrx_word' id='word_1_799' title='bbox 1608 3419 1791 3475; x_wconf 90' lang='lat' dir='ltr'><strong>animo</strong></span> 
     </span>
    </p>
   </div>
   <div class='ocr_carea' id='block_1_73' title="bbox 1821 4465 1868 4524">
    <p class='ocr_par' dir='ltr' id='par_1_73' title="bbox 1821 4465 1868 4524">
     <span class='ocr_line' id='line_1_73' title="bbox 1821 4465 1868 4524; baseline -0.064 0"><span class='ocrx_word' id='word_1_800' title='bbox 1821 4465 1868 4524; x_wconf 85' lang='lat' dir='ltr'><strong>l)</strong></span> 
     </span>
    </p>
   </div>
   <div class='ocr_carea' id='block_1_74' title="bbox 1482 5215 2185 5288">
    <p class='ocr_par' dir='ltr' id='par_1_74' title="bbox 1482 5215 2185 5288">
     <span class='ocr_line' id='line_1_74' title="bbox 1482 5215 2185 5288; baseline -0.001 -19"><span class='ocrx_word' id='word_1_801' title='bbox 1482 5216 1736 5288; x_wconf 60' lang='lat' dir='ltr'><strong>VARIAE</strong></span> <span class='ocrx_word' id='word_1_802' title='bbox 1783 5215 2185 5272; x_wconf 66' lang='lat' dir='ltr'><strong>LECTIO‘NES.</strong></span> 
     </span>
    </p>
   </div>
   <div class='ocr_carea' id='block_1_75' title="bbox 270 5345 3478 5420">
    <p class='ocr_par' dir='ltr' id='par_1_75' title="bbox 270 5345 3478 5420">
     <span class='ocr_line' id='line_1_75' title="bbox 270 5345 3478 5420; baseline -0.002 -10"><span class='ocrx_word' id='word_1_803' title='bbox 270 5355 394 5410; x_wconf 79' lang='lat' dir='ltr'><strong>&#39;Sic</strong></span> <span class='ocrx_word' id='word_1_804' title='bbox 422 5353 650 5417; x_wconf 85' lang='lat' dir='ltr'><strong>BCDE;</strong></span> <span class='ocrx_word' id='word_1_805' title='bbox 680 5353 721 5406; x_wconf 77' lang='grc' dir='ltr'>Α</span> <span class='ocrx_word' id='word_1_806' title='bbox 747 5369 967 5405; x_wconf 82' lang='lat' dir='ltr'><strong>sumere.</strong></span> <span class='ocrx_word' id='word_1_807' title='bbox 1047 5353 1066 5382; x_wconf 87' lang='grc'>¹</span> <span class='ocrx_word' id='word_1_808' title='bbox 1117 5353 1156 5405; x_wconf 90' lang='lat' dir='ltr'><strong>D</strong></span> <span class='ocrx_word' id='word_1_809' title='bbox 1183 5361 1368 5420; x_wconf 80' lang='lat' dir='ltr'><strong>potest.</strong></span> <span class='ocrx_word' id='word_1_810' title='bbox 1449 5353 1469 5385; x_wconf 85' lang='grc'><em>³</em></span> <span class='ocrx_word' id='word_1_811' title='bbox 1498 5353 1588 5408; x_wconf 74' lang='lat' dir='ltr'><strong>Al)</strong></span> <span class='ocrx_word' id='word_1_812' title='bbox 1650 5364 1725 5407; x_wconf 85' lang='lat' dir='ltr'><strong>est</strong></span> <span class='ocrx_word' id='word_1_813' title='bbox 1751 5353 1910 5406; x_wconf 85' lang='lat' dir='ltr'><strong>enim.</strong></span> <span class='ocrx_word' id='word_1_814' title='bbox 1987 5352 2009 5382; x_wconf 74' lang='grc'><strong>⁸</strong></span> <span class='ocrx_word' id='word_1_815' title='bbox 2045 5351 2136 5406; x_wconf 89' lang='lat' dir='ltr'><strong>Sic</strong></span> <span class='ocrx_word' id='word_1_816' title='bbox 2168 5351 2337 5413; x_wconf 81' lang='lat' dir='ltr'><strong>ADE;</strong></span> <span class='ocrx_word' id='word_1_817' title='bbox 2384 5349 2424 5405; x_wconf 91' lang='lat' dir='ltr'><strong>C</strong></span> <span class='ocrx_word' id='word_1_818' title='bbox 2469 5351 2569 5403; x_wconf 75' lang='lat' dir='ltr'><strong>nisi</strong></span> <span class='ocrx_word' id='word_1_819' title='bbox 2601 5350 2823 5420; x_wconf 78' lang='lat' dir='ltr'><strong>inferior</strong></span> <span class='ocrx_word' id='word_1_820' title='bbox 2849 5367 2979 5405; x_wconf 77' lang='lat' dir='ltr'><strong>esse.</strong></span> <span class='ocrx_word' id='word_1_821' title='bbox 3058 5347 3198 5420; x_wconf 56' lang='grc' dir='ltr'><strong>[δῖε</strong></span> <span class='ocrx_word' id='word_1_822' title='bbox 3237 5345 3402 5420; x_wconf 65' lang='grc' dir='ltr'><strong>βῃες</strong></span> <span class='ocrx_word' id='word_1_823' title='bbox 3430 5347 3478 5402; x_wconf 80' lang='grc' dir='ltr'><strong>Α</strong></span> 
     </span>
    </p>
   </div>
   <div class='ocr_carea' id='block_1_76' title="bbox 209 5414 3478 5488">
    <p class='ocr_par' dir='ltr' id='par_1_76' title="bbox 209 5414 3478 5488">
     <span class='ocr_line' id='line_1_76' title="bbox 209 5414 3478 5488; baseline -0.003 -8"><span class='ocrx_word' id='word_1_824' title='bbox 209 5427 491 5482; x_wconf 68' lang='grc' dir='ltr'>αῖετὶιδιε.</span> <span class='ocrx_word' id='word_1_825' title='bbox 577 5423 601 5453; x_wconf 81' lang='grc'>⁸</span> <span class='ocrx_word' id='word_1_826' title='bbox 625 5414 741 5476; x_wconf 72' lang='lat' dir='ltr'><strong>sunt</strong></span> <span class='ocrx_word' id='word_1_827' title='bbox 767 5438 878 5475; x_wconf 88' lang='lat' dir='ltr'><strong>om.</strong></span> <span class='ocrx_word' id='word_1_828' title='bbox 904 5425 966 5475; x_wconf 80' lang='grc' dir='ltr'>Α.</span> <span class='ocrx_word' id='word_1_829' title='bbox 1041 5422 1064 5456; x_wconf 82' lang='grc'><strong>⁷</strong></span> <span class='ocrx_word' id='word_1_830' title='bbox 1095 5414 1192 5477; x_wconf 77' lang='lat' dir='ltr'><strong>Sic</strong></span> <span class='ocrx_word' id='word_1_831' title='bbox 1219 5422 1382 5487; x_wconf 78' lang='lat' dir='ltr'><strong>CDE;</strong></span> <span class='ocrx_word' id='word_1_832' title='bbox 1412 5424 1451 5476; x_wconf 82' lang='lat' dir='ltr'><strong>A</strong></span> <span class='ocrx_word' id='word_1_833' title='bbox 1495 5423 1595 5477; x_wconf 86' lang='lat' dir='ltr'><strong>loci</strong></span> <span class='ocrx_word' id='word_1_834' title='bbox 1644 5433 1763 5478; x_wconf 78' lang='lat' dir='ltr'><strong>sum</strong></span> <span class='ocrx_word' id='word_1_835' title='bbox 1791 5423 2053 5476; x_wconf 87' lang='lat' dir='ltr'><strong>omnium.</strong></span> <span class='ocrx_word' id='word_1_836' title='bbox 2130 5421 2152 5454; x_wconf 86' lang='grc'><strong>⁸</strong></span> <span class='ocrx_word' id='word_1_837' title='bbox 2180 5432 2250 5474; x_wconf 81' lang='lat' dir='ltr'><strong>est</strong></span> <span class='ocrx_word' id='word_1_838' title='bbox 2275 5436 2382 5475; x_wconf 90' lang='lat' dir='ltr'><strong>om.</strong></span> <span class='ocrx_word' id='word_1_839' title='bbox 2416 5420 2475 5473; x_wconf 86' lang='grc' dir='ltr'>υ.</span> <span class='ocrx_word' id='word_1_840' title='bbox 2550 5420 2574 5455; x_wconf 75' lang='grc'><strong><em>⁸</em></strong></span> <span class='ocrx_word' id='word_1_841' title='bbox 2595 5421 2632 5474; x_wconf 83' lang='grc' dir='ltr'>Α</span> <span class='ocrx_word' id='word_1_842' title='bbox 2657 5414 2808 5488; x_wconf 67' lang='lat' dir='ltr'><strong>ergo.</strong></span> <span class='ocrx_word' id='word_1_843' title='bbox 2889 5420 2932 5451; x_wconf 83' lang='grc'><strong>¹⁰</strong></span> <span class='ocrx_word' id='word_1_844' title='bbox 2953 5420 3042 5473; x_wconf 92' lang='lat' dir='ltr'><strong>Sic</strong></span> <span class='ocrx_word' id='word_1_845' title='bbox 3069 5418 3187 5482; x_wconf 81' lang='lat' dir='ltr'><strong>CE;</strong></span> <span class='ocrx_word' id='word_1_846' title='bbox 3220 5416 3264 5471; x_wconf 81' lang='grc' dir='ltr'><strong>Α</strong></span> <span class='ocrx_word' id='word_1_847' title='bbox 3287 5414 3478 5488; x_wconf 73' lang='lat' dir='ltr'><strong>Atque,</strong></span> 
     </span>
    </p>
   </div>
   <div class='ocr_carea' id='block_1_77' title="bbox 211 5437 3477 5562">
    <p class='ocr_par' dir='ltr' id='par_1_77' title="bbox 211 5437 3477 5562">
     <span class='ocr_line' id='line_1_77' title="bbox 211 5437 3477 5488; baseline -0.003 -8"><span class='ocrx_word' id='word_1_848' title='bbox 211 5437 491 5482; x_wconf 70' lang='lat' dir='ltr'><strong>arerttate.</strong></span> <span class='ocrx_word' id='word_1_849' title='bbox 577 5437 601 5453; x_wconf 72' lang='grc' dir='ltr'>ι’</span> <span class='ocrx_word' id='word_1_850' title='bbox 625 5437 741 5476; x_wconf 78' lang='lat' dir='ltr'><strong>sunt</strong></span> <span class='ocrx_word' id='word_1_851' title='bbox 767 5438 878 5475; x_wconf 81' lang='lat' dir='ltr'><strong>0m.</strong></span> <span class='ocrx_word' id='word_1_852' title='bbox 904 5437 966 5475; x_wconf 69' lang='grc' dir='ltr'>Α.</span> <span class='ocrx_word' id='word_1_853' title='bbox 1042 5437 1061 5456; x_wconf 75' lang='grc' dir='ltr'><strong><em>τ</em></strong></span> <span class='ocrx_word' id='word_1_854' title='bbox 1095 5437 1188 5477; x_wconf 74' lang='lat' dir='ltr'><strong>Sic</strong></span> <span class='ocrx_word' id='word_1_855' title='bbox 1219 5437 1382 5487; x_wconf 78' lang='lat' dir='ltr'><strong>um;</strong></span> <span class='ocrx_word' id='word_1_856' title='bbox 1412 5437 1451 5476; x_wconf 74' lang='grc' dir='ltr'>Α</span> <span class='ocrx_word' id='word_1_857' title='bbox 1495 5437 1595 5477; x_wconf 85' lang='lat' dir='ltr'><strong>toct</strong></span> <span class='ocrx_word' id='word_1_858' title='bbox 1644 5437 1763 5478; x_wconf 79' lang='lat' dir='ltr'><strong>sum</strong></span> <span class='ocrx_word' id='word_1_859' title='bbox 1791 5438 2053 5476; x_wconf 79' lang='lat' dir='ltr'><strong>omnium.</strong></span> <span class='ocrx_word' id='word_1_860' title='bbox 2130 5437 2152 5454; x_wconf 85' lang='grc'><strong>·</strong></span> <span class='ocrx_word' id='word_1_861' title='bbox 2180 5437 2250 5474; x_wconf 82' lang='lat' dir='ltr'><strong>est</strong></span> <span class='ocrx_word' id='word_1_862' title='bbox 2275 5437 2382 5475; x_wconf 93' lang='lat' dir='ltr'><strong>om.</strong></span> <span class='ocrx_word' id='word_1_863' title='bbox 2416 5437 2475 5473; x_wconf 91' lang='grc' dir='ltr'>υ.</span> <span class='ocrx_word' id='word_1_864' title='bbox 2551 5437 2573 5455; x_wconf 76' lang='grc' dir='ltr'><strong>ν</strong></span> <span class='ocrx_word' id='word_1_865' title='bbox 2595 5437 2632 5474; x_wconf 72' lang='grc' dir='ltr'><strong>Α</strong></span> <span class='ocrx_word' id='word_1_866' title='bbox 2667 5438 2722 5473; x_wconf 87' lang='lat' dir='ltr'><strong>er</strong></span> <span class='ocrx_word' id='word_1_867' title='bbox 2758 5437 2808 5474; x_wconf 87' lang='grc' dir='ltr'>ο.</span> <span class='ocrx_word' id='word_1_868' title='bbox 2890 5437 2932 5451; x_wconf 76' lang='grc' dir='ltr'><strong>’ν</strong></span> <span class='ocrx_word' id='word_1_869' title='bbox 2953 5437 3042 5473; x_wconf 73' lang='grc' dir='ltr'>διε</span> <span class='ocrx_word' id='word_1_870' title='bbox 3069 5437 3187 5482; x_wconf 68' lang='lat' dir='ltr'><strong>un;</strong></span> <span class='ocrx_word' id='word_1_871' title='bbox 3220 5437 3264 5471; x_wconf 65' lang='grc' dir='ltr'>Α</span> <span class='ocrx_word' id='word_1_872' title='bbox 3287 5437 3477 5488; x_wconf 67' lang='lat' dir='ltr'><strong>atque,</strong></span> 
     </span>
     <span class='ocr_line' id='line_1_78' title="bbox 211 5437 3477 5562; baseline -0.001 -18"><span class='ocrx_word' id='word_1_873' title='bbox 211 5492 339 5548; x_wconf 77' lang='lat' dir='ltr'><strong>DAt.</strong></span> <span class='ocrx_word' id='word_1_874' title='bbox 415 5496 457 5527; x_wconf 83' lang='lat'><strong>&quot;</strong></span> <span class='ocrx_word' id='word_1_875' title='bbox 487 5494 709 5562; x_wconf 62' lang='grc' dir='ltr'>Δεῖμα.</span> <span class='ocrx_word' id='word_1_876' title='bbox 789 5493 834 5524; x_wconf 76' lang='grc' dir='ltr'>η</span> <span class='ocrx_word' id='word_1_877' title='bbox 861 5494 899 5544; x_wconf 77' lang='grc' dir='ltr'>Α</span> <span class='ocrx_word' id='word_1_878' title='bbox 924 5503 1105 5560; x_wconf 79' lang='lat' dir='ltr'><strong>potest.</strong></span> <span class='ocrx_word' id='word_1_879' title='bbox 1189 5492 1234 5525; x_wconf 81' lang='grc'><strong>³³</strong></span> <span class='ocrx_word' id='word_1_880' title='bbox 1262 5491 1353 5546; x_wconf 88' lang='lat' dir='ltr'><strong>Sic</strong></span> <span class='ocrx_word' id='word_1_881' title='bbox 1376 5492 1539 5555; x_wconf 85' lang='lat' dir='ltr'><strong>CDE;</strong></span> <span class='ocrx_word' id='word_1_882' title='bbox 1591 5496 1631 5546; x_wconf 84' lang='lat' dir='ltr'><strong>A</strong></span> <span class='ocrx_word' id='word_1_883' title='bbox 1661 5507 1839 5548; x_wconf 88' lang='lat' dir='ltr'><strong>nonne</strong></span> <span class='ocrx_word' id='word_1_884' title='bbox 1879 5494 2016 5546; x_wconf 83' lang='lat' dir='ltr'><strong>inter</strong></span> <span class='ocrx_word' id='word_1_885' title='bbox 2063 5506 2159 5562; x_wconf 74' lang='lat' dir='ltr'><strong>nos</strong></span> <span class='ocrx_word' id='word_1_886' title='bbox 2203 5500 2552 5546; x_wconf 84' lang='lat' dir='ltr'><strong>convenerat.</strong></span> <span class='ocrx_word' id='word_1_887' title='bbox 2631 5437 2756 5544; x_wconf 54' lang='lat' dir='ltr'><strong>“lg</strong></span> <span class='ocrx_word' id='word_1_888' title='bbox 2783 5506 2919 5562; x_wconf 77' lang='lat' dir='ltr'><strong>vero.</strong></span> <span class='ocrx_word' id='word_1_889' title='bbox 2964 5489 3043 5562; x_wconf 48' lang='grc' dir='ltr'><em>λ’</em></span> <span class='ocrx_word' id='word_1_890' title='bbox 3085 5488 3237 5562; x_wconf 60' lang='grc' dir='ltr'><strong>φέρὶ</strong></span> <span class='ocrx_word' id='word_1_891' title='bbox 3266 5502 3376 5562; x_wconf 83' lang='lat' dir='ltr'><strong>om.</strong></span> <span class='ocrx_word' id='word_1_892' title='bbox 3408 5490 3477 5541; x_wconf 83' lang='grc' dir='ltr'>Α.</span> 
     </span>
    </p>
   </div>
   <div class='ocr_carea' id='block_1_78' title="bbox 212 5556 3482 5632">
    <p class='ocr_par' dir='ltr' id='par_1_78' title="bbox 212 5556 3482 5632">
     <span class='ocr_line' id='line_1_79' title="bbox 212 5556 3482 5632; baseline -0.001 -17"><span class='ocrx_word' id='word_1_893' title='bbox 212 5563 249 5593; x_wconf 80' lang='grc'><strong>³⁸</strong></span> <span class='ocrx_word' id='word_1_894' title='bbox 271 5565 538 5632; x_wconf 57' lang='lat' dir='ltr'><strong>quoddam</strong></span> <span class='ocrx_word' id='word_1_895' title='bbox 569 5556 686 5632; x_wconf 64' lang='lat' dir='ltr'><strong>om.</strong></span> <span class='ocrx_word' id='word_1_896' title='bbox 724 5562 786 5616; x_wconf 90' lang='lat' dir='ltr'><strong>D.</strong></span> <span class='ocrx_word' id='word_1_897' title='bbox 864 5556 1030 5616; x_wconf 43' lang='lat' dir='ltr'><strong>&quot;&#39;Sic</strong></span> <span class='ocrx_word' id='word_1_898' title='bbox 1069 5562 1140 5627; x_wconf 66' lang='grc' dir='ltr'><strong>[οἷς</strong></span> <span class='ocrx_word' id='word_1_899' title='bbox 1167 5563 1206 5617; x_wconf 82' lang='grc' dir='ltr'><strong>Α</strong></span> <span class='ocrx_word' id='word_1_900' title='bbox 1249 5563 1686 5627; x_wconf 75' lang='lat' dir='ltr'><strong>incorruptibilia,</strong></span> <span class='ocrx_word' id='word_1_901' title='bbox 1721 5565 1761 5618; x_wconf 62' lang='grc' dir='ltr'><strong>(ἑ</strong></span> <span class='ocrx_word' id='word_1_902' title='bbox 1799 5561 2284 5632; x_wconf 78' lang='lat' dir='ltr'><strong>ineorruptibiliter,</strong></span> <span class='ocrx_word' id='word_1_903' title='bbox 2318 5562 2359 5617; x_wconf 89' lang='lat' dir='ltr'><strong>D</strong></span> <span class='ocrx_word' id='word_1_904' title='bbox 2381 5561 2804 5632; x_wconf 65' lang='lat' dir='ltr'><strong>incorpore/iter.</strong></span> <span class='ocrx_word' id='word_1_905' title='bbox 2883 5561 2926 5592; x_wconf 80' lang='grc'><strong>’⁸</strong></span> <span class='ocrx_word' id='word_1_906' title='bbox 2959 5557 3051 5614; x_wconf 88' lang='lat' dir='ltr'><strong>Sic</strong></span> <span class='ocrx_word' id='word_1_907' title='bbox 3274 5557 3482 5632; x_wconf 46' lang='lat' dir='ltr'><strong>Aean;-</strong></span> 
     </span>
    </p>
   </div>
   <div class='ocr_carea' id='block_1_79' title="bbox 208 5627 3477 5705">
    <p class='ocr_par' dir='ltr' id='par_1_79' title="bbox 208 5627 3477 5705">
     <span class='ocr_line' id='line_1_80' title="bbox 208 5627 3477 5705; baseline -0.001 -21"><span class='ocrx_word' id='word_1_908' title='bbox 208 5627 520 5705; x_wconf 58' lang='lat' dir='ltr'><strong>giderantur.</strong></span> <span class='ocrx_word' id='word_1_909' title='bbox 604 5630 652 5705; x_wconf 60' lang='grc' dir='ltr'><strong>ξ’</strong></span> <span class='ocrx_word' id='word_1_910' title='bbox 679 5633 921 5688; x_wconf 82' lang='lat' dir='ltr'><strong>Dsaucto</strong></span> <span class='ocrx_word' id='word_1_911' title='bbox 953 5633 1198 5703; x_wconf 78' lang='lat' dir='ltr'><strong>Dionysio</strong></span> <span class='ocrx_word' id='word_1_912' title='bbox 1219 5642 1366 5686; x_wconf 77' lang='lat' dir='ltr'><strong>teste.</strong></span> <span class='ocrx_word' id='word_1_913' title='bbox 1440 5634 1544 5689; x_wconf 74' lang='lat' dir='ltr'><strong>&quot;A</strong></span> <span class='ocrx_word' id='word_1_914' title='bbox 1567 5650 1690 5687; x_wconf 82' lang='lat' dir='ltr'><strong>non.</strong></span> <span class='ocrx_word' id='word_1_915' title='bbox 1769 5636 1810 5664; x_wconf 79' lang='lat'>&quot;</span> <span class='ocrx_word' id='word_1_916' title='bbox 1843 5634 1933 5687; x_wconf 81' lang='lat' dir='ltr'><strong>Sic</strong></span> <span class='ocrx_word' id='word_1_917' title='bbox 1959 5631 2082 5697; x_wconf 79' lang='lat' dir='ltr'><strong>AE;</strong></span> <span class='ocrx_word' id='word_1_918' title='bbox 2121 5632 2209 5686; x_wconf 84' lang='lat' dir='ltr'><strong>CD</strong></span> <span class='ocrx_word' id='word_1_919' title='bbox 2236 5627 2537 5705; x_wconf 47' lang='lat' dir='ltr'><strong>praestant.</strong></span> <span class='ocrx_word' id='word_1_920' title='bbox 2596 5631 2644 5661; x_wconf 83' lang='lat'><strong>”</strong></span> <span class='ocrx_word' id='word_1_921' title='bbox 2674 5630 2806 5684; x_wconf 79' lang='lat' dir='ltr'><strong>CDE</strong></span> <span class='ocrx_word' id='word_1_922' title='bbox 2838 5641 2977 5684; x_wconf 82' lang='lat' dir='ltr'><strong>sunt.</strong></span> <span class='ocrx_word' id='word_1_923' title='bbox 3085 5627 3129 5662; x_wconf 80' lang='grc'><strong>’³</strong></span> <span class='ocrx_word' id='word_1_924' title='bbox 3156 5628 3248 5684; x_wconf 82' lang='lat' dir='ltr'><strong>Sic</strong></span> <span class='ocrx_word' id='word_1_925' title='bbox 3280 5627 3477 5682; x_wconf 75' lang='lat' dir='ltr'><strong>ACDE.</strong></span> 
     </span>
    </p>
   </div>
   <div class='ocr_carea' id='block_1_80' title="bbox 211 5697 995 5768">
    <p class='ocr_par' dir='ltr' id='par_1_80' title="bbox 211 5697 995 5768">
     <span class='ocr_line' id='line_1_81' title="bbox 211 5697 995 5768; baseline -0.001 -13"><span class='ocrx_word' id='word_1_926' title='bbox 211 5697 246 5724; x_wconf 78' lang='lat'><strong>&quot;</strong></span> <span class='ocrx_word' id='word_1_927' title='bbox 277 5704 360 5758; x_wconf 81' lang='lat' dir='ltr'><strong>Sic</strong></span> <span class='ocrx_word' id='word_1_928' title='bbox 381 5703 557 5768; x_wconf 76' lang='lat' dir='ltr'><strong>CDE;</strong></span> <span class='ocrx_word' id='word_1_929' title='bbox 595 5702 638 5754; x_wconf 70' lang='grc' dir='ltr'><strong>Δ</strong></span> <span class='ocrx_word' id='word_1_930' title='bbox 671 5705 995 5757; x_wconf 79' lang='lat' dir='ltr'><strong>cohaereant.</strong></span> 
     </span>
    </p>
   </div>
  </div>
