3904 6148
348 304 486 371 έ-ειδῑ

1760 287 2037 344 ,1ΟὲιῖνὶΧῶ
2078 279 2272 337 SCOT]

3538 254 3645 311 £35

386 431 709 493 “numam,
735 427 926 483 rationi
952 439 1053 479 non
1076 415 1569 476 "Sisimmmnum
1598 420 1797 471 tamen,
1818 403 1959 474 quod
1994 410 2035 463 Α
2065 398 2235 469 possit
2268 395 2467 456 dicere,
2501 405 2559 445 se
2583 392 2619 420 “
2652 396 2857 441 eertum
2888 386 3061 439 locum
3086 380 3319 436 ﬂuminis
3347 377 3642 448 possidere,

2418 492 2421 493 ,
2460 482 2501 493 .-
2614 480 2625 491 ο
2768 477 2799 493 II
2866 476 2876 486 ο
2925 473 3259 493 ._AA_!-_:-_.,.
3308 469 3434 493 εει-,ι
3475 478 3616 493 ιώ.»-

396 537 505 579 ate
551 523 782 592 positum
833 526 937 575 est,
986 510 1331 566 verisimilius
1377 521 1495 560 esse
1543 501 1739 556 ceteris
1765 497 1960 551 elucet.

399 617 503 669 Sed
528 623 583 667 ιιι
605 611 670 665 ad
706 610 895 663 eadem
924 607 937 636 ¹
966 605 1267 665 redeamus,
1310 613 1415 652 non
1454 591 1754 661 mibiplane
1782 594 1965 659 patet,

401 704 664 777 quamnodo
709 697 862 755 obuia
888 697 999 750 sive
1024 696 1075 747 in
1103 691 1410 762 generibus,
1434 686 1546 741 sive
1576 685 1627 737 in
1661 680 1967 750 speciebus,

400 801 510 853 sive
533 798 582 848 in
605 793 800 848 atomis
826 788 1031 844 deliniri
1056 784 1247 855 possit,
1263 796 1382 836 cum
1408 781 1461 834 in
1485 774 1777 848 praedictis
1800 771 1967 825 ratio—

400 890 557 940 nibus
589 884 746 953 hujus
785 879 945 953 libelli
986 854 1295 937 conclusum
1326 872 1417 934 sit,
1442 885 1559 924 eam
1584 866 1710 921 nulli
1741 854 1970 917 "sensui

400 990 679 1045 corporeo,
714 971 841 1027 nulli
873 971 892 1001 ³
913 951 1212 1022 intellectui
1244 956 1779 1030 comprelieusibilem
1826 966 1970 1008 esse.

391 1071 537 1124 Mss.
566 1070 759 1124 Οὐσίαν
782 1078 879 1133 per
904 1060 1134 1128 seipsam
1164 1055 1404 1116 delinire,
1433 1062 1487 1106 et
1508 1052 1707 1111 dicere,
1730 1045 1857 1115 quid
1880 1043 1974 1106 sit,

400 1174 559 1214 nemo
590 1162 783 1227 potest.
819 1152 893 1204 Ex
926 1150 1008 1204 his
1051 1156 1261 1209 autem,
1295 1159 1430 1213 quae
1474 1135 1904 1211 inseparabiliter
1927 1133 1976 1186 ei

406 1253 716 1312 adhaerent,
743 1253 797 1299 et
825 1243 941 1297 sine
976 1240 1169 1309 quibus
1215 1252 1334 1289 esse
1363 1249 1465 1287 non
1517 1239 1729 1300 potest,
1757 1242 1820 1280 ex
1858 1223 1979 1277 loco

403 1344 522 1396 dico
546 1349 600 1393 et
625 1348 861 1405 tempore
879 1329 1134 1385 —oumis
1162 1329 1301 1382 enim
1328 1328 1477 1380 οὐσία
1496 1324 1560 1376 de
1584 1319 1749 1374 nihilo
1773 1323 1977 1377 creata,

405 1431 592 1486 loculis
628 1424 1044 1495 temper-alisque
1085 1429 1195 1484 est;
1234 1417 1419 1470 loculis
1449 1413 1686 1484 quidem,
1715 1409 1838 1480 quia
1887 1406 1983 1460 ali-

402 1536 512 1590 quo
536 1518 694 1572 modo
724 1523 829 1579 est,
856 1512 1109 1583 quoniam
1142 1508 1348 1562 infinita
1381 1520 1487 1558 non
1529 1512 1643 1565 est;
1677 1496 1985 1568 temporalis

411 1626 563 1673 vero,
589 1605 843 1677 quoniam
872 1602 1089 1657 inchoat
1111 1612 1250 1660 esse,
1275 1595 1415 1665 quod
1441 1608 1544 1647 non
1573 1585 1987 1646 erat—solusn-

406 1700 569 1758 modo
592 1696 804 1754 deliniri
837 1703 1030 1764 potest.
1077 1691 1239 1745 οὐσία
1270 1689 1451 1755 itaque
1491 1683 1640 1738 nullo
1669 1679 1826 1734 modo
1857 1674 1987 1733 deli-

2071 503 2192 543 cum
2220 492 2430 539 constet
2460 482 2535 547 ¹¹,
2582 480 2700 533 sine
2732 477 2835 531 ulla
2866 473 3262 529 intermissione
3308 469 3437 523 illud
3475 478 3646 522 trans-

2072 580 2153 633 ire
2182 596 2195 632 ς
2224 576 2298 629 ita
2330 589 2487 629 nemo
2513 572 2670 627 debet
2710 569 2890 622 dicere
2925 567 3099 621 locum
3129 562 3373 632 corporis
3399 561 3479 615 sui
3508 561 3647 613 hunc

2072 684 2290 730 aerem,
2323 666 2438 719 sine
2466 663 2573 717 ulla
2618 658 3021 715 intermissione
3067 652 3353 716 mobilem,
3403 650 3654 717 nulloun

2024 754 2029 761 ’
2073 759 2333 829 temporis
2384 761 2656 809 momento
2702 759 2956 807 stantem.
3012 746 3068 802 Si
3119 757 3297 799 autem
3355 743 3481 811 quis
3529 739 3651 794 huic

2074 850 2271 906 rationi
2327 844 2585 914 obiecerit
2643 850 2880 903 terram,
2941 837 3195 907 quoniam
3254 847 3467 902 semper
3509 836 3653 892 stat,

2077 954 2360 1011 corporum
2381 936 2503 1004 jure
2530 932 2786 1002 appellari
2810 930 3013 993 locum,
3039 926 3217 980 videat
3245 922 3519 983 similiter,
3550 926 3657 972 ter-

2079 1048 2192 1087 ram
2227 1028 2505 1081 materiem
2538 1035 2825 1092 corporum
2864 1032 3006 1082 esse,
3035 1031 3142 1071 non
3167 1015 3363 1070 locum.
3395 1011 3527 1079 Quis
3564 1023 3658 1063 au-

2083 1132 2189 1178 tem
2227 1117 2509 1174 materiam
2547 1126 2833 1183 corporum
2878 1107 3173 1165 eorundem
3205 1117 3326 1161 esse
3352 1102 3529 1157 locum
3580 1113 3660 1154 ra-

2085 1214 2227 1267 tione
2258 1217 2417 1263 utens
2447 1202 2644 1258 audeat
2671 1202 2871 1264 dicere,
2898 1197 3220 1269 praesertim
3258 1208 3383 1249 cum
3412 1189 3657 1256 materia,

2084 1317 2180 1375 per
2210 1300 2442 1370 seipsam
2479 1296 2691 1350 ratione
2725 1291 3090 1352 considerata,
3126 1302 3227 1343 nec
3262 1286 3315 1339 in
3356 1290 3537 1347 motu,
3565 1294 3665 1338 nec

2087 1394 2140 1449 in
2167 1402 2308 1448 statu
2350 1387 2459 1444 sit?
2492 1388 2551 1443 ln
2581 1395 2730 1441 motu
2759 1383 3023 1454 siquidem
3066 1396 3172 1434 non
3207 1387 3323 1441 est,
3357 1375 3500 1445 quod
3526 1389 3661 1428 non-

2088 1484 2213 1539 dum
2238 1482 2618 1535 inchoatcerta
2645 1475 2819 1531 forma
2843 1472 3130 1528 contineri.
3156 1467 3288 1522 Nam
3314 1481 3411 1536 per
3437 1462 3664 1520 formam

2089 1579 2333 1627 movetur
2368 1566 2625 1631 materia;
2657 1563 2775 1618 sine
2814 1561 2986 1615 l‘orma
3030 1557 3073 1590 ¹³
3117 1556 3407 1611 immobilis
3442 1563 3526 1607 est
3549 1592 3565 1617 ,
3611 1558 3669 1606 ut

2090 1662 2281 1719 Graeci
2312 1660 2514 1714 volunt.
2543 1657 2658 1723 Quo
2680 1654 2822 1709 enim
2847 1649 3165 1712 movebitur,
3190 1646 3331 1716 quod
3360 1645 3507 1699 nullo
3526 1642 3664 1706 loco,

407 1735 569 1758 ΙΙΙΙΝυ
592 1735 804 1754 “VIII-Ill
837 1735 1030 1764 liv-vv"
1082 1735 1239 1745 υνν-ν.
1271 1735 1447 1755 .-ν-γι..-
1493 1735 1545 1738 ν-ν
1620 1735 1627 1736 ,

405 1792 554 1847 nitur
581 1788 707 1858 quid
730 1795 828 1847 est,
863 1782 956 1837 sed
982 1780 1254 1843 delinitur,
1283 1777 1407 1846 quia
1439 1782 1540 1829 est.
1584 1772 1659 1826 Ex
1694 1771 1810 1823 loco
1838 1782 1992 1821 nam.
2027 1774 2069 1832 Β
2100 1754 2243 1809 nullo
2275 1761 2516 1820 tempore
2545 1756 2696 1803 certo
2730 1743 2905 1797 adhuc
2947 1738 3256 1796 coartatur?
3287 1735 3397 1790 Nec
3426 1735 3478 1788 in
3526 1740 3668 1788 statu

2159 1854 2168 1858 -
2305 1844 2314 1853 -
2390 1838 2617 1858 “uel”---
2670 1835 2825 1858 rm-.-
2869 1846 2996 1858 κη..-
3039 1831 3082 1858 is
3125 1826 3469 1858 ,ωηιήηιςηηςρ
3501 1825 3668 1858 nncIsL

406 1900 536 1955 que,
561 1891 621 1935 ut
643 1879 879 1934 diximus
899 1915 913 1936 ,
945 1884 997 1929 et
1042 1883 1300 1940 tempore,
1331 1864 1805 1929 accidentibusque
1846 1858 1987 1918 aliis,

406 1990 553 2047 .quae
592 1976 706 2028 sive
737 1973 788 2025 in
820 1970 954 2038 ipsa,
982 1981 1074 2020 seu
1107 1974 1260 2018 extra
1299 1959 1667 2028 intelliguntur
1694 1967 1845 2014 esse,
1872 1959 1990 2003 lan-

412 2064 693 2120 lllmﬂi0:i0
723 2062 899 2123 datur,
931 2070 1035 2110 non
1062 2051 1187 2122 quid
1224 2051 1314 2114 sit,
1346 2047 1440 2102 sed
1481 2045 1605 2116 quia
1650 2050 1751 2099 est.
1782 2040 1848 2094 Et
1890 2039 1993 2094 hoc

414 2152 737 2225 generaliter
779 2147 845 2199 de
891 2143 1035 2198 omni
1065 2143 1216 2196 οὐσία
1266 2138 1378 2193 sive
1422 2131 1850 2207 generalissinia,
1881 2128 1994 2183 sive

414 2244 825 2317 specialissima,
854 2240 966 2292 sive
996 2235 1190 2298 media,
1218 2247 1322 2287 non
1363 2230 1653 2296 incongrue
1689 2221 1810 2292 quis
1847 2219 1996 2273 dixe-

421 2342 511 2393 rit.
565 2336 699 2390 Nam
735 2342 789 2387 et
838 2342 999 2384 causa
1036 2324 1276 2379 omnium
1302 2321 1356 2386 ⁸,
1399 2331 1539 2388 quae
1582 2315 1723 2369 Deus
1762 2318 1878 2372 est,
1928 2323 1995 2363 ex

414 2434 523 2495 liis,
556 2442 694 2501 quae
721 2426 787 2480 ab
813 2438 876 2477 ea
898 2422 919 2453 ⁸
943 2418 1156 2474 condita
1174 2424 1321 2479 sunt,
1350 2407 1684 2467 solummodo
1710 2400 1997 2471 cognosci-

418 2536 511 2579 tur
539 2536 687 2583 esse;
717 2516 862 2572 nullo
892 2526 1019 2567 vero
1046 2517 1417 2567 creaturarum
1460 2505 1780 2570 argumento
1816 2507 2002 2564 possu-

420 2629 544 2670 mus
576 2608 896 2676 intelligere,
921 2601 1047 2671 quid
1076 2599 1146 2652 sit
1175 2615 1187 2650 :
1221 2605 1380 2664 atque
1411 2593 1530 2646 ideo
1560 2588 1671 2645 sola
1715 2586 1848 2638 haec
1871 2580 2001 2637 deli-

422 2704 559 2758 nitio
589 2702 653 2752 de
684 2675 793 2751 Deo
830 2690 1188 2763 praedicatur,
1238 2688 1364 2755 quia
1411 2689 1516 2744 est,
1560 2678 1649 2748 qui
1693 2675 1811 2744 plus
1840 2684 2001 2741 quam

425 2808 546 2849 esse
567 2797 667 2843 est.
700 2786 843 2840 Disc.
872 2781 1008 2836 Iluic
1028 2790 1238 2847 quoque
1262 2772 1453 2828 rationi
1487 2782 1644 2825 nemo
1675 2778 1806 2820 sane
1848 2758 2003 2818 intel-

429 2883 729 2956 ligentium,
761 2885 822 2931 ut
849 2873 1061 2942 opinor,
1090 2866 1344 2923 obstabit.

499 2996 590 3050 46.
633 2992 771 3047 Mss.
809 2987 963 3041 Nunc
995 2983 1156 3051 igitur
1185 2977 1296 3033 sole
1336 2971 1564 3027 lucidius
1603 2962 1885 3036 perSpicis,
1914 2974 2009 3017 eos

427 3105 549 3144 esse
575 3079 918 3144 deridendus,
946 3077 1055 3131 imo
1101 3071 1265 3125 etiam
1291 3067 1311 3097 ⁸
1353 3061 1632 3121 dolenlos,
1677 3073 1740 3111 ac
1770 3070 1868 3123 per
1903 3053 2006 3106 hoc

433 3184 503 3238 ad
532 3192 715 3234 veram
749 3186 930 3228 rerum
959 3163 1339 3221 discretionem
1372 3151 1722 3213 revocandos,
1749 3146 1795 3201 si
1816 3143 2004 3208 velint,

434 3280 529 3327 aut
564 3267 781 3340 penitus
830 3254 1232 3326 relinquendos,
1280 3248 1325 3303 si
1369 3259 1522 3300 suam
1567 3235 2012 3295 consuetudinem
2237 3220 2329 3259 νεῖ

1654 3332 1665 3340 ·
1811 3337 1817 3340 Α
1917 3327 1929 3340 ι
1976 3339 1979 3340 ν
2116 3307 2250 3340 mut?
2283 3310 2329 3340 es

435 3361 651 3419 veritati
684 3352 1113 3413 inimicissimam
1140 3344 1290 3413 sequi
1335 3339 1549 3400 malint,
1578 3332 1668 3403 qui
1705 3337 1886 3399 partes
1917 3327 2015 3379 hu-

2091 1854 2197 1908 est,
2228 1844 2353 1913 quia
2389 1838 2621 1893 nondum
2668 1835 2828 1889 linem
2869 1846 2999 1888 suae
3039 1831 3082 1862 “
3125 1826 3472 1899 perfectionis
3501 1825 3672 1893 possi-

2092 1937 2201 1993 det.
2235 1933 2421 1988 Status
2463 1928 2727 1999 siquidem
2772 1925 2897 1980 linis
2944 1921 3199 1978 motionis
3243 1928 3346 1975 est.
3395 1916 3672 1983 Quomodo

2093 2038 2275 2083 autem
2304 2030 2485 2094 potest
2533 2021 2586 2074 in
2627 2026 2768 2073 statu
2815 2015 2952 2079 tleri,
3001 2012 3142 2082 quod
3190 2024 3298 2065 non
3347 2008 3525 2076 coepit
3560 2003 3673 2075 jam

2095 2115 2332 2172 moveri?
2349 2111 2626 2180 Quomodo
2647 2108 2867 2177 igitur"
2884 2103 3106 2159 materia
3129 2100 3374 2171 corporis
3386 2099 3538 2156 locus
3550 2112 3671 2153 cor-

2095 2209 2265 2280 poris,
2299 2207 2442 2277 quod
2476 2219 2540 2258 ex
2587 2217 2651 2256 ea
2699 2200 3006 2262 conﬁcitur,
3040 2205 3218 2267 potest
3264 2208 3404 2258 esse,
3453 2206 3579 2248 eum
3621 2199 3675 2245 et

2099 2279 2213 2370 ipsa
2248 2299 2301 2352 in
2334 2297 2509 2365 seipsa
2537 2292 2685 2347 nullo
2709 2300 2861 2345 certo
2892 2289 3026 2352 loco,
3053 2302 3146 2342 seu
3174 2284 3349 2346 modo,
3380 2297 3478 2340 seu
3505 2279 3675 2337 forma

2100 2388 2596 2450 circumscribatur,
2625 2382 2767 2437 nulla
2810 2391 2958 2437 certa
3006 2378 3213 2432 ratione
3248 2372 3540 2435 delinitur,
3576 2370 3677 2425 nisi

2101 2498 2197 2554 per
2246 2479 2585 2551 negationem
2636 2473 2717 2527 “?
2770 2470 3006 2541 Negatur
3067 2466 3246 2532 enim,
3310 2462 3514 2534 aliquid
3560 2472 3681 2515 esse

2102 2587 2291 2631 eorum
2324 2569 2388 2634 ",
2417 2578 2556 2637 quae
2584 2571 2730 2628 sunt,
2763 2576 2881 2615 cum
2912 2573 2978 2613 ex
3008 2573 3069 2611 ea
3097 2555 3301 2619 omnia,
3332 2565 3473 2624 quae
3498 2556 3679 2604 creata

2103 2671 2253 2727 sunt,
2284 2659 2498 2716 condita
2524 2669 2643 2711 esse
2670 2653 2955 2708 credantur
2977 2649 3041 2700 ιθ.
3072 2646 3205 2701 item
3235 2646 3279 2700 si
3314 2651 3499 2713 partes
3525 2638 3684 2709 hujus

2107 2750 2335 2806 visibilis
2382 2744 2565 2802 mundi
2614 2750 2923 2797 nostrorum
2973 2746 3260 2804 corporum
3308 2745 3403 2788 seu
3452 2729 3686 2784 aliorum

2108 2844 2224 2901 loca
2249 2849 2395 2907 sunt,
2427 2838 2542 2895 loca
2565 2844 2747 2892 nostra
2776 2846 2987 2901 semper
3010 2843 3129 2885 esse
3156 2841 3260 2880 non
3282 2828 3527 2894 possunt.
3553 2820 3686 2882 Dum

2111 2935 2254 2992 enim
2283 2944 2478 3001 corpus
2505 2925 2784 2997 cujusdam
2810 2919 3059 2977 animalis
3088 2917 3320 2974 solutum
3348 2912 3535 2977 fuerit,
3568 2924 3688 2981 par-

2100 3036 2302 3095 tesque
2333 3022 2474 3078 illius
2506 3018 2574 3074 ad
2601 3017 2757 3073 sedes
2785 3027 2912 3069 suas
2943 3008 3241 3073 naturales,
3273 3022 3341 3061 ea
3378 3004 3578 3074 quibus
3605 3016 3691 3056 as-

2035 3118 2079 3178 t‘.
2111 3094 2381 3186 sumptum
2410 3118 2514 3177 est,
2547 3106 2840 3178 separatim
2880 3109 3222 3158 revertuntur
3257 3096 3322 3163 ι’,
3362 3095 3516 3151 locus
3554 3094 3693 3164 ejus,

2331 3202 2385 3257 bi
2430 3199 2626 3271 gratia,
2657 3211 2750 3252 seu
2780 3207 2939 3262 aqua,
2972 3206 3066 3245 seu
3104 3197 3268 3253 terra,
3298 3200 3392 3242 seu
3419 3185 3561 3253 ignis
3589 3198 3694 3236 non

2116 3299 2251 3365 erit;
2283 3295 2376 3352 sed
2406 3290 2645 3366 singulae
2663 3301 2844 3360 partes
2869 3286 3025 3341 unius
3048 3281 3290 3351 corporis
3310 3275 3538 3348 singulis
3572 3291 3697 3330 (χιιι⁹

2066 3414 2073 3419 -
2119 3386 2455 3446 naturalibus
2467 3384 2568 3438 sibi
2596 3378 2877 3438 elementis
2896 3378 2971 3430 ita
2994 3373 3432 3434 commiscentur,
3451 3377 3511 3421 ut
3535 3378 3699 3420 unum

2120 3501 2239 3542 cum
2270 3482 2350 3537 eis
2383 3480 2517 3543 sint,
2545 3492 2650 3532 non
2681 3485 2741 3528 ut
2768 3474 2821 3528 in
2850 3471 2931 3526 eis
2958 3470 3068 3524 sint
3092 3464 3257 3521 veluti
3287 3461 3487 3531 aliquid
3521 3460 3581 3513 in
3607 3455 3703 3511 ali-

2123 3591 2248 3647 quo.
2279 3572 2430 3640 Quod
2455 3568 2599 3625 enim
2632 3565 2885 3620 reddetur
2912 3560 3045 3624 aeri,
3069 3572 3161 3612 aer
3190 3555 3314 3618 erit,
3340 3560 3526 3609 etnon
3549 3545 3700 3618 quasi

2125 3671 2180 3725 in
2215 3666 2448 3736 quodam
2475 3660 2593 3716 loco
2621 3656 2763 3713 aeris
2802 3659 3067 3708 statuetur
3092 3649 3169 3714 ’°;
3204 3660 3332 3719 non,
3372 3649 3433 3695 ut
3458 3637 3705 3695 conlusio

2126 3760 2394 3832 quaedam
2419 3765 2706 3825 corporqu
2749 3746 2854 3810 sit,
2896 3744 2991 3801 Sed
3031 3738 3260 3796 mirabili
3291 3744 3519 3790 naturae
3550 3726 3708 3785 modo

2130 3851 2499 3920 unusquisque
2526 3852 2731 3916 partem
2763 3853 2917 3893 suam
2963 3833 3234 3902 propriam
3276 3827 3330 3882 in
3360 3820 3592 3894 singulis
3618 3821 3708 3873 ba-

2130 3917 2606 4001 bebitelementis,
2636 3940 2802 3989 totum
2828 3942 2935 3998 per
2958 3934 3149 3995 totum,
3178 3937 3282 3975 nou
3306 3917 3362 3971 in
3394 3923 3553 3986 parte
3592 3926 3705 3982 par-

2135 4047 2273 4101 tem;
2308 4036 2378 4089 ita
2416 4041 2478 4086 ut
2500 4023 2918 4084 resurrectionis
2957 4029 3197 4086 tempore
3239 4010 3415 4066 nullus
3457 4006 3709 4076 accipiat,

2137 4128 2240 4187 nisi
2266 4125 2410 4196 quod
2437 4135 2593 4178 suum
2620 4126 2725 4180 est,
2756 4115 2896 4169 sicut
2926 4111 3215 4164 multorum
3240 4098 3595 4157 luniinarium
3625 4093 3715 4148 ius

2137 4186 2406 4279 simulest
2443 4212 2726 4285 conjuncta
2748 4246 2765 4272 ,
2795 4212 2855 4260 ut
2899 4200 3042 4256 nulla
3075 4198 3129 4252 iu
3172 4211 3235 4250 ea
3281 4192 3355 4248 sit
3377 4186 3710 4246 commixtio,

2140 4310 2282 4369 nulla
2312 4273 2634 4379 segregatim
2666 4299 2803 4354 Dum
2846 4294 2989 4350 enim
3028 4305 3134 4343 uua
3174 4285 3473 4349 eademque
3516 4278 3613 4331 lux
3640 4273 3720 4327 vi-

2143 4403 2335 4459 deatur
2374 4372 2529 4461 esse,
2576 4384 2991 4457 unumquodque
3034 4390 3215 4436 tamen
3259 4372 3524 4428 luminare
3567 4377 3719 4421 suam

2069 4490 2117 4550 D
2142 4490 2419 4566 propriam
2446 4482 2682 4557 possidet
2701 4479 2898 4540 lucem,
2929 4470 3152 4528 alterius
3174 4465 3278 4520 luci
3309 4476 3418 4517 non
3457 4455 3724 4515 comatis.

2146 4554 2279 4647 lani,
2325 4579 2419 4635 sed
2447 4554 2771 4631 mirabiliter
2797 4576 2940 4621 totae
2984 4564 3037 4617 in
3086 4559 3211 4614 totis
3253 4554 3417 4617 ﬁunt,
3457 4559 3515 4604 et
3559 4561 3724 4604 unum

2145 4633 2326 4731 lumen
2353 4664 2665 4733 conﬁciunt.
2718 4654 2877 4712 Aliud
2922 4654 3087 4723 igitur
3132 4647 3175 4678 "
3214 4652 3301 4699 est
3337 4656 3455 4706 aer,
3482 4647 3542 4694 et
3584 4633 3728 4691 aliud

2146 4729 2298 4818 locus
2323 4729 2458 4830 ejus.
2490 4754 2690 4811 Eodem
2732 4748 2890 4803 modo
2930 4744 2997 4798 de
3035 4738 3231 4796 ceteris
3266 4729 3575 4795 elementis,
3607 4741 3728 4796 par-

2152 4816 2400 4921 tibusqde
2424 4846 2721 4905 solutorum
2764 4848 3052 4909 corporum
3092 4829 3194 4887 sibi
3242 4823 3487 4887 redditis,
3533 4816 3732 4875 intelli-

2153 4948 2382 5020 gendum
2407 4955 2525 4999 esse
2552 4950 2769 4995 censeo.
2808 4932 2877 4987 Et
2915 4929 2961 4984 si
2992 4928 3065 4981 ita
3105 4931 3209 4987 est,
3253 4913 3562 4974 necessario
3586 4909 3736 4965 dabi-

2159 5012 2267 5105 tur,
2301 5046 2394 5093 aut
2421 5036 2554 5090 istas
2579 5038 2759 5100 partes
2782 5023 2967 5081 mundi
2992 5016 3270 5091 generales
3299 5012 3417 5066 loca
3442 5016 3737 5075 corporum

2164 5133 2233 5188 ab
2258 5131 2338 5186 eis
2364 5124 2703 5196 perlusorum
2749 5114 3273 5185 compositorumque
3317 5118 3422 5158 non
3463 5112 3611 5161 esse,
3651 5102 3743 5147 aut

2165 5235 2391 5293 corpora
2416 5219 2529 5288 ipsa
2555 5223 2761 5269 certum
2797 5208 2970 5263 locum
3003 5218 3107 5258 non
3137 5199 3358 5259 habere,
3394 5201 3486 5248 aut
3522 5188 3744 5259 penitus

432 3459 523 3526 jus
573 3449 756 3506 mundi
815 3442 1041 3499 visibilis
1081 3445 1385 3491 ceterorum
1433 3440 1719 3496 corporum
1771 3422 1914 3474 intra
1959 3430 2018 3471 se

440 3510 856 3600 constitutorum
882 3529 1147 3587 naturalia
1166 3527 1280 3581 loca
1302 3537 1422 3577 esse
1445 3518 1750 3586 cpinantur.
1781 3510 1915 3564 Nam
1938 3516 2016 3573 ut,

444 3636 594 3692 verbi
623 3631 818 3703 gratia,
848 3627 915 3681 de
939 3637 1061 3679 meo
1081 3631 1307 3688 corpore
1328 3615 1538 3675 dicam;
1565 3607 1798 3663 animam
1824 3602 2022 3673 quippe

440 3688 817 3795 corporalibus
853 3714 1012 3783 hujus
1059 3707 1244 3765 mundi
1290 3702 1480 3774 spatiis
1522 3706 1717 3768 putare
1759 3688 2022 3748 contineri

452 3785 973 3887 impudentissimam
999 3812 1109 3868 est;
1142 3799 1187 3856 si
1218 3811 1312 3852 aer
1344 3796 1446 3850 iste
1484 3791 1635 3846 locus
1666 3785 1783 3854 ejus
1805 3790 1912 3847 est,
1941 3794 2026 3836 se-

450 3912 660 3983 quitur,
684 3918 745 3960 ut
770 3909 960 3973 quarta
987 3911 1116 3967 pars
1137 3892 1222 3949 sui
1247 3890 1399 3946 locus
1426 3898 1555 3942 suus
1584 3881 1672 3937 sit.
1705 3877 1841 3932 Nam
1866 3886 2029 3930 omne

450 3966 884 4076 corpus'visibiie
913 3999 1168 4064 quattuor
1210 3980 1454 4055 partibus
1484 3982 1736 4033 constare
1782 3966 2032 4024 omnibus

452 4106 640 4154 notum
683 4100 796 4155 est,
841 4103 907 4143 ex
948 4086 1069 4155 igne
1109 4079 1381 4141 videlicet,
1410 4087 1558 4135 aere,
1603 4078 1768 4130 terra,
1820 4061 2029 4131 aqua".

456 4188 542 4244 Nil
571 4192 749 4240 autem
779 4170 1233 4235 irrationabilitati
1262 4162 1640 4238 prepinquius,
1662 4170 1824 4227 quam
1861 4159 1921 4206 ut
1957 4158 2036 4203 to-

444 4290 574 4334 tum
597 4288 793 4345 corpus
812 4271 896 4326 sui
921 4274 1075 4338 parte
1098 4261 1264 4317 locari
1294 4265 1526 4328 putetur.
1550 4253 1742 4306 Totum
1772 4242 2036 4315 siquidem

386 4366 391 4371 ’
448 4382 653 4425 omnes
680 4379 807 4420 suas
834 4368 1015 4432 partes
1039 4347 1514 4423 comprehendere,
1561 4356 1668 4396 non
1705 4346 1884 4392 autem
1915 4345 2041 4402 pars

444 4470 635 4513 totum
667 4464 812 4509 recte
833 4449 1152 4504 aestimatur
1174 4440 1400 4495 ambire.
1422 4436 1555 4490 item
1577 4432 1620 4486 si
1644 4441 1839 4498 corpus
1862 4436 2040 4479 meum

450 4553 520 4604 .in
555 4551 658 4603 isto
685 4559 812 4598 aere
840 4539 1005 4595 veluti
1044 4538 1097 4590 in
1128 4548 1228 4589 suo
1259 4531 1377 4583 loco
1404 4540 1523 4581 esse
1549 4524 1749 4583 dicam,
1774 4514 2037 4584 sequitur,

467 4636 670 4693 nullum
692 4642 899 4686 certum
932 4627 1104 4681 locum
1135 4624 1206 4677 ibi
1230 4633 1387 4690 posse
1414 4616 1635 4670 habere.
1659 4610 1763 4664 iste
1806 4599 2044 4660 etenini'

472 4743 568 4783 ser
591 4737 803 4794 semper
845 4721 991 4775 circa
1021 4727 1220 4770 terram
1248 4711 1480 4764 volvitur
1502 4746 1517 4770 ,
1566 4719 1628 4757 ac
1678 4716 1774 4771 per
1813 4699 1914 4752 boe
1941 4706 2047 4747 uno

473 4785 768 4884 eodemque
807 4807 1064 4880 temporis
1101 4803 1277 4874 spatio
1307 4792 1723 4855 innumerabiles
1764 4789 1910 4843 locos
1954 4785 2050 4839 ha-

475 4913 604 4966 bere
634 4873 831 4974 cdrpus
857 4873 964 4956 ιιι-³
1002 4913 1070 4953 eo
1113 4894 1462 4952 constitutum
1494 4898 1715 4940 necesse
1749 4887 1852 4935 est.
1898 4873 2054 4942 Quod

477 4998 621 5054 nulla
653 4964 862 5051 ratione
886 4988 1219 5046 conceditur.
1260 4978 1557 5037 Praedictis
1599 4970 1860 5040 siquidem
1889 4964 2054 5020 ratio-

481 5089 642 5146 nibus
665 5098 883 5141 suasum
902 5088 1005 5144 est,
1029 5079 1205 5132 locum
1233 5074 1286 5127 in
1309 5077 1447 5125 statu
1472 5079 1611 5127 esse,
1635 5059 1886 5127 nulloque
1909 5063 2057 5109 motu

483 5179 700 5235 variari.
735 5176 886 5229 Sicut
920 5184 1067 5240 ergo,
1100 5164 1190 5234 qui
1218 5164 1269 5216 in
1299 5157 1521 5213 ﬂumine
1546 5161 1674 5214 stat,
1699 5147 1939 5205 sedetve,
1964 5156 2059 5197 seu

1224 5250 1290 5253 κ-
1549 5250 1557 5253 -
1632 5250 1641 5253 -
1731 5239 1763 5253 ..
1822 5233 1960 5253 κη..

486 5250 659 5332 natat,
687 5265 832 5320 illam
860 5233 1068 5331 partem
1089 5233 1323 5307 ﬂuminis
1346 5261 1452 5300 non
1474 5250 1649 5313 potest
1669 5239 1902 5293 retinere
1917 5233 1980 5298 ι’,
2003 5239 2062 5284 ιιι

1756 5361 2006 5420 unus
2046 5318 2441 5413 moriones

1232 5491 1251 5520 ⁸
1274 5489 1450 5545 Corn.
1482 5482 1660 5537 ACDE
1708 5478 1874 5533 nullo.
1948 5473 1971 5545 ξ
2006 5472 2187 5533 Corn,
2216 5463 2397 5520 ACDE
2427 5459 2589 5514 nullo.
2665 5455 2686 5485 ⁸
2709 5467 2937 5507 omnium
2962 5462 3069 5501 om.
3096 5445 3156 5497 D.
3237 5440 3257 5470 '
3280 5438 3372 5491 Sic
3392 5432 3559 5493 CDE;
3596 5430 3640 5482 Δ
3670 5443 3749 5480 το.

2082 5544 2087 5545 ν
2240 5535 2259 5545 ιι
2292 5537 2301 5545 -
2479 5528 2605 5545 “nn
2708 5520 2807 5545 ιαμ
2861 5517 3093 5545 η.....;..;ρ
3117 5508 3379 5545 “sinitIn-9
3423 5519 3528 5545 nnn
3573 5503 3749 5545 ηοερδι

2665 5455 2686 5485 ⁸
2709 5467 2937 5507 omnium
2962 5462 3069 5501 om.
3096 5445 3156 5497 D.

496 5519 513 5547 ί
546 5513 636 5567 Sic
658 5502 890 5583 (ΖΒΕ-ςλρ
916 5498 1160 5583 culidem;
1232 5498 1251 5520 '
1274 5498 1450 5583 (terra.
1482 5498 1874 5583 Altl:l‘&_il}tt:‘0.
1898 5498 1982 5583 ﬂ"
2006 5498 2008 5505 <

2136 5498 2158 5520 γε
2216 5498 2258 5520 ξι
2312 5498 2397 5517 νυ
2427 5498 2589 5514 Ιιιισινι
2710 5498 2937 5507 ν-.‹.--..η-
2970 5498 3029 5501 τίκ

2111 5498 2187 5583 1.1-,
2240 5498 2626 5583 ’\inom.CDE.
2707 5525 2747 5555 '°
2770 5520 2828 5577 C.
2859 5517 3096 5575 ﬂuminis
3117 5508 3379 5583 persidere
3423 5519 3528 5558 non

785 5528 1162 5630 ι’έῖοῗὲῖῖιυ
1201 5528 1547 5620 Mimnermi.
1588 5553 1612 5585 ⁸
1644 5528 1982 5630 διιέέτβξλυ
2007 5528 2183 5630 ἐπίτεξ(
2234 5528 2626 5630 Ιῖἱῖιυιιιὶὒυὲ.

502 5585 523 5617 ὃ

502 5585 523 5617 ⁵
558 5587 599 5635 Α
641 5590 710 5633 ει.
785 5566 1043 5630 'SicCE;
1072 5566 1162 5617 AD
1201 5575 1361 5620 aqua,
1390 5568 1547 5609 terra.
1588 5566 1612 5585 ·
1644 5566 1862 5611 meus;
1893 5566 1982 5599 au
2007 5566 2164 5593 ειιηιι.
2287 5566 2626 5588 munus”...
2773 5566 2828 5577 ν.
3576 5566 3591 5569 ν

500 5653 754 5707 retinere.
809 5645 920 5695 “se
941 5632 1222 5691 om.CDE.
1284 5631 1325 5660 "
1362 5629 1400 5681 Ι)
1425 5633 1644 5678 constat.
1700 5618 1741 5650 ¹³
1772 5618 1939 5687 forma
1968 5627 2076 5664 om.
2106 5607 2167 5659 D.
2232 5605 2274 5635 “'
2306 5604 2344 5656 D
2375 5602 2477 5655 sui.
2559 5600 2601 5629 "
2625 5596 2828 5664 Aergo.
2910 5590 2953 5619 “
2977 5584 3109 5640 CDE
3134 5578 3561 5659 generationem.
3642 5568 3684 5598 "
3717 5566 3758 5617 υ

1158 5706 1161 5707 ,
1426 5696 1467 5707 ,ι
1490 5695 1540 5707 ,πο
1616 5693 1630 5707 ι
1653 5690 1690 5707 n
1714 5705 1719 5707 .
1750 5692 1783 5707 ιι
1819 5693 1974 5707 “ML--0
1987 5689 2138 5707 ...ιιυυ
2186 5676 2225 5707 ῐῗ
2258 5679 2573 5707 ros-orlnstlnf
3461 5644 3503 5673 ,ι
3529 5641 3579 5694 Α

504 5653 754 5707 retinere.
809 5645 920 5695 “se
941 5641 1222 5691 οιιιΑὶυιελ.
1284 5641 1325 5660 "
1362 5641 1400 5681 U
1425 5641 1644 5678 constat.
1702 5641 1741 5650 ·-
1772 5641 1938 5687 Ιυιιιιιι
1968 5641 2008 5664 ui

504 5733 679 5778 eorum
711 5730 837 5768 esse.
919 5709 962 5740 ⁸⁸
992 5706 1346 5761 Ᾱενεαιιηιιιν.
1426 5696 1467 5727 "
1490 5695 1577 5748 Sic
1602 5690 1724 5753 AD;
1748 5692 1787 5741 ti
1816 5693 2007 5737 rceerta

2111 5641 2167 5743 Ir];
2186 5676 2228 5731 Ε
2258 5641 2590 5727 νεῖεῖιὲιιιιιτ.
2852 5659 2970 5721 AE',
2999 5655 3086 5711 CD
3115 5641 3383 5707 statuitur.
3461 5644 3503 5673 “
3529 5641 3579 5694 Α
3609 5652 3758 5708 ergo.
