3904 6148
227 248 412 355 ω’

1090 292 1178 352 DE
1219 295 1556 353 DlV'lSlONF.
1595 296 1941 352 NATURAE.
1982 324 2054 335 ---
2086 295 2286 351 ιιι)εῆ
2326 292 2604 351 PRIMUS.

3370 291 3477 350 £93

229 409 356 466 omni
384 406 499 465 loco
521 419 738 463 vacare.
781 405 933 474 Quod
961 416 1152 461 natura
1199 423 1400 478 rerum,
1440 423 1676 479 veraque
1705 409 1780 478 ip-
1815 411 1862 469 Α
1892 408 2037 462 ditur
2056 422 2196 474 esse,
2226 406 2570 465 essentialem
2592 403 2947 464 differentiam
2969 403 3162 476 recipit
3180 402 3308 471 ;'est
3334 406 3480 461 enim

231 501 330 557 sius
366 498 749 568 contemplatio
786 512 891 551 non
942 497 1074 553 sinit
1120 501 1436 554 concedere.
1486 498 1601 552 Non
1645 500 1788 554 enim

228 592 321 645 ulla
347 600 595 646 creatura
623 598 773 644 certo
798 604 897 643 suo
937 589 1057 643 loco
1084 599 1245 658 atque
1288 589 1607 644 immutabili
1628 629 1642 653 ,
1672 605 1792 644 cer-

229 682 386 751 tisque
415 689 715 749 temporum
759 680 950 749 spatiis
993 680 1332 751 finibusque,
1367 680 1481 734 sive
1531 693 1791 748 corporea

227 771 306 833 sit,
333 771 445 826 sive
465 770 804 839 incorporea,
829 780 1007 839 potest
1025 786 1234 827 carere.
1263 770 1521 843 Ideoque,
1550 782 1609 828 ut
1630 788 1796 843 saepe

227 859 464 921 diximus,
492 858 599 912 duo
627 860 783 921 haec,
812 859 961 915 locus
996 860 1239 930 profecto
1268 870 1325 917 et
1361 871 1597 933 tempus,
1622 878 1655 917 a
1676 863 1795 934 phi-

227 948 453 1019 losOpltis
482 945 549 1004 ὧν
578 947 697 1004 ἄνευ
741 950 1101 1020 appellantur,
1136 953 1238 1008 hoc
1266 962 1370 1019 est,
1417 954 1615 1024 quibus
1656 956 1792 1010 sine.

225 1038 343 1095 Nam
372 1039 491 1094 sine
514 1040 599 1094 liis
622 1040 764 1094 nulla
789 1051 1036 1097 creatura
1064 1045 1415 1115 generatione
1443 1045 1459 1077 ⁸
1510 1045 1775 1102 incltoans

228 1141 276 1184 et
302 1131 478 1200 aliquo
511 1132 669 1186 modo
710 1133 1011 1188 subsistens
1050 1145 1229 1205 petest
1257 1138 1576 1193 consistere.
1624 1136 1800 1208 thue

226 1223 461 1291 proximo
489 1237 671 1276 rerum
696 1232 915 1278 utamur
939 1236 1277 1294 argumento,
1306 1226 1352 1281 si
1380 1227 1532 1284 locus
1555 1229 1800 1299 corporis

226 1321 301 1365 est
322 1327 485 1367 omne
501 1354 517 1377 ,
542 1315 901 1384 quodcunque
926 1314 975 1371 ei
1004 1317 1457 1374 circumfunditur
1477 1359 1492 1385 ,
1521 1318 1671 1375 color
1696 1321 1803 1376 erit

227 1401 362 1457 locus
383 1405 650 1473 corporis.
682 1405 894 1461 Nullum
937 1408 1139 1465 etenim
1184 1410 1396 1465 visibile
1435 1426 1634 1482 corpus
1674 1423 1800 1480 est,

227 1493 353 1563 quod
384 1491 508 1548 l‘uce
534 1494 733 1550 coloris
763 1512 869 1551 non
895 1498 1381 1555 circumfundatur.
1420 1500 1477 1556 Si
1507 1511 1687 1558 autem
1711 1516 1802 1558 co-

228 1581 301 1637 lor
336 1583 565 1639 colorati
606 1589 849 1657 corporis
870 1588 1021 1644 locus
1064 1598 1167 1654 est,
1215 1594 1521 1649 necessario
1562 1595 1800 1659 dabitur.

228 1673 451 1741 qualitas
476 1674 625 1730 locus
654 1680 899 1749 corporis
924 1693 1064 1736 esse.
1092 1680 1198 1737 Sed
1224 1683 1349 1753 quis
1387 1693 1496 1740 tam
1524 1685 1642 1740 dira
1672 1687 1799 1742 stul-

1897 503 1950 558 in
1995 518 2058 557 ea
2104 503 2364 573 ingenita,
2395 502 2598 572 genita,
2629 499 2927 570 procedens
2954 497 3345 555 substantia—
3365 496 3481 567 ipsa

1897 600 2076 645 tamen
2117 591 2453 659 compositio,
2501 604 2643 660 quae
2683 589 2797 643 sola
2846 588 3055 643 ratione
3110 585 3476 658 cognoscitur,

1898 684 2150 752 nulloque
2174 691 2296 738 actu
2319 691 2376 737 ct
2403 682 2717 752 operatione
2742 680 2858 736 ﬁeri
2886 680 3292 752 comprobatur,
3318 678 3486 733 ratio-

1899 774 2149 830 nabiliter
2177 773 2496 843 simplicitas
2528 788 2647 828 esse
2673 773 2696 805 ⁸
2718 771 3007 839 judicanda
3060 780 3163 828 est.
3194 771 3263 827 Ut
3303 779 3483 825 autem

1898 862 2107 919 ﬁrmius
2135 876 2452 934 cognoscas,
2482 863 2677 926 οὐσίαν,
2727 862 2779 916 id
2807 870 2888 916 est
2911 860 3202 917 essentiam
3234 859 3276 923 ’,
3307 860 3485 915 incor-

1897 953 2207 1023 ruptibilem
2250 966 2405 1017 esse,
2442 951 2559 1021 lege
2592 952 2786 1005 librum
2816 951 2988 1006 sancti
3032 949 3273 1020 Dionysii
3318 950 3489 1004 Areo-

1899 1045 2114 1115 pagitae
2140 1045 2206 1099 de
2238 1044 2431 1099 divinis
2464 1042 2781 1096 Nominibus
2820 1058 2884 1096 eo
2911 1042 3036 1107 loci,
3066 1056 3173 1110 quo
3198 1042 3264 1096 de
3294 1050 3486 1095 natura

1901 1137 2224 1193 daemonum
2256 1136 2428 1204 deque
2457 1148 2643 1189 eorum
2672 1132 2875 1187 malitia
2901 1131 2943 1165 "
2975 1133 3213 1201 disputat
3245 1132 3308 1197 η,
3343 1132 3499 1203 quod.

1900 1230 2101 1285 nullam
2129 1229 2443 1294 essentiam,
2477 1242 2649 1299 neque
2682 1243 2890 1292 eorum,
2914 1242 3089 1298 neque
3119 1227 3347 1282 aliorum
3370 1242 3491 1282 cor-

1901 1337 2154 1394 rumpere
2176 1320 2368 1391 possit,
2399 1329 2456 1375 et
2486 1320 2742 1390 reperies.
2790 1335 2912 1376 eum
2939 1319 3217 1389 disputare
3245 1318 3484 1373 subtilis-

1903 1416 2061 1480 sime,
2087 1413 2292 1470 nullum
2323 1426 2536 1477 eorum,
2563 1427 2702 1482 quae
2729 1422 2894 1478 sunt,
2922 1413 2977 1467 in
3008 1420 3272 1482 quantum
3301 1424 3489 1466 essen-

1906 1505 1978 1561 tia
2011 1513 2067 1559 et
2095 1513 2287 1560 natura
2310 1512 2417 1571 est,
2445 1502 2556 1559 ullo
2581 1507 2743 1561 modo
2771 1503 3043 1574 corrumpi
3072 1517 3248 1574 posse.

1975 1598 2066 1654 ιδ.
2106 1596 2249 1654 llaec
2281 1598 2425 1653 enim
2462 1598 2561 1652 tria
2587 1598 2638 1652 in
2668 1597 2814 1653 omni
2844 1586 3275 1662 creatura,‘sive
3297 1608 3491 1664 corpo-

1907 1704 1999 1745 rea
2028 1690 2143 1745 sive
2181 1688 2515 1758 incorporea,
2558 1697 2618 1743 ut
2658 1689 2772 1758 ipse
2800 1687 3120 1743 certissimis
3149 1693 3493 1756 argumenta-

230 1762 333 1817 titia
383 1765 742 1835 opprimitur,
799 1776 859 1823 ut
905 1771 1224 1840 quantitatem
1274 1775 1518 1845 corporis
1558 1776 1578 1806 ‘
1626 1774 1801 1833 locum
1833 1778 1880 1845 Β
1909 1780 2146 1835 tionibus
2167 1781 2378 1844 edocet,
2403 1778 2827 1846 inrorruptibilia
2856 1786 3061 1833 suntet
3091 1774 3491 1846 inseparabilia,

231 1855 463 1924 corporis
488 1870 609 1911 esse
641 1855 912 1914 fateatur?
938 1860 1008 1916 At
1035 1863 1080 1917 si
1121 1863 1272 1920 color
1300 1865 1546 1937 corporis
1570 1866 1804 1938 qualitas

231 1954 302 1999 est
327 1946 674 2014 incorporea,
700 1958 756 2003 et
776 1960 929 2006 extra
967 1967 1165 2024 corpus
1197 1955 1432 2027 undique
1458 1960 1674 2028 corpori
1699 1960 1809 2016 cir-

233 2035 609 2105 cumfunditur,
644 2056 752 2096 non
784 2053 962 2099 tamen
991 2045 1143 2102 locus
1168 2046 1285 2117 ejus
1314 2064 1436 2106 esse
1462 2050 1553 2106 ulli
1595 2053 1807 2122 sapiem

235 2135 339 2180 tum
358 2126 383 2160 ⁸
404 2130 638 2184 videtur.
664 2131 781 2200 Qua
803 2134 1013 2192 ratione
1048 2151 1144 2192 aer
1164 2138 1293 2206 iste,
1315 2156 1410 2197 seu
1429 2142 1644 2213 aliquod
1665 2144 1810 2200 aliud

235 2217 405 2306 mundi
433 2219 779 2287 elementum,
808 2228 1055 2294 quamvis
1078 2230 1397 2299 corporibus
1421 2232 1559 2288 intra
1584 2248 1644 2291 se
1666 2235 1809 2306 posio

237 2305 296 2359 tis
336 2306 662 2366 circumfusa
716 2313 848 2380 sint,
883 2329 1073 2373 eorum
1120 2327 1299 2376 tamen
1344 2320 1454 2380 ullo
1492 2305 1810 2384 modocsso

236 2411 383 2465 posse
408 2398 544 2464 loca,
578 2416 683 2455 non
714 2407 1052 2462 conceditur.

299 2489 384 2543 ιτ.
424 2490 572 2549 Dtsc.
598 2492 745 2551 Satis
772 2497 840 2552 de
882 2498 966 2554 his
1005 2500 1357 2572 disputatum.
1403 2502 1524 2571 Sed
1551 2508 1813 2565 adversus

238 2592 344 2646 eos,
388 2582 478 2652 qui
524 2599 631 2639 non
667 2585 814 2642 aliud
861 2603 983 2646 esse
1024 2607 1243 2664 corpus,
1288 2604 1343 2651 et
1385 2596 1531 2652 aliud
1568 2600 1815 2670 corporis

241 2674 516 2727 essentiam
559 2685 775 2746 putant,
808 2678 862 2734 in
887 2688 1097 2738 tantum
1138 2686 1370 2752 seducti,
1401 2696 1460 2742 ut
1494 2687 1665 2758 ipsam
1690 2688 1816 2746 sub-

242 2764 478 2819 stantiam
505 2781 823 2837 corpoream
848 2784 992 2839 esse,
1019 2774 1399 2847 vlsibilentque
1421 2788 1584 2850 atque
1612 2789 1815 2837 tracta-

241 2854 392 2909 bilem
423 2873 526 2913 non
557 2859 824 2926 dubitent,
866 2866 1129 2934 quaedam
1163 2866 1403 2925 breviter
1442 2871 1666 2927 dicenda
1697 2885 1819 2928 esse

243 2945 482 3001 arbitror.
509 2947 643 3003 Nam
674 2950 828 3006 multi
856 2968 919 3009 ac
950 2968 1122 3024 paene
1144 2972 1334 3015 omnes
1360 2958 1451 3014 tali
1475 2974 1661 3016 errore
1694 2958 1818 3016 fati-

243 3048 446 3106 gantur,
470 3041 744 3098 naturales
771 3059 951 3101 rerum
975 3046 1310 3106 differentias
1326 3051 1655 3123 ignorantes.
1672 3051 1812 3111 ΜΑο.

1910 1872 2077 1931 οὐσία,
2102 1877 2162 1924 ιιι
2181 1883 2341 1938 saepe
2365 1869 2620 1934 diximus,
2642 1867 2876 1940 δύναμις,
2898 1870 3141 1943 ὶνὲργεια,
3168 1866 3272 1921 hoc
3291 1875 3393 1929 est,
3415 1880 3498 1920 es-

1909 1962 2104 2026 sentia,
2128 1960 2327 2026 virtus,
2347 1960 2589 2030 operatio
2612 1960 2895 2014 naturalis.
2926 1960 3071 2013 DISC.
3102 1957 3302 2014 [lorum
3332 1956 3495 2011 trium

1909 2053 2212 2125 exemplum
2244 2067 2427 2123 posco.
2463 2050 2604 2107 liae.
2634 2050 2789 2106 Nulla
2820 2062 3036 2117 natura,
3071 2052 3186 2107 sive
3217 2050 3498 2106 rationalis

1910 2144 2023 2201 sive
2046 2143 2448 2206 intellectualis,
2478 2150 2582 2208 est,
2610 2156 2750 2212 quae
2788 2144 3002 2213 ignoret
3029 2156 3088 2197 se
3116 2156 3270 2207 esse,
3301 2155 3494 2211 quant-

1910 2235 1994 2290 vis
2035 2234 2272 2299 nesciat,
2318 2234 2446 2303 quid
2471 2234 2560 2288 sit.
2607 2233 2753 2289 Dtsc.
2782 2231 2896 2288 Hoc
2933 2248 3040 2288 non
3071 2232 3305 2302 ambigo.
3352 2230 3495 2288 Mss.

1913 2327 2051 2382 Dum
2077 2341 2207 2395 ergo
2230 2326 2373 2391 dico,
2406 2325 2648 2396 intelligo
2672 2341 2761 2381 me
2790 2340 2933 2391 esse,
2966 2341 3147 2381 nonne
3176 2326 3229 2380 in
3265 2326 3367 2380 ltoc
3392 2339 3501 2379 uno

1911 2417 2078 2473 verbo
2101 2417 2165 2482 “,
2193 2417 2337 2486 quod
2368 2426 2450 2471 est
2485 2416 2725 2486 intelligo
2747 2456 2764 2481 ,
2794 2417 2897 2471 tria
2941 2416 3186 2487 significo
3210 2431 3241 2469 a
3270 2428 3331 2469 se
3358 2414 3501 2469 inse-

1913 2506 2213 2576 parabilia?
2242 2504 2375 2561 Nam
2401 2514 2457 2561 et
2500 2521 2587 2561 me
2614 2520 2755 2569 esse,
2791 2514 2846 2560 et
2888 2520 3046 2575 posse
3076 2504 3369 2575 intelligere
3415 2519 3501 2561 me

1914 2611 2055 2662 esse,
2096 2605 2151 2651 et
2193 2595 2489 2668 intelligere
2518 2610 2603 2651 me
2642 2609 2763 2651 esse
2806 2596 3139 2652 demonstro.
3167 2593 3306 2649 Num
3349 2593 3500 2649 vides

1916 2700 2023 2740 uno
2050 2686 2215 2742 verbo
2232 2684 2276 2718 "
2295 2694 2352 2740 et
2375 2699 2547 2741 meam
2576 2686 2756 2742 οὐσίαν
2779 2726 2793 2751 ,
2816 2700 3102 2753 meamque
3130 2685 3404 2747 virtutem,
3445 2690 3501 2736 et

1918 2777 2189 2831 actionem
2216 2776 2547 2848 significari?
2574 2774 2689 2831 Non
2732 2778 2877 2831 enim
2905 2776 3279 2845 intelligerent,
3306 2774 3352 2828 si
3394 2786 3501 2827 non

1917 2880 2131 2931 essem;
2176 2880 2350 2935 neque
2386 2865 2763 2936 iutelligerem,
2794 2866 2840 2920 si
2882 2866 3081 2922 virtute
3118 2863 3503 2933 intelligentiae

1919 2968 2196 3022 Carerem;
2232 2971 2333 3011 nec
2363 2956 2451 3010 illa
2477 2958 2522 2988 "
2552 2957 2721 3010 virtus
2751 2957 2802 3011 in
2835 2971 2921 3011 me
2951 2956 3093 3019 silet,
3122 2956 3213 3009 sed
3242 2954 3292 3007 in
3320 2968 3505 3023 opera.

1922 3049 2123 3104 tionem
2157 3046 2487 3117 intelligendi
2516 3046 2840 3116 prorumpit.
2874 3047 3019 3102 Dtsc.
3053 3028 3252 3100 Verum
3280 3052 3343 3096 et
3362 3043 3503 3099 veri-

244 3126 506 3185 Adversns
560 3131 844 3190 stultitiam
899 3151 1144 3209 pugnare
1197 3139 1272 3194 nil
1331 3149 1417 3198 est
1472 3140 1814 3199 laboriosius.
1844 3126 1889 3190 C
1920 3137 2114 3194 simile.
2143 3134 2286 3193 Msa.
2317 3134 2455 3191 Num
2485 3135 2649 3206 igitur
2677 3149 2898 3191 necesse
2918 3143 3020 3198 est,
3043 3133 3271 3204 eos,qui
3295 3132 3502 3197 dicunt,

246 3212 393 3271 Nulla
429 3219 571 3275 enim
615 3224 940 3281 auctoritate
983 3228 1124 3284 vinci
1164 3227 1383 3294 fatetur,
1414 3231 1557 3286 nulla
1610 3234 1820 3291 ratione

248 3309 502 3365 suadetur.
547 3311 654 3370 Sed
697 3318 954 3386 quoniam
999 3334 1103 3375 non
1131 3330 1217 3377 est
1257 3322 1499 3394 aequalis
1540 3323 1820 3383 hominum

250 3397 478 3467 stultitia,
504 3419 607 3461 nec
650 3408 839 3463 eadem
880 3408 1085 3465 erroris
1121 3410 1349 3484 caligine
1390 3422 1601 3469 mentes
1632 3428 1822 3473 eorum

253 3495 613 3564 obscurantur,
643 3500 830 3572 paucis
853 3505 1415 3572 argumentationibus
1439 3507 1698 3565 adversus
1726 3522 1822 3564 eos

254 3590 493 3645 utendum
535 3593 713 3648 video.
755 3595 903 3651 Disc.
948 3596 1216 3654 Utendum
1256 3614 1407 3655 sane.
1454 3597 1512 3656 Si
1550 3600 1694 3656 enim
1740 3601 1823 3657 eis

256 3683 490 3748 proderit,
523 3683 731 3740 lucrum
770 3687 908 3754 erit;
956 3688 1039 3743 sin
1083 3687 1105 3719 ⁸
1150 3703 1312 3755 vero,
1360 3692 1721 3761 nosmetipsos
1754 3690 1824 3747 de

260 3770 433 3828 talibus
458 3783 772 3833 naturarum
803 3780 1221 3839 discretionibus
1239 3782 1618 3854 disputationis
1644 3783 1822 3840 studio

262 3867 494 3923 certiores
545 3868 861 3927 efﬁciemus.
916 3873 1057 3931 Msa.
1115 3874 1226 3932 llas
1280 3877 1462 3948 itaque
1511 3891 1713 3949 paucas
1756 3878 1823 3933 de

263 3953 479 4043 pluribus
504 3960 818 4019 dialecticas
859 3966 1208 4023 collectiones
1243 3968 1488 4043 intentus
1515 3969 1819 4025 considera.

266 4042 414 4103 Omne
436 4066 652 4122 corpus,
681 4056 824 4123 quod
872 4057 1100 4112 materia
1130 4042 1412 4129 formaque
1459 4060 1823 4129 componitur,

264 4140 490 4204 quoniam
537 4141 672 4198 solvi
717 4154 911 4215 potest.
944 4148 1294 4219 corruptibile
1337 4158 1441 4204 est.
1481 4149 1703 4204 Mortale
1728 4165 1825 4206 au—

267 4232 359 4280 tem
396 4245 588 4301 corpus
625 4236 850 4290 materia
894 4236 1175 4308 formaque
1212 4240 1575 4310 componitur.
1619 4239 1822 4295 Corru—

268 4319 431 4387 ptibile
460 4332 542 4379 est
587 4325 752 4397 igitur
775 4327 818 4381 ⁹.
869 4326 1030 4392 ltem,
1063 4331 1241 4386 omnis
1268 4333 1424 4388 οὐσία
1453 4330 1677 4402 simplex
1718 4341 1825 4395 est,

270 4409 549 4483 nullamque
582 4429 650 4471 ex
677 4418 907 4473 materia
951 4416 1230 4489 formaque
1259 4421 1702 4490 compositionem
1743 4435 1827 4475 re-

1921 3242 2118 3298 corpus
2147 3225 2427 3283 materiale
2467 3230 2645 3283 οὐσίαν
2688 3241 2829 3293 esse,
2866 3234 2959 3281 aut
2996 3240 3195 3295 corpus
3232 3240 3391 3281 suum
3436 3237 3499 3279 ex

1919 3320 2093 3376 forma
2121 3319 2455 3390 matcrieque
2498 3316 2857 3388 compositum
2902 3330 3007 3371 non
3048 3329 3169 3371 esse
3203 3312 3384 3378 fateri,
3411 3311 3507 3367 sed

1917 3413 2096 3469 οὐσίαν
2127 3409 2589 3480 incorrttptibilem
2629 3423 2780 3476 esse,
2819 3417 2912 3464 aut
2954 3422 3153 3478 corpus
3194 3420 3351 3462 suum
3381 3420 3499 3461 cor-

1922 3499 2175 3571 ruptibile
2204 3507 2261 3555 et
2287 3496 2568 3554 materiale
2596 3498 2639 3529 ¹³
2667 3513 2809 3561 esse,
2833 3513 2899 3553 ac
2927 3513 3023 3567 per
3050 3498 3154 3553 hoc
3185 3497 3506 3555 eiiciamnou

1921 3606 2062 3655 esse,
2089 3591 2318 3645 veritate
2345 3587 2391 3619 ¹⁶
2416 3598 2634 3644 coactos
2658 3588 2699 3621 "
2730 3587 3061 3643 concedere?
3097 3587 3241 3644 Dtsc.
3277 3585 3513 3641 Necesse

1923 3695 2073 3736 sane.
2104 3678 2211 3734 Sed
2255 3678 2389 3733 mihi
2432 3677 2633 3733 videris
2676 3678 2858 3733 dicere
2887 3678 2951 3744 ιθ,
2992 3692 3098 3734 nou
3125 3691 3285 3732 omne
3316 3690 3511 3745 corpus

1922 3773 2096 3827 οὐσίαν
2165 3782 2288 3825 esse
2371 3767 2747 3824 universaliter
2782 3766 2825 3799 "
2853 3806 2879 3833 ,κ
2932 3767 3027 3822 sed
3088 3779 3250 3822 omne
3314 3778 3511 3834 corpus

1925 3860 2151 3916 materia
2203 3859 2483 3930 formaque
2520 3868 2860 3929 compactum
2913 3857 3247 3914 solummodo
3291 3871 3507 3925 negare.

1926 3949 2065 4005 MAG.
2095 3949 2337 4005 Intentus
2371 3950 2550 4019 itaque
2585 3948 2718 4004 haec
2753 3948 2984 4003 intuere.
3015 3946 3128 4002 Nec
3157 3946 3201 3976 ¹⁶
3233 3959 3319 3999 me
3352 3945 3513 3999 aesti-

1927 4058 2064 4109 mes,
2091 4058 2197 4099 non
2231 4042 2298 4096 de
2325 4042 2504 4112 specie
2525 4041 2759 4111 quadam
2783 4054 3091 4111 corporum,
3119 4036 3215 4092 sed
3238 4036 3516 4090 universa-

1926 4137 2050 4193 liter
2086 4138 2153 4194 de
2174 4139 2321 4193 omni
2345 4151 2572 4207 corpore
2598 4135 2820 4201 dixisse,
2846 4134 3092 4205 quamvis
3121 4131 3427 4202 specialiter
3447 4130 3515 4185 de

1925 4244 2153 4301 corpore
2193 4230 2492 4299 composito
2535 4242 2599 4285 es
2650 4229 2822 4283 forma
2867 4226 3204 4295 materiaque
3245 4223 3513 4287 dixerim,

1928 4338 2027 4393 pro
2062 4319 2365 4390 praesentis
2405 4318 2736 4390 quaestionis
2774 4317 3002 4371 utilitate
3025 4356 3042 4380 ,
3087 4315 3347 4369 adversus
3390 4326 3514 4375 eos,

1929 4414 2023 4482 qui
2064 4411 2309 4465 mortalia
2356 4424 2453 4464 sua
2494 4423 2721 4479 corpora
2761 4408 3178 4475 transitoriaque
3216 4419 3323 4460 non
3372 4403 3518 4458 aliud

270 4500 399 4570 cipit,
421 4507 673 4575 quoniam
705 4524 872 4564 unum
903 4483 1261 4581 inseparabile
1299 4483 1401 4568 est:
1433 4509 1589 4566 Nulla
1615 4512 1777 4580 igitur
1803 4509 1824 4542 ⁸
1857 4483 1901 4544 ί)
1929 4518 2072 4567 esse,
2113 4501 2213 4555 nisi
2242 4516 2395 4555 suam
2425 4503 2633 4562 οὐσίαν,
2674 4512 2937 4569 suamque
2980 4500 3158 4571 sticin
3200 4494 3334 4550 nihil
3371 4494 3516 4549 aliud

271 4593 393 4650 ιύσία
417 4612 609 4667 corpus
632 4599 864 4656 mortale
902 4602 1292 4657 rationabiliter
1319 4603 1636 4658 conceditur
1677 4616 1815 4657 esse.

274 4682 365 4741 lloc
379 4698 546 4745 autem
562 4692 767 4747 dictum
793 4704 897 4759 est,
914 4696 1038 4766 quia
1068 4697 1246 4751 omnis
1267 4700 1419 4753 οὐσία
1439 4697 1458 4728 "
1481 4737 1496 4762 ,
1519 4710 1824 4766 quanquam

274 4773 570 4848 intelligatur
593 4796 662 4836 es
692 4784 930 4839 essentia
960 4794 1012 4841 ct
1035 4786 1311 4841 essentiali
1340 4785 1641 4841 dill‘ereutia
1674 4800 1825 4841 com-

274 4870 421 4934 posita
443 4871 738 4931 csse—hac
761 4878 906 4931 enim
928 4879 1317 4948 compositione
1334 4877 1481 4932 nulla
1509 4879 1824 4947 incorporea

272 4962 475 5017 essentia
498 4974 679 5035 potest
706 4981 913 5031 carere,
944 4967 1207 5038 siquidem
1222 4977 1275 5023 et
1307 4969 1419 5040 ipsa
1447 4970 1625 5024 divina
1650 4970 1825 5033 οὐσία,

272 5061 391 5116 Quae
416 5071 515 5110 non
546 5057 722 5113 solum
752 5059 1002 5128 simplex,
1029 5060 1121 5116 sed
1152 5060 1432 5130 plusquam
1456 5060 1680 5129 simplex
1704 5072 1824 5113 erc-

1929 4607 2073 4656 esse,
2126 4591 2228 4644 nisi
2265 4605 2461 4659 corpus
2502 4589 2780 4644 materiale
2820 4604 2977 4644 suum
3015 4588 3350 4656 diversisque
3396 4600 3518 4654 spc-

1935 4684 2119 4740 mcbus
2141 4682 2182 4715 "
2214 4683 2593 4752 compositum,
2624 4680 2795 4736 forma
2827 4679 3074 4735 videlicet
3103 4689 3265 4735 atcue
3295 4676 3522 4732 materia

1936 4775 2209 4844 variisque
2239 4772 2627 4835 accidentibus,
2661 4772 2846 4827 dicunt
2874 4770 2939 4825 “.

2006 4867 2094 4924 49.
2124 4867 2192 4923 Ut
2214 4875 2395 4922 autem
2418 4865 2574 4936 plane
2603 4878 2922 4934 cognoscas,
2946 4859 3324 4917 universaliter
3341 4855 3521 4913 οὐσίαν

1936 4961 2139 5015 nulluut
2189 4973 2386 5027 corpus
2430 4971 2587 5020 esse,
2627 4955 2767 5010 hanc
2809 4951 3295 5025 argumentationis
3338 4947 3521 5016 accipe

1937 5054 2195 5124 speciem.
2220 5050 2368 5106 Dtsc.
2395 5046 2704 5119 Accipiam;
2729 5046 2821 5101 sed
2848 5046 2999 5116 prius
3018 5043 3288 5114 quandam
3318 5038 3521 5094 formu-

1586 5255 1843 5313 VARIAE
1878 5250 2279 5310 LECTIONES.

333 5415 350 5448 ¹
385 5411 470 5470 Sic
527 5416 650 5480 CD;
705 5415 746 5470 Α
778 5416 1184 5486 generationem,
1223 5415 1267 5471 E
1311 5415 1687 5485 generationes.

276 5480 295 5512 ⁸
338 5487 377 5540 Δ
427 5488 469 5539 si
524 5503 648 5541 non.
743 5487 820 5526 '-‘
857 5488 898 5539 Α
956 5502 1097 5541 erao.
1171 5488 1191 5519 ⁷
1225 5486 1317 5541 Sic
1345 5474 1556 5541 ACDE:
1609 5500 1687 5537 an:

274 5557 526 5610 tuentium
555 5573 666 5612 om.
694 5556 762 5610 Α.
840 5556 882 5587 ¹⁹
921 5555 962 5613 C
989 5544 1199 5612 militia.

279 5640 389 5679 atto.
430 5626 502 5675 .¹⁸
540 5628 586 5681 Δ
622 5628 757 5680 ulla.
835 5625 881 5659 ⁸³
918 5638 962 5681 et
995 5626 1266 5681 materiale
1289 5642 1376 5680 out
1408 5625 1471 5679 Ι).

279 5694 319 5746 Δ
345 5696 695 5752 universalitcr
721 5714 847 5752 esse.
926 5698 969 5727 "
996 5697 1034 5751 C
1060 5713 1140 5751 ue.
1206 5697 1249 5727 "
1291 5694 1551 5764 speciebus
1583 5711 1692 5749 om.
1731 5697 1791 5749 G.

1775 5414 1794 5444 ¹
1837 5411 1929 5466 Sic
1984 5408 2144 5469 CDE;
2196 5406 2427 5475 corporis
2474 5420 2585 5460 om.
2613 5405 2678 5458 Α.

743 5469 820 5526 ⁵Ϊ⁶
857 5469 898 5539 Α
956 5469 1097 5551 ergo.
1150 5469 1191 5519 7"
1225 5469 1556 5545 SicaACDE;
1609 5481 1968 5543 anacolutice,
1998 5490 2055 5533 ιιι
2087 5469 2639 5551 νί‹1ξωιξ;-[.Δοὺσίᾳς“ἒ
2711 5475 2732 5506 ⁸
2770 5489 3025 5551 esseput.

1276 5557 1317 5589 ¹¹
1358 5556 1450 5608 Sic
1502 5554 1669 5616 AlIE;
1704 5554 1746 5606 D
1795 5553 2082 5618 disputant.

1290 5642 1375 5655 nn.
1408 5625 1450 5655 n
1549 5624 1593 5655 16
1623 5625 1662 5655 n
1709 5624 1971 5655 ..-οἱιηιιηε
2076 5623 2082 5651 1

1620 5625 1662 5677 Ι)
1709 5625 1993 5676 veritatem.
2076 5625 2118 5655 ’⁷
2146 5625 2277 5674 (illis
2316 5634 2450 5670 CORCJ

1620 5711 1692 5749 m.
1731 5697 1791 5749 G.
1869 5697 1912 5732 ²²
1953 5697 2130 5749 drum
2163 5707 2269 5745 om.
2300 5687 2450 5745 (ΖΗΕ.

2755 5404 2777 5435 ⁸
2804 5403 2895 5458 Sic
2918 5402 3091 5495 Αίὶιεῖξι
3110 5402 3158 5495 2
3183 5396 3516 5495 surgentium.

2872 5489 3025 5527 l0lll.
3060 5469 3170 5522 AD.
3260 5466 3280 5495 ⁹
3336 5465 3389 5518 id
3446 5476 3520 5518 est

2872 5544 2914 5575 "
2954 5542 3043 5595 Sic.
3085 5538 3247 5596 CDE:
3288 5537 3329 5589 Α
3374 5538 3520 5589 ιἐινΙνο

3163 5609 3207 5640 ⁸⁸
3234 5609 3324 5663 Sic
3354 5607 3533 5674 Μηδὶς,

2194 5549 2236 5579 ¹²
2277 5547 2409 5602 CDE
2461 5547 2613 5600 verba
2644 5562 2769 5598 uno.

2076 5621 2118 5655 ¹’
2146 5619 2277 5674 CDE
2316 5618 2504 5670 coacti.
2586 5614 2627 5646 "
2663 5617 2834 5671 dicere
2867 5632 2974 5668 mu.
3021 5613 3081 5667 (ᾇ.
