3904 6148
389 273 486 329 ιθι

1767 273 2051 332 ιοΑΝΝιε
2090 272 2286 333 εροτι

3546 282 3648 340 ιεε

387 386 496 441 lam
538 387 845 457 praedictae
891 390 1371 461 argumentationis
1417 388 1531 444 ﬁeri
1579 387 1963 443 necessarimm
1992 387 2038 451 C
2068 395 2121 441 et
2149 389 2359 457 species
2381 389 2666 457 dividitur;
2702 405 2898 461 corpus
2924 406 3054 447 vero
3084 389 3244 447 veluti
3286 400 3455 447 totum
3485 396 3645 463 quod-

384 479 563 534 video.
591 478 723 533 Nam
767 482 1036 551 praedicta
1077 483 1417 537 ratiocinatio
1440 481 1560 551 plus
1589 489 1961 552 argumentum

386 585 418 623 e
443 578 716 624 contrario
745 569 958 625 videtur
996 585 1136 637 esse,
1173 588 1335 643 quam
1364 572 1632 627 dialectici
1668 570 1961 643 syllogismi

385 663 580 734 imago.
644 663 783 720 Mss.
835 663 955 719 Fiat
1004 665 1167 737 igitur
1203 666 1435 720 maxima
1486 664 1778 736 propositio
1826 664 1956 720 sic:

384 763 562 807 utrum
590 755 740 809 οὐσία
761 768 958 825 corpus
979 755 1330 826 corruptibile
1351 756 1471 811 est?
1502 755 1689 813 Omnis
1713 757 1856 812 οὐσία
1881 756 1962 810 in-

383 843 745 913 eorruptibilis
777 846 794 877 ¹
844 855 946 901 εει.
980 845 1153 902 Omne
1185 847 1588 918 incorruptibile
1615 862 1812 916 corpus
1843 861 1959 902 ma-

384 933 572 989 tcriale
602 949 711 989 non
737 944 840 991 est.
872 936 1061 992 Omnis
1081 937 1244 1005 igitur
1271 941 1417 994 οὐσία
1451 952 1646 1007 corpus
1684 936 1962 992 tuateriale

381 1040 489 1078 non
533 1035 638 1081 est.
675 1026 743 1082 Et
784 1026 1022 1083 reﬂexim
1061 1045 1074 1082 :
1115 1027 1289 1084 Omne
1326 1029 1492 1099 igitur
1545 1042 1741 1103 corpus
1788 1035 1960 1082 mate-

370 1116 514 1171 riale
549 1118 703 1174 οὐσία
733 1133 838 1172 non
868 1127 970 1172 εει.
1001 1118 1131 1172 ltem
1166 1135 1179 1172 :
1208 1115 1380 1173 Omne
1418 1133 1614 1188 corpus
1642 1118 1684 1185 ⁸,
1721 1118 1863 1187 quod
1892 1132 1962 1172 ex

346 1255 348 1257 ,
380 1206 555 1261 forma
601 1216 764 1278 atque
796 1209 1021 1263 materia
1050 1210 1409 1279 componitur,
1450 1208 1676 1280 simplex
1720 1217 1957 1265 nonest.

380 1296 567 1354 Omnis
593 1310 773 1355 autem
797 1303 945 1357 οὐσία
964 1301 1192 1370 simplex
1215 1311 1317 1357 est.
1340 1301 1554 1356 Nullum
1581 1301 1744 1370 igitur
1767 1316 1962 1371 corpus

380 1387 555 1444 fama
585 1391 918 1461 materiaque
938 1392 1291 1462 compositum
1337 1393 1485 1449 οὐσία
1518 1401 1621 1447 εει.
1650 1391 1780 1447 item
1805 1408 1818 1444 :
1841 1389 1965 1446 0m-

380 1482 529 1537 nium
554 1483 834 1538 hominum
858 1500 963 1539 una
984 1484 1280 1555 eademque
1302 1487 1454 1541 οὐσία
1472 1493 1574 1540 εει.
1600 1484 1799 1540 Omnes
1815 1484 1961 1538 enim

380 1586 540 1625 unam
563 1571 890 1642 participant
909 1573 1222 1638 essentiam,
1256 1588 1318 1628 ac
1348 1589 1447 1643 per
1476 1573 1597 1635 hoc,
1627 1572 1752 1644 quia
1783 1572 1960 1627 omni-

378 1658 481 1713 bus
506 1662 809 1716 communis
831 1669 932 1726 est,
964 1662 1161 1718 nullius
1180 1663 1397 1734 proprie
1419 1672 1521 1718 εει.
1544 1663 1750 1734 Corpus
1778 1669 1958 1717 autem

2065 478 2189 534 dam
2226 480 2278 534 in
2305 488 2490 550 partes
2515 491 2814 552 separatur.
2841 482 2971 537 Item
3004 483 3047 515 "
3085 498 3279 552 corpus
3315 483 3367 538 iu
3403 486 3646 554 partibus

2064 569 2178 624 suis
2209 578 2379 623 totum
2416 585 2521 625 non
2561 581 2663 626 est.
2710 571 2767 626 ln
2810 573 2983 642 capite
3022 572 3198 634 enim,
3236 586 3329 626 seu
3376 572 3643 639 manibus,

2062 659 2375 728 pedibusve,
2409 667 2577 714 totum
2600 675 2796 730 corpus
2820 676 2924 715 non
2945 661 3440 729 comprehenditur.
3473 661 3539 715 Et
3559 671 3641 716 est

2064 750 2237 819 majus
2267 753 2319 806 in
2350 752 2603 807 omnibus
2631 752 2745 807 suis
2782 751 3026 822 partibus
3071 751 3264 817 simul;
3298 752 3475 806 minus
3520 768 3643 806 vero

2063 842 2117 896 in
2142 843 2366 914 singulis
2399 858 2503 898 non
2530 843 2710 897 simul.
2743 842 2787 897 E
2810 845 3086 897 contrario
3110 851 3289 897 autem
3334 846 3492 899 οὐσία
3535 853 3642 898 tota

2063 931 2117 986 in
2148 931 2374 1003 singulis
2398 931 2510 986 suis
2545 931 2731 986 formis
2773 930 3163 1000 speciebusque
3190 940 3305 997 est;
3346 947 3445 985 nec
3476 933 3646 1002 major

2062 1024 2116 1079 in
2146 1023 2396 1078 omnibus
2424 1022 2582 1077 simul
2613 1022 2872 1087 collectis,
2903 1037 3002 1078 nec
3040 1022 3219 1076 minor
3255 1023 3309 1077 in
3357 1022 3586 1094 singulis
3611 1039 3641 1077 a

2063 1132 2121 1172 se
2143 1117 2369 1172 invicem
2402 1117 2607 1173 divisis.
2641 1116 2755 1173 Non
2785 1118 2929 1171 enim
2967 1118 3193 1188 amplior
3219 1126 3302 1174 est
3339 1119 3394 1173 in
3421 1134 3644 1190 genera-

2062 1207 2266 1263 lissimo
2304 1222 2520 1279 genere,
2558 1223 2720 1277 quam
2770 1208 2821 1263 in
2866 1208 3252 1278 specialissima
3300 1211 3513 1279 specie;
3546 1226 3644 1266 nec

2062 1298 2239 1352 minor
2260 1297 2314 1352 in
2336 1298 2722 1369 specialissima
2747 1299 2950 1368 specie,
2973 1314 3133 1369 quam
3159 1299 3212 1353 in
3233 1300 3643 1370 generalissimo

2062 1402 2279 1458 genere.
2306 1390 2373 1444 Et
2401 1398 2458 1443 ut
2482 1390 2746 1461 exemplis
2770 1397 2989 1445 utamur
3019 1407 3032 1444 :
3065 1393 3217 1447 οὐσία
3238 1407 3342 1447 non
3363 1401 3451 1448 est
3474 1394 3644 1462 major

2062 1483 2117 1536 in
2155 1482 2405 1537 omnibus
2434 1483 2762 1549 hominibus,
2809 1498 2970 1552 quam
3011 1483 3064 1538 in
3099 1499 3209 1538 uno
3235 1484 3453 1540 homine
3475 1524 3493 1550 ,
3542 1500 3641 1542 nec

2061 1572 2242 1628 minor
2267 1571 2320 1627 in
2352 1586 2462 1627 uno
2488 1572 2725 1638 homine,
2765 1588 2925 1643 quam
2960 1573 3012 1627 in
3040 1574 3292 1629 omnibus
3310 1574 3637 1631 hominibus.

2061 1663 2178 1722 Non
2205 1675 2290 1723 est
2314 1666 2484 1738 major
2521 1668 2573 1722 in
2600 1682 2816 1737 genere,
2854 1667 2905 1721 in
2928 1681 3038 1737 quo
3074 1681 3260 1723 omnes
3282 1668 3490 1737 species
3520 1668 3639 1722 ani-

377 1765 663 1808 commune
681 1753 921 1808 omnium
957 1755 1231 1810 hominum
1256 1771 1358 1811 non
1385 1764 1487 1811 est.
1510 1754 1644 1811 Nam
1667 1756 1957 1825 unusquis-
1986 1729 2034 1790 Β
2063 1755 2281 1810 malium
2312 1771 2477 1810 unum
2503 1763 2649 1819 sunt,
2676 1770 2837 1825 quam
2862 1756 2914 1809 in
2953 1755 3168 1811 homine
3196 1756 3344 1819 solo,
3373 1757 3459 1811 vel
3481 1758 3639 1823 bove,

376 1856 483 1912 que
510 1858 663 1897 suum
693 1844 967 1913 proprium
1008 1846 1245 1915 possidet
1286 1860 1501 1915 corpus,
1528 1862 1635 1903 non
1672 1855 1727 1902 et
1754 1848 1954 1903 οὐσίαν.

376 1933 542 2005 Igitur
568 1935 871 1990 communis
897 1944 1000 2001 est,
1032 1945 1087 1991 et
1111 1951 1308 2007 corpus
1335 1952 1619 1994 commune
1645 1953 1753 1994 non
1781 1938 1802 1972 ⁸
1850 1948 1954 1995 εει.

374 2025 472 2080 Est
497 2035 675 2080 autem
710 2027 861 2082 οὐσία
886 2024 909 2057 ’⁵
962 2027 1284 2082 communis.
1319 2026 1434 2082 Non
1470 2037 1554 2083 εει
1577 2028 1741 2099 igitur
1766 2029 1788 2060 ⁸
1838 2044 1959 2084 cor-

374 2131 495 2185 pus.
522 2115 726 2171 Eadem
751 2116 891 2171 ratio
918 2117 973 2172 in
997 2118 1192 2173 ceteris
1212 2117 1531 2173 animalibus
1552 2118 1958 2175 inanimalibus—

374 2220 482 2276 que
521 2206 541 2238 '
572 2207 854 2278 perspicue
888 2207 1150 2278 splendet.
1175 2209 1318 2264 Dtsc.
1346 2208 1490 2265 Haec
1515 2208 1738 2265 formula
1765 2210 1955 2266 idonea

373 2307 478 2353 est.
524 2297 678 2363 Redi,
718 2312 929 2369 precor,
972 2301 1036 2354 ad
1075 2301 1395 2371 promissam
1423 2301 1443 2335 '
1481 2303 1781 2374 argumenti
1829 2303 1954 2360 uni-

373 2386 641 2443 versalem
668 2390 920 2458 speciem,
966 2405 1070 2460 qua
1111 2390 1466 2455 concluditur,
1513 2391 1716 2448 nullum
1761 2408 1957 2464 corpus

373 2481 554 2536 οὐσίαν
579 2495 717 2535 εεεε.
746 2480 887 2536 MAG.
919 2480 1090 2538 Omne
1110 2484 1251 2554 quod
1276 2484 1953 2556 longitudine,latitudine,

373 2569 663 2626 altitudine
690 2574 1180 2642 comprehenditur,
1214 2578 1465 2643 quoniam
1500 2578 1726 2634 diversis
1763 2581 1953 2649 spatiis

374 2660 737 2727 concluditur,
761 2679 959 2732 corpus
981 2674 1085 2719 est.
1115 2664 1268 2733 Quod
1301 2676 1481 2723 autem
1513 2669 1712 2724 nullum
1741 2672 1956 2740 praedi-

374 2757 585 2808 ctorum
627 2754 922 2823 spatiorum
956 2757 1173 2826 recipit,
1205 2760 1458 2828 quoniam
1484 2776 1648 2815 unum
1676 2771 1761 2818 est
1793 2772 1954 2834 atque

374 2842 625 2912 simplex,
666 2844 977 2916 nullumque
1014 2856 1218 2903 motum
1249 2861 1476 2907 naturae
1497 2867 1624 2908 suae
1662 2869 1760 2924 per
1785 2855 1954 2925 spatia

370 2943 551 3003 potest
596 2935 856 3006 recipere,
909 2940 1218 2995 necessario
1262 2941 1599 3012 incorporale
1645 2953 1746 3000 est.
1790 2947 1954 3001 Οὖσία

373 3033 553 3079 autem
573 3030 684 3085 ,ηεξ
706 3025 1057 3099 longitudine,
1093 3045 1193 3084 nec
1218 3030 1523 3097 latitudine,
1553 3048 1653 3088 nec
1673 3033 1953 3089 altitudine

371 3115 731 3182 protenditur,
762 3125 816 3171 et
843 3118 1093 3187 quoniam
1125 3120 1177 3175 in
1210 3134 1337 3175 suae
1363 3130 1587 3176 naturae
1611 3123 1953 3194 simplicitate

373 3201 647 3257 individua
680 3216 977 3273 permanet,
1026 3200 1378 3279 incorporalis
1425 3220 1527 3266 εει.
1577 3211 1730 3268 Nulla
1773 3213 1956 3284 itaque

370 3294 543 3353 οὐσία,
583 3296 834 3362 quoniam
866 3308 1015 3353 caret
1062 3303 1259 3370 spatio.
1305 3304 1607 3373 corporalis
1652 3313 1770 3373 est;
1815 3307 1957 3362 sicut

369 3381 576 3436 nullum
602 3397 818 3453 corpus,
840 3389 1094 3457 quoniam
1116 3392 1307 3460 spatiis
1328 3395 1653 3462 extenditur,
1681 3400 1831 3455 οὒσία
1851 3406 1952 3454 εει.

370 3470 515 3530 Dtsc.
546 3474 658 3531 Hoc
678 3477 841 3534 etiam
863 3480 885 3512 ⁸
939 3490 1086 3536 certa
1121 3483 1396 3541 dialectica
1420 3486 1647 3542 formula
1674 3489 1956 3561 imaginari

370 3564 514 3621 volo.
542 3567 680 3625 MAG.
712 3568 1028 3643 Fiatitaque
1054 3575 1279 3629 formula
1305 3577 1598 3649 syllogismi
1624 3582 1956 3638 conditiona-

371 3655 462 3712 lis.
495 3655 568 3712 Ita
612 3660 846 3715 maxima
891 3666 1186 3734 propositio
1217 3665 1284 3722 ἐ
1332 3677 1508 3722 utrum
1554 3672 1712 3727 οὐσία
1760 3687 1957 3743 corpus

368 3745 496 3802 est?
523 3745 578 3801 Si
609 3750 765 3808 οὐσία
808 3766 1004 3821 corpus
1041 3765 1146 3822 est,
1191 3756 1562 3828 longitudinis,
1588 3760 1885 3819 latitudinis
1912 3764 1956 3797 *θ

375 3836 786 3913 altitudinisqus
816 3843 988 3914 spatia
1020 3847 1232 3917 recipit.
1270 3852 1437 3904 οὐσία
1460 3859 1639 3905 autem
1667 3852 1957 3924 longitudi-

367 3941 514 3992 nem,
547 3927 1548 4009 latitudinem,altitudinemque“non
1581 3942 1792 4012 recipit.
1822 3943 1958 4000 Cor-

367 4034 470 4088 pus
497 4018 662 4089 igitur
697 4039 805 4080 non
848 4034 952 4082 est.
985 4026 1040 4082 Si
1073 4036 1252 4084 autem
1286 4032 1656 4104 ἐνθυμήματος,
1701 4036 1804 4091 boc
1848 4052 1951 4109 est,

367 4114 740 4191 conceptiouis
764 4118 1068 4173 communis
1095 4120 1262 4174 animi
1296 4122 1683 4194 syllogismum.
1714 4127 1804 4196 qui
1832 4144 1953 4182 om-

366 4200 515 4256 nium
537 4205 941 4261 eonclusionum
964 4209 1326 4281 principatum
1344 4214 1574 4279 obtinet,
1595 4217 1719 4285 quia
1746 4197 1811 4273 ei
1848 4220 1952 4287 his,

366 4302 512 4359 qnae
534 4293 695 4349 simul
721 4312 843 4352 esse
872 4312 976 4353 non
1004 4312 1249 4370 possunt,
1280 4306 1605 4372 assumitur,
1643 4309 1834 4365 audire
1856 4312 1951 4367 de-

2061 1844 2147 1901 vel
2169 1859 2328 1914 equo.
2360 1843 2675 1900 Necminor
2696 1846 2749 1900 in
2780 1845 2862 1901 bis
2882 1845 3106 1916 singulis
3133 1847 3441 1917 speciebus,
3471 1862 3640 1917 quam

2060 1937 2220 1994 simul
2237 1938 2289 1992 in
2310 1937 2578 1992 omnibus.
2603 1936 2732 1992 item
2755 1952 2950 2008 corpus
2969 1938 3020 1993 in
3043 1946 3222 2008 partes
3243 1947 3422 2008 potest
3440 1939 3636 2005 secari,

2061 2036 2120 2083 ut
2143 2037 2315 2084 totum
2339 2043 2494 2083 suum
2520 2036 2727 2098 pereat.
2754 2028 2913 2083 Verbi
2945 2028 3115 2099 gratia
3139 2068 3154 2094 ,
3183 2029 3310 2083 dum
3334 2029 3563 2084 solvitur
3583 2030 3635 2085 in

2059 2118 2171 2187 ipsa
2219 2117 2510 2184 elementa,
2558 2132 2627 2173 ex
2678 2116 2875 2187 quibus
2923 2119 3240 2174 coeuntibus
3291 2119 3635 2189 superaddita

2058 2209 2232 2265 forma
2259 2210 2564 2274 conﬁcitur,
2596 2211 2766 2265 totum
2789 2210 2951 2280 perit.
2977 2209 3077 2266 Ubi
3102 2210 3245 2265 enim
3270 2220 3455 2279 partes
3476 2210 3638 2266 simul

2056 2317 2163 2358 non
2193 2310 2339 2368 sunt,
2376 2316 2550 2371 neque
2575 2301 2795 2372 propria
2841 2300 3014 2356 forma
3057 2301 3422 2368 continentur,
3464 2311 3635 2358 totum

2057 2395 2216 2451 simul
2256 2409 2375 2450 esse
2411 2410 2515 2449 non
2559 2401 2737 2465 potest
2764 2392 2814 2447 in
2844 2391 3020 2462 aliqua
3066 2407 3127 2447 re
3168 2402 3289 2448 actu
3327 2403 3383 2448 et
3431 2409 3639 2463 opere;

2054 2485 2300 2557 quamvis
2325 2485 2483 2541 simul
2502 2484 2786 2539 videantur
2803 2497 2922 2538 esse
2949 2491 3169 2538 naturas
3190 2498 3369 2538 rerum
3396 2485 3639 2540 conside-

2054 2580 2225 2636 rantis
2245 2576 2593 2649 cogitatione.
2619 2573 2726 2630 Sed
2757 2574 2899 2629 aliud
2930 2583 3034 2639 est,
3058 2574 3217 2629 simul
3241 2589 3362 2630 esse
3387 2575 3637 2630 rationa-

2053 2671 2146 2727 bili
2187 2678 2411 2725 naturae
2455 2667 2891 2724 consideratione
2950 2665 3017 2731 ⁸⁸,
3074 2680 3214 2735 quae
3257 2665 3436 2721 omnia
3475 2666 3641 2721 simul

2054 2778 2269 2833 semper
2294 2760 2569 2817 intellectu
2597 2758 2820 2828 colligit,
2849 2766 2904 2811 et
2935 2755 3364 2824 inseparabiliter
3390 2770 3642 2824 campre-

2057 2854 2244 2908 bendit
2304 2850 2711 2905 universitatem
2769 2846 2844 2912 ";
2904 2844 3078 2909 aliud,
3134 2844 3276 2914 quod
3322 2844 3642 2911 operatione

2055 2946 2285 3019 agentis,
2309 2953 2403 2999 aut
2429 2943 2681 3013 passione
2710 2938 2993 3011 patientis,
3023 2936 3306 2992 visibiliter
3335 2937 3388 2990 in
3421 2950 3645 3004 separa-

2058 3035 2201 3091 tione
2224 3049 2316 3089 seu
2349 3032 2665 3089 collectione
2694 3028 3026 3086 sensibilium
3064 3025 3298 3098 partium
3340 3027 3639 3100 peragitur.

2059 3125 2218 3181 Ratio
2255 3124 2520 3194 siquidem
2551 3122 2789 3179 omnium
2841 3133 3186 3175 numerorum
3235 3116 3281 3150 “
3328 3116 3386 3174 in
3434 3115 3644 3174 unitate

2059 3216 2379 3271 inconcussa
2410 3221 2512 3279 est,
2537 3227 2639 3267 nec
2664 3211 2845 3283 augeri
2876 3217 3071 3280 potest,
3098 3224 3197 3265 nec
3218 3208 3408 3264 minui.
3436 3207 3644 3276 Corpo-

2058 3308 2201 3365 rales
2226 3322 2356 3362 vero
2395 3304 2608 3361 numeri
2637 3318 2732 3359 seu
2767 3301 3095 3374 pltantastici
3130 3308 3184 3355 et
3210 3300 3396 3372 augeri
3430 3300 3482 3354 in
3511 3300 3641 3355 inti-

2059 3401 2228 3456 nitum
2259 3387 2504 3468 possunt,
2534 3408 2587 3455 et
2616 3399 2808 3463 minui,
2849 3398 2922 3453 ita
2951 3407 3005 3450 ut
3040 3396 3255 3466 penitus
3280 3409 3388 3450 non
3416 3394 3545 3450 sint.
3570 3394 3646 3449 At

2060 3505 2188 3545 vero
2217 3488 2391 3555 οῡσεα,
2425 3488 2675 3559 quamvis
2710 3488 2820 3543 sola
2851 3489 3059 3542 ratione
3082 3486 3135 3541 in
3170 3499 3364 3555 genera
3397 3500 3497 3540 sua
3526 3500 3643 3555 spe-

2058 3580 2277 3651 ciesque
2298 3589 2354 3635 et
2387 3593 2643 3634 numeros
2665 3579 2709 3611 ⁹¹
2734 3577 3035 3642 dividatur,
3068 3591 3163 3632 sua
3197 3583 3376 3630 tamen
3405 3574 3643 3630 naturali

2056 3673 2257 3727 virtute
2279 3672 2552 3727 individua
2580 3680 2882 3741 permanet,
2921 3685 2984 3725 ac
3017 3669 3162 3724 nullo
3189 3677 3311 3723 actu
3335 3683 3434 3723 seu
3453 3681 3647 3739 opera-

2057 3765 2202 3820 tione
2224 3764 2418 3819 visibili
2444 3773 2777 3833 segregatur.
2813 3761 2948 3817 Tota
2980 3761 3122 3815 enim
3148 3759 3306 3815 simul
3337 3769 3393 3815 et
3424 3773 3646 3830 semper

2057 3856 2111 3911 in
2136 3856 2249 3911 suis
2269 3855 2725 3911 subdivisionibus
2757 3852 3104 3908 aeternaliter
3137 3859 3192 3904 et
3222 3848 3643 3905 incommutabi-

2055 3945 2181 4002 liter
2211 3945 2479 4010 subsistit,
2509 3959 2805 4015 omnesque
2857 3941 3253 3999 subdivisiones
3279 3940 3362 3995 sui
3391 3938 3550 3996 simul
3573 3954 3641 3993 ae

2055 4053 2271 4108 semper
2315 4037 2367 4092 iu
2417 4037 2596 4107 seipsa
2631 4050 2796 4090 unum
2846 4032 3206 4103 inseparabile
3253 4042 3399 4087 sunt.
3459 4029 3641 4100 Atque

2057 4128 2200 4190 ideo,
2217 4126 2319 4182 etsi
2342 4124 2864 4198 corpus,quodnibil
2894 4123 3039 4178 aliud
3063 4124 3380 4193 est"quam
3403 4121 3641 4183 οὐσίας¹⁸

2055 4217 2414 4288 quantitas,et
2467 4226 2529 4271 ut
2577 4216 2761 4272 verius
2804 4216 3003 4283 dicam,
3046 4228 3152 4269 non
3200 4212 3499 4283 quantitas,
3543 4211 3640 4266 sed

2055 4319 2338 4380 quantum,
2367 4318 2488 4364 actu
2515 4319 2570 4365 et
2597 4310 2941 4381 operatione,
2973 4308 3056 4364 vel
3080 4316 3260 4363 certae
3283 4320 3415 4360 suae
3434 4303 3641 4374 fragili—

365 4378 593 4484 ⁵ίίξθτί³⁶ς
622 4386 1448 4457 πεῖρεΙιυὶυεηῖοάίῖονῐηυιεὶηι
1480 4411 1493 4447 1
1524 4393 1640 4449 Νοῖι
1673 4397 1790 4454 “et
1810 4402 1954 4458 οὐσία
1982 4423 2030 4484 υ
2059 4378 2185 4456 tatis
2230 4401 2501 4471 passione,
2545 4402 2597 4457 in
2636 4378 2883 4459 diversas
2927 4408 3236 4472 scgregetur
3268 4407 3471 4469 partes,
3520 4397 3638 4467 ipsa

366 4477 472 4531 est,
497 4478 553 4525 et
578 4473 934 4546 incorporalis
964 4494 1069 4534 non
1097 4488 1200 4535 est.
1232 4481 1323 4536 Est
1357 4492 1538 4538 autem
1565 4489 1738 4544 οὐσία.
1772 4490 1954 4547 lucor-

365 4562 565 4628 poralis
596 4566 776 4635 igitur.
803 4568 918 4624 Non
942 4572 1086 4627 enim
1109 4574 1268 4628 simul
1307 4592 1427 4632 esse
1460 4588 1669 4647 potest,
1705 4592 1762 4636 ut
1789 4594 1843 4640 et
1868 4588 1953 4641 οὐ·

361 4652 451 4707 σία
498 4653 589 4718 sit,
629 4665 684 4711 ει
733 4658 1046 4728 incorporea
1073 4679 1179 4718 non
1207 4666 1297 4719 sit.
1332 4667 1463 4722 ltetn
1500 4685 1516 4723 :
1546 4670 1662 4726 Non
1702 4672 1748 4705 “
1781 4684 1834 4729 et
1865 4680 1952 4732 οὐ·

361 4743 455 4794 eiz
482 4753 566 4798 εει
590 4744 656 4811 ιδ,
688 4756 744 4801 ει
769 4764 965 4818 corpus
996 4760 1099 4807 est.
1136 4754 1233 4810 Est
1269 4769 1449 4813 autem
1492 4762 1660 4817 οὐσία.
1708 4764 1824 4818 Νοη
1865 4775 1949 4822 εει

363 4831 531 4924 igitur
553 4850 769 4907 corpus.
793 4839 925 4895 item
945 4857 959 4894 :
976 4842 1093 4899 Non
1124 4846 1169 4879 “
1190 4856 1245 4903 et
1264 4852 1411 4906 οὐσία
1430 4860 1530 4914 εει,
1557 4863 1611 4906 ει
1639 4854 1948 4924 incorpora-

361 4922 428 4980 lis
451 4924 499 4959 “
518 4937 619 4982 est.
648 4929 743 4985 Est
770 4942 950 4988 autem
979 4939 1149 4993 οὐσία.
1185 4937 1540 5010 Incorporal'is
1569 4943 1742 5011 igitur.
1778 4922 1949 5000 niaxi-

357 5020 723 5094 mumitaque
765 5038 1142 5098 argumentum
1183 5039 1289 5095 est,
1331 5048 1397 5087 ex
1443 5048 1550 5104 quo
1589 5034 1944 5105 dignoscitur,

359 5107 507 5167 aliud
536 5128 657 5171 esse
686 5130 913 5190 corpus,
946 5120 1087 5176 aliud
1116 5125 1316 5178 οὺσιαν.
1342 5121 1475 5179 Nam
1496 5126 1641 5181 οὐσία
1667 5126 1720 5180 in
1747 5140 1944 5196 genera

2056 4508 2153 4564 per
2174 4508 2254 4558 se,
2287 4493 2339 4549 id
2370 4503 2455 4549 est
2481 4494 2654 4558 οὐσία.
2684 4494 2839 4564 cujus
2862 4500 2946 4549 est
2988 4498 3249 4561 quantum
3285 4502 3505 4558 corpus,
3532 4487 3637 4541 im-

2055 4584 2302 4643 mortalis
2346 4585 2837 4657 inseparabilisque
2878 4600 2975 4641 sua
3017 4584 3237 4654 propria
3293 4579 3641 4649 naturalique

2053 4680 2254 4734 virtute
2290 4679 2566 4748 perdurat.

2122 4770 2212 4825 50.
2266 4768 2390 4824 ldeo
2419 4779 2598 4822 autem
2642 4766 2841 4830 addidi,
2894 4766 3093 4820 rectius
3137 4778 3332 4833 corpus
3370 4771 3635 4832 quantum

2054 4860 2235 4916 vocari
2294 4874 2454 4928 quam
2512 4857 2805 4928 quantitas,
2864 4856 3116 4924 quoniam
3165 4854 3250 4906 illa
3310 4852 3638 4915 accidentia,

2054 4967 2191 5022 quae
2239 4949 2500 5005 naturalia
2530 4948 2804 5011 dicuntur,
2837 4947 2962 5002 dum
2996 4947 3048 5000 in
3080 4944 3270 5014 seipsis
3316 4942 3641 4997 naturaliter

2050 5040 2466 5111 perspiciuntur,
2526 5037 2878 5106 incorporalia
2935 5043 3060 5091 sunt
3116 5043 3171 5090 ct
3217 5033 3533 5096 invisibilia,
3582 5042 3641 5087 et

2053 5132 2195 5186 circa
2222 5131 2392 5199 ipsam
2421 5128 2622 5194 οὐσίαν,
2654 5141 2749 5183 seu
2784 5127 2838 5182 iu
2867 5126 2980 5196 ipsa
3012 5125 3124 5180 sola
3152 5124 3199 5157 ⁸⁵
3231 5124 3460 5180 rationis
3507 5138 3639 5178 con-

1691 5258 1942 5316 VARlAE
1978 5257 2377 5318 LECTIONES.

434 5361 527 5433 'AD
556 5364 967 5433 incorruptibile.
1044 5364 1068 5397 ⁸
1098 5365 1140 5419 D
1167 5381 1358 5433 corpus
1404 5383 1574 5423 omne.
1650 5370 1672 5403 ⁸
1696 5389 1970 5429 commune
2001 5391 2104 5431 non
2153 5392 2263 5431 om.
2296 5374 2450 5431 CDE.

2528 5375 2550 5406 ⁸
2580 5378 2739 5431 οὐσία
2775 5391 2883 5429 om.
2907 5375 3038 5431 CDE
3135 5375 3158 5407 ⁸
3193 5373 3236 5430 Α
3273 5391 3416 5443 ergo.
3497 5377 3519 5409 ⁸
3545 5375 3642 5434 Sic

546 5429 1021 5516 ipattil‘ttttl‘il-l‘usquf
1046 5450 1155 5516 oni.
1186 5429 1268 5490 Α(
1308 5437 1457 5516 {Sic
1478 5437 1646 5516 Cpﬁi
1671 5429 2099 5516 Apruemissam.
2158 5429 2247 5500 '14
2277 5429 2357 5499 in.
2398 5515 2403 5516 ί
2428 5444 2450 5476 ⁸
2482 5444 2573 5499 Sic
2596 5429 2761 5510 CDE;
2790 5446 2828 5501 Δ
2850 5429 3142 5516 propositio
3163 5429 3258 5516 est.
3288 5514 3303 5516 ᾼ
3331 5429 3379 5481 ῗδ
3408 5447 3531 5501 Am-
3557 5429 3641 5500 la:-

360 5502 627 5557 titttdinis.
706 5504 748 5536 "
780 5504 873 5559 AD
902 5502 1254 5559 altitudinem.

1335 5508 1378 5540 ”
1404 5507 1494 5563 Sic
1516 5510 1682 5577 CDE;
1710 5507 1756 5567 Ᾱ
1785 5531 1929 5568 num.

360 5585 467 5642 non
504 5572 812 5642 rorpofalis.

2009 5515 2054 5548 ιι
2085 5516 2114 5548 Δ
2150 5533 2270 5548 ...ηι-
2371 5515 2416 5547 ιι

902 5516 1254 5559 altitudinem.
1335 5516 1378 5540 "
1404 5516 1494 5563 Sic
1516 5516 1682 5577 UDE;
1710 5516 1756 5567 A
1785 5531 1929 5568 num.
2009 5516 2054 5548 ³⁸
2078 5516 2120 5569 Α
2150 5533 2293 5570 num.
2371 5516 2416 5547 ¹¹⁵
2444 5526 2518 5569 est
2557 5531 2664 5570 om.
2694 5517 2757 5571 D.
2837 5517 2883 5549 ⁸⁸
2919 5517 2958 5568 Α
2992 5533 3134 5570 num.
3214 5516 3259 5548 "
3281 5516 3370 5569 Sic
3393 5516 3561 5577 CMZ;
3593 5522 3637 5572 Α

894 5575 933 5606 ’⁷
965 5574 1057 5648 Sic
1079 5574 1241 5637 CDE:
1272 5575 1327 5648 Α
1354 5577 1606 5648 Itemque.
1686 5582 1730 5616 "
1767 5584 1806 5639 A
1841 5586 2253 5640 consideratione
2290 5595 2530 5640 naturae.
2611 5585 2652 5619 "
2689 5585 2784 5640 Sic
2821 5587 2984 5644 ιιῡΕς
3025 5588 3064 5641 Α
3097 5588 3150 5639 in
3205 5584 3637 5643 universitatem.

2837 5517 2883 5549 ⁸⁸
2919 5513 2961 5568 Α
2992 5533 3134 5570 num.
3214 5513 3259 5548 "
3281 5514 3370 5569 Sic
3393 5515 3561 5577 ειιες
3593 5522 3640 5572 Α

361 5638 405 5669 ⁸⁸
435 5638 478 5692 D
503 5632 833 5698 nutizei'orum
861 5647 1116 5701 euntium.
1192 5650 1233 5680 ³³
1265 5644 1354 5704 Sic
1378 5649 1470 5704 AD
1490 5632 1617 5715 ξεε
1645 5668 2002 5720 numerosque.
2084 5658 2129 5690 ”
2165 5656 2204 5710 Α
2235 5668 2307 5710 cst
2336 5655 2502 5710 aliud.
2580 5657 2626 5687 ’³
2654 5656 2693 5711 D
2721 5658 2880 5712 ustae.
2961 5632 3000 5689 "t
3042 5655 3129 5710 Sic
3170 5655 3332 5723 Cbli;
3366 5657 3405 5709 Α
3433 5660 3561 5712 solo.
