3904 6148
247 316 326 377 ω
1126 319 1214 378 DE
1255 318 1592 401 DlVlSlONI
1629 321 1979 387 NATURAE.
2020 353 2090 369 —-
2123 321 2324 379 LIBER
2359 319 2634 378 PRIMUS.

3366 322 3482 379 194

244 429 352 484 tuitu
386 427 822 495 considerantur,
847 439 904 485 et
932 430 1095 486 veluti
1124 432 1387 502 quaedam
1427 450 1625 491 causae
1665 451 1792 491 suo-
1824 449 1864 500 Α
1895 449 2111 506 corpus,
2142 433 2284 489 aliud
2325 437 2517 496 οὐσίαν.
2559 434 2814 505 quoniam
2845 447 3044 503 corpus
3071 433 3361 504 aliquando
3384 426 3480 492 ea»

242 530 334 572 rum
352 513 640 571 eﬁ‘eetuum
667 523 814 582 sunt,
840 525 899 571 ut
923 526 1006 573 est
1035 518 1148 589 ipsa
1174 522 1446 590 quantitas
1475 534 1531 578 et
1558 523 1793 592 qualitas

239 624 370 665 causa
397 610 583 679 quanti
611 617 661 663 et
692 608 887 677 qualis,
925 618 1215 681 ceteraque
1248 613 1603 669 accidentium
1630 629 1795 685 gene-

238 713 294 759 ra.
324 698 395 753 de
422 697 617 767 quibus
650 698 801 760 satis,
835 708 892 751 ut
931 700 1184 763 arbitror,
1229 702 1498 768 diximus,
1536 703 1792 773 quoniam

238 788 508 843 invisibiles
533 796 673 851 sunt,
698 804 827 843 suos
844 789 1093 844 visibiles
1120 789 1343 846 effectus
1372 794 1614 862 gignunt.
1663 792 1796 848 Cor-

234 891 310 944 pus
345 876 509 943 igitur
557 891 660 930 non
699 885 783 931 est
818 879 1004 940 οὐσίας
1046 882 1338 948 quantitas,
1376 883 1470 937 sed
1497 891 1791 951 quantum;

234 966 349 1021 sicut
376 965 526 1019 color
552 964 798 1027 visibilis,
839 968 928 1036 qui
965 969 1107 1023 circa
1148 983 1344 1039 corpus
1389 972 1639 1035 sentitur,
1688 988 1794 1028 non

232 1063 294 1108 est
316 1056 495 1116 οὐσίας
519 1057 774 1124 qualitas,
800 1058 891 1111 sed
916 1057 1074 1128 quale
1098 1059 1149 1113 in
1175 1070 1377 1128 quanto
1404 1063 1754 1117 constitutum
1775 1103 1791 1130 ,

230 1144 572 1214 ceteraque-id
592 1160 782 1215 genus.
820 1145 1028 1200 Placuit
1048 1148 1213 1203 etiam
1244 1150 1261 1181 ⁸
1318 1152 1638 1206 sententiam
1669 1167 1797 1206 sano

229 1234 281 1288 eti
304 1235 475 1303 patris
496 1236 777 1305 Augustini
805 1251 870 1291 ex
894 1237 1051 1301 libro.
1089 1255 1249 1309 quem
1273 1241 1339 1296 de
1360 1243 1646 1314 categoriis
1674 1244 1800 1298 Ari-

228 1322 414 1377 stotelis
442 1322 674 1392 scripsit,
708 1326 906 1380 nostris
931 1326 1430 1398 disceptatiunculis
1463 1332 1722 1387 inserere.

277 1412 364 1468 δι,
406 1412 678 1482 Descripta
702 1416 886 1484 igitur,
917 1417 1110 1487 inquit,
1148 1421 1316 1486 οὐσία,
1359 1423 1612 1492 quoniam
1657 1423 1792 1493 deﬁ-

226 1510 311 1563 niri
351 1526 456 1563 non
497 1510 666 1579 potuit
703 1521 914 1581 propter
954 1529 1043 1568 eas
1088 1531 1276 1571 causas
1307 1556 1322 1582 ,
1378 1533 1509 1588 quas
1554 1518 1794 1587 superius

225 1599 509 1661 memoravi,
537 1599 889 1654 accidentium
920 1602 1279 1672 definitionem
1314 1609 1638 1662 necessarius
1662 1608 1793 1663 ordo

224 1688 461 1756 poscebat.
521 1687 756 1755 Quorum
801 1691 1029 1759 primum
1069 1704 1145 1748 est
1190 1706 1464 1765 quantum.
1524 1696 1637 1753 Nec
1677 1699 1792 1754 sine

1899 535 1978 580 ret
2021 529 2187 589 οὐσία,
2230 525 2519 597 aliquando
2556 524 2812 580 adhaeret
2839 527 3038 591 ousiae,
3069 536 3129 581 ut
3154 540 3341 581 verum
3387 528 3480 594 sit,

1896 617 2023 699 sine
2037 630 2142 685 qua
2177 628 2362 670 verum
2394 614 2510 670 ﬁeri
2542 614 2647 669 non
2682 621 2881 684 potest,
2913 615 3007 669 sed
3036 616 3265 685 quadam
3293 615 3483 685 imagi-

1896 709 2116 762 natione
2146 707 2468 776 ﬁguratum;
2503 708 2656 761 οὐσία
2681 720 2810 760 vero
2850 705 2995 760 nullo
3036 706 3195 760 modo
3238 708 3485 775 corporis

1897 798 2122 868 indiget,
2175 806 2233 851 ut
2279 797 2387 860 sit,
2439 797 2693 865 quoniam
2744 810 2841 865 per
2883 812 2942 850 se
2990 796 3160 866 ipsam
3209 798 3476 852 subsistit.

1898 890 2044 945 Satis
2067 889 2135 945 de
2154 890 2239 944 his
2266 889 2467 944 dictum
2486 904 2606 944 esse
2626 903 2768 943 reor.
2803 889 2862 942 D.
2891 887 3035 943 Satis
3057 887 3211 956 plane
3239 906 3252 940 :
3279 889 3371 944 sed
3398 904 3483 941 re-

1898 994 2026 1049 stat,
2042 984 2199 1040 sicuti
2213 985 2392 1045 video.
2416 993 2476 1038 ut
2497 984 2563 1038 de
2586 984 2696 1052 ipsa
2720 984 2940 1039 materia
2968 982 3268 1053 formaque,
3286 982 3483 1054 quibus

1897 1092 1981 1131 ma
1991 1075 2195 1130 teriaiia
2210 1075 2457 1144 componi
2484 1075 2701 1137 asscris,
2716 1088 2885 1143 pauca
2902 1074 3186 1129 edisseras.
3206 1071 3320 1128 Non
3337 1075 3481 1127 enim

1895 1168 2345 1239 praetereundum
2371 1175 2472 1230 est,
2501 1173 2561 1220 ut
2589 1165 2857 1230 arbitror;
2890 1164 3153 1234 siquidem
3204 1179 3307 1217 non
3349 1164 3480 1218 mihi

1896 1258 2030 1313 satis
2054 1258 2247 1319 elucet.
2272 1256 2666 1312 utrum'eadem
2689 1254 2859 1309 forma
2882 1263 2965 1308 est
2989 1262 3044 1308 et
3066 1252 3205 1323 quae
3231 1255 3411 1324 generi
3437 1254 3480 1288 ⁸³

1896 1349 2162 1411 subditur,
2189 1357 2243 1403 et
2270 1362 2408 1416 quae
2438 1345 2718 1410 materiae,
2748 1353 2806 1399 ut
2829 1359 3024 1414 corpus
3051 1344 3143 1407 sit,
3172 1342 3476 1412 copulatur.

1967 1440 2057 1495 53.
2107 1439 2178 1495 Μ.
2214 1437 2531 1495 Formarum
2574 1438 2711 1492 aliae
2742 1437 2795 1491 in
2825 1438 2992 1500 οὐσία,
3029 1435 3165 1489 aliae
3213 1435 3265 1489 in
3308 1433 3482 1504 quali-

1896 1540 2005 1586 tate
2033 1530 2432 1600 intelliguntur;
2471 1530 2564 1584 sed
2589 1543 2728 1598 quae
2767 1530 2821 1582 in
2852 1529 3005 1583 οὐσία
3038 1535 3185 1589 sunt,
3230 1526 3479 1581 substan~

1898 1620 2054 1676 tiales
2104 1621 2314 1689 species
2365 1621 2578 1691 generis
2625 1627 2768 1674 sunt.
2828 1617 2963 1672 Nam
3024 1616 3090 1670 de
3135 1617 3266 1687 ipsis
3309 1631 3477 1688 genus

1897 1713 2261 1783 praedicatur,
2283 1712 2412 1782 quia
2437 1710 2491 1766 in
2528 1712 2657 1781 ipsis
2680 1710 2945 1766 subsistit.
2997 1707 3178 1764 Gemis
3222 1724 3474 1779 namque,

223 1791 384 1831 causa.
444 1774 586 1875 Nam
617 1781 963 1875 cum-aliquid
990 1784 1308 1875 uiderimus.
1347 1787 1404 1840 id
1452 1804 1654 1843 necesse
1691 1798 1787 1854 est.
1825 1793 1866 1853 Β
1895 1774 1955 1859 ut
1975 1774 2400 1875 saepediximus,
2434 1774 2604 1857 totum
2633 1803 2686 1855 in
2717 1799 2942 1870 singulis
2964 1800 3076 1854 suis
3095 1798 3345 1854 “formis
3366 1774 3473 1863 est,

222 1877 455 1935 quantum
496 1866 588 1931 sit,
626 1871 925 1925 aestimare.
974 1871 1240 1938 Quantum
1279 1893 1395 1931 vero
1434 1878 1525 1942 sit,
1572 1880 1791 1934 inveniri

222 1970 313 2009 non
337 1967 522 2025 potest,
565 1957 668 2012 nisi
711 1959 873 2027 fuerit
915 1962 1153 2027 adhibita
1198 1981 1445 2020 mensura
1493 1966 1784 2024 collectum.

221 2044 273 2102 Si
300 2064 415 2118 ergo
445 2049 638 2103 omissa
668 2049 946 2107 latitudine
969 2052 1138 2109 solam
1159 2056 1276 2126 quis
1302 2056 1678 2128 longitudinem
1700 2075 1791 2114 vo-

220 2136 359 2190 luerit
395 2140 596 2193 emoliri
630 2142 673 2206 ‘,
727 2142 996 2213 longitudo
1039 2145 1153 2200 sine
1194 2147 1470 2203 latitudine
1515 2167 1790 2207 mensurae

219 2231 432 2300 subjecta
452 2237 668 2308 γραμμή
688 2233 916 2300 dicitur;
934 2252 1037 2290 non
1056 2239 1193 2308 quod
1211 2240 1280 2293 sit
1302 2240 1571 2311 longitudo
1585 2241 1787 2313 aliqua,

218 2338 339 2392 quae
364 2336 535 2378 careat
564 2324 866 2391 latitudine,
897 2331 986 2382 sed
1023 2330 1162 2400 quod
1203 2332 1368 2385 solam
1413 2335 1528 2403 quis
1575 2335 1789 2390 metiens

218 2412 581 2483 longitudinem
626 2424 835 2491 τεαμμή
864 2417 885 2450 ³
914 2420 1087 2474 metiri
1138 2422 1350 2476 dicitur.
1414 2422 1636 2478 Emenso
1666 2440 1787 2478 vero

218 2520 327 2559 cum
382 2506 712 2577 longitudine
764 2511 991 2568 latitudo
1050 2514 1245 2569 dicitur
1294 2516 1554 2590 ἐπιφάνεια
1599 2516 1639 2571 ’⁵.
1688 2517 1788 2575 Sin

218 2608 375 2653 autem
421 2610 466 2654 et
515 2601 740 2657 altitudo
783 2604 943 2673 fuerit
986 2623 1260 2663 mensurae
1306 2611 1504 2665 sociata
1532 2651 1548 2677 ,
1600 2628 1788 2682 corpus

217 2703 390 2747 cuncta
431 2695 728 2764 perﬁciunt.
775 2697 927 2764 Quod
966 2710 1139 2755 tamen
1183 2718 1285 2757 non
1317 2703 1393 2757 ita
1430 2705 1713 2774 accipimus
1744 2705 1785 2771 ',

217 2788 637 2855 quemadmodum
658 2788 883 2845 solemus
902 2793 1134 2863 accipere
1156 2795 1415 2861 naturale,
1441 2813 1504 2850 ne
1523 2797 1592 2851 ad
1613 2799 1788 2853 οὐσίαν

221 2877 384 2929 ret-eui
409 2879 698 2934 rideamur.
736 2879 849 2936 Hoc
876 2882 997 2938 ideo
1026 2884 1227 2939 dictum
1254 2894 1357 2951 est,
1389 2896 1448 2942 ut
1478 2889 1576 2943 has
1603 2888 1791 2957 singu-

222 2968 293 3026 las
318 2972 522 3043 regulas
561 2975 612 3030 in
650 2978 993 3045 geometricis
1034 2981 1351 3050 corporibus
1394 2983 1629 3038 sciamus
1666 2999 1787 3039 esse

222 3063 544 3129 consitutas,
581 3066 631 3119 in
675 3067 870 3136 quibus
900 3069 1033 3125 haec
1074 3071 1175 3125 tria
1219 3072 1508 3142 separatim
1553 3073 1784 3128 discreta

222 3165 330 3208 esse
349 3167 588 3224 possunt.
636 3158 693 3213 lu
722 3161 1054 3217 naturalibus
1086 3173 1265 3218 autem
1316 3165 1743 3236 inseparabiliter
1765 3168 1787 3199 ⁸
1816 3155 1857 3215 C

226 3246 529 3317 mhaerent,
576 3253 631 3306 in
675 3255 870 3323 quibus
917 3256 1031 3311 solo
1079 3259 1349 3313 intellectu
1393 3260 1667 3329 quantitas
1720 3260 1789 3315 ab

229 3340 357 3396 οὐσία
396 3354 691 3411 separatur.
750 3344 881 3400 Nam
924 3363 1045 3402 cum
1084 3350 1299 3404 videtur
1333 3352 1455 3419 quis
1484 3352 1548 3405 de
1576 3351 1792 3420 quanti-

232 3436 324 3484 tate
346 3432 632 3503 disputare,
664 3446 918 3508 tanquam
950 3440 1015 3495 de
1049 3444 1198 3498 αὐσὶα
1227 3442 1354 3511 Quid
1383 3443 1605 3507 diceret,
1634 3453 1789 3513 puta-

233 3528 307 3573 tur
326 3524 668 3582 confundere.
713 3526 948 3584 Videsne
989 3530 1116 3601 quid
1163 3547 1406 3587 summae
1452 3534 1788 3589 auctoritatis

231 3615 459 3681 magster
506 3616 728 3670 edirat?
772 3617 905 3673 Cum
947 3619 1175 3685 videtur,
1224 3622 1417 3691 inquit,
1473 3623 1595 3692 quis
1643 3624 1663 3656 "
1722 3625 1788 3679 de

233 3707 521 3772 quantitate,
554 3709 656 3763 hoc
681 3719 786 3771 est,
820 3711 886 3765 de
920 3712 1129 3781 spatiis,
1155 3714 1349 3782 quibus
1382 3730 1578 3784 corpus
1617 3717 1787 3770 conﬁ-

233 3794 369 3859 citur,
396 3798 691 3868 disputare,
724 3802 790 3856 ab
815 3803 921 3867 bis,
957 3804 1051 3873 qui
1076 3804 1205 3858 nihil
1246 3805 1387 3860 aliud
1421 3822 1541 3861 esse
1572 3810 1743 3863 οὐσίαν
1766 3810 1789 3840 ⁸

234 3885 492 3942 aestimant
541 3890 644 3943 nisi
706 3907 903 3962 corpus
953 3898 1094 3962 quod
1140 3898 1342 3962 vident,
1377 3901 1442 3953 de
1483 3900 1596 3967 ipsa
1643 3904 1790 3956 οὐσία

233 3983 427 4040 putatur
452 3977 583 4047 quid
611 3977 632 4011 ’
657 3978 858 4037 dicere.
901 3982 955 4038 Si
1004 3985 1167 4054 igitur
1188 3989 1512 4056 geometrica
1538 4004 1786 4060 corpora,

232 4076 351 4130 quae
377 4067 482 4121 sola
523 4068 569 4102 ι’
613 4071 775 4126 animi
801 4075 1040 4128 contuitu
1079 4077 1505 4148 contemplamur
1540 4080 1605 4144 “,
1638 4081 1791 4136 solis-

232 4173 322 4225 que
347 4167 631 4219 memoriae
665 4166 1135 4235 imaginationibus
1177 4170 1376 4242 ﬁngere
1416 4187 1789 4243 procuramus,

232 4249 278 4303 in
308 4253 471 4323 aliqua
512 4259 669 4312 οὐσία
702 4260 1020 4325 subsistunt,
1067 4261 1309 4331 profecto
1354 4265 1616 4319 naturalia
1646 4274 1790 4332 sunt,

230 4341 455 4413 nullaque
480 4347 623 4401 inter
648 4352 969 4418 geometrica
999 4363 1055 4409 et
1087 4356 1349 4410 naturalia
1378 4370 1602 4426 corpora
1632 4355 1789 4414 diﬁ‘e-

230 4436 378 4489 rentia
402 4447 500 4493 est.
553 4439 709 4495 Nunc
750 4456 897 4508 vero,
930 4447 1181 4516 quoniam
1205 4449 1528 4519 geometrica
1556 4464 1784 4519 corpora

231 4522 330 4577 solo
370 4528 546 4584 animo
593 4532 1038 4601 consideramus,
1087 4537 1140 4591 in
1187 4537 1435 4607 nullaque
1481 4543 1625 4595 οὐσία
1659 4540 1787 4594 sub-

233 4613 422 4682 sistunt,
454 4630 617 4692 atque
642 4623 762 4679 ideo
793 4625 1130 4693 phantastica
1163 4626 1286 4695 jure
1319 4638 1598 4693 mearitur,
1634 4637 1791 4683 natu-

234 4701 345 4801 ralia
370 4721 490 4763 vero
511 4726 736 4780 corpora
760 4725 1039 4785 propterea
1061 4716 1327 4771 naturalia
1358 4727 1504 4785 sunt,
1533 4718 1785 4788 quoniam

234 4800 280 4846 ia
304 4800 625 4857 naturalibus
651 4803 764 4859 suis
791 4806 969 4868 ousiis,
1002 4807 1053 4862 id
1075 4817 1155 4863 est
1175 4808 1444 4872 essentiis.
1466 4809 1784 4873 subsistunt,

233 4888 278 4934 et
302 4885 407 4941 sine
433 4891 629 4959 quibus
653 4906 773 4949 esse
800 4910 906 4948 non
938 4907 1190 4965 possunt,
1220 4899 1447 4968 ideoque
1474 4913 1598 4953 vera
1626 4906 1783 4962 sunt;

230 4968 442 5045 alioquin
474 4995 581 5034 non
621 4981 674 5035 in
714 4983 875 5038 rebus
905 4985 1257 5049 naturalibus.
1291 4989 1384 5042 sed
1420 4987 1542 5042 sola.
1578 4988 1786 5041 ratione

231 5063 572 5132 cogitarentur
613 5088 626 5125 :
667 5071 909 5141 proiecto
960 5074 1120 5129 datur
1158 5075 1416 5146 intelligi,
1465 5076 1611 5133 aliud
1664 5091 1787 5132 esse

1892 1894 2343 1966 quemadmodum
2374 1902 2430 1949 et
2459 1891 2937 1965 singulaeiormae
2968 1906 3132 1946 unum
3178 1891 3363 1944 in~suo
3381 1905 3473 1961 ge-

1892 1998 2022 2040 nere
2042 1991 2184 2039 sunt.
2233 1982 2301 2038 Et
2320 1984 2454 2037 haec
2471 1982 2675 2046 omnia,
2698 1981 2750 2036 id
2772 1989 2869 2042 est,
2902 1993 3097 2051 genera
3119 1988 3173 2033 et
3196 1978 3400 2062 formae
3429 1978 3477 2012 “

1889 2095 1958 2137 ex
2005 2094 2111 2135 uno
2159 2076 2307 2132 foute
2348 2077 2528 2131 ousiae
2585 2083 2826 2140 manant,
2868 2074 3031 2143 inque
3069 2088 3189 2128 eam
3243 2075 3474 2128 naturali

1890 2166 2094 2223 ambitu
2121 2166 2369 2221 redeunt.
2423 2163 2654 2220 Formae
2678 2178 2829 2228 vero,
2857 2177 2995 2234 quae
3034 2161 3278 2232 qualitati
3322 2165 3480 2216 attri-

1888 2262 2150 2325 buuntur,
2178 2259 2229 2313 in
2266 2255 2604 2314 naturalibus
2645 2255 2959 2327 corporibus
2996 2254 3210 2325 proprie
3249 2252 3472 2314 formae.

1890 2352 1944 2407 in
1976 2349 2316 2424 geometricis
2345 2358 2523 2404 autem
2551 2348 2754 2419 ﬁgurae
2787 2353 3064 2401 vocantur.
3115 2343 3286 2401 Omne
3329 2345 3472 2399 enim

1890 2443 2272 2515 geometricum
2303 2455 2501 2512 corpus
2525 2438 2712 2510 spatiis
2737 2436 3075 2493 solummodo
3094 2442 3258 2505 atque
3277 2434 3473 2506 ﬁgura,

1890 2536 2034 2592 nulla
2083 2548 2214 2589 vero
2260 2532 2559 2588 substantia
2608 2530 2934 2586 continetur.
2992 2526 3163 2584 Omne
3209 2526 3475 2596 siquidem

1888 2626 2285 2699 phantasticum
2313 2636 2509 2694 corpus
2549 2621 2594 2655 "
2632 2618 3023 2676 universalibns
3067 2618 3240 2674 tribus
3286 2617 3477 2686 spatiis

1889 2718 2186 2790 perﬁcitur,
2226 2715 2555 2787 longitudine
2580 2712 2848 2777 videlicet,
2886 2710 3185 2773 latitudine,
3236 2708 3478 2763 altitudi-

1890 2826 2082 2881 neque.
2119 2810 2232 2864 Non
2264 2818 2444 2863 autem
2483 2806 2858 2862 universaliter
2881 2805 3060 2860 omnia
3091 2818 3316 2874 corpora
3347 2817 3475 2874 geo-

1891 2901 2112 2955 metrica
2145 2916 2248 2954 una
2292 2900 2460 2970 ﬁgura
2490 2896 3027 2952 circumscribuntur.
3088 2895 3285 2949 Eorum
3322 2909 3474 2948 nam-

1890 3009 1994 3063 que
2019 2993 2121 3047 alia
2149 3008 2214 3047 ex
2252 2989 2515 3059 triangula
2546 2998 2774 3059 surgunt
2805 2988 2996 3057 ﬁgura,
3045 2986 3148 3040 alia
3197 3001 3262 3040 ex
3307 2994 3474 3039 tetra-

1890 3075 2046 3157 gbna,
2104 3084 2205 3138 alia
2250 3100 2313 3138 ex
2372 3089 2693 3155 pentagona,
2753 3079 3054 3147 ceterisque
3101 3079 3154 3131 in
3208 3076 3473 3131 inﬁnitum

1888 3173 2198 3244 polygonis,
2225 3172 2329 3225 alia
2368 3185 2433 3225 ex
2463 3169 2711 3224 circulari
2740 3177 2993 3223 crescunt
3022 3163 3326 3235 superﬁcie.
3379 3164 3476 3217 Διι-

1892 3281 1996 3337 que
2030 3265 2171 3330 ideo,
2200 3264 2253 3318 in
2281 3272 2541 3332 quantum
2573 3275 2826 3315 numerus
2854 3260 3114 3313 linearum
3140 3271 3207 3312 ex
3240 3256 3474 3311 ternario

1891 3357 2156 3412 iuchoans
2176 3353 2545 3426 progreditur,
2576 3352 2628 3405 iu
2663 3360 2868 3404 tantum
2895 3361 2947 3404 et
2973 3349 3260 3419 ﬁgurarum
3303 3356 3357 3399 et
3386 3360 3475 3399 su-

1889 3445 2228 3516 perﬁcierum
2254 3440 2526 3511 multiplex
2557 3441 2691 3494 ordo
2719 3439 2975 3493 variatur.
3006 3435 3478 3502 Numerusitaquo

1889 3535 2183 3604 spatiorum
2228 3540 2284 3588 et
2331 3531 2593 3585 linearum
2653 3530 2705 3583 in
2766 3526 3109 3598 geometricis
3159 3521 3477 3592 corporibus

1889 3625 2174 3696 quantitati
2217 3625 2524 3693 deputatur.
2576 3622 2828 3676 Laterum
2879 3635 3005 3673 vero
3050 3616 3475 3688 angulorumque

1888 3717 2023 3772 ordo
2064 3711 2222 3785 atque
2277 3716 2491 3784 positio,
2545 3712 3060 3783 superﬁcierumque
3111 3708 3476 3773 habitudines,

1890 3807 2165 3878 qualitatis
2190 3807 2467 3877 proprium
2494 3817 2594 3867 est,
2630 3815 2685 3859 et
2708 3804 2905 3858 dicitur
2932 3802 3098 3857 forma
3123 3799 3474 3871 geometrica,

1889 3913 1983 3953 seu
2012 3898 2226 3967 protirie
2248 3892 2422 3965 ﬁgura
2456 3895 2516 3947 “.
2562 3895 2696 3948 Dum
2725 3908 2852 3948 vero
2890 3892 2941 3945 in
2978 3890 3313 3944 naturalibus
3357 3901 3475 3942 cor-

1890 3982 2109 4053 poribus
2140 3994 2411 4034 numerus
2430 3978 2817 4039 membrorum,
2845 3983 3006 4043 atque
3039 3971 3332 4033 distinctio,
3360 3969 3477 4024 sive

1891 4071 2229 4127 naturalibus
2258 4069 3070 4137 discretionibussegregentur,
3109 4062 3223 4116 sive
3255 4068 3471 4113 natura-

1892 4164 2017 4218 liter
2040 4162 2141 4218 sibi
2172 4161 2401 4215 invicem
2444 4157 2726 4228 conjuncta
2759 4157 2887 4218 siut,
2924 4152 3265 4225 perspicitur,
3304 4163 3475 4219 qum-

1894 4256 2065 4311 titatis
2088 4253 2360 4324 proprium
2393 4266 2517 4307 esse
2543 4263 2701 4305 nemo
2724 4247 2953 4317 denegat
2972 4246 3011 4277 ¹⁷
3032 4285 3046 4308 ,
3078 4243 3322 4297 ordinem
3344 4254 3474 4295 rem

1895 4359 2056 4418 atque
2082 4346 2403 4417 positionem
2433 4341 2756 4397 naturalium
2784 4338 3016 4408 partium
3047 4351 3141 4390 seu
3196 4334 3470 4388 membro-

1897 4455 2018 4495 rum
2044 4441 2110 4493 ad
2139 4437 2452 4509 qualitatem
2482 4433 2721 4499 referrri,
2753 4430 3092 4499 formamque
3127 4427 3345 4498 proprie
3372 4440 3467 4479 vo-

1818 4507 1865 4565 ί)
1889 4532 2021 4586 cari.
2041 4530 2278 4585 Dicimus
2293 4528 2436 4582 enim
2472 4526 2521 4559 η
2543 4525 2769 4579 formam
2794 4522 3027 4578 hominis
3050 4535 3261 4574 sursum
3288 4532 3473 4573 versus

1891 4631 2151 4685 erectam,
2183 4606 2487 4676 ceterorum
2508 4634 2641 4672 vero
2661 4614 3248 4670 animaliutn‘deorsum
3281 4625 3470 4665 versus

1888 4728 2135 4783 pronam.
2208 4710 2359 4768 Unde
2436 4708 2708 4765 deformes
2759 4708 3031 4770 dicuntur;
3087 4706 3177 4775 qui
3231 4718 3468 4774 congrua

1888 4806 2253 4861 membrorum
2276 4803 2561 4860 harmonia
2587 4813 2795 4866 carent,
2822 4816 2915 4856 seu
2944 4799 3143 4854 coloris
3173 4796 3440 4868 pulchr-itu
3459 4824 3471 4835 -

1888 4899 2014 4954 dine
2056 4899 2357 4967 privamur,
2409 4912 2549 4966 quae
2602 4910 2666 4949 ex
2696 4894 2954 4964 qualitate
2985 4893 3160 4962 ignea,
3211 4903 3348 4959 quae
3386 4895 3469 4940 est

1886 4989 2036 5045 calor
2063 4990 2104 5023 ¹⁹
2144 5028 2160 5053 ,
2214 4988 2529 5057 corporibus
2576 4985 2894 5040 innascitur.
2932 4982 3066 5037 Nam
3100 4980 3248 5036 color
3272 4976 3469 5033 dicitur
3526 5021 3532 5027 .

1888 5082 2039 5148 quasi
2071 5077 2219 5134 calor
2242 5077 2544 5133 mutatione
2572 5076 2731 5131 unius
2756 5073 2991 5131 litterae.
3017 5073 3082 5128 Et
3109 5072 3281 5127 forma
3310 5082 3469 5123 voca-

1477 5269 1727 5327 VARIAE
1764 5268 2171 5328 LECTIONES:

390 5428 427 5479 Α
485 5432 642 5483 enim.

236 5490 259 5559 Υ
308 5490 344 5546 D
393 5501 719 5569 accipiemus.

237 5576 337 5615 esse
368 5636 391 5641 _
467 5570 557 5641 Sic
592 5571 756 5630 (IDE:
790 5576 828 5625 Α
858 5570 1085 5641 quidem.

747 5435 767 5462 '
818 5431 909 5486 Sic
968 5434 1129 5493 ADE;
1178 5433 1219 5488 C
1276 5434 1467 5486 metiri.
1546 5432 1565 5463 ⁸
1614 5430 1707 5486 Sic
1758 5432 1788 5485 ί

806 5503 827 5534 0
883 5504 1228 5534 ,Μηνηιιᾶιὲοα-
1322 5504 1342 5534 τ
1395 5504 1486 5534 ες..
1548 5501 1704 5534 App.
1765 5500 1788 5534 Ι“

1922 5449 1938 5495 ;
2004 5432 2042 5487 Α
2111 5446 2363 5500 gramine.
2471 5430 2491 5459 ⁸
2552 5430 2649 5483 CD‘

1893 5518 1975 5534 eam
2030 5502 2233 5534 ιιέΑοηη-
2289 5501 2402 5534 ηυδε
2505 5498 2649 5534 inn-ni

880 5504 1248 5571 seperabiliter.
1322 5504 1342 5535 ⁷
1395 5504 1486 5557 Sic
1540 5501 1706 5565 ACE;
1762 5500 1788 5555 [

880 5575 1085 5637 μιηιεηι.
1168 5574 1211 5605 ¹⁹
1240 5572 1329 5627 Sic
1354 5572 1519 5635 CDE;
1553 5575 1595 5626 Α
1625 5572 1756 5626 solo.

1893 5518 1977 5554 um
2030 5502 2233 5555 videtur
2288 5501 2448 5569 quis,
2505 5500 2690 5566 inquit.
2767 5500 2789 5531 ⁸
2846 5500 2935 5552 Sic
2968 5500 3136 5557 CDE:
3202 5500 3244 5550 A
3284 5500 3464 5553 ουσίαν

1904 5571 1946 5624 D
1972 5568 2409 5640 contemplaretur.
2489 5569 2537 5640 “7
2563 5568 2653 5640 Sic
2688 5568 2809 5640 AE;
2852 5566 3208 5640 (ingenuis:
3268 5569 3311 5599 ⁸³
3355 5570 3464 5621 suis

2471 5429 2491 5459 ⁵
2552 5428 2686 5483 CDE
2757 5432 3025 5498 inmania.
3162 5426 3462 5498 epiplmm'd.

2767 5496 2797 5531 ⁸
2846 5499 2935 5552 Sic
2968 5496 3136 5557 CDE:
3202 5496 3244 5550 A
3284 5499 3467 5553 ουσίαν

237 5636 450 5710 ﬁll-“0.,
498 5640 540 5670 "
573 5625 822 5695 unumL—
849 5625 1181 5710 (promerem.
1213 5625 1283 5708 E7;
1313 5625 1571 5709 vii—formo.
1634 5625 1697 5673 7"
1733 5640 1773 5693 D
1796 5625 1987 5710 Scorpus
2017 5625 2261 5710 phant'asl
2287 5655 2421 5694 cum.
2500 5639 2543 5672 ¹⁶
2575 5638 2664 5692 Sic
2691 5625 2810 5692 Αηέ
2860 5636 2900 5692 C
2922 5625 3137 5707 ﬁgurae,
3176 5639 3214 5692 Ε
3253 5640 3473 5710 ῥητίνη..

241 5692 276 5724 ’³
315 5702 394 5758 δερ
433 5708 590 5771 con;
612 5692 671 5765 Ᾰ
686 5692 975 5781 Ἀειιράὲε’.’”
990 5692 1046 5743 ἵ·
1078 5692 1361 5768 entia—dun.
1379 5692 1460 5766 'bl.

1563 5718 1584 5747 ⁸
1620 5712 1709 5766 Sic
1747 5710 1820 5775 A;
1860 5712 1987 5764 (10F.
2013 5714 2174 5765 color.
