  <div class='ocr_page' id='page_1' title='image "/cluster/home/n/w/nwhite01/storage/ocr_20150623/122/hvd.32044054759840/285.png"; bbox 0 0 3904 6148; ppageno 0'>
   <div class='ocr_carea' id='block_1_1' title="bbox 382 318 488 375">
    <p class='ocr_par' dir='ltr' id='par_1_1' title="bbox 382 318 488 375">
     <span class='ocr_line' id='line_1_1' title="bbox 382 318 488 375; baseline 0 0"><span class='ocrx_word' id='word_1_1' title='bbox 382 318 488 375; x_wconf 67' lang='grc'><strong>4215</strong></span> 
     </span>
    </p>
   </div>
   <div class='ocr_carea' id='block_1_2' title="bbox 1674 310 2291 379">
    <p class='ocr_par' dir='ltr' id='par_1_2' title="bbox 1674 310 2291 379">
     <span class='ocr_line' id='line_1_2' title="bbox 1674 310 2291 379; baseline 0.006 -4"><span class='ocrx_word' id='word_1_2' title='bbox 1674 310 1675 313; x_wconf 35' lang='grc'><em>“</em></span> <span class='ocrx_word' id='word_1_3' title='bbox 1771 317 2054 377; x_wconf 69' lang='grc' dir='ltr'><strong>ιθΑΝΝιε</strong></span> <span class='ocrx_word' id='word_1_4' title='bbox 2092 320 2291 379; x_wconf 79' lang='lat' dir='ltr'><strong>SCOTI</strong></span> 
     </span>
    </p>
   </div>
   <div class='ocr_carea' id='block_1_3' title="bbox 3521 319 3635 378">
    <p class='ocr_par' dir='ltr' id='par_1_3' title="bbox 3521 319 3635 378">
     <span class='ocr_line' id='line_1_3' title="bbox 3521 319 3635 378; baseline -0.026 0"><span class='ocrx_word' id='word_1_5' title='bbox 3521 319 3635 378; x_wconf 60' lang='lat'><strong>‘96</strong></span> 
     </span>
    </p>
   </div>
   <div class='ocr_carea' id='block_1_4' title="bbox 383 430 3635 504">
    <p class='ocr_par' dir='ltr' id='par_1_4' title="bbox 383 430 3635 504">
     <span class='ocr_line' id='line_1_4' title="bbox 383 430 3635 504; baseline -0 -16"><span class='ocrx_word' id='word_1_6' title='bbox 383 444 474 488; x_wconf 81' lang='lat' dir='ltr'><strong>tur</strong></span> <span class='ocrx_word' id='word_1_7' title='bbox 501 448 531 488; x_wconf 88' lang='lat' dir='ltr'><strong>a</strong></span> <span class='ocrx_word' id='word_1_8' title='bbox 559 430 754 498; x_wconf 79' lang='lat' dir='ltr'><strong>formo,</strong></span> <span class='ocrx_word' id='word_1_9' title='bbox 780 433 882 490; x_wconf 81' lang='lat' dir='ltr'><strong>hoc</strong></span> <span class='ocrx_word' id='word_1_10' title='bbox 903 440 986 487; x_wconf 88' lang='lat' dir='ltr'><strong>est</strong></span> <span class='ocrx_word' id='word_1_11' title='bbox 1021 430 1227 497; x_wconf 88' lang='lat' dir='ltr'><strong>calido,</strong></span> <span class='ocrx_word' id='word_1_12' title='bbox 1271 444 1530 487; x_wconf 81' lang='lat' dir='ltr'><strong>conversa</strong></span> <span class='ocrx_word' id='word_1_13' title='bbox 1553 445 1696 484; x_wconf 84' lang='lat' dir='ltr'><strong>mum</strong></span> <span class='ocrx_word' id='word_1_14' title='bbox 1748 430 1953 503; x_wconf 78' lang='lat' dir='ltr'><strong>syllaba</strong></span> <span class='ocrx_word' id='word_1_15' title='bbox 1982 436 2030 497; x_wconf 80' lang='grc' dir='ltr'>Α</span> <span class='ocrx_word' id='word_1_16' title='bbox 2057 440 2314 503; x_wconf 73' lang='lat' dir='ltr'><strong>quattuor</strong></span> <span class='ocrx_word' id='word_1_17' title='bbox 2330 431 2717 488; x_wconf 69' lang='lat' dir='ltr'><strong>elementorum</strong></span> <span class='ocrx_word' id='word_1_18' title='bbox 2737 433 2938 490; x_wconf 86' lang='lat' dir='ltr'><strong>coitum</strong></span> <span class='ocrx_word' id='word_1_19' title='bbox 2962 431 3242 489; x_wconf 80' lang='lat' dir='ltr'><strong>materiam</strong></span> <span class='ocrx_word' id='word_1_20' title='bbox 3260 430 3502 504; x_wconf 75' lang='lat' dir='ltr'><strong>gignere,</strong></span> <span class='ocrx_word' id='word_1_21' title='bbox 3532 431 3635 487; x_wconf 76' lang='lat' dir='ltr'><strong>ali-</strong></span> 
     </span>
    </p>
   </div>
   <div class='ocr_carea' id='block_1_5' title="bbox 384 519 1951 590">
    <p class='ocr_par' dir='ltr' id='par_1_5' title="bbox 384 519 1951 590">
     <span class='ocr_line' id='line_1_5' title="bbox 384 519 1951 590; baseline 0.001 -15"><span class='ocrx_word' id='word_1_22' title='bbox 384 519 441 575; x_wconf 86' lang='lat' dir='ltr'><strong>in</strong></span> <span class='ocrx_word' id='word_1_23' title='bbox 472 539 576 576; x_wconf 85' lang='lat' dir='ltr'><strong>ma.</strong></span> <span class='ocrx_word' id='word_1_24' title='bbox 596 520 818 590; x_wconf 78' lang='lat' dir='ltr'><strong>Antiqui</strong></span> <span class='ocrx_word' id='word_1_25' title='bbox 839 520 1100 589; x_wconf 79' lang='lat' dir='ltr'><strong>siquidem</strong></span> <span class='ocrx_word' id='word_1_26' title='bbox 1128 519 1358 574; x_wconf 84' lang='lat' dir='ltr'><strong>formum</strong></span> <span class='ocrx_word' id='word_1_27' title='bbox 1379 520 1628 575; x_wconf 81' lang='lat' dir='ltr'><strong>dicebant</strong></span> <span class='ocrx_word' id='word_1_28' title='bbox 1646 519 1878 576; x_wconf 90' lang='lat' dir='ltr'><strong>calidum</strong></span> <span class='ocrx_word' id='word_1_29' title='bbox 1900 532 1951 577; x_wconf 80' lang='grc' dir='ltr'><strong>ι.</strong></span> 
     </span>
    </p>
   </div>
   <div class='ocr_carea' id='block_1_6' title="bbox 384 611 1929 683">
    <p class='ocr_par' dir='ltr' id='par_1_6' title="bbox 384 611 1929 683">
     <span class='ocr_line' id='line_1_6' title="bbox 384 611 1929 683; baseline -0.001 -14"><span class='ocrx_word' id='word_1_30' title='bbox 384 613 538 669; x_wconf 82' lang='lat' dir='ltr'><strong>Unde</strong></span> <span class='ocrx_word' id='word_1_31' title='bbox 561 622 616 668; x_wconf 91' lang='lat' dir='ltr'><strong>et</strong></span> <span class='ocrx_word' id='word_1_32' title='bbox 666 612 897 682; x_wconf 77' lang='lat' dir='ltr'><strong>forcipes</strong></span> <span class='ocrx_word' id='word_1_33' title='bbox 925 611 1156 667; x_wconf 81' lang='lat' dir='ltr'><strong>formum</strong></span> <span class='ocrx_word' id='word_1_34' title='bbox 1186 613 1459 683; x_wconf 79' lang='lat' dir='ltr'><strong>capientes</strong></span> <span class='ocrx_word' id='word_1_35' title='bbox 1486 611 1842 682; x_wconf 79' lang='lat' dir='ltr'><strong>appellantur.</strong></span> <span class='ocrx_word' id='word_1_36' title='bbox 1871 611 1929 667; x_wconf 76' lang='lat' dir='ltr'><strong>In</strong></span> 
     </span>
    </p>
   </div>
   <div class='ocr_carea' id='block_1_7' title="bbox 384 704 1952 773">
    <p class='ocr_par' dir='ltr' id='par_1_7' title="bbox 384 704 1952 773">
     <span class='ocr_line' id='line_1_7' title="bbox 384 704 1952 773; baseline 0.001 -16"><span class='ocrx_word' id='word_1_37' title='bbox 384 718 602 758; x_wconf 83' lang='lat' dir='ltr'><strong>normes</strong></span> <span class='ocrx_word' id='word_1_38' title='bbox 650 717 864 773; x_wconf 89' lang='lat' dir='ltr'><strong>quoque</strong></span> <span class='ocrx_word' id='word_1_39' title='bbox 922 716 1035 767; x_wconf 89' lang='lat' dir='ltr'><strong>eos,</strong></span> <span class='ocrx_word' id='word_1_40' title='bbox 1094 704 1184 773; x_wconf 88' lang='lat' dir='ltr'><strong>qui</strong></span> <span class='ocrx_word' id='word_1_41' title='bbox 1245 704 1545 758; x_wconf 80' lang='lat' dir='ltr'><strong>naturalem</strong></span> <span class='ocrx_word' id='word_1_42' title='bbox 1588 704 1952 760; x_wconf 82' lang='lat' dir='ltr'><strong>membrorum</strong></span> 
     </span>
    </p>
   </div>
   <div class='ocr_carea' id='block_1_8' title="bbox 385 793 1952 866">
    <p class='ocr_par' dir='ltr' id='par_1_8' title="bbox 385 793 1952 866">
     <span class='ocr_line' id='line_1_8' title="bbox 385 793 1952 866; baseline 0.002 -20"><span class='ocrx_word' id='word_1_43' title='bbox 385 793 623 862; x_wconf 72' lang='lat' dir='ltr'><strong>regulam</strong></span> <span class='ocrx_word' id='word_1_44' title='bbox 649 794 936 859; x_wconf 80' lang='lat' dir='ltr'><strong>excedunt,</strong></span> <span class='ocrx_word' id='word_1_45' title='bbox 969 794 1121 863; x_wconf 83' lang='lat' dir='ltr'><strong>quasi</strong></span> <span class='ocrx_word' id='word_1_46' title='bbox 1152 794 1269 848; x_wconf 89' lang='lat' dir='ltr'><strong>sine</strong></span> <span class='ocrx_word' id='word_1_47' title='bbox 1304 809 1513 859; x_wconf 88' lang='lat' dir='ltr'><strong>norma,</strong></span> <span class='ocrx_word' id='word_1_48' title='bbox 1544 794 1597 850; x_wconf 90' lang='lat' dir='ltr'><strong>id</strong></span> <span class='ocrx_word' id='word_1_49' title='bbox 1623 801 1710 850; x_wconf 86' lang='lat' dir='ltr'><strong>est</strong></span> <span class='ocrx_word' id='word_1_50' title='bbox 1747 793 1952 866; x_wconf 84' lang='lat' dir='ltr'><strong>regula,</strong></span> 
     </span>
    </p>
   </div>
   <div class='ocr_carea' id='block_1_9' title="bbox 383 880 1952 952">
    <p class='ocr_par' dir='ltr' id='par_1_9' title="bbox 383 880 1952 952">
     <span class='ocr_line' id='line_1_9' title="bbox 383 880 1952 952; baseline 0.006 -20"><span class='ocrx_word' id='word_1_51' title='bbox 383 880 617 936; x_wconf 65' lang='lat' dir='ltr'><strong>solemus</strong></span> <span class='ocrx_word' id='word_1_52' title='bbox 643 883 943 938; x_wconf 82' lang='lat' dir='ltr'><strong>nominare.</strong></span> <span class='ocrx_word' id='word_1_53' title='bbox 970 883 1156 938; x_wconf 82' lang='lat' dir='ltr'><strong>Nonne</strong></span> <span class='ocrx_word' id='word_1_54' title='bbox 1182 884 1356 949; x_wconf 81' lang='lat' dir='ltr'><strong>vides,</strong></span> <span class='ocrx_word' id='word_1_55' title='bbox 1380 885 1483 941; x_wconf 89' lang='lat' dir='ltr'><strong>hoc</strong></span> <span class='ocrx_word' id='word_1_56' title='bbox 1503 900 1608 942; x_wconf 89' lang='lat' dir='ltr'><strong>non</strong></span> <span class='ocrx_word' id='word_1_57' title='bbox 1629 886 1683 941; x_wconf 90' lang='lat' dir='ltr'><strong>in</strong></span> <span class='ocrx_word' id='word_1_58' title='bbox 1708 901 1952 952; x_wconf 90' lang='lat' dir='ltr'><strong>numero,</strong></span> 
     </span>
    </p>
   </div>
   <div class='ocr_carea' id='block_1_10' title="bbox 382 972 1955 1047">
    <p class='ocr_par' dir='ltr' id='par_1_10' title="bbox 382 972 1955 1047">
     <span class='ocr_line' id='line_1_10' title="bbox 382 972 1955 1047; baseline 0.005 -23"><span class='ocrx_word' id='word_1_59' title='bbox 382 985 485 1027; x_wconf 77' lang='lat' dir='ltr'><strong>nec</strong></span> <span class='ocrx_word' id='word_1_60' title='bbox 537 972 904 1041; x_wconf 88' lang='lat' dir='ltr'><strong>magnitudine</strong></span> <span class='ocrx_word' id='word_1_61' title='bbox 970 975 1355 1039; x_wconf 87' lang='lat' dir='ltr'><strong>membrorum,</strong></span> <span class='ocrx_word' id='word_1_62' title='bbox 1406 975 1504 1031; x_wconf 87' lang='lat' dir='ltr'><strong>sed</strong></span> <span class='ocrx_word' id='word_1_63' title='bbox 1573 976 1628 1031; x_wconf 89' lang='lat' dir='ltr'><strong>in</strong></span> <span class='ocrx_word' id='word_1_64' title='bbox 1688 977 1955 1047; x_wconf 87' lang='lat' dir='ltr'><strong>positione</strong></span> 
     </span>
    </p>
   </div>
   <div class='ocr_carea' id='block_1_11' title="bbox 382 1060 1953 1132">
    <p class='ocr_par' dir='ltr' id='par_1_11' title="bbox 382 1060 1953 1132">
     <span class='ocr_line' id='line_1_11' title="bbox 382 1060 1953 1132; baseline 0.005 -19"><span class='ocrx_word' id='word_1_65' title='bbox 382 1060 619 1128; x_wconf 88' lang='lat' dir='ltr'><strong>partium</strong></span> <span class='ocrx_word' id='word_1_66' title='bbox 642 1062 908 1130; x_wconf 86' lang='lat' dir='ltr'><strong>corporis,</strong></span> <span class='ocrx_word' id='word_1_67' title='bbox 935 1060 1159 1132; x_wconf 91' lang='lat' dir='ltr'><strong>luceque</strong></span> <span class='ocrx_word' id='word_1_68' title='bbox 1186 1064 1381 1120; x_wconf 86' lang='lat' dir='ltr'><strong>coloris</strong></span> <span class='ocrx_word' id='word_1_69' title='bbox 1403 1065 1735 1121; x_wconf 80' lang='lat' dir='ltr'><strong>consistere?</strong></span> <span class='ocrx_word' id='word_1_70' title='bbox 1753 1065 1834 1119; x_wconf 87' lang='lat' dir='ltr'><strong>An</strong></span> <span class='ocrx_word' id='word_1_71' title='bbox 1860 1064 1953 1121; x_wconf 85' lang='lat' dir='ltr'><strong>tibi</strong></span> 
     </span>
    </p>
   </div>
   <div class='ocr_carea' id='block_1_12' title="bbox 382 1148 1954 1226">
    <p class='ocr_par' dir='ltr' id='par_1_12' title="bbox 382 1148 1954 1226">
     <span class='ocr_line' id='line_1_12' title="bbox 382 1148 1954 1226; baseline 0.006 -24"><span class='ocrx_word' id='word_1_72' title='bbox 382 1148 541 1204; x_wconf 89' lang='lat' dir='ltr'><strong>aliter</strong></span> <span class='ocrx_word' id='word_1_73' title='bbox 590 1150 838 1207; x_wconf 78' lang='lat' dir='ltr'><strong>videtur?</strong></span> <span class='ocrx_word' id='word_1_74' title='bbox 892 1152 1036 1207; x_wconf 85' lang='lat' dir='ltr'><strong>Dtsc.</strong></span> <span class='ocrx_word' id='word_1_75' title='bbox 1089 1153 1205 1207; x_wconf 85' lang='lat' dir='ltr'><strong>Non</strong></span> <span class='ocrx_word' id='word_1_76' title='bbox 1239 1164 1297 1208; x_wconf 91' lang='lat' dir='ltr'><strong>ut</strong></span> <span class='ocrx_word' id='word_1_77' title='bbox 1328 1154 1540 1225; x_wconf 86' lang='lat' dir='ltr'><strong>opinor.</strong></span> <span class='ocrx_word' id='word_1_78' title='bbox 1596 1155 1703 1211; x_wconf 88' lang='lat' dir='ltr'><strong>Sed</strong></span> <span class='ocrx_word' id='word_1_79' title='bbox 1731 1156 1859 1226; x_wconf 87' lang='lat' dir='ltr'><strong>quid</strong></span> <span class='ocrx_word' id='word_1_80' title='bbox 1885 1158 1954 1211; x_wconf 90' lang='lat' dir='ltr'><strong>ad</strong></span> 
     </span>
    </p>
   </div>
   <div class='ocr_carea' id='block_1_13' title="bbox 382 1239 1952 1311">
    <p class='ocr_par' dir='ltr' id='par_1_13' title="bbox 382 1239 1952 1311">
     <span class='ocr_line' id='line_1_13' title="bbox 382 1239 1952 1311; baseline 0.008 -25"><span class='ocrx_word' id='word_1_81' title='bbox 382 1239 715 1308; x_wconf 74' lang='lat' dir='ltr'><strong>propositam</strong></span> <span class='ocrx_word' id='word_1_82' title='bbox 746 1241 1118 1309; x_wconf 86' lang='lat' dir='ltr'><strong>quaestionem</strong></span> <span class='ocrx_word' id='word_1_83' title='bbox 1163 1242 1283 1296; x_wconf 88' lang='lat' dir='ltr'><strong>talis</strong></span> <span class='ocrx_word' id='word_1_84' title='bbox 1309 1244 1537 1297; x_wconf 82' lang='lat' dir='ltr'><strong>attineat</strong></span> <span class='ocrx_word' id='word_1_85' title='bbox 1569 1244 1586 1276; x_wconf 72' lang='grc'>³</span> <span class='ocrx_word' id='word_1_86' title='bbox 1627 1245 1952 1311; x_wconf 73' lang='lat' dir='ltr'><strong>ditferentia,</strong></span> 
     </span>
    </p>
   </div>
   <div class='ocr_carea' id='block_1_14' title="bbox 382 1328 1956 1399">
    <p class='ocr_par' dir='ltr' id='par_1_14' title="bbox 382 1328 1956 1399">
     <span class='ocr_line' id='line_1_14' title="bbox 382 1328 1956 1399; baseline 0.004 -17"><span class='ocrx_word' id='word_1_87' title='bbox 382 1342 543 1383; x_wconf 86' lang='lat' dir='ltr'><strong>nosse</strong></span> <span class='ocrx_word' id='word_1_88' title='bbox 567 1338 773 1399; x_wconf 90' lang='lat' dir='ltr'><strong>specto.</strong></span> <span class='ocrx_word' id='word_1_89' title='bbox 814 1328 950 1386; x_wconf 75' lang='grc' dir='ltr'><strong>ΜΑο.</strong></span> <span class='ocrx_word' id='word_1_90' title='bbox 981 1329 1123 1384; x_wconf 87' lang='lat' dir='ltr'><strong>Num</strong></span> <span class='ocrx_word' id='word_1_91' title='bbox 1170 1332 1462 1399; x_wconf 82' lang='lat' dir='ltr'><strong>praedictis</strong></span> <span class='ocrx_word' id='word_1_92' title='bbox 1483 1334 1782 1390; x_wconf 86' lang='lat' dir='ltr'><strong>rationibus</strong></span> <span class='ocrx_word' id='word_1_93' title='bbox 1815 1335 1956 1390; x_wconf 91' lang='lat' dir='ltr'><strong>inter</strong></span> 
     </span>
    </p>
   </div>
   <div class='ocr_carea' id='block_1_15' title="bbox 384 1421 1956 1496">
    <p class='ocr_par' dir='ltr' id='par_1_15' title="bbox 384 1421 1956 1496">
     <span class='ocr_line' id='line_1_15' title="bbox 384 1421 1956 1496; baseline 0.006 -25"><span class='ocrx_word' id='word_1_94' title='bbox 384 1434 486 1475; x_wconf 85' lang='lat' dir='ltr'><strong>nos</strong></span> <span class='ocrx_word' id='word_1_95' title='bbox 509 1427 593 1474; x_wconf 90' lang='lat' dir='ltr'><strong>est</strong></span> <span class='ocrx_word' id='word_1_96' title='bbox 625 1434 961 1483; x_wconf 86' lang='lat' dir='ltr'><strong>concessum,</strong></span> <span class='ocrx_word' id='word_1_97' title='bbox 1004 1421 1146 1476; x_wconf 91' lang='lat' dir='ltr'><strong>aliud</strong></span> <span class='ocrx_word' id='word_1_98' title='bbox 1186 1436 1305 1478; x_wconf 89' lang='lat' dir='ltr'><strong>esse</strong></span> <span class='ocrx_word' id='word_1_99' title='bbox 1327 1438 1545 1496; x_wconf 87' lang='lat' dir='ltr'><strong>corpus,</strong></span> <span class='ocrx_word' id='word_1_100' title='bbox 1582 1425 1723 1481; x_wconf 89' lang='lat' dir='ltr'><strong>aliud</strong></span> <span class='ocrx_word' id='word_1_101' title='bbox 1750 1425 1956 1484; x_wconf 65' lang='lat' dir='ltr'><strong>uicies?</strong></span> 
     </span>
    </p>
   </div>
   <div class='ocr_carea' id='block_1_16' title="bbox 384 1509 1231 1583">
    <p class='ocr_par' dir='ltr' id='par_1_16' title="bbox 384 1509 1231 1583">
     <span class='ocr_line' id='line_1_16' title="bbox 384 1509 1231 1583; baseline 0.006 -21"><span class='ocrx_word' id='word_1_102' title='bbox 384 1510 530 1565; x_wconf 77' lang='lat' dir='ltr'><strong>lltsc.</strong></span> <span class='ocrx_word' id='word_1_103' title='bbox 564 1509 730 1577; x_wconf 88' lang='lat' dir='ltr'><strong>Satis,</strong></span> <span class='ocrx_word' id='word_1_104' title='bbox 755 1511 1150 1583; x_wconf 85' lang='lat' dir='ltr'><strong>plurimumque</strong></span> <span class='ocrx_word' id='word_1_105' title='bbox 1188 1514 1231 1567; x_wconf 69' lang='grc' dir='ltr'><strong>ἰ.</strong></span> 
     </span>
    </p>
   </div>
   <div class='ocr_carea' id='block_1_17' title="bbox 450 1602 1956 1681">
    <p class='ocr_par' dir='ltr' id='par_1_17' title="bbox 450 1602 1956 1681">
     <span class='ocr_line' id='line_1_17' title="bbox 450 1602 1956 1681; baseline 0.009 -24"><span class='ocrx_word' id='word_1_106' title='bbox 450 1602 539 1657; x_wconf 76' lang='grc'><strong>55.</strong></span> <span class='ocrx_word' id='word_1_107' title='bbox 558 1602 697 1657; x_wconf 76' lang='lat' dir='ltr'><strong>MAG.</strong></span> <span class='ocrx_word' id='word_1_108' title='bbox 722 1603 780 1657; x_wconf 86' lang='lat' dir='ltr'><strong>Si</strong></span> <span class='ocrx_word' id='word_1_109' title='bbox 804 1603 824 1634; x_wconf 85' lang='grc'>⁸</span> <span class='ocrx_word' id='word_1_110' title='bbox 861 1603 1040 1673; x_wconf 84' lang='lat' dir='ltr'><strong>itaque</strong></span> <span class='ocrx_word' id='word_1_111' title='bbox 1068 1605 1294 1659; x_wconf 79' lang='lat' dir='ltr'><strong>naturali</strong></span> <span class='ocrx_word' id='word_1_112' title='bbox 1326 1606 1650 1666; x_wconf 77' lang='lat' dir='ltr'><strong>discretione</strong></span> <span class='ocrx_word' id='word_1_113' title='bbox 1677 1612 1956 1681; x_wconf 77' lang='lat' dir='ltr'><strong>quantitas</strong></span> 
     </span>
    </p>
   </div>
   <div class='ocr_carea' id='block_1_18' title="bbox 377 1692 1953 1770">
    <p class='ocr_par' dir='ltr' id='par_1_18' title="bbox 377 1692 1953 1770">
     <span class='ocr_line' id='line_1_18' title="bbox 377 1692 1953 1770; baseline 0.009 -25"><span class='ocrx_word' id='word_1_114' title='bbox 377 1692 620 1762; x_wconf 69' lang='lat' dir='ltr'><strong>corporis</strong></span> <span class='ocrx_word' id='word_1_115' title='bbox 644 1692 711 1745; x_wconf 87' lang='lat' dir='ltr'><strong>ab</strong></span> <span class='ocrx_word' id='word_1_116' title='bbox 742 1693 1015 1748; x_wconf 85' lang='lat' dir='ltr'><strong>intellectu</strong></span> <span class='ocrx_word' id='word_1_117' title='bbox 1050 1698 1231 1749; x_wconf 82' lang='lat' dir='ltr'><strong>ousiae</strong></span> <span class='ocrx_word' id='word_1_118' title='bbox 1263 1707 1568 1766; x_wconf 86' lang='lat' dir='ltr'><strong>separatur,</strong></span> <span class='ocrx_word' id='word_1_119' title='bbox 1608 1703 1852 1770; x_wconf 76' lang='lat' dir='ltr'><strong>quamvis</strong></span> <span class='ocrx_word' id='word_1_120' title='bbox 1883 1704 1953 1759; x_wconf 88' lang='lat' dir='ltr'><strong>si-</strong></span> 
     </span>
    </p>
   </div>
   <div class='ocr_carea' id='block_1_19' title="bbox 2055 522 3639 594">
    <p class='ocr_par' dir='ltr' id='par_1_19' title="bbox 2055 522 3639 594">
     <span class='ocr_line' id='line_1_19' title="bbox 2055 522 3639 594; baseline -0.001 -17"><span class='ocrx_word' id='word_1_121' title='bbox 2055 524 2268 591; x_wconf 87' lang='lat' dir='ltr'><strong>quando</strong></span> <span class='ocrx_word' id='word_1_122' title='bbox 2290 523 2602 592; x_wconf 85' lang='lat' dir='ltr'><strong>quantitatis</strong></span> <span class='ocrx_word' id='word_1_123' title='bbox 2627 532 2785 593; x_wconf 85' lang='lat' dir='ltr'><strong>atque</strong></span> <span class='ocrx_word' id='word_1_124' title='bbox 2803 524 3077 594; x_wconf 86' lang='lat' dir='ltr'><strong>qualitatis</strong></span> <span class='ocrx_word' id='word_1_125' title='bbox 3099 522 3280 578; x_wconf 73' lang='lat' dir='ltr'><strong>casiae</strong></span> <span class='ocrx_word' id='word_1_126' title='bbox 3304 532 3639 579; x_wconf 75' lang='lat' dir='ltr'><strong>conventum</strong></span> 
     </span>
    </p>
   </div>
   <div class='ocr_carea' id='block_1_20' title="bbox 2053 610 3642 682">
    <p class='ocr_par' dir='ltr' id='par_1_20' title="bbox 2053 610 3642 682">
     <span class='ocr_line' id='line_1_20' title="bbox 2053 610 3642 682; baseline 0.003 -17"><span class='ocrx_word' id='word_1_127' title='bbox 2053 625 2274 666; x_wconf 82' lang='lat' dir='ltr'><strong>causam</strong></span> <span class='ocrx_word' id='word_1_128' title='bbox 2323 613 2584 667; x_wconf 88' lang='lat' dir='ltr'><strong>materiae</strong></span> <span class='ocrx_word' id='word_1_129' title='bbox 2619 627 2758 668; x_wconf 86' lang='lat' dir='ltr'><strong>esse.</strong></span> <span class='ocrx_word' id='word_1_130' title='bbox 2807 611 2916 668; x_wconf 85' lang='lat' dir='ltr'><strong>Nec</strong></span> <span class='ocrx_word' id='word_1_131' title='bbox 2954 612 3172 676; x_wconf 86' lang='lat' dir='ltr'><strong>mirum,</strong></span> <span class='ocrx_word' id='word_1_132' title='bbox 3216 612 3470 682; x_wconf 89' lang='lat' dir='ltr'><strong>quoniam</strong></span> <span class='ocrx_word' id='word_1_133' title='bbox 3506 610 3642 669; x_wconf 68' lang='lat' dir='ltr'><strong>illos</strong></span> 
     </span>
    </p>
   </div>
   <div class='ocr_carea' id='block_1_21' title="bbox 2054 698 3641 770">
    <p class='ocr_par' dir='ltr' id='par_1_21' title="bbox 2054 698 3641 770">
     <span class='ocr_line' id='line_1_21' title="bbox 2054 698 3641 770; baseline 0.003 -18"><span class='ocrx_word' id='word_1_134' title='bbox 2054 698 2205 766; x_wconf 87' lang='lat' dir='ltr'><strong>latet,</strong></span> <span class='ocrx_word' id='word_1_135' title='bbox 2237 715 2341 755; x_wconf 93' lang='lat' dir='ltr'><strong>non</strong></span> <span class='ocrx_word' id='word_1_136' title='bbox 2367 701 2584 756; x_wconf 88' lang='lat' dir='ltr'><strong>aliunde</strong></span> <span class='ocrx_word' id='word_1_137' title='bbox 2608 702 2793 757; x_wconf 92' lang='lat' dir='ltr'><strong>mundi</strong></span> <span class='ocrx_word' id='word_1_138' title='bbox 2824 700 2989 769; x_wconf 85' lang='lat' dir='ltr'><strong>hujus</strong></span> <span class='ocrx_word' id='word_1_139' title='bbox 3008 700 3295 765; x_wconf 88' lang='lat' dir='ltr'><strong>elementa,</strong></span> <span class='ocrx_word' id='word_1_140' title='bbox 3338 700 3443 755; x_wconf 89' lang='lat' dir='ltr'><strong>nisi</strong></span> <span class='ocrx_word' id='word_1_141' title='bbox 3471 713 3641 770; x_wconf 84' lang='lat' dir='ltr'><strong>prae-</strong></span> 
     </span>
    </p>
   </div>
   <div class='ocr_carea' id='block_1_22' title="bbox 2053 788 3642 861">
    <p class='ocr_par' dir='ltr' id='par_1_22' title="bbox 2053 788 3642 861">
     <span class='ocr_line' id='line_1_22' title="bbox 2053 788 3642 861; baseline 0.001 -17"><span class='ocrx_word' id='word_1_142' title='bbox 2053 788 2318 845; x_wconf 87' lang='lat' dir='ltr'><strong>dictorum</strong></span> <span class='ocrx_word' id='word_1_143' title='bbox 2333 792 2514 848; x_wconf 69' lang='lat' dir='ltr'><strong>curiae</strong></span> <span class='ocrx_word' id='word_1_144' title='bbox 2522 792 2878 847; x_wconf 88' lang='lat' dir='ltr'><strong>accidentium</strong></span> <span class='ocrx_word' id='word_1_145' title='bbox 2892 807 3153 846; x_wconf 88' lang='lat' dir='ltr'><strong>concursu</strong></span> <span class='ocrx_word' id='word_1_146' title='bbox 3174 790 3642 861; x_wconf 82' lang='lat' dir='ltr'><strong>componi.lgnem</strong></span> 
     </span>
    </p>
   </div>
   <div class='ocr_carea' id='block_1_23' title="bbox 2053 881 3641 952">
    <p class='ocr_par' dir='ltr' id='par_1_23' title="bbox 2053 881 3641 952">
     <span class='ocr_line' id='line_1_23' title="bbox 2053 881 3641 952; baseline -0.001 -13"><span class='ocrx_word' id='word_1_147' title='bbox 2053 882 2315 952; x_wconf 86' lang='lat' dir='ltr'><strong>siquidem</strong></span> <span class='ocrx_word' id='word_1_148' title='bbox 2336 884 2582 938; x_wconf 87' lang='lat' dir='ltr'><strong>caliditas</strong></span> <span class='ocrx_word' id='word_1_149' title='bbox 2593 883 2615 916; x_wconf 88' lang='grc'><strong><em>⁸</em></strong></span> <span class='ocrx_word' id='word_1_150' title='bbox 2628 884 2883 948; x_wconf 87' lang='lat' dir='ltr'><strong>ariditati,</strong></span> <span class='ocrx_word' id='word_1_151' title='bbox 2906 898 3028 938; x_wconf 90' lang='lat' dir='ltr'><strong>aera</strong></span> <span class='ocrx_word' id='word_1_152' title='bbox 3043 881 3287 937; x_wconf 86' lang='lat' dir='ltr'><strong>caliditas</strong></span> <span class='ocrx_word' id='word_1_153' title='bbox 3300 882 3641 950; x_wconf 77' lang='lat' dir='ltr'><strong>huntiditati,</strong></span> 
     </span>
    </p>
   </div>
   <div class='ocr_carea' id='block_1_24' title="bbox 2054 958 3639 1045">
    <p class='ocr_par' dir='ltr' id='par_1_24' title="bbox 2054 958 3639 1045">
     <span class='ocr_line' id='line_1_24' title="bbox 2054 958 3639 1045; baseline 0.002 -18"><span class='ocrx_word' id='word_1_154' title='bbox 2054 987 2247 1042; x_wconf 87' lang='lat' dir='ltr'><strong>aquam</strong></span> <span class='ocrx_word' id='word_1_155' title='bbox 2263 973 2552 1029; x_wconf 87' lang='lat' dir='ltr'><strong>humiditas</strong></span> <span class='ocrx_word' id='word_1_156' title='bbox 2568 972 2866 1045; x_wconf 77' lang='lat' dir='ltr'><strong>frigiditati,</strong></span> <span class='ocrx_word' id='word_1_157' title='bbox 2892 982 3091 1029; x_wconf 87' lang='lat' dir='ltr'><strong>terram</strong></span> <span class='ocrx_word' id='word_1_158' title='bbox 3108 958 3375 1042; x_wconf 78' lang='lat' dir='ltr'><strong>frigiditas</strong></span> <span class='ocrx_word' id='word_1_159' title='bbox 3388 975 3639 1030; x_wconf 84' lang='lat' dir='ltr'><strong>ariditati</strong></span> 
     </span>
    </p>
   </div>
   <div class='ocr_carea' id='block_1_25' title="bbox 2055 1061 3640 1133">
    <p class='ocr_par' dir='ltr' id='par_1_25' title="bbox 2055 1061 3640 1133">
     <span class='ocr_line' id='line_1_25' title="bbox 2055 1061 3640 1133; baseline -0.002 -12"><span class='ocrx_word' id='word_1_160' title='bbox 2055 1061 2303 1132; x_wconf 83' lang='lat' dir='ltr'><strong>copulata</strong></span> <span class='ocrx_word' id='word_1_161' title='bbox 2340 1063 2650 1118; x_wconf 82' lang='lat' dir='ltr'><strong>conﬁciunt.</strong></span> <span class='ocrx_word' id='word_1_162' title='bbox 2670 1063 2746 1119; x_wconf 79' lang='lat' dir='ltr'><strong>Et</strong></span> <span class='ocrx_word' id='word_1_163' title='bbox 2773 1064 3029 1133; x_wconf 86' lang='lat' dir='ltr'><strong>quoniam</strong></span> <span class='ocrx_word' id='word_1_164' title='bbox 3055 1064 3360 1133; x_wconf 84' lang='lat' dir='ltr'><strong>praedictae</strong></span> <span class='ocrx_word' id='word_1_165' title='bbox 3388 1063 3640 1133; x_wconf 77' lang='lat' dir='ltr'><strong>qualita-</strong></span> 
     </span>
    </p>
   </div>
   <div class='ocr_carea' id='block_1_26' title="bbox 2056 1152 3643 1225">
    <p class='ocr_par' dir='ltr' id='par_1_26' title="bbox 2056 1152 3643 1225">
     <span class='ocr_line' id='line_1_26' title="bbox 2056 1152 3643 1225; baseline 0.002 -19"><span class='ocrx_word' id='word_1_166' title='bbox 2056 1160 2142 1208; x_wconf 85' lang='lat' dir='ltr'><strong>tes</strong></span> <span class='ocrx_word' id='word_1_167' title='bbox 2186 1152 2402 1208; x_wconf 82' lang='lat' dir='ltr'><strong>sibimet</strong></span> <span class='ocrx_word' id='word_1_168' title='bbox 2454 1165 2712 1210; x_wconf 86' lang='lat' dir='ltr'><strong>coeuntes</strong></span> <span class='ocrx_word' id='word_1_169' title='bbox 2755 1169 2855 1224; x_wconf 90' lang='lat' dir='ltr'><strong>per</strong></span> <span class='ocrx_word' id='word_1_170' title='bbox 2887 1168 2963 1209; x_wconf 83' lang='lat' dir='ltr'><strong>se</strong></span> <span class='ocrx_word' id='word_1_171' title='bbox 3013 1168 3275 1224; x_wconf 88' lang='lat' dir='ltr'><strong>apparere</strong></span> <span class='ocrx_word' id='word_1_172' title='bbox 3328 1170 3437 1210; x_wconf 80' lang='lat' dir='ltr'><strong>non</strong></span> <span class='ocrx_word' id='word_1_173' title='bbox 3502 1168 3643 1225; x_wconf 80' lang='lat' dir='ltr'><strong>pos-</strong></span> 
     </span>
    </p>
   </div>
   <div class='ocr_carea' id='block_1_27' title="bbox 2052 1243 3651 1315">
    <p class='ocr_par' dir='ltr' id='par_1_27' title="bbox 2052 1243 3651 1315">
     <span class='ocr_line' id='line_1_27' title="bbox 2052 1243 3651 1315; baseline 0 -17"><span class='ocrx_word' id='word_1_174' title='bbox 2052 1255 2203 1309; x_wconf 88' lang='lat' dir='ltr'><strong>sunt,</strong></span> <span class='ocrx_word' id='word_1_175' title='bbox 2234 1243 2511 1314; x_wconf 87' lang='lat' dir='ltr'><strong>quantitas</strong></span> <span class='ocrx_word' id='word_1_176' title='bbox 2565 1244 2941 1299; x_wconf 84' lang='lat' dir='ltr'><strong>subministrat</strong></span> <span class='ocrx_word' id='word_1_177' title='bbox 2982 1244 3063 1298; x_wconf 90' lang='lat' dir='ltr'><strong>eis</strong></span> <span class='ocrx_word' id='word_1_178' title='bbox 3086 1253 3382 1313; x_wconf 89' lang='lat' dir='ltr'><strong>quantum,</strong></span> <span class='ocrx_word' id='word_1_179' title='bbox 3415 1245 3469 1298; x_wconf 92' lang='lat' dir='ltr'><strong>in</strong></span> <span class='ocrx_word' id='word_1_180' title='bbox 3524 1260 3651 1315; x_wconf 82' lang='lat' dir='ltr'><strong>quo</strong></span> 
     </span>
    </p>
   </div>
   <div class='ocr_carea' id='block_1_28' title="bbox 2007 1331 3649 1403">
    <p class='ocr_par' dir='ltr' id='par_1_28' title="bbox 2007 1331 3649 1403">
     <span class='ocr_line' id='line_1_28' title="bbox 2007 1331 3649 1403; baseline 0.001 -16"><span class='ocrx_word' id='word_1_181' title='bbox 2007 1373 2014 1379; x_wconf 85' lang='lat'><strong>.</strong></span> <span class='ocrx_word' id='word_1_182' title='bbox 2055 1333 2384 1388; x_wconf 83' lang='lat' dir='ltr'><strong>sensibiliter</strong></span> <span class='ocrx_word' id='word_1_183' title='bbox 2409 1333 2673 1388; x_wconf 87' lang='lat' dir='ltr'><strong>eluceant.</strong></span> <span class='ocrx_word' id='word_1_184' title='bbox 2701 1331 2984 1400; x_wconf 82' lang='lat' dir='ltr'><strong>Quantitas</strong></span> <span class='ocrx_word' id='word_1_185' title='bbox 3026 1332 3289 1403; x_wconf 83' lang='lat' dir='ltr'><strong>siquidem</strong></span> <span class='ocrx_word' id='word_1_186' title='bbox 3333 1331 3498 1387; x_wconf 74' lang='lat' dir='ltr'><strong>veluti</strong></span> <span class='ocrx_word' id='word_1_187' title='bbox 3550 1348 3649 1388; x_wconf 83' lang='lat' dir='ltr'><strong>se-</strong></span> 
     </span>
    </p>
   </div>
   <div class='ocr_carea' id='block_1_29' title="bbox 2053 1421 3647 1494">
    <p class='ocr_par' dir='ltr' id='par_1_29' title="bbox 2053 1421 3647 1494">
     <span class='ocr_line' id='line_1_29' title="bbox 2053 1421 3647 1494; baseline 0 -16"><span class='ocrx_word' id='word_1_188' title='bbox 2053 1423 2288 1478; x_wconf 84' lang='lat' dir='ltr'><strong>cundum</strong></span> <span class='ocrx_word' id='word_1_189' title='bbox 2314 1422 2613 1491; x_wconf 83' lang='lat' dir='ltr'><strong>subjectum</strong></span> <span class='ocrx_word' id='word_1_190' title='bbox 2653 1431 2737 1478; x_wconf 85' lang='lat' dir='ltr'><strong>est</strong></span> <span class='ocrx_word' id='word_1_191' title='bbox 2762 1431 2884 1494; x_wconf 88' lang='lat' dir='ltr'><strong>post</strong></span> <span class='ocrx_word' id='word_1_192' title='bbox 2910 1425 3104 1488; x_wconf 76' lang='grc' dir='ltr'><strong>οὐσίαν,</strong></span> <span class='ocrx_word' id='word_1_193' title='bbox 3142 1422 3368 1492; x_wconf 87' lang='lat' dir='ltr'><strong>ideoque</strong></span> <span class='ocrx_word' id='word_1_194' title='bbox 3389 1421 3413 1455; x_wconf 81' lang='lat'><strong>’</strong></span> <span class='ocrx_word' id='word_1_195' title='bbox 3461 1423 3519 1477; x_wconf 92' lang='lat' dir='ltr'><strong>in</strong></span> <span class='ocrx_word' id='word_1_196' title='bbox 3549 1439 3647 1478; x_wconf 86' lang='lat' dir='ltr'><strong>or-</strong></span> 
     </span>
    </p>
   </div>
   <div class='ocr_carea' id='block_1_30' title="bbox 2053 1511 3653 1584">
    <p class='ocr_par' dir='ltr' id='par_1_30' title="bbox 2053 1511 3653 1584">
     <span class='ocr_line' id='line_1_30' title="bbox 2053 1511 3653 1584; baseline -0.003 -15"><span class='ocrx_word' id='word_1_197' title='bbox 2053 1514 2180 1569; x_wconf 87' lang='lat' dir='ltr'><strong>dine</strong></span> <span class='ocrx_word' id='word_1_198' title='bbox 2200 1514 2595 1584; x_wconf 87' lang='lat' dir='ltr'><strong>categoriarum</strong></span> <span class='ocrx_word' id='word_1_199' title='bbox 2624 1513 2797 1583; x_wconf 88' lang='lat' dir='ltr'><strong>prima</strong></span> <span class='ocrx_word' id='word_1_200' title='bbox 2821 1522 2943 1583; x_wconf 75' lang='lat' dir='ltr'><strong>post</strong></span> <span class='ocrx_word' id='word_1_201' title='bbox 2965 1526 3086 1566; x_wconf 86' lang='lat' dir='ltr'><strong>eam</strong></span> <span class='ocrx_word' id='word_1_202' title='bbox 3115 1512 3351 1581; x_wconf 87' lang='lat' dir='ltr'><strong>ponitur,</strong></span> <span class='ocrx_word' id='word_1_203' title='bbox 3373 1511 3653 1581; x_wconf 82' lang='lat' dir='ltr'><strong>quoniam</strong></span> 
     </span>
    </p>
   </div>
   <div class='ocr_carea' id='block_1_31' title="bbox 2055 1599 3651 1677">
    <p class='ocr_par' dir='ltr' id='par_1_31' title="bbox 2055 1599 3651 1677">
     <span class='ocr_line' id='line_1_31' title="bbox 2055 1599 3651 1677; baseline -0.003 -17"><span class='ocrx_word' id='word_1_204' title='bbox 2055 1605 2174 1660; x_wconf 86' lang='lat' dir='ltr'><strong>sine</strong></span> <span class='ocrx_word' id='word_1_205' title='bbox 2217 1605 2520 1675; x_wconf 85' lang='lat' dir='ltr'><strong>quantitate</strong></span> <span class='ocrx_word' id='word_1_206' title='bbox 2559 1602 2793 1677; x_wconf 79' lang='lat' dir='ltr'><strong>qualitas</strong></span> <span class='ocrx_word' id='word_1_207' title='bbox 2834 1602 3011 1658; x_wconf 88' lang='lat' dir='ltr'><strong>nescit</strong></span> <span class='ocrx_word' id='word_1_208' title='bbox 3052 1600 3337 1657; x_wconf 82' lang='lat' dir='ltr'><strong>manifesta</strong></span> <span class='ocrx_word' id='word_1_209' title='bbox 3382 1601 3525 1656; x_wconf 77' lang='lat' dir='ltr'><strong>ﬁeri.</strong></span> <span class='ocrx_word' id='word_1_210' title='bbox 3582 1599 3651 1656; x_wconf 87' lang='lat' dir='ltr'><strong>Si</strong></span> 
     </span>
    </p>
   </div>
   <div class='ocr_carea' id='block_1_32' title="bbox 2058 1693 3647 1767">
    <p class='ocr_par' dir='ltr' id='par_1_32' title="bbox 2058 1693 3647 1767">
     <span class='ocr_line' id='line_1_32' title="bbox 2058 1693 3647 1767; baseline -0.002 -15"><span class='ocrx_word' id='word_1_211' title='bbox 2058 1697 2242 1767; x_wconf 89' lang='lat' dir='ltr'><strong>itaque</strong></span> <span class='ocrx_word' id='word_1_212' title='bbox 2295 1697 2564 1752; x_wconf 84' lang='lat' dir='ltr'><strong>elementa</strong></span> <span class='ocrx_word' id='word_1_213' title='bbox 2606 1695 2911 1766; x_wconf 81' lang='lat' dir='ltr'><strong>quantitate</strong></span> <span class='ocrx_word' id='word_1_214' title='bbox 2951 1694 3318 1764; x_wconf 84' lang='lat' dir='ltr'><strong>qualitateque</strong></span> <span class='ocrx_word' id='word_1_215' title='bbox 3362 1693 3522 1761; x_wconf 81' lang='lat' dir='ltr'><strong>ﬁunt,</strong></span> <span class='ocrx_word' id='word_1_216' title='bbox 3586 1704 3647 1749; x_wconf 92' lang='lat' dir='ltr'><strong>et</strong></span> 
     </span>
    </p>
   </div>
   <div class='ocr_carea' id='block_1_33' title="bbox 379 1780 1946 1864">
    <p class='ocr_par' dir='ltr' id='par_1_33' title="bbox 379 1780 1946 1864">
     <span class='ocr_line' id='line_1_33' title="bbox 379 1780 1946 1864; baseline 0.01 -32"><span class='ocrx_word' id='word_1_217' title='bbox 379 1780 547 1834; x_wconf 79' lang='lat' dir='ltr'><strong>bimct</strong></span> <span class='ocrx_word' id='word_1_218' title='bbox 585 1782 944 1846; x_wconf 76' lang='lat' dir='ltr'><strong>adhaereant,</strong></span> <span class='ocrx_word' id='word_1_219' title='bbox 1003 1785 1075 1839; x_wconf 90' lang='lat' dir='ltr'><strong>ita</strong></span> <span class='ocrx_word' id='word_1_220' title='bbox 1126 1795 1187 1840; x_wconf 88' lang='lat' dir='ltr'><strong>ut</strong></span> <span class='ocrx_word' id='word_1_221' title='bbox 1239 1789 1389 1844; x_wconf 79' lang='grc' dir='ltr'><strong>οὐσία</strong></span> <span class='ocrx_word' id='word_1_222' title='bbox 1432 1788 1730 1857; x_wconf 85' lang='lat' dir='ltr'><strong>subjectum</strong></span> <span class='ocrx_word' id='word_1_223' title='bbox 1773 1807 1946 1864; x_wconf 90' lang='lat' dir='ltr'><strong>quan-</strong></span> 
     </span>
    </p>
   </div>
   <div class='ocr_carea' id='block_1_34' title="bbox 2050 1780 3650 1864">
    <p class='ocr_par' dir='ltr' id='par_1_34' title="bbox 2055 1789 3650 1861">
     <span class='ocr_line' id='line_1_34' title="bbox 2055 1789 3650 1861; baseline -0.001 -16"><span class='ocrx_word' id='word_1_224' title='bbox 2055 1805 2282 1860; x_wconf 86' lang='lat' dir='ltr'><strong>corpora</strong></span> <span class='ocrx_word' id='word_1_225' title='bbox 2308 1805 2377 1845; x_wconf 74' lang='lat' dir='ltr'><strong>ex</strong></span> <span class='ocrx_word' id='word_1_226' title='bbox 2399 1789 2682 1845; x_wconf 88' lang='lat' dir='ltr'><strong>elementis</strong></span> <span class='ocrx_word' id='word_1_227' title='bbox 2704 1829 2720 1855; x_wconf 93' lang='lat'><strong>,</strong></span> <span class='ocrx_word' id='word_1_228' title='bbox 2750 1802 2819 1844; x_wconf 75' lang='lat' dir='ltr'><strong>ex</strong></span> <span class='ocrx_word' id='word_1_229' title='bbox 2838 1789 3143 1860; x_wconf 83' lang='lat' dir='ltr'><strong>quantitate</strong></span> <span class='ocrx_word' id='word_1_230' title='bbox 3181 1790 3341 1861; x_wconf 77' lang='lat' dir='ltr'><strong>igitur</strong></span> <span class='ocrx_word' id='word_1_231' title='bbox 3370 1800 3425 1843; x_wconf 94' lang='lat' dir='ltr'><strong>et</strong></span> <span class='ocrx_word' id='word_1_232' title='bbox 3458 1790 3650 1860; x_wconf 79' lang='lat' dir='ltr'><strong>quali-</strong></span> 
     </span>
    </p>
   </div>
   <div class='ocr_carea' id='block_1_35' title="bbox 379 1869 1952 1952">
    <p class='ocr_par' dir='ltr' id='par_1_35' title="bbox 379 1869 1952 1952">
     <span class='ocr_line' id='line_1_35' title="bbox 379 1869 1952 1952; baseline 0.011 -31"><span class='ocrx_word' id='word_1_233' title='bbox 379 1869 546 1924; x_wconf 87' lang='lat' dir='ltr'><strong>titatis</strong></span> <span class='ocrx_word' id='word_1_234' title='bbox 587 1871 654 1924; x_wconf 86' lang='lat' dir='ltr'><strong>sit</strong></span> <span class='ocrx_word' id='word_1_235' title='bbox 700 1880 755 1925; x_wconf 92' lang='lat' dir='ltr'><strong>ct</strong></span> <span class='ocrx_word' id='word_1_236' title='bbox 782 1874 986 1942; x_wconf 85' lang='lat' dir='ltr'><strong>quanti,</strong></span> <span class='ocrx_word' id='word_1_237' title='bbox 1034 1876 1144 1944; x_wconf 89' lang='lat' dir='ltr'><strong>ipsa</strong></span> <span class='ocrx_word' id='word_1_238' title='bbox 1189 1891 1315 1934; x_wconf 80' lang='lat' dir='ltr'><strong>vero</strong></span> <span class='ocrx_word' id='word_1_239' title='bbox 1341 1881 1616 1948; x_wconf 85' lang='lat' dir='ltr'><strong>quantitas</strong></span> <span class='ocrx_word' id='word_1_240' title='bbox 1655 1897 1749 1938; x_wconf 88' lang='lat' dir='ltr'><strong>seu</strong></span> <span class='ocrx_word' id='word_1_241' title='bbox 1779 1899 1952 1952; x_wconf 83' lang='lat' dir='ltr'><strong>quan-</strong></span> 
     </span>
    </p>
   </div>
   <div class='ocr_carea' id='block_1_36' title="bbox 379 1964 1954 2033">
    <p class='ocr_par' dir='ltr' id='par_1_36' title="bbox 379 1964 1954 2033">
     <span class='ocr_line' id='line_1_36' title="bbox 379 1964 1954 2033; baseline 0.012 -19"><span class='ocrx_word' id='word_1_242' title='bbox 379 1971 503 2027; x_wconf 31' lang='lat' dir='ltr'><strong>tum,</strong></span> <span class='ocrx_word' id='word_1_243' title='bbox 545 1964 847 2019; x_wconf 86' lang='lat' dir='ltr'><strong>accidentia</strong></span> <span class='ocrx_word' id='word_1_244' title='bbox 896 1966 1006 2020; x_wconf 91' lang='lat' dir='ltr'><strong>sint</strong></span> <span class='ocrx_word' id='word_1_245' title='bbox 1067 1969 1248 2022; x_wconf 80' lang='lat' dir='ltr'><strong>ousiae</strong></span> <span class='ocrx_word' id='word_1_246' title='bbox 1295 1985 1315 2023; x_wconf 90' lang='lat'><strong><em>:</em></strong></span> <span class='ocrx_word' id='word_1_247' title='bbox 1361 1987 1538 2027; x_wconf 90' lang='lat' dir='ltr'><strong>nonne</strong></span> <span class='ocrx_word' id='word_1_248' title='bbox 1586 1973 1706 2030; x_wconf 90' lang='lat' dir='ltr'><strong>luce</strong></span> <span class='ocrx_word' id='word_1_249' title='bbox 1758 1975 1954 2033; x_wconf 86' lang='lat' dir='ltr'><strong>clarius</strong></span> 
     </span>
    </p>
   </div>
   <div class='ocr_carea' id='block_1_37' title="bbox 375 2049 1954 2129">
    <p class='ocr_par' dir='ltr' id='par_1_37' title="bbox 375 2049 1954 2129">
     <span class='ocr_line' id='line_1_37' title="bbox 375 2049 1954 2129; baseline 0.01 -23"><span class='ocrx_word' id='word_1_250' title='bbox 375 2059 482 2117; x_wconf 80' lang='lat' dir='ltr'><strong>est,</strong></span> <span class='ocrx_word' id='word_1_251' title='bbox 511 2049 668 2107; x_wconf 77' lang='lat' dir='ltr'><strong>aliam</strong></span> <span class='ocrx_word' id='word_1_252' title='bbox 691 2067 810 2108; x_wconf 86' lang='lat' dir='ltr'><strong>esse</strong></span> <span class='ocrx_word' id='word_1_253' title='bbox 842 2054 1090 2119; x_wconf 74' lang='lat' dir='ltr'><strong>formam,</strong></span> <span class='ocrx_word' id='word_1_254' title='bbox 1118 2072 1257 2126; x_wconf 87' lang='lat' dir='ltr'><strong>quae</strong></span> <span class='ocrx_word' id='word_1_255' title='bbox 1310 2058 1363 2113; x_wconf 90' lang='lat' dir='ltr'><strong>iu</strong></span> <span class='ocrx_word' id='word_1_256' title='bbox 1395 2060 1511 2129; x_wconf 86' lang='lat' dir='ltr'><strong>ipsa</strong></span> <span class='ocrx_word' id='word_1_257' title='bbox 1544 2064 1713 2129; x_wconf 75' lang='grc' dir='ltr'><strong>οὐσία,</strong></span> <span class='ocrx_word' id='word_1_258' title='bbox 1753 2081 1858 2120; x_wconf 88' lang='lat' dir='ltr'><strong>non</strong></span> <span class='ocrx_word' id='word_1_259' title='bbox 1895 2075 1954 2122; x_wconf 88' lang='lat' dir='ltr'><strong>ut</strong></span> 
     </span>
    </p>
   </div>
   <div class='ocr_carea' id='block_1_38' title="bbox 376 2144 1951 2227">
    <p class='ocr_par' dir='ltr' id='par_1_38' title="bbox 376 2144 1951 2227">
     <span class='ocr_line' id='line_1_38' title="bbox 376 2144 1951 2227; baseline 0.011 -32"><span class='ocrx_word' id='word_1_260' title='bbox 376 2144 649 2208; x_wconf 79' lang='lat' dir='ltr'><strong>accidens,</strong></span> <span class='ocrx_word' id='word_1_261' title='bbox 703 2146 796 2201; x_wconf 84' lang='lat' dir='ltr'><strong>sed</strong></span> <span class='ocrx_word' id='word_1_262' title='bbox 845 2156 905 2202; x_wconf 90' lang='lat' dir='ltr'><strong>ut</strong></span> <span class='ocrx_word' id='word_1_263' title='bbox 959 2147 1234 2217; x_wconf 67' lang='lat' dir='ltr'><strong>idipsum‘</strong></span> <span class='ocrx_word' id='word_1_264' title='bbox 1283 2153 1355 2217; x_wconf 90' lang='lat' dir='ltr'><strong>ei,</strong></span> <span class='ocrx_word' id='word_1_265' title='bbox 1398 2156 1742 2226; x_wconf 82' lang='lat' dir='ltr'><strong>prospicitur,</strong></span> <span class='ocrx_word' id='word_1_266' title='bbox 1770 2158 1951 2227; x_wconf 87' lang='lat' dir='ltr'><strong>aliam,</strong></span> 
     </span>
    </p>
   </div>
   <div class='ocr_carea' id='block_1_39' title="bbox 372 2235 1951 2317">
    <p class='ocr_par' dir='ltr' id='par_1_39' title="bbox 372 2235 1951 2317">
     <span class='ocr_line' id='line_1_39' title="bbox 372 2235 1951 2317; baseline 0.013 -33"><span class='ocrx_word' id='word_1_267' title='bbox 372 2246 514 2301; x_wconf 76' lang='lat' dir='ltr'><strong>quae</strong></span> <span class='ocrx_word' id='word_1_268' title='bbox 555 2247 620 2287; x_wconf 86' lang='lat' dir='ltr'><strong>ex</strong></span> <span class='ocrx_word' id='word_1_269' title='bbox 665 2235 922 2302; x_wconf 81' lang='lat' dir='ltr'><strong>qualitate</strong></span> <span class='ocrx_word' id='word_1_270' title='bbox 965 2238 1251 2306; x_wconf 80' lang='lat' dir='ltr'><strong>quantitati</strong></span> <span class='ocrx_word' id='word_1_271' title='bbox 1296 2242 1551 2312; x_wconf 88' lang='lat' dir='ltr'><strong>adjuncta</strong></span> <span class='ocrx_word' id='word_1_272' title='bbox 1589 2261 1784 2317; x_wconf 88' lang='lat' dir='ltr'><strong>corpus</strong></span> <span class='ocrx_word' id='word_1_273' title='bbox 1834 2248 1951 2304; x_wconf 77' lang='lat' dir='ltr'><strong>eili-</strong></span> 
     </span>
    </p>
   </div>
   <div class='ocr_carea' id='block_1_40' title="bbox 373 2324 1954 2403">
    <p class='ocr_par' dir='ltr' id='par_1_40' title="bbox 373 2324 1954 2403">
     <span class='ocr_line' id='line_1_40' title="bbox 373 2324 1954 2403; baseline 0.012 -27"><span class='ocrx_word' id='word_1_274' title='bbox 373 2324 449 2378; x_wconf 89' lang='lat' dir='ltr'><strong>cit</strong></span> <span class='ocrx_word' id='word_1_275' title='bbox 476 2324 808 2394; x_wconf 71' lang='lat' dir='ltr'><strong>perfectum?</strong></span> <span class='ocrx_word' id='word_1_276' title='bbox 854 2326 1002 2383; x_wconf 87' lang='lat' dir='ltr'><strong>Dtsc.</strong></span> <span class='ocrx_word' id='word_1_277' title='bbox 1040 2328 1159 2385; x_wconf 70' lang='lat' dir='ltr'><strong>1am</strong></span> <span class='ocrx_word' id='word_1_278' title='bbox 1204 2332 1383 2399; x_wconf 76' lang='lat' dir='ltr'><strong>video,</strong></span> <span class='ocrx_word' id='word_1_279' title='bbox 1420 2350 1527 2403; x_wconf 90' lang='lat' dir='ltr'><strong>quo</strong></span> <span class='ocrx_word' id='word_1_280' title='bbox 1572 2337 1764 2392; x_wconf 85' lang='lat' dir='ltr'><strong>tendis.</strong></span> <span class='ocrx_word' id='word_1_281' title='bbox 1809 2337 1954 2395; x_wconf 60' lang='lat' dir='ltr'><strong>alia.</strong></span> 
     </span>
    </p>
   </div>
   <div class='ocr_carea' id='block_1_41' title="bbox 378 2418 1954 2491">
    <p class='ocr_par' dir='ltr' id='par_1_41' title="bbox 378 2418 1954 2491">
     <span class='ocr_line' id='line_1_41' title="bbox 378 2418 1954 2491; baseline 0.011 -19"><span class='ocrx_word' id='word_1_282' title='bbox 378 2418 650 2487; x_wconf 74' lang='lat' dir='ltr'><strong>Putasne,</strong></span> <span class='ocrx_word' id='word_1_283' title='bbox 705 2437 793 2479; x_wconf 90' lang='lat' dir='ltr'><strong>me</strong></span> <span class='ocrx_word' id='word_1_284' title='bbox 839 2423 975 2479; x_wconf 76' lang='lat' dir='ltr'><strong>velle</strong></span> <span class='ocrx_word' id='word_1_285' title='bbox 1024 2426 1256 2482; x_wconf 75' lang='lat' dir='ltr'><strong>formam</strong></span> <span class='ocrx_word' id='word_1_286' title='bbox 1299 2431 1639 2486; x_wconf 82' lang='lat' dir='ltr'><strong>essentialem</strong></span> <span class='ocrx_word' id='word_1_287' title='bbox 1693 2434 1954 2491; x_wconf 88' lang='lat' dir='ltr'><strong>materiae</strong></span> 
     </span>
    </p>
   </div>
   <div class='ocr_carea' id='block_1_42' title="bbox 374 2509 1954 2595">
    <p class='ocr_par' dir='ltr' id='par_1_42' title="bbox 374 2509 1954 2595">
     <span class='ocr_line' id='line_1_42' title="bbox 374 2509 1954 2595; baseline 0.011 -32"><span class='ocrx_word' id='word_1_288' title='bbox 374 2509 677 2579; x_wconf 82' lang='lat' dir='ltr'><strong>udjunctam</strong></span> <span class='ocrx_word' id='word_1_289' title='bbox 708 2514 958 2571; x_wconf 87' lang='lat' dir='ltr'><strong>naturale</strong></span> <span class='ocrx_word' id='word_1_290' title='bbox 985 2530 1179 2587; x_wconf 88' lang='lat' dir='ltr'><strong>corpus</strong></span> <span class='ocrx_word' id='word_1_291' title='bbox 1203 2519 1446 2575; x_wconf 71' lang='lat' dir='ltr'><strong>edicere?</strong></span> <span class='ocrx_word' id='word_1_292' title='bbox 1494 2522 1639 2578; x_wconf 85' lang='lat' dir='ltr'><strong>Dtsc.</strong></span> <span class='ocrx_word' id='word_1_293' title='bbox 1660 2522 1740 2578; x_wconf 86' lang='lat' dir='ltr'><strong>Ne</strong></span> <span class='ocrx_word' id='word_1_294' title='bbox 1761 2524 1813 2579; x_wconf 89' lang='lat' dir='ltr'><strong>id</strong></span> <span class='ocrx_word' id='word_1_295' title='bbox 1836 2526 1954 2595; x_wconf 79' lang='lat' dir='ltr'><strong>qui-</strong></span> 
     </span>
    </p>
   </div>
   <div class='ocr_carea' id='block_1_43' title="bbox 372 2603 1950 2687">
    <p class='ocr_par' dir='ltr' id='par_1_43' title="bbox 372 2603 1950 2687">
     <span class='ocr_line' id='line_1_43' title="bbox 372 2603 1950 2687; baseline 0.016 -36"><span class='ocrx_word' id='word_1_296' title='bbox 372 2604 527 2668; x_wconf 85' lang='lat' dir='ltr'><strong>dem;</strong></span> <span class='ocrx_word' id='word_1_297' title='bbox 562 2603 724 2661; x_wconf 88' lang='lat' dir='ltr'><strong>immo</strong></span> <span class='ocrx_word' id='word_1_298' title='bbox 747 2621 873 2662; x_wconf 82' lang='lat' dir='ltr'><strong>vero</strong></span> <span class='ocrx_word' id='word_1_299' title='bbox 894 2609 1036 2665; x_wconf 85' lang='lat' dir='ltr'><strong>nolle</strong></span> <span class='ocrx_word' id='word_1_300' title='bbox 1066 2619 1116 2666; x_wconf 93' lang='lat' dir='ltr'><strong>te</strong></span> <span class='ocrx_word' id='word_1_301' title='bbox 1141 2612 1315 2667; x_wconf 87' lang='lat' dir='ltr'><strong>video.</strong></span> <span class='ocrx_word' id='word_1_302' title='bbox 1372 2614 1510 2672; x_wconf 65' lang='lat' dir='ltr'><strong>Mss.</strong></span> <span class='ocrx_word' id='word_1_303' title='bbox 1561 2617 1675 2683; x_wconf 84' lang='lat' dir='ltr'><strong>Dic,</strong></span> <span class='ocrx_word' id='word_1_304' title='bbox 1727 2633 1950 2687; x_wconf 83' lang='lat' dir='ltr'><strong>quaeso,</strong></span> 
     </span>
    </p>
   </div>
   <div class='ocr_carea' id='block_1_44' title="bbox 376 2696 1951 2777">
    <p class='ocr_par' dir='ltr' id='par_1_44' title="bbox 376 2696 1951 2777">
     <span class='ocr_line' id='line_1_44' title="bbox 376 2696 1951 2777; baseline 0.01 -30"><span class='ocrx_word' id='word_1_305' title='bbox 376 2696 685 2763; x_wconf 83' lang='lat' dir='ltr'><strong>quomodo?</strong></span> <span class='ocrx_word' id='word_1_306' title='bbox 718 2696 861 2753; x_wconf 76' lang='lat' dir='ltr'><strong>DISC.</strong></span> <span class='ocrx_word' id='word_1_307' title='bbox 894 2698 973 2754; x_wconf 73' lang='lat' dir='ltr'><strong>Ex</strong></span> <span class='ocrx_word' id='word_1_308' title='bbox 999 2702 1276 2771; x_wconf 86' lang='lat' dir='ltr'><strong>praedicta</strong></span> <span class='ocrx_word' id='word_1_309' title='bbox 1302 2702 1597 2763; x_wconf 78' lang='lat' dir='ltr'><strong>formarum</strong></span> <span class='ocrx_word' id='word_1_310' title='bbox 1622 2707 1951 2777; x_wconf 79' lang='lat' dir='ltr'><strong>diﬂ‘erentia,</strong></span> 
     </span>
    </p>
   </div>
   <div class='ocr_carea' id='block_1_45' title="bbox 375 2782 1951 2864">
    <p class='ocr_par' dir='ltr' id='par_1_45' title="bbox 375 2782 1951 2864">
     <span class='ocr_line' id='line_1_45' title="bbox 375 2782 1951 2864; baseline 0.013 -31"><span class='ocrx_word' id='word_1_311' title='bbox 375 2782 653 2837; x_wconf 78' lang='lat' dir='ltr'><strong>ousiudum</strong></span> <span class='ocrx_word' id='word_1_312' title='bbox 703 2785 910 2842; x_wconf 83' lang='lat' dir='ltr'><strong>scilicet</strong></span> <span class='ocrx_word' id='word_1_313' title='bbox 955 2788 1523 2864; x_wconf 80' lang='lat' dir='ltr'><strong>qualitativarumque,</strong></span> <span class='ocrx_word' id='word_1_314' title='bbox 1572 2796 1771 2852; x_wconf 78' lang='lat' dir='ltr'><strong>videris</strong></span> <span class='ocrx_word' id='word_1_315' title='bbox 1817 2798 1951 2854; x_wconf 87' lang='lat' dir='ltr'><strong>mihi</strong></span> 
     </span>
    </p>
   </div>
   <div class='ocr_carea' id='block_1_46' title="bbox 376 2872 1951 2959">
    <p class='ocr_par' dir='ltr' id='par_1_46' title="bbox 376 2872 1951 2959">
     <span class='ocr_line' id='line_1_46' title="bbox 376 2872 1951 2959; baseline 0.01 -30"><span class='ocrx_word' id='word_1_316' title='bbox 376 2886 483 2929; x_wconf 75' lang='lat' dir='ltr'><strong>non</strong></span> <span class='ocrx_word' id='word_1_317' title='bbox 515 2872 660 2929; x_wconf 87' lang='lat' dir='ltr'><strong>aliud</strong></span> <span class='ocrx_word' id='word_1_318' title='bbox 703 2876 951 2944; x_wconf 87' lang='lat' dir='ltr'><strong>suadere,</strong></span> <span class='ocrx_word' id='word_1_319' title='bbox 981 2879 1080 2936; x_wconf 83' lang='lat' dir='ltr'><strong>nisi</strong></span> <span class='ocrx_word' id='word_1_320' title='bbox 1109 2895 1232 2936; x_wconf 88' lang='lat' dir='ltr'><strong>eam</strong></span> <span class='ocrx_word' id='word_1_321' title='bbox 1280 2883 1537 2951; x_wconf 81' lang='lat' dir='ltr'><strong>formam,</strong></span> <span class='ocrx_word' id='word_1_322' title='bbox 1559 2902 1699 2956; x_wconf 87' lang='lat' dir='ltr'><strong>quae</strong></span> <span class='ocrx_word' id='word_1_323' title='bbox 1741 2890 1951 2959; x_wconf 87' lang='lat' dir='ltr'><strong>species</strong></span> 
     </span>
    </p>
   </div>
   <div class='ocr_carea' id='block_1_47' title="bbox 372 2963 1946 3048">
    <p class='ocr_par' dir='ltr' id='par_1_47' title="bbox 372 2963 1946 3048">
     <span class='ocr_line' id='line_1_47' title="bbox 372 2963 1946 3048; baseline 0.012 -34"><span class='ocrx_word' id='word_1_324' title='bbox 372 2963 653 3031; x_wconf 79' lang='lat' dir='ltr'><strong>qualitatis</strong></span> <span class='ocrx_word' id='word_1_325' title='bbox 698 2974 807 3032; x_wconf 84' lang='lat' dir='ltr'><strong>est,</strong></span> <span class='ocrx_word' id='word_1_326' title='bbox 856 2971 1116 3026; x_wconf 85' lang='lat' dir='ltr'><strong>materiae</strong></span> <span class='ocrx_word' id='word_1_327' title='bbox 1140 2975 1542 3043; x_wconf 85' lang='lat' dir='ltr'><strong>superadditam</strong></span> <span class='ocrx_word' id='word_1_328' title='bbox 1591 2993 1810 3048; x_wconf 87' lang='lat' dir='ltr'><strong>corpus,</strong></span> <span class='ocrx_word' id='word_1_329' title='bbox 1859 2978 1946 3035; x_wconf 90' lang='lat' dir='ltr'><strong>cui</strong></span> 
     </span>
    </p>
   </div>
   <div class='ocr_carea' id='block_1_48' title="bbox 373 3057 1945 3131">
    <p class='ocr_par' dir='ltr' id='par_1_48' title="bbox 373 3057 1945 3131">
     <span class='ocr_line' id='line_1_48' title="bbox 373 3057 1945 3131; baseline 0.011 -20"><span class='ocrx_word' id='word_1_330' title='bbox 373 3057 531 3112; x_wconf 72' lang='lat' dir='ltr'><strong>nimia</strong></span> <span class='ocrx_word' id='word_1_331' title='bbox 562 3058 831 3126; x_wconf 87' lang='lat' dir='ltr'><strong>subsistit,</strong></span> <span class='ocrx_word' id='word_1_332' title='bbox 872 3061 1151 3131; x_wconf 76' lang='lat' dir='ltr'><strong>perlicere.</strong></span> <span class='ocrx_word' id='word_1_333' title='bbox 1183 3064 1329 3122; x_wconf 86' lang='lat' dir='ltr'><strong>Haec</strong></span> <span class='ocrx_word' id='word_1_334' title='bbox 1373 3069 1572 3125; x_wconf 89' lang='lat' dir='ltr'><strong>etenim</strong></span> <span class='ocrx_word' id='word_1_335' title='bbox 1614 3072 1718 3126; x_wconf 88' lang='lat' dir='ltr'><strong>tria</strong></span> <span class='ocrx_word' id='word_1_336' title='bbox 1751 3071 1802 3125; x_wconf 89' lang='lat' dir='ltr'><strong>iu</strong></span> <span class='ocrx_word' id='word_1_337' title='bbox 1830 3088 1945 3127; x_wconf 84' lang='lat' dir='ltr'><strong>om-</strong></span> 
     </span>
    </p>
   </div>
   <div class='ocr_carea' id='block_1_49' title="bbox 372 3128 2020 3229">
    <p class='ocr_par' dir='ltr' id='par_1_49' title="bbox 372 3128 2020 3229">
     <span class='ocr_line' id='line_1_49' title="bbox 372 3128 2020 3229; baseline 0.011 -27"><span class='ocrx_word' id='word_1_338' title='bbox 372 3147 534 3203; x_wconf 87' lang='lat' dir='ltr'><strong>uibus</strong></span> <span class='ocrx_word' id='word_1_339' title='bbox 589 3128 925 3207; x_wconf 77' lang='lat' dir='ltr'><strong>naturalibus</strong></span> <span class='ocrx_word' id='word_1_340' title='bbox 984 3152 1343 3223; x_wconf 86' lang='lat' dir='ltr'><strong>inspiciuntur</strong></span> <span class='ocrx_word' id='word_1_341' title='bbox 1394 3128 2020 3229; x_wconf 55' lang='lat' dir='ltr'><strong>corporibusnsieimc</strong></span> 
     </span>
    </p>
   </div>
   <div class='ocr_carea' id='block_1_50' title="bbox 372 3237 1948 3321">
    <p class='ocr_par' dir='ltr' id='par_1_50' title="bbox 372 3237 1948 3321">
     <span class='ocr_line' id='line_1_50' title="bbox 372 3237 1948 3321; baseline 0.016 -36"><span class='ocrx_word' id='word_1_342' title='bbox 372 3237 671 3304; x_wconf 78' lang='lat' dir='ltr'><strong>quantitas,</strong></span> <span class='ocrx_word' id='word_1_343' title='bbox 695 3239 946 3309; x_wconf 85' lang='lat' dir='ltr'><strong>qualitas.</strong></span> <span class='ocrx_word' id='word_1_344' title='bbox 973 3242 1078 3299; x_wconf 88' lang='lat' dir='ltr'><strong>Sed</strong></span> <span class='ocrx_word' id='word_1_345' title='bbox 1101 3247 1255 3303; x_wconf 70' lang='grc' dir='ltr'><strong>οὐσία</strong></span> <span class='ocrx_word' id='word_1_346' title='bbox 1291 3247 1408 3305; x_wconf 89' lang='lat' dir='ltr'><strong>solo</strong></span> <span class='ocrx_word' id='word_1_347' title='bbox 1435 3264 1648 3321; x_wconf 88' lang='lat' dir='ltr'><strong>semper</strong></span> <span class='ocrx_word' id='word_1_348' title='bbox 1674 3252 1948 3310; x_wconf 89' lang='lat' dir='ltr'><strong>intellectu</strong></span> 
     </span>
    </p>
   </div>
   <div class='ocr_carea' id='block_1_51' title="bbox 368 3327 1949 3411">
    <p class='ocr_par' dir='ltr' id='par_1_51' title="bbox 368 3327 1949 3411">
     <span class='ocr_line' id='line_1_51' title="bbox 368 3327 1949 3411; baseline 0.012 -32"><span class='ocrx_word' id='word_1_349' title='bbox 368 3327 645 3395; x_wconf 83' lang='lat' dir='ltr'><strong>cernitur;</strong></span> <span class='ocrx_word' id='word_1_350' title='bbox 669 3330 722 3384; x_wconf 93' lang='lat' dir='ltr'><strong>in</strong></span> <span class='ocrx_word' id='word_1_351' title='bbox 746 3331 890 3386; x_wconf 89' lang='lat' dir='ltr'><strong>nullo</strong></span> <span class='ocrx_word' id='word_1_352' title='bbox 914 3332 1058 3388; x_wconf 89' lang='lat' dir='ltr'><strong>enim</strong></span> <span class='ocrx_word' id='word_1_353' title='bbox 1083 3334 1367 3393; x_wconf 75' lang='lat' dir='ltr'><strong>t&#39;isibiliter</strong></span> <span class='ocrx_word' id='word_1_354' title='bbox 1387 3350 1631 3411; x_wconf 88' lang='lat' dir='ltr'><strong>apparet.</strong></span> <span class='ocrx_word' id='word_1_355' title='bbox 1662 3341 1949 3409; x_wconf 86' lang='lat' dir='ltr'><strong>Quantitas</strong></span> 
     </span>
    </p>
   </div>
   <div class='ocr_carea' id='block_1_52' title="bbox 364 3420 1944 3511">
    <p class='ocr_par' dir='ltr' id='par_1_52' title="bbox 364 3420 1944 3511">
     <span class='ocr_line' id='line_1_52' title="bbox 364 3420 1944 3511; baseline 0.014 -42"><span class='ocrx_word' id='word_1_356' title='bbox 364 3429 504 3472; x_wconf 68' lang='lat' dir='ltr'><strong>Vero</strong></span> <span class='ocrx_word' id='word_1_357' title='bbox 537 3426 593 3472; x_wconf 90' lang='lat' dir='ltr'><strong>et</strong></span> <span class='ocrx_word' id='word_1_358' title='bbox 611 3420 844 3487; x_wconf 90' lang='lat' dir='ltr'><strong>qualitas</strong></span> <span class='ocrx_word' id='word_1_359' title='bbox 901 3421 974 3476; x_wconf 90' lang='lat' dir='ltr'><strong>ita</strong></span> <span class='ocrx_word' id='word_1_360' title='bbox 1002 3424 1342 3485; x_wconf 79' lang='lat' dir='ltr'><strong>invisibiliter</strong></span> <span class='ocrx_word' id='word_1_361' title='bbox 1363 3432 1568 3487; x_wconf 88' lang='lat' dir='ltr'><strong>suntin</strong></span> <span class='ocrx_word' id='word_1_362' title='bbox 1595 3435 1768 3511; x_wconf 77' lang='grc' dir='ltr'><strong>οὐσίᾳ,</strong></span> <span class='ocrx_word' id='word_1_363' title='bbox 1807 3437 1944 3492; x_wconf 90' lang='lat' dir='ltr'><strong>utin</strong></span> 
     </span>
    </p>
   </div>
   <div class='ocr_carea' id='block_1_53' title="bbox 368 3509 1945 3596">
    <p class='ocr_par' dir='ltr' id='par_1_53' title="bbox 368 3509 1945 3596">
     <span class='ocr_line' id='line_1_53' title="bbox 368 3509 1945 3596; baseline 0.016 -39"><span class='ocrx_word' id='word_1_364' title='bbox 368 3516 630 3596; x_wconf 78' lang='lat' dir='ltr'><strong>quantum</strong></span> <span class='ocrx_word' id='word_1_365' title='bbox 652 3518 708 3565; x_wconf 85' lang='lat' dir='ltr'><strong>et</strong></span> <span class='ocrx_word' id='word_1_366' title='bbox 729 3509 887 3579; x_wconf 86' lang='lat' dir='ltr'><strong>quale</strong></span> <span class='ocrx_word' id='word_1_367' title='bbox 915 3513 1198 3571; x_wconf 81' lang='lat' dir='ltr'><strong>visibiliter</strong></span> <span class='ocrx_word' id='word_1_368' title='bbox 1237 3531 1541 3590; x_wconf 88' lang='lat' dir='ltr'><strong>erumpant,</strong></span> <span class='ocrx_word' id='word_1_369' title='bbox 1573 3524 1699 3580; x_wconf 87' lang='lat' dir='ltr'><strong>dum</strong></span> <span class='ocrx_word' id='word_1_370' title='bbox 1722 3509 1945 3596; x_wconf 81' lang='lat' dir='ltr'><strong>corpus</strong></span> 
     </span>
    </p>
   </div>
   <div class='ocr_carea' id='block_1_54' title="bbox 366 3594 1942 3679">
    <p class='ocr_par' dir='ltr' id='par_1_54' title="bbox 366 3594 1942 3679">
     <span class='ocr_line' id='line_1_54' title="bbox 366 3594 1942 3679; baseline 0.015 -32"><span class='ocrx_word' id='word_1_371' title='bbox 366 3594 621 3650; x_wconf 83' lang='lat' dir='ltr'><strong>sensibile</strong></span> <span class='ocrx_word' id='word_1_372' title='bbox 646 3596 788 3654; x_wconf 85' lang='lat' dir='ltr'><strong>inter</strong></span> <span class='ocrx_word' id='word_1_373' title='bbox 838 3615 898 3656; x_wconf 87' lang='lat' dir='ltr'><strong>se</strong></span> <span class='ocrx_word' id='word_1_374' title='bbox 942 3601 1258 3672; x_wconf 87' lang='lat' dir='ltr'><strong>conjunctae</strong></span> <span class='ocrx_word' id='word_1_375' title='bbox 1285 3621 1633 3679; x_wconf 88' lang='lat' dir='ltr'><strong>componunt.</strong></span> <span class='ocrx_word' id='word_1_376' title='bbox 1684 3612 1740 3667; x_wconf 91' lang='lat' dir='ltr'><strong>Si</strong></span> <span class='ocrx_word' id='word_1_377' title='bbox 1797 3594 1942 3671; x_wconf 78' lang='lat' dir='ltr'><strong>enim</strong></span> 
     </span>
    </p>
   </div>
   <div class='ocr_carea' id='block_1_55' title="bbox 363 3682 1942 3765">
    <p class='ocr_par' dir='ltr' id='par_1_55' title="bbox 363 3682 1942 3765">
     <span class='ocr_line' id='line_1_55' title="bbox 363 3682 1942 3765; baseline 0.015 -30"><span class='ocrx_word' id='word_1_378' title='bbox 363 3682 747 3751; x_wconf 72' lang='lat' dir='ltr'><strong>geometricum</strong></span> <span class='ocrx_word' id='word_1_379' title='bbox 795 3701 1014 3758; x_wconf 85' lang='lat' dir='ltr'><strong>corpus,</strong></span> <span class='ocrx_word' id='word_1_380' title='bbox 1060 3691 1148 3746; x_wconf 89' lang='lat' dir='ltr'><strong>cui</strong></span> <span class='ocrx_word' id='word_1_381' title='bbox 1197 3694 1342 3750; x_wconf 89' lang='lat' dir='ltr'><strong>nulla</strong></span> <span class='ocrx_word' id='word_1_382' title='bbox 1391 3697 1578 3753; x_wconf 68' lang='lat' dir='ltr'><strong>subest</strong></span> <span class='ocrx_word' id='word_1_383' title='bbox 1625 3702 1794 3765; x_wconf 78' lang='grc' dir='ltr'><strong>οὐσία.</strong></span> <span class='ocrx_word' id='word_1_384' title='bbox 1828 3704 1942 3758; x_wconf 88' lang='lat' dir='ltr'><strong>sola</strong></span> 
     </span>
    </p>
   </div>
   <div class='ocr_carea' id='block_1_56' title="bbox 365 3770 1943 3863">
    <p class='ocr_par' dir='ltr' id='par_1_56' title="bbox 365 3770 1943 3863">
     <span class='ocr_line' id='line_1_56' title="bbox 365 3770 1943 3863; baseline 0.018 -42"><span class='ocrx_word' id='word_1_385' title='bbox 365 3770 671 3837; x_wconf 55' lang='lat' dir='ltr'><strong>quantitate</strong></span> <span class='ocrx_word' id='word_1_386' title='bbox 720 3776 1056 3846; x_wconf 84' lang='lat' dir='ltr'><strong>spatiorum,</strong></span> <span class='ocrx_word' id='word_1_387' title='bbox 1117 3782 1509 3857; x_wconf 86' lang='lat' dir='ltr'><strong>liuearumque,</strong></span> <span class='ocrx_word' id='word_1_388' title='bbox 1559 3790 1943 3863; x_wconf 83' lang='lat' dir='ltr'><strong>qualitatisque</strong></span> 
     </span>
    </p>
   </div>
   <div class='ocr_carea' id='block_1_57' title="bbox 362 3869 1945 3946">
    <p class='ocr_par' dir='ltr' id='par_1_57' title="bbox 362 3869 1945 3946">
     <span class='ocr_line' id='line_1_57' title="bbox 362 3869 1945 3946; baseline 0.021 -33"><span class='ocrx_word' id='word_1_389' title='bbox 362 3869 558 3929; x_wconf 77' lang='lat' dir='ltr'><strong>turma,</strong></span> <span class='ocrx_word' id='word_1_390' title='bbox 589 3881 730 3938; x_wconf 87' lang='lat' dir='ltr'><strong>quae</strong></span> <span class='ocrx_word' id='word_1_391' title='bbox 772 3870 941 3940; x_wconf 79' lang='lat' dir='ltr'><strong>ﬁgura</strong></span> <span class='ocrx_word' id='word_1_392' title='bbox 994 3874 1212 3943; x_wconf 86' lang='lat' dir='ltr'><strong>dicitur,</strong></span> <span class='ocrx_word' id='word_1_393' title='bbox 1261 3882 1655 3940; x_wconf 75' lang='lat' dir='ltr'><strong>rationabiliter</strong></span> <span class='ocrx_word' id='word_1_394' title='bbox 1691 3897 1945 3946; x_wconf 76' lang='lat' dir='ltr'><strong>constare</strong></span> 
     </span>
    </p>
   </div>
   <div class='ocr_carea' id='block_1_58' title="bbox 366 3952 1944 4036">
    <p class='ocr_par' dir='ltr' id='par_1_58' title="bbox 366 3952 1944 4036">
     <span class='ocr_line' id='line_1_58' title="bbox 366 3952 1944 4036; baseline 0.018 -29"><span class='ocrx_word' id='word_1_395' title='bbox 366 3952 624 4020; x_wconf 82' lang='lat' dir='ltr'><strong>probatur</strong></span> <span class='ocrx_word' id='word_1_396' title='bbox 661 3976 675 4013; x_wconf 89' lang='lat'><strong>:</strong></span> <span class='ocrx_word' id='word_1_397' title='bbox 707 3963 836 4031; x_wconf 83' lang='lat' dir='ltr'><strong>quid</strong></span> <span class='ocrx_word' id='word_1_398' title='bbox 864 3962 1231 4034; x_wconf 86' lang='lat' dir='ltr'><strong>impedimenti</strong></span> <span class='ocrx_word' id='word_1_399' title='bbox 1255 3978 1358 4036; x_wconf 84' lang='lat' dir='ltr'><strong>est,</strong></span> <span class='ocrx_word' id='word_1_400' title='bbox 1389 3979 1450 4028; x_wconf 88' lang='lat' dir='ltr'><strong>ut</strong></span> <span class='ocrx_word' id='word_1_401' title='bbox 1473 3974 1719 4032; x_wconf 84' lang='lat' dir='ltr'><strong>naturale</strong></span> <span class='ocrx_word' id='word_1_402' title='bbox 1757 3977 1779 4010; x_wconf 85' lang='lat'><strong>&#39;</strong></span> <span class='ocrx_word' id='word_1_403' title='bbox 1825 3995 1944 4036; x_wconf 88' lang='lat' dir='ltr'><strong>cor-</strong></span> 
     </span>
    </p>
   </div>
   <div class='ocr_carea' id='block_1_59' title="bbox 361 4048 1941 4135">
    <p class='ocr_par' dir='ltr' id='par_1_59' title="bbox 361 4048 1941 4135">
     <span class='ocr_line' id='line_1_59' title="bbox 361 4048 1941 4135; baseline 0.017 -38"><span class='ocrx_word' id='word_1_404' title='bbox 361 4058 484 4112; x_wconf 84' lang='lat' dir='ltr'><strong>pus.</strong></span> <span class='ocrx_word' id='word_1_405' title='bbox 527 4048 614 4103; x_wconf 90' lang='lat' dir='ltr'><strong>cui</strong></span> <span class='ocrx_word' id='word_1_406' title='bbox 657 4050 825 4106; x_wconf 81' lang='lat' dir='ltr'><strong>virtus</strong></span> <span class='ocrx_word' id='word_1_407' title='bbox 865 4056 1047 4109; x_wconf 72' lang='lat' dir='ltr'><strong>curiae</strong></span> <span class='ocrx_word' id='word_1_408' title='bbox 1099 4057 1166 4111; x_wconf 91' lang='lat' dir='ltr'><strong>ad</strong></span> <span class='ocrx_word' id='word_1_409' title='bbox 1213 4063 1635 4128; x_wconf 89' lang='lat' dir='ltr'><strong>permanendum</strong></span> <span class='ocrx_word' id='word_1_410' title='bbox 1690 4066 1941 4135; x_wconf 88' lang='lat' dir='ltr'><strong>substat,</strong></span> 
     </span>
    </p>
   </div>
   <div class='ocr_carea' id='block_1_60' title="bbox 360 4145 1943 4230">
    <p class='ocr_par' dir='ltr' id='par_1_60' title="bbox 360 4145 1943 4230">
     <span class='ocr_line' id='line_1_60' title="bbox 360 4145 1943 4230; baseline 0.016 -41"><span class='ocrx_word' id='word_1_411' title='bbox 360 4145 621 4202; x_wconf 78' lang='lat' dir='ltr'><strong>quantum</strong></span> <span class='ocrx_word' id='word_1_412' title='bbox 652 4156 872 4199; x_wconf 83' lang='lat' dir='ltr'><strong>manere</strong></span> <span class='ocrx_word' id='word_1_413' title='bbox 916 4145 1077 4211; x_wconf 80' lang='lat' dir='ltr'><strong>valet,</strong></span> <span class='ocrx_word' id='word_1_414' title='bbox 1120 4163 1182 4203; x_wconf 90' lang='lat' dir='ltr'><strong>ea</strong></span> <span class='ocrx_word' id='word_1_415' title='bbox 1218 4149 1407 4216; x_wconf 78' lang='lat' dir='ltr'><strong>forma,</strong></span> <span class='ocrx_word' id='word_1_416' title='bbox 1460 4169 1601 4224; x_wconf 86' lang='lat' dir='ltr'><strong>quae</strong></span> <span class='ocrx_word' id='word_1_417' title='bbox 1638 4170 1703 4211; x_wconf 86' lang='lat' dir='ltr'><strong>ex</strong></span> <span class='ocrx_word' id='word_1_418' title='bbox 1767 4160 1943 4230; x_wconf 83' lang='lat' dir='ltr'><strong>quali-</strong></span> 
     </span>
    </p>
   </div>
   <div class='ocr_carea' id='block_1_61' title="bbox 362 4230 1942 4310">
    <p class='ocr_par' dir='ltr' id='par_1_61' title="bbox 362 4230 1942 4310">
     <span class='ocr_line' id='line_1_61' title="bbox 362 4230 1942 4310; baseline 0.018 -32"><span class='ocrx_word' id='word_1_419' title='bbox 362 4233 471 4281; x_wconf 81' lang='lat' dir='ltr'><strong>tate</strong></span> <span class='ocrx_word' id='word_1_420' title='bbox 497 4238 605 4294; x_wconf 89' lang='lat' dir='ltr'><strong>est,</strong></span> <span class='ocrx_word' id='word_1_421' title='bbox 637 4230 845 4299; x_wconf 74' lang='lat' dir='ltr'><strong>adjecta</strong></span> <span class='ocrx_word' id='word_1_422' title='bbox 870 4237 1177 4304; x_wconf 80' lang='lat' dir='ltr'><strong>quantitati.</strong></span> <span class='ocrx_word' id='word_1_423' title='bbox 1202 4255 1344 4310; x_wconf 87' lang='lat' dir='ltr'><strong>quae</strong></span> <span class='ocrx_word' id='word_1_424' title='bbox 1364 4258 1432 4298; x_wconf 72' lang='lat' dir='ltr'><strong>ex</strong></span> <span class='ocrx_word' id='word_1_425' title='bbox 1457 4248 1683 4302; x_wconf 85' lang='lat' dir='ltr'><strong>materia</strong></span> <span class='ocrx_word' id='word_1_426' title='bbox 1711 4251 1942 4306; x_wconf 89' lang='lat' dir='ltr'><strong>assumi-</strong></span> 
     </span>
    </p>
   </div>
   <div class='ocr_carea' id='block_1_62' title="bbox 359 4321 1942 4396">
    <p class='ocr_par' dir='ltr' id='par_1_62' title="bbox 359 4321 1942 4396">
     <span class='ocr_line' id='line_1_62' title="bbox 359 4321 1942 4396; baseline 0.018 -27"><span class='ocrx_word' id='word_1_427' title='bbox 359 4324 466 4383; x_wconf 85' lang='lat' dir='ltr'><strong>tur,</strong></span> <span class='ocrx_word' id='word_1_428' title='bbox 490 4321 671 4389; x_wconf 79' lang='lat' dir='ltr'><strong>periici</strong></span> <span class='ocrx_word' id='word_1_429' title='bbox 697 4341 803 4381; x_wconf 85' lang='lat' dir='ltr'><strong>non</strong></span> <span class='ocrx_word' id='word_1_430' title='bbox 829 4325 849 4357; x_wconf 84' lang='grc'><strong><em>⁸</em></strong></span> <span class='ocrx_word' id='word_1_431' title='bbox 875 4328 1155 4384; x_wconf 78' lang='lat' dir='ltr'><strong>dicamus?</strong></span> <span class='ocrx_word' id='word_1_432' title='bbox 1179 4331 1295 4389; x_wconf 82' lang='lat' dir='ltr'><strong>Non</strong></span> <span class='ocrx_word' id='word_1_433' title='bbox 1318 4335 1465 4391; x_wconf 83' lang='lat' dir='ltr'><strong>enim</strong></span> <span class='ocrx_word' id='word_1_434' title='bbox 1491 4337 1635 4393; x_wconf 69' lang='lat' dir='ltr'><strong>aliud</strong></span> <span class='ocrx_word' id='word_1_435' title='bbox 1650 4346 1701 4394; x_wconf 89' lang='lat' dir='ltr'><strong>te</strong></span> <span class='ocrx_word' id='word_1_436' title='bbox 1712 4341 1942 4396; x_wconf 79' lang='lat' dir='ltr'><strong>suadere</strong></span> 
     </span>
    </p>
   </div>
   <div class='ocr_carea' id='block_1_63' title="bbox 358 4410 1937 4497">
    <p class='ocr_par' dir='ltr' id='par_1_63' title="bbox 358 4410 1937 4497">
     <span class='ocr_line' id='line_1_63' title="bbox 358 4410 1937 4497; baseline 0.017 -36"><span class='ocrx_word' id='word_1_437' title='bbox 358 4410 606 4476; x_wconf 83' lang='lat' dir='ltr'><strong>aestimo,</strong></span> <span class='ocrx_word' id='word_1_438' title='bbox 667 4431 827 4483; x_wconf 88' lang='lat' dir='ltr'><strong>quam</strong></span> <span class='ocrx_word' id='word_1_439' title='bbox 880 4428 937 4473; x_wconf 92' lang='lat' dir='ltr'><strong>ut</strong></span> <span class='ocrx_word' id='word_1_440' title='bbox 986 4436 1405 4493; x_wconf 75' lang='lat' dir='ltr'><strong>cognoscamus,</strong></span> <span class='ocrx_word' id='word_1_441' title='bbox 1448 4437 1702 4497; x_wconf 88' lang='lat' dir='ltr'><strong>quattuor</strong></span> <span class='ocrx_word' id='word_1_442' title='bbox 1752 4432 1937 4488; x_wconf 87' lang='lat' dir='ltr'><strong>mundi</strong></span> 
     </span>
    </p>
   </div>
   <div class='ocr_carea' id='block_1_64' title="bbox 361 4496 1935 4588">
    <p class='ocr_par' dir='ltr' id='par_1_64' title="bbox 361 4496 1935 4588">
     <span class='ocr_line' id='line_1_64' title="bbox 361 4496 1935 4588; baseline 0.015 -36"><span class='ocrx_word' id='word_1_443' title='bbox 361 4496 519 4567; x_wconf 76' lang='lat' dir='ltr'><strong>hujus</strong></span> <span class='ocrx_word' id='word_1_444' title='bbox 559 4502 950 4562; x_wconf 72' lang='lat' dir='ltr'><strong>elementorum</strong></span> <span class='ocrx_word' id='word_1_445' title='bbox 974 4510 1027 4564; x_wconf 88' lang='lat' dir='ltr'><strong>in</strong></span> <span class='ocrx_word' id='word_1_446' title='bbox 1052 4528 1112 4568; x_wconf 89' lang='lat' dir='ltr'><strong>se</strong></span> <span class='ocrx_word' id='word_1_447' title='bbox 1140 4496 1662 4588; x_wconf 12' lang='lat' dir='ltr'><strong>iuvicemvconcursu</strong></span> <span class='ocrx_word' id='word_1_448' title='bbox 1689 4530 1935 4576; x_wconf 86' lang='lat' dir='ltr'><strong>contem-</strong></span> 
     </span>
    </p>
   </div>
   <div class='ocr_carea' id='block_1_65' title="bbox 353 4593 1932 4682">
    <p class='ocr_par' dir='ltr' id='par_1_65' title="bbox 353 4593 1932 4682">
     <span class='ocr_line' id='line_1_65' title="bbox 353 4593 1932 4682; baseline 0.017 -40"><span class='ocrx_word' id='word_1_449' title='bbox 353 4593 706 4682; x_wconf 85' lang='lat' dir='ltr'><strong>perantiaque</strong></span> <span class='ocrx_word' id='word_1_450' title='bbox 733 4600 1018 4657; x_wconf 84' lang='lat' dir='ltr'><strong>materiam</strong></span> <span class='ocrx_word' id='word_1_451' title='bbox 1063 4619 1353 4677; x_wconf 86' lang='lat' dir='ltr'><strong>corporum</strong></span> <span class='ocrx_word' id='word_1_452' title='bbox 1391 4608 1539 4675; x_wconf 78' lang='lat' dir='ltr'><strong>ﬁeri,</strong></span> <span class='ocrx_word' id='word_1_453' title='bbox 1591 4611 1678 4668; x_wconf 92' lang='lat' dir='ltr'><strong>cui</strong></span> <span class='ocrx_word' id='word_1_454' title='bbox 1723 4611 1932 4682; x_wconf 86' lang='lat' dir='ltr'><strong>adjecta</strong></span> 
     </span>
    </p>
   </div>
   <div class='ocr_carea' id='block_1_66' title="bbox 356 4681 1934 4774">
    <p class='ocr_par' dir='ltr' id='par_1_66' title="bbox 356 4681 1934 4774">
     <span class='ocr_line' id='line_1_66' title="bbox 356 4681 1934 4774; baseline 0.017 -40"><span class='ocrx_word' id='word_1_455' title='bbox 356 4681 717 4774; x_wconf 65' lang='lat' dir='ltr'><strong>qualicunque</strong></span> <span class='ocrx_word' id='word_1_456' title='bbox 766 4703 833 4745; x_wconf 80' lang='lat' dir='ltr'><strong>ex</strong></span> <span class='ocrx_word' id='word_1_457' title='bbox 880 4692 1142 4761; x_wconf 84' lang='lat' dir='ltr'><strong>qualitate</strong></span> <span class='ocrx_word' id='word_1_458' title='bbox 1188 4698 1361 4754; x_wconf 79' lang='lat' dir='ltr'><strong>forma</strong></span> <span class='ocrx_word' id='word_1_459' title='bbox 1389 4701 1688 4772; x_wconf 80' lang='lat' dir='ltr'><strong>perfectum</strong></span> <span class='ocrx_word' id='word_1_460' title='bbox 1735 4681 1934 4774; x_wconf 85' lang='lat' dir='ltr'><strong>corpus</strong></span> 
     </span>
    </p>
   </div>
   <div class='ocr_carea' id='block_1_67' title="bbox 351 4768 1931 4861">
    <p class='ocr_par' dir='ltr' id='par_1_67' title="bbox 351 4768 1931 4861">
     <span class='ocr_line' id='line_1_67' title="bbox 351 4768 1931 4861; baseline 0.018 -38"><span class='ocrx_word' id='word_1_461' title='bbox 351 4768 604 4829; x_wconf 76' lang='lat' dir='ltr'><strong>eﬂicitur.</strong></span> <span class='ocrx_word' id='word_1_462' title='bbox 628 4775 747 4832; x_wconf 80' lang='lat' dir='ltr'><strong>Non</strong></span> <span class='ocrx_word' id='word_1_463' title='bbox 777 4780 918 4837; x_wconf 88' lang='lat' dir='ltr'><strong>enim</strong></span> <span class='ocrx_word' id='word_1_464' title='bbox 966 4785 1098 4841; x_wconf 84' lang='lat' dir='ltr'><strong>mihi</strong></span> <span class='ocrx_word' id='word_1_465' title='bbox 1123 4792 1305 4844; x_wconf 83' lang='lat' dir='ltr'><strong>obstat</strong></span> <span class='ocrx_word' id='word_1_466' title='bbox 1322 4791 1365 4857; x_wconf 85' lang='lat'><strong>&#39;,</strong></span> <span class='ocrx_word' id='word_1_467' title='bbox 1390 4768 1408 4772; x_wconf 41' lang='lat'><strong>-</strong></span> <span class='ocrx_word' id='word_1_468' title='bbox 1427 4793 1570 4861; x_wconf 90' lang='lat' dir='ltr'><strong>quod</strong></span> <span class='ocrx_word' id='word_1_469' title='bbox 1602 4794 1807 4850; x_wconf 86' lang='lat' dir='ltr'><strong>multis.</strong></span> <span class='ocrx_word' id='word_1_470' title='bbox 1835 4768 1931 4851; x_wconf 43' lang='lat' dir='ltr'><strong>iii-</strong></span> 
     </span>
    </p>
   </div>
   <div class='ocr_carea' id='block_1_68' title="bbox 353 4862 1932 4955">
    <p class='ocr_par' dir='ltr' id='par_1_68' title="bbox 353 4862 1932 4955">
     <span class='ocr_line' id='line_1_68' title="bbox 353 4862 1932 4955; baseline 0.016 -38"><span class='ocrx_word' id='word_1_471' title='bbox 353 4862 548 4920; x_wconf 87' lang='lat' dir='ltr'><strong>demur</strong></span> <span class='ocrx_word' id='word_1_472' title='bbox 561 4883 791 4940; x_wconf 82' lang='lat' dir='ltr'><strong>namque</strong></span> <span class='ocrx_word' id='word_1_473' title='bbox 805 4874 885 4929; x_wconf 89' lang='lat' dir='ltr'><strong>eis</strong></span> <span class='ocrx_word' id='word_1_474' title='bbox 904 4888 1091 4934; x_wconf 89' lang='lat' dir='ltr'><strong>contra</strong></span> <span class='ocrx_word' id='word_1_475' title='bbox 1120 4893 1330 4938; x_wconf 86' lang='lat' dir='ltr'><strong>nosmet</strong></span> <span class='ocrx_word' id='word_1_476' title='bbox 1355 4898 1534 4955; x_wconf 83' lang='lat' dir='ltr'><strong>agere,</strong></span> <span class='ocrx_word' id='word_1_477' title='bbox 1552 4863 1932 4955; x_wconf 81' lang='lat' dir='ltr'><strong>contrariaque</strong></span> 
     </span>
    </p>
   </div>
   <div class='ocr_carea' id='block_1_69' title="bbox 348 4958 1933 5047">
    <p class='ocr_par' dir='ltr' id='par_1_69' title="bbox 348 4958 1933 5047">
     <span class='ocr_line' id='line_1_69' title="bbox 348 4958 1933 5047; baseline 0.016 -37"><span class='ocrx_word' id='word_1_478' title='bbox 348 4966 412 5012; x_wconf 84' lang='lat' dir='ltr'><strong>et</strong></span> <span class='ocrx_word' id='word_1_479' title='bbox 455 4958 612 5015; x_wconf 90' lang='lat' dir='ltr'><strong>nobis</strong></span> <span class='ocrx_word' id='word_1_480' title='bbox 658 4965 1000 5026; x_wconf 78' lang='lat' dir='ltr'><strong>adversantia</strong></span> <span class='ocrx_word' id='word_1_481' title='bbox 1049 4971 1289 5041; x_wconf 82' lang='lat' dir='ltr'><strong>ﬁrmare,</strong></span> <span class='ocrx_word' id='word_1_482' title='bbox 1332 4976 1599 5044; x_wconf 86' lang='lat' dir='ltr'><strong>dicentes,</strong></span> <span class='ocrx_word' id='word_1_483' title='bbox 1644 4976 1933 5047; x_wconf 87' lang='lat' dir='ltr'><strong>aliquando</strong></span> 
     </span>
    </p>
   </div>
   <div class='ocr_carea' id='block_1_70' title="bbox 2057 1881 3649 1953">
    <p class='ocr_par' dir='ltr' id='par_1_70' title="bbox 2057 1881 3649 1953">
     <span class='ocr_line' id='line_1_70' title="bbox 2057 1881 3649 1953; baseline 0.001 -17"><span class='ocrx_word' id='word_1_484' title='bbox 2057 1890 2167 1937; x_wconf 87' lang='lat' dir='ltr'><strong>tate</strong></span> <span class='ocrx_word' id='word_1_485' title='bbox 2195 1881 2239 1915; x_wconf 79' lang='lat'><strong>“</strong></span> <span class='ocrx_word' id='word_1_486' title='bbox 2257 1897 2482 1953; x_wconf 90' lang='lat' dir='ltr'><strong>corpora</strong></span> <span class='ocrx_word' id='word_1_487' title='bbox 2511 1892 2655 1938; x_wconf 88' lang='lat' dir='ltr'><strong>sunt.</strong></span> <span class='ocrx_word' id='word_1_488' title='bbox 2694 1882 2832 1939; x_wconf 75' lang='lat' dir='ltr'><strong>MAG.</strong></span> <span class='ocrx_word' id='word_1_489' title='bbox 2862 1883 3124 1951; x_wconf 83' lang='lat' dir='ltr'><strong>Quoniam</strong></span> <span class='ocrx_word' id='word_1_490' title='bbox 3169 1883 3334 1953; x_wconf 78' lang='lat' dir='ltr'><strong>igitur</strong></span> <span class='ocrx_word' id='word_1_491' title='bbox 3374 1883 3562 1947; x_wconf 83' lang='lat' dir='ltr'><strong>video,</strong></span> <span class='ocrx_word' id='word_1_492' title='bbox 3591 1895 3649 1938; x_wconf 87' lang='lat' dir='ltr'><strong>te</strong></span> 
     </span>
    </p>
   </div>
   <div class='ocr_carea' id='block_1_71' title="bbox 2056 1974 3653 2045">
    <p class='ocr_par' dir='ltr' id='par_1_71' title="bbox 2056 1974 3653 2045">
     <span class='ocr_line' id='line_1_71' title="bbox 2056 1974 3653 2045; baseline 0 -15"><span class='ocrx_word' id='word_1_493' title='bbox 2056 1976 2200 2030; x_wconf 87' lang='lat' dir='ltr'><strong>inten</strong></span> <span class='ocrx_word' id='word_1_494' title='bbox 2210 1975 2367 2031; x_wconf 85' lang='lat' dir='ltr'><strong>tionis</strong></span> <span class='ocrx_word' id='word_1_495' title='bbox 2392 1985 2611 2031; x_wconf 87' lang='lat' dir='ltr'><strong>nostrae</strong></span> <span class='ocrx_word' id='word_1_496' title='bbox 2632 1975 2791 2030; x_wconf 82' lang='lat' dir='ltr'><strong>linem</strong></span> <span class='ocrx_word' id='word_1_497' title='bbox 2815 1984 2970 2032; x_wconf 89' lang='lat' dir='ltr'><strong>acute</strong></span> <span class='ocrx_word' id='word_1_498' title='bbox 2997 1976 3355 2045; x_wconf 74' lang='lat' dir='ltr'><strong>perspexisse,</strong></span> <span class='ocrx_word' id='word_1_499' title='bbox 3379 1974 3486 2038; x_wconf 90' lang='lat' dir='ltr'><strong>dic,</strong></span> <span class='ocrx_word' id='word_1_500' title='bbox 3509 1990 3653 2042; x_wconf 73' lang='lat' dir='ltr'><strong>oro,</strong></span> 
     </span>
    </p>
   </div>
   <div class='ocr_carea' id='block_1_72' title="bbox 2053 2063 3651 2133">
    <p class='ocr_par' dir='ltr' id='par_1_72' title="bbox 2053 2063 3651 2133">
     <span class='ocr_line' id='line_1_72' title="bbox 2053 2063 3651 2133; baseline 0.001 -15"><span class='ocrx_word' id='word_1_501' title='bbox 2053 2079 2181 2119; x_wconf 90' lang='lat' dir='ltr'><strong>num</strong></span> <span class='ocrx_word' id='word_1_502' title='bbox 2232 2064 2326 2119; x_wconf 89' lang='lat' dir='ltr'><strong>tibi</strong></span> <span class='ocrx_word' id='word_1_503' title='bbox 2378 2066 2513 2119; x_wconf 85' lang='lat' dir='ltr'><strong>haec</strong></span> <span class='ocrx_word' id='word_1_504' title='bbox 2565 2065 2758 2120; x_wconf 77' lang='lat' dir='ltr'><strong>divisio</strong></span> <span class='ocrx_word' id='word_1_505' title='bbox 2800 2063 3107 2120; x_wconf 81' lang='lat' dir='ltr'><strong>formarum</strong></span> <span class='ocrx_word' id='word_1_506' title='bbox 3150 2065 3203 2119; x_wconf 90' lang='lat' dir='ltr'><strong>in</strong></span> <span class='ocrx_word' id='word_1_507' title='bbox 3252 2066 3388 2119; x_wconf 88' lang='lat' dir='ltr'><strong>duas</strong></span> <span class='ocrx_word' id='word_1_508' title='bbox 3416 2064 3651 2133; x_wconf 83' lang='lat' dir='ltr'><strong>species</strong></span> 
     </span>
    </p>
   </div>
   <div class='ocr_carea' id='block_1_73' title="bbox 2053 2155 3645 2228">
    <p class='ocr_par' dir='ltr' id='par_1_73' title="bbox 2053 2155 3645 2228">
     <span class='ocr_line' id='line_1_73' title="bbox 2053 2155 3645 2228; baseline 0 -16"><span class='ocrx_word' id='word_1_509' title='bbox 2053 2157 2250 2213; x_wconf 84' lang='lat' dir='ltr'><strong>diversi</strong></span> <span class='ocrx_word' id='word_1_510' title='bbox 2280 2158 2516 2228; x_wconf 75' lang='lat' dir='ltr'><strong>generis,</strong></span> <span class='ocrx_word' id='word_1_511' title='bbox 2537 2156 2719 2211; x_wconf 81' lang='lat' dir='ltr'><strong>ousiae</strong></span> <span class='ocrx_word' id='word_1_512' title='bbox 2742 2156 2991 2212; x_wconf 80' lang='lat' dir='ltr'><strong>videlicet</strong></span> <span class='ocrx_word' id='word_1_513' title='bbox 3018 2164 3181 2224; x_wconf 89' lang='lat' dir='ltr'><strong>atque</strong></span> <span class='ocrx_word' id='word_1_514' title='bbox 3198 2155 3494 2226; x_wconf 85' lang='lat' dir='ltr'><strong>qualitatis,</strong></span> <span class='ocrx_word' id='word_1_515' title='bbox 3516 2166 3645 2212; x_wconf 86' lang='lat' dir='ltr'><strong>rata</strong></span> 
     </span>
    </p>
   </div>
   <div class='ocr_carea' id='block_1_74' title="bbox 2051 2246 3646 2318">
    <p class='ocr_par' dir='ltr' id='par_1_74' title="bbox 2051 2246 3646 2318">
     <span class='ocr_line' id='line_1_74' title="bbox 2051 2246 3646 2318; baseline -0.001 -15"><span class='ocrx_word' id='word_1_516' title='bbox 2051 2258 2172 2303; x_wconf 83' lang='lat' dir='ltr'><strong>esse</strong></span> <span class='ocrx_word' id='word_1_517' title='bbox 2200 2247 2432 2312; x_wconf 85' lang='lat' dir='ltr'><strong>videtur,</strong></span> <span class='ocrx_word' id='word_1_518' title='bbox 2486 2246 2693 2302; x_wconf 81' lang='lat' dir='ltr'><strong>necne?</strong></span> <span class='ocrx_word' id='word_1_519' title='bbox 2754 2246 2896 2302; x_wconf 82' lang='lat' dir='ltr'><strong>DISC.</strong></span> <span class='ocrx_word' id='word_1_520' title='bbox 2948 2246 3086 2302; x_wconf 81' lang='lat' dir='ltr'><strong>Rata</strong></span> <span class='ocrx_word' id='word_1_521' title='bbox 3115 2248 3360 2318; x_wconf 88' lang='lat' dir='ltr'><strong>quidem,</strong></span> <span class='ocrx_word' id='word_1_522' title='bbox 3408 2248 3646 2317; x_wconf 73' lang='lat' dir='ltr'><strong>verique</strong></span> 
     </span>
    </p>
   </div>
   <div class='ocr_carea' id='block_1_75' title="bbox 2053 2336 3647 2408">
    <p class='ocr_par' dir='ltr' id='par_1_75' title="bbox 2053 2336 3647 2408">
     <span class='ocr_line' id='line_1_75' title="bbox 2053 2336 3647 2408; baseline 0 -14"><span class='ocrx_word' id='word_1_523' title='bbox 2053 2337 2266 2403; x_wconf 87' lang='lat' dir='ltr'><strong>similis,</strong></span> <span class='ocrx_word' id='word_1_524' title='bbox 2307 2338 2433 2393; x_wconf 89' lang='lat' dir='ltr'><strong>licet</strong></span> <span class='ocrx_word' id='word_1_525' title='bbox 2459 2353 2563 2394; x_wconf 90' lang='lat' dir='ltr'><strong>non</strong></span> <span class='ocrx_word' id='word_1_526' title='bbox 2590 2337 2708 2392; x_wconf 91' lang='lat' dir='ltr'><strong>sine</strong></span> <span class='ocrx_word' id='word_1_527' title='bbox 2731 2336 2899 2394; x_wconf 90' lang='lat' dir='ltr'><strong>animi</strong></span> <span class='ocrx_word' id='word_1_528' title='bbox 2923 2339 3025 2393; x_wconf 90' lang='lat' dir='ltr'><strong>mei</strong></span> <span class='ocrx_word' id='word_1_529' title='bbox 3066 2337 3318 2408; x_wconf 88' lang='lat' dir='ltr'><strong>scrupulo</strong></span> <span class='ocrx_word' id='word_1_530' title='bbox 3368 2337 3515 2392; x_wconf 88' lang='lat' dir='ltr'><strong>hanc</strong></span> <span class='ocrx_word' id='word_1_531' title='bbox 3550 2354 3647 2394; x_wconf 83' lang='lat' dir='ltr'><strong>ra-</strong></span> 
     </span>
    </p>
   </div>
   <div class='ocr_carea' id='block_1_76' title="bbox 2053 2425 3646 2485">
    <p class='ocr_par' dir='ltr' id='par_1_76' title="bbox 2053 2425 3646 2485">
     <span class='ocr_line' id='line_1_76' title="bbox 2053 2425 3646 2485; baseline 0.001 -2"><span class='ocrx_word' id='word_1_532' title='bbox 2053 2427 2361 2484; x_wconf 87' lang='lat' dir='ltr'><strong>tionabilem</strong></span> <span class='ocrx_word' id='word_1_533' title='bbox 2393 2443 2513 2483; x_wconf 67' lang='lat' dir='ltr'><strong>esse</strong></span> <span class='ocrx_word' id='word_1_534' title='bbox 2563 2426 2608 2461; x_wconf 82' lang='lat'>“</span> <span class='ocrx_word' id='word_1_535' title='bbox 2637 2428 3023 2484; x_wconf 89' lang='lat' dir='ltr'><strong>concesserim.</strong></span> <span class='ocrx_word' id='word_1_536' title='bbox 3059 2426 3271 2482; x_wconf 89' lang='lat' dir='ltr'><strong>Etenim</strong></span> <span class='ocrx_word' id='word_1_537' title='bbox 3322 2427 3367 2459; x_wconf 82' lang='lat'>“</span> <span class='ocrx_word' id='word_1_538' title='bbox 3417 2425 3646 2485; x_wconf 78' lang='lat' dir='ltr'><strong>facilius</strong></span> 
     </span>
    </p>
   </div>
   <div class='ocr_carea' id='block_1_77' title="bbox 2052 2518 3649 2597">
    <p class='ocr_par' dir='ltr' id='par_1_77' title="bbox 2052 2518 3649 2597">
     <span class='ocr_line' id='line_1_77' title="bbox 2052 2518 3649 2597; baseline 0.001 -22"><span class='ocrx_word' id='word_1_539' title='bbox 2052 2519 2182 2575; x_wconf 85' lang='lat' dir='ltr'><strong>mihi</strong></span> <span class='ocrx_word' id='word_1_540' title='bbox 2208 2521 2487 2585; x_wconf 88' lang='lat' dir='ltr'><strong>suaderes,</strong></span> <span class='ocrx_word' id='word_1_541' title='bbox 2516 2518 2749 2576; x_wconf 77' lang='lat' dir='ltr'><strong>formam</strong></span> <span class='ocrx_word' id='word_1_542' title='bbox 2777 2522 3188 2597; x_wconf 82' lang='lat' dir='ltr'><strong>substantialem</strong></span> <span class='ocrx_word' id='word_1_543' title='bbox 3233 2522 3496 2578; x_wconf 84' lang='lat' dir='ltr'><strong>materiae</strong></span> <span class='ocrx_word' id='word_1_544' title='bbox 3540 2524 3649 2577; x_wconf 83' lang='lat' dir='ltr'><strong>ad-</strong></span> 
     </span>
    </p>
   </div>
   <div class='ocr_carea' id='block_1_78' title="bbox 2044 2607 3646 2682">
    <p class='ocr_par' dir='ltr' id='par_1_78' title="bbox 2044 2607 3646 2682">
     <span class='ocr_line' id='line_1_78' title="bbox 2044 2607 3646 2682; baseline 0.001 -16"><span class='ocrx_word' id='word_1_545' title='bbox 2044 2607 2246 2679; x_wconf 75' lang='lat' dir='ltr'><strong>iectam</strong></span> <span class='ocrx_word' id='word_1_546' title='bbox 2274 2611 2519 2668; x_wconf 88' lang='lat' dir='ltr'><strong>naturale</strong></span> <span class='ocrx_word' id='word_1_547' title='bbox 2553 2626 2752 2682; x_wconf 90' lang='lat' dir='ltr'><strong>corpus</strong></span> <span class='ocrx_word' id='word_1_548' title='bbox 2778 2612 3130 2677; x_wconf 84' lang='lat' dir='ltr'><strong>constituere,</strong></span> <span class='ocrx_word' id='word_1_549' title='bbox 3161 2625 3323 2681; x_wconf 89' lang='lat' dir='ltr'><strong>quam</strong></span> <span class='ocrx_word' id='word_1_550' title='bbox 3349 2612 3646 2682; x_wconf 79' lang='lat' dir='ltr'><strong>qualitati-</strong></span> 
     </span>
    </p>
   </div>
   <div class='ocr_carea' id='block_1_79' title="bbox 2049 2701 3646 2773">
    <p class='ocr_par' dir='ltr' id='par_1_79' title="bbox 2049 2701 3646 2773">
     <span class='ocr_line' id='line_1_79' title="bbox 2049 2701 3646 2773; baseline 0.001 -17"><span class='ocrx_word' id='word_1_551' title='bbox 2049 2716 2192 2757; x_wconf 81' lang='lat' dir='ltr'><strong>vam.</strong></span> <span class='ocrx_word' id='word_1_552' title='bbox 2221 2701 2452 2757; x_wconf 85' lang='lat' dir='ltr'><strong>Causam</strong></span> <span class='ocrx_word' id='word_1_553' title='bbox 2473 2701 2739 2773; x_wconf 89' lang='lat' dir='ltr'><strong>siquidem</strong></span> <span class='ocrx_word' id='word_1_554' title='bbox 2762 2701 3167 2758; x_wconf 85' lang='lat' dir='ltr'><strong>constitutionis</strong></span> <span class='ocrx_word' id='word_1_555' title='bbox 3186 2701 3432 2770; x_wconf 87' lang='lat' dir='ltr'><strong>corporis</strong></span> <span class='ocrx_word' id='word_1_556' title='bbox 3457 2703 3646 2758; x_wconf 76' lang='grc' dir='ltr'><strong>οὐσίαν</strong></span> 
     </span>
    </p>
   </div>
   <div class='ocr_carea' id='block_1_80' title="bbox 2049 2790 3643 2862">
    <p class='ocr_par' dir='ltr' id='par_1_80' title="bbox 2049 2790 3643 2862">
     <span class='ocr_line' id='line_1_80' title="bbox 2049 2790 3643 2862; baseline -0.001 -14"><span class='ocrx_word' id='word_1_557' title='bbox 2049 2805 2186 2856; x_wconf 87' lang='lat' dir='ltr'><strong>esse,</strong></span> <span class='ocrx_word' id='word_1_558' title='bbox 2227 2808 2332 2848; x_wconf 92' lang='lat' dir='ltr'><strong>non</strong></span> <span class='ocrx_word' id='word_1_559' title='bbox 2359 2791 2692 2862; x_wconf 88' lang='lat' dir='ltr'><strong>qualitatem,</strong></span> <span class='ocrx_word' id='word_1_560' title='bbox 2719 2790 3049 2862; x_wconf 85' lang='lat' dir='ltr'><strong>probabilius</strong></span> <span class='ocrx_word' id='word_1_561' title='bbox 3089 2791 3432 2847; x_wconf 82' lang='lat' dir='ltr'><strong>crediderim.</strong></span> <span class='ocrx_word' id='word_1_562' title='bbox 3460 2791 3643 2846; x_wconf 86' lang='lat' dir='ltr'><strong>Prae-</strong></span> 
     </span>
    </p>
   </div>
   <div class='ocr_carea' id='block_1_81' title="bbox 2050 2881 3645 2956">
    <p class='ocr_par' dir='ltr' id='par_1_81' title="bbox 2050 2881 3645 2956">
     <span class='ocr_line' id='line_1_81' title="bbox 2050 2881 3645 2956; baseline -0.002 -15"><span class='ocrx_word' id='word_1_563' title='bbox 2050 2883 2210 2941; x_wconf 85' lang='lat' dir='ltr'><strong>dictis</strong></span> <span class='ocrx_word' id='word_1_564' title='bbox 2255 2898 2488 2955; x_wconf 83' lang='lat' dir='ltr'><strong>namque</strong></span> <span class='ocrx_word' id='word_1_565' title='bbox 2515 2884 2815 2941; x_wconf 83' lang='lat' dir='ltr'><strong>rationibus</strong></span> <span class='ocrx_word' id='word_1_566' title='bbox 2840 2883 3124 2941; x_wconf 87' lang='lat' dir='ltr'><strong>collectum</strong></span> <span class='ocrx_word' id='word_1_567' title='bbox 3150 2881 3365 2956; x_wconf 84' lang='lat' dir='ltr'><strong>opinor,</strong></span> <span class='ocrx_word' id='word_1_568' title='bbox 3395 2883 3645 2952; x_wconf 78' lang='lat' dir='ltr'><strong>qualita-</strong></span> 
     </span>
    </p>
   </div>
   <div class='ocr_carea' id='block_1_82' title="bbox 2049 2974 3646 3042">
    <p class='ocr_par' dir='ltr' id='par_1_82' title="bbox 2049 2974 3646 3042">
     <span class='ocr_line' id='line_1_82' title="bbox 2049 2974 3646 3042; baseline -0.001 -10"><span class='ocrx_word' id='word_1_569' title='bbox 2049 2985 2157 3032; x_wconf 89' lang='lat' dir='ltr'><strong>tem</strong></span> <span class='ocrx_word' id='word_1_570' title='bbox 2209 2991 2317 3032; x_wconf 90' lang='lat' dir='ltr'><strong>non</strong></span> <span class='ocrx_word' id='word_1_571' title='bbox 2358 2977 2531 3033; x_wconf 89' lang='lat' dir='ltr'><strong>solum</strong></span> <span class='ocrx_word' id='word_1_572' title='bbox 2577 2977 3071 3042; x_wconf 80' lang='lat' dir='ltr'><strong>materiae,verum</strong></span> <span class='ocrx_word' id='word_1_573' title='bbox 3096 2975 3262 3032; x_wconf 87' lang='lat' dir='ltr'><strong>etiam</strong></span> <span class='ocrx_word' id='word_1_574' title='bbox 3319 2974 3368 3010; x_wconf 79' lang='grc'><strong>⁸³</strong></span> <span class='ocrx_word' id='word_1_575' title='bbox 3417 2974 3646 3031; x_wconf 82' lang='lat' dir='ltr'><strong>formae</strong></span> 
     </span>
    </p>
   </div>
   <div class='ocr_carea' id='block_1_83' title="bbox 2047 3066 3642 3139">
    <p class='ocr_par' dir='ltr' id='par_1_83' title="bbox 2047 3066 3642 3139">
     <span class='ocr_line' id='line_1_83' title="bbox 2047 3066 3642 3139; baseline -0.001 -16"><span class='ocrx_word' id='word_1_576' title='bbox 2047 3082 2267 3124; x_wconf 89' lang='lat' dir='ltr'><strong>causam</strong></span> <span class='ocrx_word' id='word_1_577' title='bbox 2290 3083 2439 3132; x_wconf 81' lang='lat' dir='ltr'><strong>esse;</strong></span> <span class='ocrx_word' id='word_1_578' title='bbox 2464 3077 2710 3139; x_wconf 81' lang='lat' dir='ltr'><strong>excepto,</strong></span> <span class='ocrx_word' id='word_1_579' title='bbox 2735 3068 2878 3139; x_wconf 86' lang='lat' dir='ltr'><strong>quod</strong></span> <span class='ocrx_word' id='word_1_580' title='bbox 2906 3069 3187 3124; x_wconf 88' lang='lat' dir='ltr'><strong>materiam</strong></span> <span class='ocrx_word' id='word_1_581' title='bbox 3212 3066 3383 3123; x_wconf 78' lang='lat' dir='ltr'><strong>mixta</strong></span> <span class='ocrx_word' id='word_1_582' title='bbox 3405 3067 3642 3136; x_wconf 78' lang='lat' dir='ltr'><strong>quanti-</strong></span> 
     </span>
    </p>
   </div>
   <div class='ocr_carea' id='block_1_84' title="bbox 2052 3157 3643 3229">
    <p class='ocr_par' dir='ltr' id='par_1_84' title="bbox 2052 3157 3643 3229">
     <span class='ocr_line' id='line_1_84' title="bbox 2052 3157 3643 3229; baseline -0.001 -15"><span class='ocrx_word' id='word_1_583' title='bbox 2052 3159 2150 3215; x_wconf 84' lang='lat' dir='ltr'><strong>tati</strong></span> <span class='ocrx_word' id='word_1_584' title='bbox 2193 3157 2412 3225; x_wconf 73' lang='lat' dir='ltr'><strong>elﬁciat,</strong></span> <span class='ocrx_word' id='word_1_585' title='bbox 2445 3158 2684 3225; x_wconf 81' lang='lat' dir='ltr'><strong>,l&#39;ormam</strong></span> <span class='ocrx_word' id='word_1_586' title='bbox 2715 3173 2844 3216; x_wconf 84' lang='lat' dir='ltr'><strong>vero</strong></span> <span class='ocrx_word' id='word_1_587' title='bbox 2885 3174 2986 3229; x_wconf 90' lang='lat' dir='ltr'><strong>per</strong></span> <span class='ocrx_word' id='word_1_588' title='bbox 3013 3171 3075 3214; x_wconf 84' lang='lat' dir='ltr'><strong>se</strong></span> <span class='ocrx_word' id='word_1_589' title='bbox 3097 3157 3211 3215; x_wconf 87' lang='lat' dir='ltr'><strong>sola</strong></span> <span class='ocrx_word' id='word_1_590' title='bbox 3241 3157 3503 3213; x_wconf 88' lang='lat' dir='ltr'><strong>materiae</strong></span> <span class='ocrx_word' id='word_1_591' title='bbox 3533 3173 3643 3213; x_wconf 83' lang='lat' dir='ltr'><strong>su-</strong></span> 
     </span>
    </p>
   </div>
   <div class='ocr_carea' id='block_1_85' title="bbox 2049 3246 3644 3320">
    <p class='ocr_par' dir='ltr' id='par_1_85' title="bbox 2049 3246 3644 3320">
     <span class='ocr_line' id='line_1_85' title="bbox 2049 3246 3644 3320; baseline 0.001 -17"><span class='ocrx_word' id='word_1_592' title='bbox 2049 3246 2351 3320; x_wconf 80' lang='lat' dir='ltr'><strong>perfundat.</strong></span> <span class='ocrx_word' id='word_1_593' title='bbox 2381 3247 2497 3304; x_wconf 86' lang='lat' dir='ltr'><strong>Non</strong></span> <span class='ocrx_word' id='word_1_594' title='bbox 2519 3250 2661 3320; x_wconf 90' lang='lat' dir='ltr'><strong>quod</strong></span> <span class='ocrx_word' id='word_1_595' title='bbox 2684 3248 2990 3315; x_wconf 86' lang='lat' dir='ltr'><strong>nescierim,</strong></span> <span class='ocrx_word' id='word_1_596' title='bbox 3013 3263 3175 3304; x_wconf 87' lang='lat' dir='ltr'><strong>unam</strong></span> <span class='ocrx_word' id='word_1_597' title='bbox 3194 3262 3413 3305; x_wconf 86' lang='lat' dir='ltr'><strong>causam</strong></span> <span class='ocrx_word' id='word_1_598' title='bbox 3429 3246 3644 3305; x_wconf 83' lang='lat' dir='ltr'><strong>multos</strong></span> 
     </span>
    </p>
   </div>
   <div class='ocr_carea' id='block_1_86' title="bbox 2049 3336 3643 3411">
    <p class='ocr_par' dir='ltr' id='par_1_86' title="bbox 2049 3336 3643 3411">
     <span class='ocr_line' id='line_1_86' title="bbox 2049 3336 3643 3411; baseline 0.001 -17"><span class='ocrx_word' id='word_1_599' title='bbox 2049 3354 2118 3394; x_wconf 79' lang='lat' dir='ltr'><strong>ex</strong></span> <span class='ocrx_word' id='word_1_600' title='bbox 2148 3353 2209 3394; x_wconf 91' lang='lat' dir='ltr'><strong>se</strong></span> <span class='ocrx_word' id='word_1_601' title='bbox 2231 3336 2455 3394; x_wconf 81' lang='lat' dir='ltr'><strong>eli‘cctus</strong></span> <span class='ocrx_word' id='word_1_602' title='bbox 2480 3340 2780 3411; x_wconf 87' lang='lat' dir='ltr'><strong>producere</strong></span> <span class='ocrx_word' id='word_1_603' title='bbox 2799 3378 2813 3404; x_wconf 91' lang='lat'><strong>,</strong></span> <span class='ocrx_word' id='word_1_604' title='bbox 2857 3354 2984 3395; x_wconf 84' lang='lat' dir='ltr'><strong>eum</strong></span> <span class='ocrx_word' id='word_1_605' title='bbox 3008 3338 3238 3405; x_wconf 82' lang='lat' dir='ltr'><strong>videam,</strong></span> <span class='ocrx_word' id='word_1_606' title='bbox 3266 3353 3333 3394; x_wconf 79' lang='lat' dir='ltr'><strong>ex</strong></span> <span class='ocrx_word' id='word_1_607' title='bbox 3365 3353 3485 3399; x_wconf 80' lang='lat' dir='ltr'><strong>uno,</strong></span> <span class='ocrx_word' id='word_1_608' title='bbox 3502 3338 3643 3409; x_wconf 85' lang='lat' dir='ltr'><strong>igne</strong></span> 
     </span>
    </p>
   </div>
   <div class='ocr_carea' id='block_1_87' title="bbox 2047 3427 3644 3502">
    <p class='ocr_par' dir='ltr' id='par_1_87' title="bbox 2047 3427 3644 3502">
     <span class='ocr_line' id='line_1_87' title="bbox 2047 3427 3644 3502; baseline 0 -16"><span class='ocrx_word' id='word_1_609' title='bbox 2047 3430 2283 3487; x_wconf 85' lang='lat' dir='ltr'><strong>calorem</strong></span> <span class='ocrx_word' id='word_1_610' title='bbox 2308 3429 2467 3487; x_wconf 90' lang='lat' dir='ltr'><strong>simul</strong></span> <span class='ocrx_word' id='word_1_611' title='bbox 2492 3439 2549 3486; x_wconf 90' lang='lat' dir='ltr'><strong>et</strong></span> <span class='ocrx_word' id='word_1_612' title='bbox 2575 3429 2750 3486; x_wconf 88' lang='lat' dir='ltr'><strong>lucem</strong></span> <span class='ocrx_word' id='word_1_613' title='bbox 2772 3444 3079 3501; x_wconf 87' lang='lat' dir='ltr'><strong>erumpere,</strong></span> <span class='ocrx_word' id='word_1_614' title='bbox 3112 3430 3392 3502; x_wconf 89' lang='lat' dir='ltr'><strong>ipsamque</strong></span> <span class='ocrx_word' id='word_1_615' title='bbox 3437 3427 3644 3486; x_wconf 78' lang='lat' dir='ltr'><strong>lucem</strong></span> 
     </span>
    </p>
   </div>
   <div class='ocr_carea' id='block_1_88' title="bbox 2044 3519 3643 3591">
    <p class='ocr_par' dir='ltr' id='par_1_88' title="bbox 2044 3519 3643 3591">
     <span class='ocr_line' id='line_1_88' title="bbox 2044 3519 3643 3591; baseline -0.004 -12"><span class='ocrx_word' id='word_1_616' title='bbox 2044 3536 2264 3579; x_wconf 87' lang='lat' dir='ltr'><strong>causam</strong></span> <span class='ocrx_word' id='word_1_617' title='bbox 2312 3520 2614 3591; x_wconf 88' lang='lat' dir='ltr'><strong>splendoris</strong></span> <span class='ocrx_word' id='word_1_618' title='bbox 2640 3528 2694 3575; x_wconf 93' lang='lat' dir='ltr'><strong>et</strong></span> <span class='ocrx_word' id='word_1_619' title='bbox 2725 3521 3033 3576; x_wconf 88' lang='lat' dir='ltr'><strong>umbrarum</strong></span> <span class='ocrx_word' id='word_1_620' title='bbox 3072 3535 3210 3576; x_wconf 87' lang='lat' dir='ltr'><strong>esse.</strong></span> <span class='ocrx_word' id='word_1_621' title='bbox 3241 3519 3379 3587; x_wconf 85' lang='lat' dir='ltr'><strong>Quid</strong></span> <span class='ocrx_word' id='word_1_622' title='bbox 3409 3519 3643 3574; x_wconf 71' lang='lat' dir='ltr'><strong>dicam?</strong></span> 
     </span>
    </p>
   </div>
   <div class='ocr_carea' id='block_1_89' title="bbox 2047 3612 3640 3687">
    <p class='ocr_par' dir='ltr' id='par_1_89' title="bbox 2047 3612 3640 3687">
     <span class='ocr_line' id='line_1_89' title="bbox 2047 3612 3640 3687; baseline -0.004 -14"><span class='ocrx_word' id='word_1_623' title='bbox 2047 3617 2260 3687; x_wconf 85' lang='lat' dir='ltr'><strong>Quanta</strong></span> <span class='ocrx_word' id='word_1_624' title='bbox 2285 3616 2500 3673; x_wconf 80' lang='lat' dir='ltr'><strong>diversa</strong></span> <span class='ocrx_word' id='word_1_625' title='bbox 2530 3630 2754 3687; x_wconf 85' lang='lat' dir='ltr'><strong>corpora</strong></span> <span class='ocrx_word' id='word_1_626' title='bbox 2772 3630 2877 3671; x_wconf 90' lang='lat' dir='ltr'><strong>una</strong></span> <span class='ocrx_word' id='word_1_627' title='bbox 2892 3616 3190 3687; x_wconf 89' lang='lat' dir='ltr'><strong>eademque</strong></span> <span class='ocrx_word' id='word_1_628' title='bbox 3213 3612 3595 3668; x_wconf 74' lang='lat' dir='ltr'><strong>ﬂutitmateria</strong></span> <span class='ocrx_word' id='word_1_629' title='bbox 3611 3612 3640 3666; x_wconf 64' lang='grc' dir='ltr'>ἓ</span> 
     </span>
    </p>
   </div>
   <div class='ocr_carea' id='block_1_90' title="bbox 2047 3705 3638 3777">
    <p class='ocr_par' dir='ltr' id='par_1_90' title="bbox 2047 3705 3638 3777">
     <span class='ocr_line' id='line_1_90' title="bbox 2047 3705 3638 3777; baseline -0.004 -12"><span class='ocrx_word' id='word_1_630' title='bbox 2047 3709 2163 3765; x_wconf 87' lang='lat' dir='ltr'><strong>Una</strong></span> <span class='ocrx_word' id='word_1_631' title='bbox 2193 3708 2367 3765; x_wconf 77' lang='lat' dir='ltr'><strong>forma</strong></span> <span class='ocrx_word' id='word_1_632' title='bbox 2398 3708 2449 3763; x_wconf 91' lang='lat' dir='ltr'><strong>in</strong></span> <span class='ocrx_word' id='word_1_633' title='bbox 2473 3716 2605 3777; x_wconf 91' lang='lat' dir='ltr'><strong>quot</strong></span> <span class='ocrx_word' id='word_1_634' title='bbox 2626 3705 3011 3777; x_wconf 90' lang='lat' dir='ltr'><strong>multiplicatur</strong></span> <span class='ocrx_word' id='word_1_635' title='bbox 3031 3705 3322 3762; x_wconf 81' lang='lat' dir='ltr'><strong>numeros?</strong></span> <span class='ocrx_word' id='word_1_636' title='bbox 3344 3712 3404 3759; x_wconf 90' lang='lat' dir='ltr'><strong>et</strong></span> <span class='ocrx_word' id='word_1_637' title='bbox 3432 3712 3638 3759; x_wconf 78' lang='lat' dir='ltr'><strong>cetera</strong></span> 
     </span>
    </p>
   </div>
   <div class='ocr_carea' id='block_1_91' title="bbox 2046 3795 3639 3872">
    <p class='ocr_par' dir='ltr' id='par_1_91' title="bbox 2046 3795 3639 3872">
     <span class='ocr_line' id='line_1_91' title="bbox 2046 3795 3639 3872; baseline -0.003 -16"><span class='ocrx_word' id='word_1_638' title='bbox 2046 3800 2370 3872; x_wconf 89' lang='lat' dir='ltr'><strong>hujusmodi.</strong></span> <span class='ocrx_word' id='word_1_639' title='bbox 2415 3798 2592 3869; x_wconf 81' lang='lat' dir='ltr'><strong>Atque</strong></span> <span class='ocrx_word' id='word_1_640' title='bbox 2616 3798 2738 3854; x_wconf 89' lang='lat' dir='ltr'><strong>ideo</strong></span> <span class='ocrx_word' id='word_1_641' title='bbox 2780 3800 2955 3855; x_wconf 73' lang='grc' dir='ltr'><strong>οὐσίαν</strong></span> <span class='ocrx_word' id='word_1_642' title='bbox 2984 3798 3153 3868; x_wconf 88' lang='lat' dir='ltr'><strong>ipsam</strong></span> <span class='ocrx_word' id='word_1_643' title='bbox 3184 3795 3411 3852; x_wconf 81' lang='lat' dir='ltr'><strong>formam</strong></span> <span class='ocrx_word' id='word_1_644' title='bbox 3444 3804 3639 3851; x_wconf 77' lang='lat' dir='ltr'><strong>mate-</strong></span> 
     </span>
    </p>
   </div>
   <div class='ocr_carea' id='block_1_92' title="bbox 2043 3883 3512 3962">
    <p class='ocr_par' dir='ltr' id='par_1_92' title="bbox 2043 3883 3512 3962">
     <span class='ocr_line' id='line_1_92' title="bbox 2043 3883 3512 3962; baseline -0.007 -14"><span class='ocrx_word' id='word_1_645' title='bbox 2043 3893 2157 3948; x_wconf 87' lang='lat' dir='ltr'><strong>riae</strong></span> <span class='ocrx_word' id='word_1_646' title='bbox 2206 3891 2321 3948; x_wconf 81' lang='lat' dir='ltr'><strong>ﬁeri</strong></span> <span class='ocrx_word' id='word_1_647' title='bbox 2344 3890 2578 3962; x_wconf 85' lang='lat' dir='ltr'><strong>putarim</strong></span> <span class='ocrx_word' id='word_1_648' title='bbox 2608 3889 2671 3954; x_wconf 70' lang='lat'><strong>“,</strong></span> <span class='ocrx_word' id='word_1_649' title='bbox 2703 3904 2810 3944; x_wconf 92' lang='lat' dir='ltr'><strong>non</strong></span> <span class='ocrx_word' id='word_1_650' title='bbox 2841 3899 3023 3945; x_wconf 89' lang='lat' dir='ltr'><strong>autem</strong></span> <span class='ocrx_word' id='word_1_651' title='bbox 3050 3886 3168 3958; x_wconf 82' lang='lat' dir='ltr'><strong>ejus</strong></span> <span class='ocrx_word' id='word_1_652' title='bbox 3190 3883 3512 3941; x_wconf 86' lang='lat' dir='ltr'><strong>accidentia.</strong></span> 
     </span>
    </p>
   </div>
   <div class='ocr_carea' id='block_1_93' title="bbox 2115 3977 3640 4051">
    <p class='ocr_par' dir='ltr' id='par_1_93' title="bbox 2115 3977 3640 4051">
     <span class='ocr_line' id='line_1_93' title="bbox 2115 3977 3640 4051; baseline -0.004 -10"><span class='ocrx_word' id='word_1_653' title='bbox 2115 3984 2257 4041; x_wconf 69' lang='lat' dir='ltr'><strong>Hac.</strong></span> <span class='ocrx_word' id='word_1_654' title='bbox 2304 3984 2471 4039; x_wconf 76' lang='lat' dir='ltr'><strong>Miror</strong></span> <span class='ocrx_word' id='word_1_655' title='bbox 2498 3982 2670 4048; x_wconf 77' lang='lat' dir='ltr'><strong>valde,</strong></span> <span class='ocrx_word' id='word_1_656' title='bbox 2699 3998 2800 4039; x_wconf 91' lang='lat' dir='ltr'><strong>cur</strong></span> <span class='ocrx_word' id='word_1_657' title='bbox 2827 3993 2939 4038; x_wconf 85' lang='lat' dir='ltr'><strong>tam</strong></span> <span class='ocrx_word' id='word_1_658' title='bbox 2979 3982 3107 4048; x_wconf 89' lang='lat' dir='ltr'><strong>cito,</strong></span> <span class='ocrx_word' id='word_1_659' title='bbox 3137 3994 3277 4051; x_wconf 90' lang='lat' dir='ltr'><strong>quae</strong></span> <span class='ocrx_word' id='word_1_660' title='bbox 3299 3977 3466 4051; x_wconf 90' lang='lat' dir='ltr'><strong>paulo</strong></span> <span class='ocrx_word' id='word_1_661' title='bbox 3486 3987 3640 4035; x_wconf 78' lang='lat' dir='ltr'><strong>ante</strong></span> 
     </span>
    </p>
   </div>
   <div class='ocr_carea' id='block_1_94' title="bbox 2047 4069 3637 4145">
    <p class='ocr_par' dir='ltr' id='par_1_94' title="bbox 2047 4069 3637 4145">
     <span class='ocr_line' id='line_1_94' title="bbox 2047 4069 3637 4145; baseline -0.004 -14"><span class='ocrx_word' id='word_1_662' title='bbox 2047 4078 2191 4132; x_wconf 89' lang='lat' dir='ltr'><strong>inter</strong></span> <span class='ocrx_word' id='word_1_663' title='bbox 2218 4090 2317 4132; x_wconf 89' lang='lat' dir='ltr'><strong>nos</strong></span> <span class='ocrx_word' id='word_1_664' title='bbox 2344 4075 2412 4131; x_wconf 89' lang='lat' dir='ltr'><strong>ad</strong></span> <span class='ocrx_word' id='word_1_665' title='bbox 2445 4089 2639 4145; x_wconf 87' lang='lat' dir='ltr'><strong>purum</strong></span> <span class='ocrx_word' id='word_1_666' title='bbox 2668 4074 2897 4131; x_wconf 87' lang='lat' dir='ltr'><strong>deducta</strong></span> <span class='ocrx_word' id='word_1_667' title='bbox 2923 4080 3074 4134; x_wconf 86' lang='lat' dir='ltr'><strong>sunt,</strong></span> <span class='ocrx_word' id='word_1_668' title='bbox 3106 4080 3194 4127; x_wconf 86' lang='lat' dir='ltr'><strong>tua</strong></span> <span class='ocrx_word' id='word_1_669' title='bbox 3222 4069 3479 4125; x_wconf 87' lang='lat' dir='ltr'><strong>labuntur</strong></span> <span class='ocrx_word' id='word_1_670' title='bbox 3504 4083 3637 4125; x_wconf 78' lang='lat' dir='ltr'><strong>me-</strong></span> 
     </span>
    </p>
   </div>
   <div class='ocr_carea' id='block_1_95' title="bbox 2042 4157 3635 4233">
    <p class='ocr_par' dir='ltr' id='par_1_95' title="bbox 2042 4157 3635 4233">
     <span class='ocr_line' id='line_1_95' title="bbox 2042 4157 3635 4233; baseline -0.006 -11"><span class='ocrx_word' id='word_1_671' title='bbox 2042 4166 2234 4222; x_wconf 87' lang='lat' dir='ltr'><strong>moria.</strong></span> <span class='ocrx_word' id='word_1_672' title='bbox 2286 4164 2580 4221; x_wconf 87' lang='lat' dir='ltr'><strong>Considera</strong></span> <span class='ocrx_word' id='word_1_673' title='bbox 2630 4164 2814 4233; x_wconf 87' lang='lat' dir='ltr'><strong>itaque</strong></span> <span class='ocrx_word' id='word_1_674' title='bbox 2842 4160 3175 4232; x_wconf 84' lang='lat' dir='ltr'><strong>diligentius,</strong></span> <span class='ocrx_word' id='word_1_675' title='bbox 3218 4166 3383 4228; x_wconf 87' lang='lat' dir='ltr'><strong>atque</strong></span> <span class='ocrx_word' id='word_1_676' title='bbox 3422 4157 3635 4212; x_wconf 80' lang='lat' dir='ltr'><strong>eadem</strong></span> 
     </span>
    </p>
   </div>
   <div class='ocr_carea' id='block_1_96' title="bbox 2041 4247 3631 4324">
    <p class='ocr_par' dir='ltr' id='par_1_96' title="bbox 2041 4247 3631 4324">
     <span class='ocr_line' id='line_1_96' title="bbox 2041 4247 3631 4324; baseline -0.008 -9"><span class='ocrx_word' id='word_1_677' title='bbox 2041 4256 2276 4315; x_wconf 83' lang='lat' dir='ltr'><strong>breviter</strong></span> <span class='ocrx_word' id='word_1_678' title='bbox 2305 4263 2632 4324; x_wconf 87' lang='lat' dir='ltr'><strong>repetamus.</strong></span> <span class='ocrx_word' id='word_1_679' title='bbox 2663 4254 2809 4311; x_wconf 84' lang='lat' dir='ltr'><strong>Dtsc.</strong></span> <span class='ocrx_word' id='word_1_680' title='bbox 2840 4252 3065 4308; x_wconf 83' lang='lat' dir='ltr'><strong>Praesto</strong></span> <span class='ocrx_word' id='word_1_681' title='bbox 3121 4264 3245 4305; x_wconf 81' lang='lat' dir='ltr'><strong>sum</strong></span> <span class='ocrx_word' id='word_1_682' title='bbox 3284 4247 3359 4313; x_wconf 74' lang='grc' dir='ltr'><strong>υς</strong></span> <span class='ocrx_word' id='word_1_683' title='bbox 3409 4255 3631 4315; x_wconf 82' lang='lat' dir='ltr'><strong>repete.</strong></span> 
     </span>
    </p>
   </div>
   <div class='ocr_carea' id='block_1_97' title="bbox 2043 4338 3636 4402">
    <p class='ocr_par' dir='ltr' id='par_1_97' title="bbox 2043 4338 3636 4402">
     <span class='ocr_line' id='line_1_97' title="bbox 2043 4338 3636 4402; baseline -0.005 -2"><span class='ocrx_word' id='word_1_684' title='bbox 2043 4346 2182 4401; x_wconf 78' lang='grc' dir='ltr'><strong>ΜΑο.</strong></span> <span class='ocrx_word' id='word_1_685' title='bbox 2212 4345 2349 4401; x_wconf 84' lang='lat' dir='ltr'><strong>Num</strong></span> <span class='ocrx_word' id='word_1_686' title='bbox 2392 4346 2711 4402; x_wconf 81' lang='lat' dir='ltr'><strong>inconcusse</strong></span> <span class='ocrx_word' id='word_1_687' title='bbox 2743 4345 2884 4399; x_wconf 87' lang='lat' dir='ltr'><strong>inter</strong></span> <span class='ocrx_word' id='word_1_688' title='bbox 2917 4358 3023 4398; x_wconf 78' lang='lat' dir='ltr'><strong>nos</strong></span> <span class='ocrx_word' id='word_1_689' title='bbox 3064 4346 3411 4402; x_wconf 74' lang='lat' dir='ltr'><strong>convenerat,</strong></span> <span class='ocrx_word' id='word_1_690' title='bbox 3436 4338 3636 4397; x_wconf 59' lang='lat' dir='ltr'><strong>obuia</strong></span> 
     </span>
    </p>
   </div>
   <div class='ocr_carea' id='block_1_98' title="bbox 1965 4425 3633 4532">
    <p class='ocr_par' dir='ltr' id='par_1_98' title="bbox 1965 4425 3633 4532">
     <span class='ocr_line' id='line_1_98' title="bbox 1965 4425 3633 4532; baseline -0.01 -36"><span class='ocrx_word' id='word_1_691' title='bbox 1965 4439 2414 4532; x_wconf 76' lang='lat' dir='ltr'><strong>Dinoot-porcam</strong></span> <span class='ocrx_word' id='word_1_692' title='bbox 2458 4437 2613 4493; x_wconf 87' lang='lat' dir='ltr'><strong>esse?</strong></span> <span class='ocrx_word' id='word_1_693' title='bbox 2674 4436 2820 4491; x_wconf 79' lang='lat' dir='ltr'><strong>Disc.</strong></span> <span class='ocrx_word' id='word_1_694' title='bbox 2874 4433 3230 4531; x_wconf 77' lang='lat' dir='ltr'><strong>Convenerat.</strong></span> <span class='ocrx_word' id='word_1_695' title='bbox 3258 4427 3397 4482; x_wconf 68' lang='lat' dir='ltr'><strong>Man.</strong></span> <span class='ocrx_word' id='word_1_696' title='bbox 3451 4425 3633 4526; x_wconf 72' lang='lat' dir='ltr'><strong>Atqui</strong></span> 
     </span>
    </p>
   </div>
   <div class='ocr_carea' id='block_1_99' title="bbox 2040 4516 3637 4585">
    <p class='ocr_par' dir='ltr' id='par_1_99' title="bbox 2040 4516 3637 4585">
     <span class='ocr_line' id='line_1_99' title="bbox 2040 4516 3637 4585; baseline -0.008 -1"><span class='ocrx_word' id='word_1_697' title='bbox 2040 4528 2274 4584; x_wconf 84' lang='lat' dir='ltr'><strong>nendum</strong></span> <span class='ocrx_word' id='word_1_698' title='bbox 2304 4525 2559 4582; x_wconf 69' lang='lat' dir='ltr'><strong>oblivioni</strong></span> <span class='ocrx_word' id='word_1_699' title='bbox 2596 4535 2650 4579; x_wconf 89' lang='lat' dir='ltr'><strong>te</strong></span> <span class='ocrx_word' id='word_1_700' title='bbox 2670 4523 2882 4579; x_wconf 88' lang='lat' dir='ltr'><strong>dedisse</strong></span> <span class='ocrx_word' id='word_1_701' title='bbox 2908 4520 3257 4581; x_wconf 81' lang='lat' dir='ltr'><strong>aestimarim,</strong></span> <span class='ocrx_word' id='word_1_702' title='bbox 3282 4516 3637 4585; x_wconf 83' lang='lat' dir='ltr'><strong>quantitates</strong></span> 
     </span>
    </p>
   </div>
   <div class='ocr_carea' id='block_1_100' title="bbox 2037 4604 3630 4690">
    <p class='ocr_par' dir='ltr' id='par_1_100' title="bbox 2037 4604 3630 4690">
     <span class='ocr_line' id='line_1_100' title="bbox 2037 4604 3630 4690; baseline -0.01 -16"><span class='ocrx_word' id='word_1_703' title='bbox 2037 4617 2453 4690; x_wconf 80' lang='lat' dir='ltr'><strong>quaiitatesque,</strong></span> <span class='ocrx_word' id='word_1_704' title='bbox 2500 4623 2761 4687; x_wconf 83' lang='lat' dir='ltr'><strong>quantum</strong></span> <span class='ocrx_word' id='word_1_705' title='bbox 2823 4613 2878 4667; x_wconf 88' lang='lat' dir='ltr'><strong>in</strong></span> <span class='ocrx_word' id='word_1_706' title='bbox 2927 4610 3123 4678; x_wconf 84' lang='lat' dir='ltr'><strong>scipsis</strong></span> <span class='ocrx_word' id='word_1_707' title='bbox 3150 4607 3476 4677; x_wconf 77' lang='lat' dir='ltr'><strong>cogitantur,</strong></span> <span class='ocrx_word' id='word_1_708' title='bbox 3530 4604 3630 4658; x_wconf 83' lang='lat' dir='ltr'><strong>in-</strong></span> 
     </span>
    </p>
   </div>
   <div class='ocr_carea' id='block_1_101' title="bbox 2036 4695 3626 4779">
    <p class='ocr_par' dir='ltr' id='par_1_101' title="bbox 2036 4695 3626 4779">
     <span class='ocr_line' id='line_1_101' title="bbox 2036 4695 3626 4779; baseline -0.009 -14"><span class='ocrx_word' id='word_1_709' title='bbox 2036 4722 2326 4779; x_wconf 87' lang='lat' dir='ltr'><strong>corporeas</strong></span> <span class='ocrx_word' id='word_1_710' title='bbox 2352 4722 2494 4772; x_wconf 86' lang='lat' dir='ltr'><strong>esse,</strong></span> <span class='ocrx_word' id='word_1_711' title='bbox 2525 4715 2583 4761; x_wconf 88' lang='lat' dir='ltr'><strong>et</strong></span> <span class='ocrx_word' id='word_1_712' title='bbox 2611 4721 2715 4760; x_wconf 88' lang='lat' dir='ltr'><strong>non</strong></span> <span class='ocrx_word' id='word_1_713' title='bbox 2736 4704 2790 4758; x_wconf 91' lang='lat' dir='ltr'><strong>in</strong></span> <span class='ocrx_word' id='word_1_714' title='bbox 2816 4701 2923 4757; x_wconf 90' lang='lat' dir='ltr'><strong>alio</strong></span> <span class='ocrx_word' id='word_1_715' title='bbox 2944 4700 3188 4770; x_wconf 88' lang='lat' dir='ltr'><strong>subjecto</strong></span> <span class='ocrx_word' id='word_1_716' title='bbox 3215 4696 3316 4751; x_wconf 85' lang='lat' dir='ltr'><strong>nisi</strong></span> <span class='ocrx_word' id='word_1_717' title='bbox 3346 4696 3401 4750; x_wconf 92' lang='lat' dir='ltr'><strong>in</strong></span> <span class='ocrx_word' id='word_1_718' title='bbox 3427 4695 3626 4759; x_wconf 68' lang='grc' dir='ltr'><strong>οΰσεα,</strong></span> 
     </span>
    </p>
   </div>
   <div class='ocr_carea' id='block_1_102' title="bbox 2035 4780 3627 4862">
    <p class='ocr_par' dir='ltr' id='par_1_102' title="bbox 2035 4780 3627 4862">
     <span class='ocr_line' id='line_1_102' title="bbox 2035 4780 3627 4862; baseline -0.011 -6"><span class='ocrx_word' id='word_1_719' title='bbox 2035 4801 2122 4856; x_wconf 92' lang='lat' dir='ltr'><strong>cui</strong></span> <span class='ocrx_word' id='word_1_720' title='bbox 2156 4780 2426 4862; x_wconf 82' lang='lat' dir='ltr'><strong>accidunt,</strong></span> <span class='ocrx_word' id='word_1_721' title='bbox 2481 4796 2799 4857; x_wconf 85' lang='lat' dir='ltr'><strong>subsistere,</strong></span> <span class='ocrx_word' id='word_1_722' title='bbox 2854 4800 2911 4847; x_wconf 93' lang='lat' dir='ltr'><strong>et</strong></span> <span class='ocrx_word' id='word_1_723' title='bbox 2958 4786 3388 4858; x_wconf 87' lang='lat' dir='ltr'><strong>inseparabiliter</strong></span> <span class='ocrx_word' id='word_1_724' title='bbox 3439 4784 3494 4839; x_wconf 94' lang='lat' dir='ltr'><strong>in</strong></span> <span class='ocrx_word' id='word_1_725' title='bbox 3555 4800 3627 4839; x_wconf 87' lang='lat' dir='ltr'><strong>ea</strong></span> 
     </span>
    </p>
   </div>
   <div class='ocr_carea' id='block_1_103' title="bbox 2036 4872 3627 4952">
    <p class='ocr_par' dir='ltr' id='par_1_103' title="bbox 2036 4872 3627 4952">
     <span class='ocr_line' id='line_1_103' title="bbox 2036 4872 3627 4952; baseline -0.01 -8"><span class='ocrx_word' id='word_1_726' title='bbox 2036 4903 2278 4944; x_wconf 87' lang='lat' dir='ltr'><strong>manere.</strong></span> <span class='ocrx_word' id='word_1_727' title='bbox 2322 4887 2465 4941; x_wconf 84' lang='lat' dir='ltr'><strong>Dtsc.</strong></span> <span class='ocrx_word' id='word_1_728' title='bbox 2513 4883 2627 4944; x_wconf 86' lang='lat' dir='ltr'><strong>Hoc</strong></span> <span class='ocrx_word' id='word_1_729' title='bbox 2655 4895 2869 4952; x_wconf 88' lang='lat' dir='ltr'><strong>quoque</strong></span> <span class='ocrx_word' id='word_1_730' title='bbox 2917 4879 3147 4935; x_wconf 76' lang='lat' dir='ltr'><strong>ﬁrmiter</strong></span> <span class='ocrx_word' id='word_1_731' title='bbox 3198 4875 3436 4933; x_wconf 88' lang='lat' dir='ltr'><strong>obtineo.</strong></span> <span class='ocrx_word' id='word_1_732' title='bbox 3466 4872 3627 4931; x_wconf 69' lang='lat' dir='ltr'><strong>Hac.</strong></span> 
     </span>
    </p>
   </div>
   <div class='ocr_carea' id='block_1_104' title="bbox 2035 4962 3628 5048">
    <p class='ocr_par' dir='ltr' id='par_1_104' title="bbox 2035 4962 3628 5048">
     <span class='ocr_line' id='line_1_104' title="bbox 2035 4962 3628 5048; baseline -0.011 -13"><span class='ocrx_word' id='word_1_733' title='bbox 2035 4978 2174 5035; x_wconf 79' lang='lat' dir='ltr'><strong>Nam</strong></span> <span class='ocrx_word' id='word_1_734' title='bbox 2201 4979 2381 5048; x_wconf 85' lang='lat' dir='ltr'><strong>itaque</strong></span> <span class='ocrx_word' id='word_1_735' title='bbox 2407 4974 2757 5048; x_wconf 84' lang='lat' dir='ltr'><strong>probabiliter</strong></span> <span class='ocrx_word' id='word_1_736' title='bbox 2781 4970 3075 5028; x_wconf 82' lang='lat' dir='ltr'><strong>dicendqu</strong></span> <span class='ocrx_word' id='word_1_737' title='bbox 3099 4975 3213 5033; x_wconf 85' lang='lat' dir='ltr'><strong>est,</strong></span> <span class='ocrx_word' id='word_1_738' title='bbox 3250 4978 3436 5030; x_wconf 87' lang='lat' dir='ltr'><strong>omne,</strong></span> <span class='ocrx_word' id='word_1_739' title='bbox 3464 4962 3628 5033; x_wconf 81' lang='lat' dir='ltr'><strong>quod</strong></span> 
     </span>
    </p>
   </div>
   <div class='ocr_carea' id='block_1_105' title="bbox 1627 5152 2315 5212">
    <p class='ocr_par' dir='ltr' id='par_1_105' title="bbox 1627 5152 2315 5212">
     <span class='ocr_line' id='line_1_105' title="bbox 1627 5152 2315 5212; baseline -0.004 -3"><span class='ocrx_word' id='word_1_740' title='bbox 1627 5155 1714 5210; x_wconf 85' lang='lat' dir='ltr'><strong>VA</strong></span> <span class='ocrx_word' id='word_1_741' title='bbox 1724 5154 1881 5212; x_wconf 83' lang='lat' dir='ltr'><strong>RIAE</strong></span> <span class='ocrx_word' id='word_1_742' title='bbox 1917 5152 2315 5212; x_wconf 82' lang='lat' dir='ltr'><strong>LECTIONES.</strong></span> 
     </span>
    </p>
   </div>
   <div class='ocr_carea' id='block_1_106' title="bbox 423 5270 3625 5355">
    <p class='ocr_par' dir='ltr' id='par_1_106' title="bbox 423 5270 3625 5355">
     <span class='ocr_line' id='line_1_106' title="bbox 423 5270 3625 5355; baseline -0.006 -20"><span class='ocrx_word' id='word_1_743' title='bbox 423 5277 439 5310; x_wconf 87' lang='grc'>¹</span> <span class='ocrx_word' id='word_1_744' title='bbox 470 5277 561 5355; x_wconf 72' lang='grc' dir='ltr'><strong>εἰς</strong></span> <span class='ocrx_word' id='word_1_745' title='bbox 837 5283 1084 5337; x_wconf 72' lang='lat' dir='ltr'><strong>obtineat.</strong></span> <span class='ocrx_word' id='word_1_746' title='bbox 1162 5287 1182 5317; x_wconf 79' lang='grc'><strong>⁸</strong></span> <span class='ocrx_word' id='word_1_747' title='bbox 1208 5287 1248 5341; x_wconf 84' lang='grc' dir='ltr'>υ</span> <span class='ocrx_word' id='word_1_748' title='bbox 1268 5287 1571 5355; x_wconf 74' lang='lat' dir='ltr'><strong>plurimum.</strong></span> <span class='ocrx_word' id='word_1_749' title='bbox 1649 5291 1669 5322; x_wconf 87' lang='grc'>³</span> <span class='ocrx_word' id='word_1_750' title='bbox 1693 5286 1783 5344; x_wconf 79' lang='lat' dir='ltr'><strong>AD</strong></span> <span class='ocrx_word' id='word_1_751' title='bbox 1816 5288 1981 5344; x_wconf 80' lang='lat' dir='ltr'><strong>Sicut.</strong></span> <span class='ocrx_word' id='word_1_752' title='bbox 2010 5348 2026 5355; x_wconf 84' lang='lat'>_</span> <span class='ocrx_word' id='word_1_753' title='bbox 2060 5285 2082 5320; x_wconf 73' lang='grc'>⁸</span> <span class='ocrx_word' id='word_1_754' title='bbox 2107 5285 2326 5341; x_wconf 74' lang='lat' dir='ltr'><strong>SicCE:</strong></span> <span class='ocrx_word' id='word_1_755' title='bbox 2353 5283 2393 5337; x_wconf 68' lang='grc' dir='ltr'><strong>Α</strong></span> <span class='ocrx_word' id='word_1_756' title='bbox 2422 5281 2709 5355; x_wconf 50' lang='lat' dir='ltr'><strong>adimunt;</strong></span> <span class='ocrx_word' id='word_1_757' title='bbox 2734 5278 2788 5355; x_wconf 70' lang='lat' dir='ltr'><strong>id</strong></span> <span class='ocrx_word' id='word_1_758' title='bbox 2811 5292 2923 5355; x_wconf 63' lang='lat' dir='ltr'><strong>om1</strong></span> <span class='ocrx_word' id='word_1_759' title='bbox 3049 5288 3061 5355; x_wconf 42' lang='grc' dir='ltr'><em>λ</em></span> <span class='ocrx_word' id='word_1_760' title='bbox 3089 5276 3111 5307; x_wconf 84' lang='grc'>⁸</span> <span class='ocrx_word' id='word_1_761' title='bbox 3133 5272 3367 5355; x_wconf 48' lang='grc' dir='ltr'><strong>είςςιμ</strong></span> <span class='ocrx_word' id='word_1_762' title='bbox 3395 5270 3436 5324; x_wconf 92' lang='lat' dir='ltr'><strong>D</strong></span> <span class='ocrx_word' id='word_1_763' title='bbox 3460 5284 3625 5326; x_wconf 74' lang='lat' dir='ltr'><strong>nam-</strong></span> 
     </span>
    </p>
   </div>
   <div class='ocr_carea' id='block_1_107' title="bbox 347 5343 3622 5423">
    <p class='ocr_par' dir='ltr' id='par_1_107' title="bbox 347 5343 3622 5423">
     <span class='ocr_line' id='line_1_107' title="bbox 347 5343 3622 5423; baseline -0 -22"><span class='ocrx_word' id='word_1_764' title='bbox 347 5368 422 5402; x_wconf 85' lang='lat' dir='ltr'><strong>ru.</strong></span> <span class='ocrx_word' id='word_1_765' title='bbox 533 5348 666 5405; x_wconf 81' lang='lat' dir='ltr'><strong>‘Sic</strong></span> <span class='ocrx_word' id='word_1_766' title='bbox 692 5351 1109 5423; x_wconf 70' lang='lat' dir='ltr'><strong>CDE,2:0uom.</strong></span> <span class='ocrx_word' id='word_1_767' title='bbox 1140 5355 1201 5409; x_wconf 71' lang='grc' dir='ltr'><strong>Α.</strong></span> <span class='ocrx_word' id='word_1_768' title='bbox 1268 5343 1299 5387; x_wconf 80' lang='grc' dir='ltr'><strong>’τ</strong></span> <span class='ocrx_word' id='word_1_769' title='bbox 1333 5359 1422 5411; x_wconf 82' lang='lat' dir='ltr'><strong>Sic</strong></span> <span class='ocrx_word' id='word_1_770' title='bbox 1448 5343 1873 5423; x_wconf 74' lang='lat' dir='ltr'><strong>ACE;Dobstut</strong></span> <span class='ocrx_word' id='word_1_771' title='bbox 1897 5348 2042 5412; x_wconf 75' lang='lat' dir='ltr'><strong>mihi.</strong></span> <span class='ocrx_word' id='word_1_772' title='bbox 2114 5343 2834 5423; x_wconf 37' lang='grc' dir='ltr'><strong>⁸δὶεΑιηΕΕζαΙὲιιίιαιὶξ..</strong></span> <span class='ocrx_word' id='word_1_773' title='bbox 2892 5346 3156 5423; x_wconf 39' lang='lat' dir='ltr'><strong>Latagi;</strong></span> <span class='ocrx_word' id='word_1_774' title='bbox 3220 5343 3622 5423; x_wconf 51' lang='lat' dir='ltr'><strong>*{Dexquan-</strong></span> 
     </span>
    </p>
   </div>
   <div class='ocr_carea' id='block_1_108' title="bbox 348 5421 1103 5492">
    <p class='ocr_par' dir='ltr' id='par_1_108' title="bbox 348 5421 1103 5492">
     <span class='ocr_line' id='line_1_108' title="bbox 348 5421 1103 5492; baseline 0.011 -22"><span class='ocrx_word' id='word_1_775' title='bbox 348 5423 495 5473; x_wconf 72' lang='lat' dir='ltr'><strong>nitate</strong></span> <span class='ocrx_word' id='word_1_776' title='bbox 536 5429 584 5473; x_wconf 79' lang='lat' dir='ltr'><strong>el</strong></span> <span class='ocrx_word' id='word_1_777' title='bbox 628 5421 878 5492; x_wconf 67' lang='lat' dir='ltr'><strong>qualitate</strong></span> <span class='ocrx_word' id='word_1_778' title='bbox 925 5424 1103 5492; x_wconf 79' lang='lat' dir='ltr'><strong>igitur.</strong></span> 
     </span>
    </p>
   </div>
   <div class='ocr_carea' id='block_1_109' title="bbox 348 5490 776 5545">
    <p class='ocr_par' dir='ltr' id='par_1_109' title="bbox 348 5490 776 5545">
     <span class='ocr_line' id='line_1_109' title="bbox 348 5490 776 5545; baseline 0.007 -5"><span class='ocrx_word' id='word_1_779' title='bbox 348 5493 388 5525; x_wconf 74' lang='grc'><strong>’⁵</strong></span> <span class='ocrx_word' id='word_1_780' title='bbox 423 5505 538 5541; x_wconf 80' lang='lat' dir='ltr'><strong>sum</strong></span> <span class='ocrx_word' id='word_1_781' title='bbox 574 5504 683 5545; x_wconf 84' lang='lat' dir='ltr'><strong>om.</strong></span> <span class='ocrx_word' id='word_1_782' title='bbox 714 5490 776 5543; x_wconf 88' lang='lat' dir='ltr'><strong>D.</strong></span> 
     </span>
    </p>
   </div>
   <div class='ocr_carea' id='block_1_110' title="bbox 1198 5421 2387 5491">
    <p class='ocr_par' dir='ltr' id='par_1_110' title="bbox 1198 5421 2387 5491">
     <span class='ocr_line' id='line_1_110' title="bbox 1198 5421 2387 5491; baseline -0.003 -10"><span class='ocrx_word' id='word_1_783' title='bbox 1198 5427 1239 5459; x_wconf 79' lang='grc'><strong>¹¹</strong></span> <span class='ocrx_word' id='word_1_784' title='bbox 1269 5443 1378 5481; x_wconf 75' lang='lat' dir='ltr'><strong>esse</strong></span> <span class='ocrx_word' id='word_1_785' title='bbox 1424 5424 1532 5483; x_wconf 71' lang='lat' dir='ltr'><strong>Olll.</strong></span> <span class='ocrx_word' id='word_1_786' title='bbox 1571 5421 1633 5484; x_wconf 73' lang='grc' dir='ltr'><strong>Β.</strong></span> <span class='ocrx_word' id='word_1_787' title='bbox 1713 5431 1755 5463; x_wconf 78' lang='grc'><strong>⁸³</strong></span> <span class='ocrx_word' id='word_1_788' title='bbox 1786 5431 1830 5485; x_wconf 84' lang='grc' dir='ltr'><strong>ι)</strong></span> <span class='ocrx_word' id='word_1_789' title='bbox 1872 5427 1940 5482; x_wconf 86' lang='lat' dir='ltr'><strong>Et</strong></span> <span class='ocrx_word' id='word_1_790' title='bbox 1998 5427 2173 5491; x_wconf 82' lang='lat' dir='ltr'><strong>(enim</strong></span> <span class='ocrx_word' id='word_1_791' title='bbox 2205 5440 2311 5480; x_wconf 87' lang='lat' dir='ltr'><strong>om.</strong></span> <span class='ocrx_word' id='word_1_792' title='bbox 2339 5421 2387 5490; x_wconf 90' lang='lat'><strong>).</strong></span> 
     </span>
    </p>
   </div>
   <div class='ocr_carea' id='block_1_111' title="bbox 2498 5414 3617 5483">
    <p class='ocr_par' dir='ltr' id='par_1_111' title="bbox 2498 5414 3617 5483">
     <span class='ocr_line' id='line_1_111' title="bbox 2498 5414 3617 5483; baseline -0.006 -10"><span class='ocrx_word' id='word_1_793' title='bbox 2498 5420 2543 5455; x_wconf 78' lang='lat'>&quot;</span> <span class='ocrx_word' id='word_1_794' title='bbox 2578 5423 2620 5474; x_wconf 87' lang='lat' dir='ltr'><strong>A</strong></span> <span class='ocrx_word' id='word_1_795' title='bbox 2654 5429 2700 5471; x_wconf 81' lang='lat' dir='ltr'><strong>et</strong></span> <span class='ocrx_word' id='word_1_796' title='bbox 2801 5417 2845 5450; x_wconf 68' lang='lat'><em>“</em></span> <span class='ocrx_word' id='word_1_797' title='bbox 2890 5414 2981 5472; x_wconf 86' lang='lat' dir='ltr'><strong>Sic</strong></span> <span class='ocrx_word' id='word_1_798' title='bbox 3025 5415 3197 5480; x_wconf 81' lang='lat' dir='ltr'><strong>CDE;</strong></span> <span class='ocrx_word' id='word_1_799' title='bbox 3254 5414 3300 5469; x_wconf 77' lang='grc' dir='ltr'>Α</span> <span class='ocrx_word' id='word_1_800' title='bbox 3346 5424 3617 5483; x_wconf 71' lang='lat' dir='ltr'><strong>putarem.</strong></span> 
     </span>
    </p>
   </div>
   <div class='ocr_carea' id='block_1_112' title="bbox 1862 5583 2107 5640">
    <p class='ocr_par' dir='ltr' id='par_1_112' title="bbox 1862 5583 2107 5640">
     <span class='ocr_line' id='line_1_112' title="bbox 1862 5583 2107 5640; baseline 0 -2"><span class='ocrx_word' id='word_1_801' title='bbox 1862 5583 2107 5640; x_wconf 80' lang='lat' dir='ltr'><strong>NOTAE.</strong></span> 
     </span>
    </p>
   </div>
   <div class='ocr_carea' id='block_1_113' title="bbox 417 5690 3389 5769">
    <p class='ocr_par' dir='ltr' id='par_1_113' title="bbox 417 5690 3389 5769">
     <span class='ocr_line' id='line_1_113' title="bbox 417 5690 3389 5769; baseline 0.002 -23"><span class='ocrx_word' id='word_1_802' title='bbox 417 5704 445 5735; x_wconf 69' lang='grc' dir='ltr'>α</span> <span class='ocrx_word' id='word_1_803' title='bbox 485 5690 716 5748; x_wconf 50' lang='lat' dir='ltr'><strong>Joannes</strong></span> <span class='ocrx_word' id='word_1_804' title='bbox 738 5690 935 5752; x_wconf 82' lang='lat' dir='ltr'><strong>Scotus</strong></span> <span class='ocrx_word' id='word_1_805' title='bbox 958 5702 1103 5753; x_wconf 87' lang='lat' dir='ltr'><strong>recte</strong></span> <span class='ocrx_word' id='word_1_806' title='bbox 1127 5697 1401 5754; x_wconf 75' lang='lat' dir='ltr'><strong>observat.</strong></span> <span class='ocrx_word' id='word_1_807' title='bbox 1430 5695 1512 5754; x_wconf 80' lang='lat' dir='ltr'><strong>Cf.</strong></span> <span class='ocrx_word' id='word_1_808' title='bbox 1546 5694 1741 5753; x_wconf 81' lang='lat' dir='ltr'><strong>Festus</strong></span> <span class='ocrx_word' id='word_1_809' title='bbox 1761 5711 1813 5750; x_wconf 81' lang='grc' dir='ltr'><strong>ν.</strong></span> <span class='ocrx_word' id='word_1_810' title='bbox 1836 5696 2006 5766; x_wconf 70' lang='lat' dir='ltr'><strong>{enim</strong></span> <span class='ocrx_word' id='word_1_811' title='bbox 2030 5706 2084 5753; x_wconf 92' lang='lat' dir='ltr'><strong>et</strong></span> <span class='ocrx_word' id='word_1_812' title='bbox 2119 5695 2438 5769; x_wconf 70' lang='lat' dir='ltr'><strong>[ni-inuenies</strong></span> <span class='ocrx_word' id='word_1_813' title='bbox 2456 5719 2476 5769; x_wconf 87' lang='lat'><strong>,-</strong></span> <span class='ocrx_word' id='word_1_814' title='bbox 2496 5696 2668 5753; x_wconf 75' lang='lat' dir='ltr'><strong>Varro</strong></span> <span class='ocrx_word' id='word_1_815' title='bbox 2697 5698 2836 5767; x_wconf 77' lang='lat' dir='ltr'><strong>apud</strong></span> <span class='ocrx_word' id='word_1_816' title='bbox 2868 5701 3001 5755; x_wconf 63' lang='lat' dir='ltr'><strong>Xou.</strong></span> <span class='ocrx_word' id='word_1_817' title='bbox 3032 5710 3082 5752; x_wconf 92' lang='lat' dir='ltr'><strong>c.</strong></span> <span class='ocrx_word' id='word_1_818' title='bbox 3126 5703 3188 5756; x_wconf 58' lang='grc' dir='ltr'><strong>η</strong></span> <span class='ocrx_word' id='word_1_819' title='bbox 3215 5710 3267 5750; x_wconf 76' lang='lat' dir='ltr'><strong>n.</strong></span> <span class='ocrx_word' id='word_1_820' title='bbox 3297 5696 3389 5753; x_wconf 72' lang='lat'><strong>&#39;52.</strong></span> 
     </span>
    </p>
   </div>
   <div class='ocr_carea' id='block_1_114' title="bbox 950 5850 995 5858">
    <p class='ocr_par' dir='ltr' id='par_1_114' title="bbox 950 5850 995 5858">
     <span class='ocr_line' id='line_1_114' title="bbox 950 5850 995 5858; baseline -0.022 0"><span class='ocrx_word' id='word_1_821' title='bbox 950 5850 995 5858; x_wconf 78' lang='grc'><strong>...-</strong></span> 
     </span>
    </p>
   </div>
  </div>
