3904 6148
244 323 371 391 ιη’

1114 333 1201 388 DE
1241 331 1579 389 DlVlSlONE
1615 333 1964 394 NATURAE.
2002 367 2073 381 --
2101 335 2307 392 LIBER
2338 335 2617 392 PRIMUS.

3378 339 3482 395 498

241 445 531 517 quantitate
572 451 620 497 ct
671 441 930 512 qualitate
954 442 1256 504 coniicitur,
1287 445 1389 499 hoc
1430 454 1511 500 est
1540 455 1799 514 quantum
1831 462 1877 518 Α
1907 452 2057 515 bilia,
2077 452 2274 521 quibus
2292 454 2525 515 utimur;
2551 432 2756 507 utsunt
2783 452 3234 519 quattuormuntli
3266 454 3481 522 hujus"

241 547 291 595 et
336 537 513 607 quale,
568 551 669 589 non
704 535 921 590 aliunde
946 537 1346 590 constitutionis
1391 553 1521 591 suae
1579 553 1798 593 causam

238 632 492 697 accipere,
548 628 648 682 nisi
705 627 773 680 ab
825 627 940 696 ipsa
989 629 1163 690 οὐσία,
1195 628 1279 681 cui
1322 629 1641 683 naturaliter
1684 629 1797 698 ipsa

238 719 499 792 quantitas
520 726 573 771 et
594 717 824 785 qualitas
868 716 1032 771 veluti
1087 732 1121 785 p
1156 717 1260 769 ima
1289 718 1586 771 accidentia
1623 718 1805 772 maxi-

236 826 418 880 maque
438 809 732 877 probantur
754 806 1021 870 accidere,
1049 814 1105 860 et
1131 807 1247 860 sine
1274 822 1379 876 qua
1406 812 1513 861 neu
1538 808 1796 877 possunt'

233 898 379 957 esse?
408 896 675 966 Quicquid
718 897 860 949 enim
888 911 959 951 ex
995 896 1100 959 his,
1151 910 1290 964 quae
1345 896 1396 950 in
1447 897 1596 951 fonte
1645 905 1797 962 sunt,

234 990 577 1062 progreditur,
608 1002 707 1040 cur
730 1001 833 1040 non
854 986 921 1039 ad
948 986 1121 1054 ipsum
1144 984 1347 1041 fontem
1374 985 1660 1049 referatur,
1691 1003 1798 1041 non

237 1080 422 1143 babeo;
450 1078 767 1147 praesertim
795 1092 914 1131 cum
943 1077 1053 1145 ipsa
1083 1077 1252 1135 οὐσία.
1290 1076 1341 1130 in
1366 1086 1625 1145 quantum
1646 1079 1800 1134 οὐσία

237 1179 331 1232 est,
378 1168 527 1223 mullo
572 1168 733 1222 modo
761 1166 1041 1220 visibiliter
1074 1166 1536 1236 tractabiliterque
1565 1183 1627 1222 ac
1675 1182 1799 1236 spa-

238 1260 357 1313 tiose
385 1256 557 1311 valeat
582 1271 869 1326 apparere.
902 1256 1217 1311 Concursus
1251 1272 1380 1312 vero
1411 1258 1796 1321 accidentium,

234 1365 360 1423 quae
400 1350 446 1405 ei
486 1348 743 1414 insunt’,
786 1348 870 1402 vel
895 1348 1043 1403 circa
1090 1363 1210 1403 eam
1256 1348 1645 1420 intelliguntur,
1676 1364 1798 1405 sen-

235 1441 375 1499 sibile
398 1441 670 1511 quoddam
697 1440 1100 1510 spatiosumque
1137 1455 1235 1509 per
1264 1441 1664 1510 generationem
1692 1456 1793 1510 po.

232 1545 329 1594 test
356 1550 564 1592 creare.
597 1518 884 1601 Quantitas
909 1535 1173 1603 siquidem
1198 1541 1251 1588 et
1272 1533 1504 1602 qualitas
1530 1543 1791 1603 quantum

232 1636 281 1681 et
298 1627 443 1697 quale
468 1627 615 1681 inter
641 1640 702 1680 se
727 1623 1080 1695 conjunguut.
1115 1623 1265 1691 Quae
1292 1624 1397 1678 duo
1428 1623 1529 1678 sibi
1562 1624 1794 1678 invicem

233 1717 516 1785 conjuncta,
558 1716 719 1770 modo
741 1715 973 1785 quodam
1015 1722 1362 1784 temporeque
1390 1713 1793 1782 generationem

1905 544 2192 606 elementa,
2224 558 2560 611 corporaque
2607 558 2669 594 rx
2703 543 2781 594 cis
2811 543 3125 608 composita.
3172 542 3285 598 Non
3339 546 3482 599 enim

1902 632 2153 686 mortalia
2177 641 2359 686 nostra
2385 646 2612 701 corpora
2643 632 2762 685 sine
2791 632 2876 685 his
2896 642 3116 699 possunt
3141 647 3478 701 permanere.

1902 723 2069 777 Terra
2117 723 2381 792 siquidem
2412 733 2725 793 pascuntur,
2780 725 3005 781 humore
3053 738 3327 797 petantur,
3355 747 3482 786 acre

1901 813 2257 884 inspirantur,
2284 814 2406 882 igne
2429 813 2798 869 calelicantur.
2829 814 3047 870 Duobus
3074 831 3327 874 crescunt
3356 821 3398 852 “
3427 831 3482 877 et

1899 902 2231 967 nutriuntur,
2285 911 2431 956 terra
2471 912 2527 957 et
2550 917 2691 971 aqua
2720 921 2733 957 :
2764 905 2972 959 duobus
2998 915 3056 959 ut
3098 907 3279 961 vivant
3309 909 3482 963 admi-

1900 993 2222 1056 nistrantur,
2253 1007 2381 1047 aere
2427 1002 2480 1045 et
2533 992 2652 1062 igne
2683 1009 2696 1045 :
2736 994 2841 1047 duo
2894 995 3170 1062 patiuntur
3199 996 3252 1049 in
3284 1012 3478 1066 corpus

1902 1085 2258 1146 transeuntis,
2309 1092 2451 1137 terra
2478 1094 2535 1138 et
2554 1097 2688 1153 aqua
2716 1098 2735 1149 ;
2766 1083 2871 1137 duo
2894 1093 3187 1154 operantur
3209 1084 3475 1141 officinam

1898 1174 2145 1242 corporis
2183 1171 2512 1236 conﬂantia,
2561 1187 2656 1226 aer
2709 1181 2765 1226 et
2819 1174 2975 1242 ignis.
3024 1173 3176 1244 Ignea
3212 1175 3476 1244 siquidem

1900 1263 2092 1326 virtus,
2120 1262 2275 1332 cujus
2322 1262 2478 1316 sedes
2500 1261 2551 1314 iu
2577 1262 2739 1316 corde
2762 1272 2866 1324 est,
2900 1262 3002 1315 cibi
3054 1270 3315 1332 polusque
3344 1265 3476 1318 sub-

1902 1350 2048 1405 tilem
2092 1365 2189 1420 per
2211 1350 2452 1406 occultos
2476 1364 2636 1418 puros
2662 1351 2712 1405 in
2741 1351 2982 1405 diversas
3022 1352 3266 1421 corporis
3292 1362 3476 1421 partes

1899 1456 2153 1512 vaporem
2175 1440 2468 1505 distribuit,
2497 1439 2857 1495 laecnlcntum
2884 1440 2936 1494 in
2969 1454 3238 1495 secessum
3271 1441 3475 1496 discer-

1897 1533 1995 1586 nit.
2031 1530 2134 1587 Sed
2156 1532 2271 1601 ipse
2314 1531 2477 1600 ignis,
2502 1530 2602 1583 nisi
2634 1530 2779 1584 aerio
2811 1530 3000 1597 spiritu
3038 1527 3360 1594 insuliletur,
3391 1533 3471 1586 ci-

1896 1623 2072 1693 boque
2093 1635 2156 1674 ac
2175 1630 2301 1690 potu
2329 1619 2370 1650 “
2392 1618 2551 1677 veluti
2573 1619 2891 1689 quibusdam
2916 1616 3168 1674 fomentis
3183 1619 3474 1685 nutriatur,

1897 1714 2005 1770 cito
2035 1713 2387 1785 extinguitur,
2434 1728 2498 1766 ac
2521 1712 2637 1766 sine
2665 1725 2815 1766 mora
2849 1719 3018 1765 totum
3050 1712 3296 1781 corporis
3325 1711 3473 1765 aedi—

233 1807 555 1877 aceipientia,
587 1820 785 1874 corpus
814 1806 1076 1875 integrum
1099 1805 1407 1859 ostendunt.
1435 1804 1626 1858 Cetera
1648 1804 1791 1859 enim
1823 1818 1870 1879 Β
1898 1808 2077 1864 licium
2103 1807 2337 1862 solutum
2360 1805 2759 1877 collapsumque
2780 1805 3017 1874 rigescit,
3040 1804 3237 1873 frigore
3266 1806 3370 1859 vim
3389 1822 3483 1861 ca—

232 1896 513 1952 accidentia
545 1897 630 1951 bis
660 1895 1001 1965 superaddita
1034 1909 1154 1950 esse
1176 1894 1443 1948 videntur.
1470 1888 1785 1948 llaec’enim

232 1995 460 2055 quattuor
502 1986 564 2040 in
607 1984 924 2055 corporibus
974 1985 1174 2039 nostris
1213 1992 1625 2053 ceterorumque
1670 1983 1787 2038 ani-

232 2078 427 2133 Italiam
486 2075 973 2144 inanimaliumque
1008 2074 1378 2146 principaliter
1425 2074 1786 2145 inquirimus,

239 2179 472 2239 quantum
499 2169 603 2234 sit,
630 2168 825 2237 quibus
854 2167 1100 2236 partibus
1126 2174 1354 2230 constet,
1416 2181 1543 2221 num
1600 2162 1792 2236 spatiis

234 2260 559 2333 longitudinis
591 2259 933 2328 protenditur
974 2257 1019 2322 ⁸,
1070 2256 1495 2325 latitudinisque,
1552 2255 1790 2310 altitudi-

234 2354 419 2422 nisque,
447 2351 611 2422 quale
639 2351 734 2414 sit,
766 2350 1014 2404 rectaene
1036 2347 1243 2403 formae
1281 2356 1445 2416 atque
1497 2348 1786 2412 humanae,

233 2459 475 2516 promere
514 2453 683 2512 atque
739 2440 1000 2503 bestialis,
1049 2454 1158 2508 quo
1207 2446 1447 2507 tempore
1506 2438 1745 2507 genitum
1772 2476 1792 2503 ,

234 2548 385 2604 quove
408 2534 571 2590 modo
612 2531 866 2587 delinitur
889 2529 929 2584 δ.
967 2530 1149 2599 Itaque
1176 2530 1230 2584 in
1259 2544 1319 2585 se
1358 2530 1586 2595 locatur,
1621 2544 1687 2583 ne
1711 2530 1797 2584 in-

235 2625 421 2681 ﬁnitum
454 2627 551 2691 sit,“
600 2626 695 2681 sed
716 2639 888 2678 unum
937 2622 1138 2691 aliquid
1184 2623 1236 2677 in
1264 2636 1363 2677 suo
1390 2635 1585 2692 genere
1610 2622 1794 2676 termi-

236 2726 421 2773 natum.
455 2716 623 2781 Haec,
654 2725 713 2767 ut
741 2714 1000 2778 diximus,
1022 2712 1077 2767 lu
1099 2711 1418 2782 corporibus
1447 2712 1647 2766 uestris
1679 2712 1791 2781 pri~

235 2806 549 2862 mordialiter
599 2805 979 2873 inspiciuntur.
1030 2801 1197 2857 Extra
1259 2815 1386 2857 vero
1431 2801 1564 2855 haec
1618 2800 1796 2855 altiori

236 2894 489 2949 considera
500 2895 649 2948 tione
669 2895 864 2955 οὐσίαν,
881 2906 1021 2961 quae
1048 2901 1130 2947 est
1150 2889 1443 2944 formarum
1472 2889 1798 2944 substantia-

235 2981 346 3036 lium
367 2986 538 3055 origo,
553 2983 1003 3053 contemplamur.
1027 2979 1265 3035 Dicimus
1284 2981 1455 3045 enim,
1474 2981 1575 3035 hoc
1602 2995 1798 3051 corpus

235 3073 307 3127 rel
333 3073 446 3139 hoc,
474 3074 635 3141 cujus
660 3073 919 3137 ousiadis,
963 3071 1015 3127 id
1037 3080 1140 3135 est,
1178 3071 1554 3126 substantialis
1588 3069 1796 3126 formae

1890 1893 2022 1954 loris
2039 1906 2345 1967 superante.
2372 1894 2476 1951 Sed
2508 1896 2572 1950 de
2598 1896 2682 1951 liis
2703 1896 2837 1950 alius
2860 1896 3151 1967 disserendi
3184 1894 3334 1952 locus
3373 1905 3474 1953 est.

1961 1992 2051 2046 55.
2096 1992 2238 2045 υιεο.
2261 1988 2405 2043 llaec
2425 1988 2773 2058 probabiliter
2803 1987 3009 2057 accipio
3043 1986 3106 2040 ¹².
3137 1986 3243 2043 Sed
3268 2004 3476 2043 mecum

1895 2089 2130 2139 tractare
2164 2094 2271 2133 non
2317 2078 2524 2143 desino,
2574 2076 2807 2147 qualiter
2848 2077 2981 2132 haec
3009 2077 3224 2131 sibimet
3254 2088 3479 2146 possunt

1893 2171 2206 2235 convenire,
2253 2170 2523 2240 quomolo
2557 2168 2922 2236 incorporales
2954 2183 3039 2223 res
3080 2183 3177 2238 per
3224 2184 3283 2223 se
3309 2178 3475 2239 atque

1896 2261 2191 2320 invisibiles
2239 2276 2338 2316 suo
2390 2274 2656 2315 concursu
2683 2259 2824 2313 inter
2849 2271 2905 2313 se
2955 2261 3186 2314 invicem
3244 2260 3476 2315 visibilia

1895 2368 2124 2423 corpora
2149 2351 2405 2418 elliciunt,
2436 2352 2509 2406 ita
2538 2359 2594 2404 ut
2626 2350 2759 2406 nihil
2786 2350 2929 2403 aliud
2957 2350 3027 2404 sit
3073 2351 3322 2416 materia,
3355 2352 3475 2405 nul-

1894 2444 2109 2513 lamque
2130 2443 2291 2497 aliam
2316 2455 2538 2496 causam
2581 2440 2981 2497 constitutionis
3011 2440 3223 2502 habent,
3250 2442 3349 2496 nisi
3391 2458 3478 2497 eo-

1895 2552 2033 2598 rum,
2084 2550 2224 2606 quae
2269 2532 2384 2589 solo
2428 2532 2724 2603 sapientiae
2778 2534 3015 2586 contuitu
3047 2533 3474 2597 considerantur,

1895 2625 2035 2680 inter
2056 2639 2115 2680 se
2139 2625 2270 2694 ipsa,
2294 2624 2346 2677 in
2365 2623 2579 2693 seipsis,
2606 2632 2661 2678 ct
2686 2638 2789 2677 non
2817 2623 2867 2677 in
2898 2623 3080 2691 aliquo
3105 2633 3480 2692 contempera-

1896 2726 2010 2773 tum
2063 2718 2363 2772 contuitmn
2418 2714 2491 2780 ης
2537 2715 2854 2784 praesertim
2902 2714 3187 2785 magniﬁco
3235 2714 3478 2778 Boethio,

1900 2821 2112 2861 summo
2138 2805 2420 2873 utriusque
2444 2804 2658 2873 linguae
2706 2802 3041 2871 philosotiho,
3085 2804 3136 2856 in
3183 2803 3334 2856 libris
3365 2803 3477 2855 suis

1898 2897 1967 2953 de
2004 2896 2355 2950 Arithmetica
2408 2892 2534 2949 talia
2559 2902 2870 2949 asserente:
2907 2892 3177 2962 Sapientia
3199 2904 3275 2946 est
3305 2908 3477 2946 mum

1902 3003 2037 3059 quae
2060 2996 2204 3049 sunt,
2243 2986 2426 3054 suique
2455 2984 2828 3038 immutabilem
2858 2984 3203 3037 substantiam
3246 2986 3474 3038 sortiun-

1900 3088 2007 3141 tur,
2048 3074 2434 3144 comprehensio
2459 3072 2709 3127 veritatis.
2748 3071 2877 3126 Esse
2898 3086 3070 3125 autent
3097 3071 3190 3124 illa
3230 3073 3477 3140 dicimus,

234 3165 334 3217 est?
375 3164 568 3223 Utrum
617 3166 907 3229 humanae,
948 3178 1015 3217 an
1044 3164 1290 3232 equinae.
1323 3162 1616 3232 θιίουὶυενθ
1657 3163 1789 3216 irra-
1819 3165 1863 3226 C
1897 3184 2030 3240 quae
2047 3183 2137 3221 nec
2152 3168 2700 3229 intentionecrescunt,
2723 3180 2813 3217 nec
2841 3163 3206 3217 retractione"
3232 3165 3475 3218 minuun-

238 3255 480 3313 tionabilis
527 3256 783 3311 animalis
826 3255 964 3310 intra
1008 3255 1185 3311 οὐσίαν
1230 3252 1642 3323 comprehensi?
1697 3252 1790 3308 llis

238 3346 364 3401 enim
416 3349 733 3403 nominibus
791 3361 895 3401 non
923 3345 1237 3400 animalium
1266 3357 1517 3413 corpora,
1549 3344 1645 3420 sed
1668 3343 1791 3398 sub-

238 3438 485 3492 stantiales
517 3452 710 3492 eorum
743 3436 949 3491 formae
969 3435 1329 3504 appellantur.

294 3526 371 3580 54.
408 3527 540 3582 Tria
572 3527 838 3596 siquidem
868 3526 1100 3581 discreto
1128 3526 1389 3579 debemus
1439 3538 1789 3594 cognoscere,

235 3617 333 3670 sive
354 3618 414 3672 de
442 3616 852 3687 nobismetipsis
879 3616 1180 3684 cogitantes
1198 3614 1241 3680 ⁸.
1272 3615 1387 3670 sire
1416 3614 1481 3668 de
1518 3615 1639 3669 aliis
1678 3614 1792 3667 ani-

237 3706 467 3761 taalibus:
498 3707 643 3774 Quid
665 3705 889 3761 sumus?
906 3706 1042 3772 Quid
1072 3716 1311 3760 nostrum
1340 3705 1462 3759 cst?
1484 3704 1620 3770 Q'llJ
1644 3704 1789 3758 circa

235 3796 349 3851 nos?
397 3797 503 3854 Nos
576 3812 783 3852 sumus.
834 3798 1130 3852 substantia
1176 3804 1384 3860 nostra,
1436 3809 1577 3865 quae
1615 3794 1792 3849 vitalis

236 3894 373 3957 stqne
407 3888 761 3959 intelligibilis
788 3896 891 3953 est,
940 3903 1102 3959 supra
1127 3902 1322 3957 corpus
1341 3902 1635 3957 omnesque
1675 3886 1792 3955 ejus

235 3989 399 4032 sensus
422 3977 795 4046 visibilemque
822 3976 1071 4032 formam.
1116 3976 1369 4032 Nostrum
1421 3987 1525 4042 est,
1557 3992 1662 4031 non
1690 3992 1790 4032 au-

238 4076 329 4121 tem
372 4085 484 4136 nos,
540 4084 767 4139 corpus,
801 4070 943 4140 quod
989 4070 1144 4125 nobis
1173 4068 1449 4134 adhaeret,
1480 4078 1700 4140 quanto,
1734 4079 1790 4125 et

234 4159 377 4225 quali,
421 4163 732 4230 ceterisque
759 4159 781 4191 ⁸
808 4160 1174 4217 accidentibus
1201 4161 1579 4229 compositum,
1630 4171 1790 4230 atque

235 4251 477 4317 sensibile,
522 4251 807 4316 mutabile,
831 4252 1080 4318 solubile,
1106 4254 1487 4321 corruptibile;
1548 4253 1790 4323 nihilque

235 4341 359 4394 aliud
388 4359 505 4398 esse
552 4343 894 4399 verissimum
942 4353 1026 4399 est
1086 4345 1287 4409 dicere,
1318 4359 1480 4413 quam
1530 4360 1785 4400 sensuum

238 4428 567 4486 instrumenta
614 4432 701 4485 vel
753 4434 927 4497 sedes,
976 4448 1115 4502 quae
1160 4451 1188 4487 a
1218 4433 1440 4489 Graecis
1491 4436 1785 4490 vocantur'

1895 3271 2000 3323 tur,
2037 3274 2129 3312 nec
2171 3256 2547 3311 uariationibus
2587 3252 3101 3325 permutantur,sed
3149 3256 3202 3308 in
3260 3257 3475 3325 propria

1892 3367 2094 3422 semper
2113 3352 2159 3405 vi
2181 3365 2307 3405 suae
2332 3366 2386 3403 se
2410 3347 2453 3383 “
2482 3360 2700 3401 naturae
2726 3347 2970 3401 subsidiis
3001 3348 3124 3399 nixa
3149 3347 3471 3401 custodiunt.

1896 3444 2041 3500 Haec
2062 3454 2233 3497 autem
2261 3450 2383 3496 sunt
2414 3440 2709 3512 qualitates,
2734 3440 3070 3508 quantitates,
3114 3437 3333 3505 formae,
3363 3454 3476 3490 mtt-

1889 3535 2206 3606 gnitudines,
2223 3536 2521 3601 parvitates,
2538 3529 2894 3597 aequalittttes,
2929 3527 3280 3591 habitudines,
3303 3539 3471 3593 nctus,

1890 3626 2272 3690 dispositioncs,
2298 3622 2433 3686 loco,
2464 3632 2693 3689 tempora
2725 3620 2791 3682 ’⁷,
2816 3630 2861 3673 et
2892 3619 3136 3688 quicquid
3179 3620 3470 3671 minantum

1889 3714 2115 3783 quodam
2144 3712 2297 3764 modo
2329 3710 2629 3779 carparibns
2664 3709 3105 3772 inrvnitur;qttae
3128 3709 3238 3774 ipsa
3260 3707 3471 3776 quidem

1892 3814 2082 3860 natura
2129 3802 2433 3869 incorporea
2470 3812 2610 3863 sunt,
2673 3809 2720 3854 et
2766 3793 3100 3852 immutumis
3152 3799 3472 3851 substantiae

1891 3897 2091 3949 ratione
2119 3893 2363 3963 uigentia,
2403 3890 2805 3960 participatione
2844 3875 2961 3941 vero
2982 3889 3211 3957 corporis
3263 3904 3473 3956 permu-

1889 3995 2092 4046 tantur,
2139 3992 2187 4036 et
2214 3993 2357 4034 tactu
2400 3979 2666 4034 variabilis
2695 3978 2765 4030 rei
2789 3979 2842 4030 in
2870 3978 3148 4031 vertililetn
3172 3979 3469 4029 inconstan-

1889 4077 2015 4129 tiam
2037 4081 2325 4126 transeunt.
2355 4069 2498 4123 Haec
2531 4070 2711 4137 igitur,
2743 4068 3016 4136 quoniam,
3059 4074 3112 4118 ut
3135 4065 3329 4116 dictum
3370 4073 3463 4126 est,

1890 4175 2078 4218 natura
2106 4160 2478 4216 immutabilem
2504 4159 2847 4212 substantiam
2894 4157 3092 4226 vinique
3115 4155 3297 4208 sortita
3326 4164 3469 4218 sunt,

1888 4271 2000 4307 vere
2023 4253 2325 4323 proprieque
2361 4265 2470 4303 esse
2495 4249 2760 4300 dicuntur.

1958 4344 2046 4397 56.
2078 4342 2213 4396 l‘nnn
2242 4355 2307 4394 es
2342 4341 2442 4393 hac
2469 4337 2734 4391 sententia
2764 4343 2947 4406 aperte
2969 4335 3012 4365 ”
3037 4342 3191 4386 aatur
3222 4331 3473 4402 intelligi,

1889 4436 2030 4491 aliud
2058 4449 2179 4489 esse
2218 4442 2496 4487 materiam
2526 4444 2828 4499 corpusque
2867 4442 2931 4483 ex
2973 4442 3033 4482 ea
3068 4426 3293 4489 factum,
3326 4427 3469 4480 aliud

234 4522 528 4600 dabnt-ipa,
560 4525 612 4578 id
642 4533 729 4579 est
756 4524 777 4557 ⁸
801 4528 1079 4584 αἰσθήσεων
1123 4533 1296 4603 rapiat,
1327 4543 1581 4581 sensuum
1606 4539 1786 4583 custo-
1817 4508 1863 4566 ι)
1890 4527 2243 4597 quantitatem
2270 4532 2323 4578 et
2351 4522 2685 4592 qualitatem,
2711 4530 3013 4589 ceteraque,
3039 4532 3177 4588 quae
3205 4517 3318 4571 sola
3342 4533 3481 4571 cono

237 4608 386 4664 diae'.
414 4614 548 4667 Dum
577 4614 725 4668 enim
749 4615 926 4669 anima
959 4617 1275 4684 incorporea
1299 4621 1392 4683 sit,
1411 4633 1643 4687 suasque
1666 4636 1787 4690 ope-

237 4704 446 4761 rationes
492 4723 589 4778 per
628 4710 862 4778 seipsam
915 4711 1031 4765 sine
1105 4713 1352 4767 sensibus
1412 4716 1628 4782 aperire
1679 4731 1785 4770 non

238 4797 398 4859 possit.
422 4813 722 4867 sensusque
749 4798 847 4868 ipsi
876 4816 980 4873 non
1012 4800 1116 4855 nisi
1142 4802 1193 4856 in
1227 4802 1444 4856 sedibus
1467 4805 1787 4872 quibusdam

237 4885 470 4939 custodiri
501 4887 717 4943 valeant
737 4928 751 4952 ,
785 4898 1014 4943 naturae
1035 4890 1282 4944 conditor
1325 4905 1525 4960 corpus
1551 4893 1615 4944 ad
1662 4908 1791 4947 usus

239 4972 429 5031 animae
453 4978 715 5043 condidit,
739 4980 791 5033 in
822 4994 928 5047 quo
949 4994 1044 5034 sua
1068 4981 1221 5049 quasi
1238 4983 1500 5049 quaedam
1525 4982 1786 5045 vehicula,

237 5060 386 5128 idest,
402 5081 591 5123 sensus
615 5070 928 5125 cuStodiret.
957 5071 1113 5126 Circa
1142 5087 1241 5127 nos
1262 5080 1387 5125 sunt
1412 5074 1591 5127 omnia
1613 5074 1789 5128 sensi—

1895 4620 2217 4690 templantur
2240 4616 2535 4685 sapientia,
2569 4612 3059 4682 immutabiletnque
3087 4620 3311 4666 naturae
3343 4624 3473 4665 suae

1894 4712 2143 4764 virtutem
2168 4721 2379 4776 semper
2396 4703 2736 4759 custodiunt?
2757 4702 2973 4757 Materia
3001 4716 3125 4755 vero
3146 4714 3475 4769 corpusque,

1891 4801 2085 4871 quibus
2121 4799 2406 4863 accidunt,
2436 4796 2679 4850 variabili
2718 4795 3111 4867 permutatione
3137 4792 3349 4845 diversa
3391 4792 3481 4845 iu—

1892 4892 2301 4959 constantiaque
2341 4896 2484 4944 sunt.
2518 4888 2655 4955 Quid
2684 4885 2861 4941 enim?
2890 4884 3154 4955 Numquid
3182 4881 3479 4937 verisimile

1894 4982 2126 5045 videtur,
2150 4981 2194 5036 si
2222 4995 2285 5035 ex
2313 4978 2609 5049 quantitate
2635 4988 2688 5031 et
2712 4977 2969 5042 qualitate
2995 4974 3291 5042 ceterisque
3317 4982 3477 5024 natu-

1899 5074 2098 5129 ralibus
2137 5072 2503 5128 accidentibus
2545 5072 2646 5126 sibi
2679 5071 2908 5125 invicem
2944 5069 3210 5138 copulatis
3247 5066 3475 5121 materia

1491 5206 1744 5261 VARIAE
1782 5206 2186 5263 LECTIONES.

707 5334 727 5366 ³
780 5332 868 5389 Sic
904 5333 1064 5400 ACE;
1118 5336 1159 5389 D

280 5332 390 5411 gs
432 5339 609 5411 ροιειιι.
666 5334 727 5411 ,ι
780 5332 868 5389 Sic
904 5333 1159 5411 ACE;__D
1210 5352 1343 5411 suae.
1401 5336 1573 5411 ﬁeri?
1623 5346 1764 5411 stim-

241 5402 455 5470 niatur,
498 5402 517 5434 '
560 5404 848 5470 cogitantes
907 5420 1011 5458 om.
1074 5406 1132 5459 ί).

239 5468 383 5537 ἵὸἰε
429 5469 585 5537 CDE;
630 5468 673 5524 Ἀ
732 5474 784 5526 id
833 5484 906 5526 est
949 5490 1199 5529 sensuum
1249 5478 1506 5528 custodia.

243 5536 405 5613 ACE;
451 5540 492 5594 1)
532 5560 594 5596 ac
627 5553 755 5613 potu
804 5544 1034 5613 ciboque.

1867 5336 1887 5369 ³
1934 5337 2025 5390 Sic
2076 5336 2241 5400 CDE,
2289 5338 2332 5389 Α
2384 5334 2741 5404 protendatur.

1232 5406 1252 5436 ⁸
1290 5406 1380 5459 Sic
1430 5406 1594 5468 ADlL;
1643 5407 1683 5459 (ἶ
1726 5409 1907 5459 celeris
1955 5408 2093 5476 (que
2147 5424 2256 5459 om.
2286 5408 2323 5470 ).

1597 5478 1639 5507 ¹⁰
1696 5476 1788 5529 Sic
1838 5468 2014 5531 (IDES
2050 5477 2088 5531 Α
2141 5468 2297 5544 hujus
2334 5476 2538 5527 mundi.
2588 5474 2651 5544 Αίέ
2681 5481 2987 5544 πεῖθε-τρυφή
3028 5487 3135 5544 ριιι-
3170 5468 3231 5520 D-

1140 5544 1184 5575 ⁸³
1237 5544 1326 5598 Sic
1364 5546 1524 5604 CDE;
1581 5546 1623 5598 A
1663 5546 2013 5600 l’robabiliter
2056 5548 2253 5611 arripio
2302 5546 2446 5597 Itat't‘.

2843 5334 2864 5364 ι
2918 5332 3007 5385 Sic
3050 5330 3213 5389 cura;
3263 5327 3310 5380 Α
3344 5327 3473 5395 ἀρῇ.

2868 5403 2888 5434 ³
2938 5401 3027 5455 Sic
3072 5399 3233 5459 CDE;
3277 5398 3319 5448 Λ
3376 5401 3478 5450 ve!-

3308 5467 3349 5495 "
3384 5468 3473 5522 Sic

2561 5542 2602 5573 ”
2632 5543 2719 5594 Sic
2749 5540 2950 5603 Blllllﬁ;
3013 5539 3053 5590 Λ
3092 5547 3483 5605 contctttperuto-

2418 5415 2436 5444 τ
2482 5407 2521 5458 Α
2549 5420 2779 5458 voratur.

243 5612 482 5663 contuitu.
538 5613 584 5643 ¹⁸
616 5606 703 5666 Sic
732 5611 808 5676 D;
842 5614 882 5667 C
912 5606 1275 5668 retractatione
1298 5614 1501 5684 (punct.
1537 5634 1586 5668 a.
1626 5634 1695 5669 tn.
1745 5615 1928 5683 subj.),
1978 5617 2015 5669 ις
2074 5606 2454 5669 retractatione.
2537 5612 2579 5643 ”
2617 5612 2705 5664 Sic
2737 5610 2856 5672 At},
2896 5625 2950 5661 se
2991 5624 3097 5661 om.
3153 5606 3258 5660 UE.
3337 5606 3377 5637 "
3428 5614 3485 5661 A.

247 5711 454 5766 corpora
530 5703 575 5733 ”
598 5704 638 5756 Α
674 5721 702 5753 rt
741 5716 907 5771 parte.

305 5792 367 5825 κ
