3834 6152
403 356 504 411 199

1813 351 1991 415 ιοΑΝ.

2097 353 2334 441 .scort
2584 316 2672 324 ”’
3539 359 3661 420 ωσι

399 465 758 530 subsisteret,
803 476 1112 520 necessario
1153 473 1207 520 et
1249 441 1359 536 ipsa
1407 465 1759 524 immutabilis
1803 473 1991 527 esset?
2017 474 2065 534 Α
2093 472 2344 529 similiter
2392 469 2642 527 informis
2699 470 2908 527 infinita
2961 472 3039 536 ";
3097 470 3312 527 aliunde
3359 472 3492 528 enim
3537 474 3629 531 for-

399 558 536 614 Nam
558 558 699 629 quod
725 553 745 589 ‘
772 556 840 609 de
889 555 1066 609 causis
1096 554 1435 624 intelligitur,
1463 571 1560 610 cur
1588 571 1694 612 non
1727 558 1890 613 etiam
1921 559 1988 614 de

399 648 680 704 etl'ectilms
709 649 732 678 '
783 659 969 700 earum
1024 646 1382 717 intelligatur,
1415 657 1505 711 ut,
1540 650 1988 718 quemadmodum

401 740 730 810 quantitates
753 743 807 789 et
833 736 1118 806 qualitates
1140 747 1431 806 ceteraque
1458 739 1652 793 similia
1682 741 1799 794 solo
1824 741 1989 794 animi

399 832 640 888 contuitu
689 832 1054 898 aspiciuntur,
1089 832 1158 884 ita
1211 841 1263 884 et
1307 833 1527 886 materia
1573 842 1622 888 et
1654 847 1852 902 corpus
1883 846 1989 886 non

403 926 654 980 sensilms
677 925 972 994 corporeis,
997 926 1090 976 sed
1117 924 1407 979 intellectui
1433 926 1820 980 succumbant?
1841 924 1993 980 Nunc

401 1031 530 1068 vero
552 1016 836 1068 formatam
863 1016 1167 1072 materiam.
1185 1030 1288 1083 qua
1308 1015 1328 1046 ³
1351 1029 1546 1084 corpus
1567 1015 1991 1070 efficitur—nam

401 1105 646 1160 informis
661 1104 883 1158 omnino
899 1103 1247 1175 iutelligibilis
1267 1115 1581 1161 est—sensu
1599 1121 1858 1176 corporeo
1871 1121 1996 1174 per-

401 1197 661 1266 cipimus;
694 1197 1050 1264 quantitatem
1082 1211 1209 1249 vero
1249 1205 1303 1248 et
1333 1197 1647 1265 qualitatem
1693 1197 1807 1251 solo
1838 1196 1996 1250 intel-

401 1290 540 1344 lectu
572 1289 833 1341 valemus.
867 1287 1146 1354 Quomodo
1186 1289 1352 1357 igitur
1381 1289 1654 1357 quantitas
1681 1297 1737 1342 et
1764 1287 1996 1356 qualitas

401 1379 684 1433 materiam
710 1377 866 1448 longe
887 1380 954 1431 ab
987 1379 1066 1432 eis
1087 1378 1377 1432 distantem
1400 1388 1623 1446 possunt
1638 1377 1660 1410 ’⁵
1695 1378 2006 1433 coniicere?

402 1470 542 1526 MAG.
581 1471 749 1524 Acutc
791 1471 1079 1524 admodum
1126 1470 1262 1524 falso
1292 1481 1610 1541 argumento
1653 1471 1873 1534 falleris.
1906 1483 1998 1526 aut

404 1563 538 1615 alios
573 1561 760 1616 fallere
788 1562 890 1615 vis.
936 1563 1039 1615 Sed
1081 1574 1260 1616 utrum
1295 1570 1349 1616 t'u
1388 1564 1502 1632 ipse
1532 1563 1598 1618 de
1637 1564 1722 1617 his
1763 1563 1994 1628 dubitas,

403 1668 471 1705 an
495 1653 720 1706 aliorum
742 1647 811 1702 de
835 1653 917 1706 bis
933 1653 1288 1707 dubitantium
1313 1669 1572 1723 personas
1589 1655 1806 1724 arripis,
1825 1655 2000 1710 adhuc

403 1747 610 1818 ignoro.
645 1747 789 1802 Dtsc.
816 1743 1113 1817 Utrumque
1148 1748 1198 1802 in
1231 1749 1432 1816 meipso
1461 1749 1747 1818 perspicio.
1779 1747 1922 1802 Nam
1944 1758 2004 1804 et

2091 563 2230 618 mari
2263 563 2465 634 indiget
2486 561 2754 633 tiuirique,
2779 563 2908 618 dum
2943 578 3039 632 per
3070 578 3128 619 se
3151 578 3255 618 non
3286 563 3525 631 forma“,
3553 571 3631 624 sed

2091 653 2392 710 formabilis
2419 656 2509 711 sit.
2557 655 2624 709 Et
2658 655 2791 710 haec
2835 655 3128 709 similitudo
3173 670 3366 712 causae
3406 658 3631 723 omnium,

2091 759 2158 798 ex
2189 759 2314 813 qua,
2352 753 2408 800 et
2446 745 2498 798 iu
2529 759 2658 812 qua,
2690 753 2744 798 et
2786 759 2882 814 per
2908 759 3094 812 quam,
3126 753 3182 799 et
3208 745 3274 798 ad
3302 749 3634 812 quam-omnia

2093 844 2258 900 sunt,
2287 845 2343 891 et
2391 836 2561 906 ipsius
2589 850 2789 890 causae
2829 834 3107 899 informis,
3139 835 3260 890 dico
3294 845 3466 891 autem
3496 847 3636 891 mate-

2093 926 2226 988 riae,
2265 941 2405 996 quae
2437 927 2502 978 ad
2531 927 2633 981 boc
2679 935 2864 980 creata
2914 934 3018 989 est,
3067 933 3127 978 ut
3173 941 3262 989 ea,
3313 941 3444 994 quae
3484 943 3636 997 perse

2093 1019 2340 1072 sensibus
2369 1018 2559 1087 attingi
2589 1033 2694 1071 non
2729 1026 2950 1084 possent
2980 1016 3046 1082 “,
3079 1017 3315 1086 quodam
3345 1019 3491 1071 modo
3519 1018 3563 1071 in
3586 1033 3635 1072 ea

2094 1107 2422 1162 sensibiliter
2472 1114 2771 1176 appareant
2813 1106 2894 1171 ’°,
2944 1121 2976 1162 e
3021 1106 3298 1160 contrario
3348 1106 3636 1178 intelligitur.

2096 1195 2229 1251 Nam
2253 1213 2470 1252 summa
2485 1198 2726 1251 omnium
2751 1213 2910 1252 causa
2936 1213 3032 1268 per
3048 1198 3421 1253 excellentiam
3443 1198 3640 1252 omnium

2096 1285 2392 1342 formarum
2421 1286 2990 1356 finiumque‘intbrmis
3011 1297 3104 1342 est
3120 1298 3284 1357 atque
3315 1287 3529 1342 infinita.
3549 1285 3639 1341 Non

2097 1379 2241 1434 enim
2271 1375 2607 1434 solummodo
2641 1379 2814 1433 forma
2837 1378 3078 1433 omnium
3111 1387 3194 1432 est
3231 1380 3546 1450 principalis,
3569 1379 3642 1433 sed

2097 1469 2379 1539 plusquam
2409 1468 2831 1532 forma,omnem
2856 1468 3086 1523 formam
3113 1483 3402 1538 superans,
3423 1481 3644 1538 omneque

2098 1559 2382 1614 formabile
2413 1570 2467 1614 et
2503 1559 2843 1614 informabile
2876 1551 3140 1614 formans.
3192 1558 3331 1614 Nam
3378 1569 3433 1613 et
3471 1573 3641 1620 contra,

2099 1666 2237 1720 quae
2268 1650 2489 1704 formari
2520 1648 3019 1719 possunt“,forma
3049 1648 3433 1717 est,quoniam
3453 1663 3554 1703 eam
3572 1655 3645 1701 aut

2101 1752 2380 1815 appetunt,
2408 1753 2500 1797 aut
2534 1744 2600 1798 ad
2631 1758 2751 1797 eam
2781 1752 3192 1798 convertuntur.
3223 1743 3292 1798 Et
3315 1757 3514 1801 eorum,
3541 1755 3647 1810 quae

403 1854 469 1893 ex
520 1839 746 1893 aliorum
795 1854 1024 1909 persona
1049 1881 1064 1903 ,
1096 1840 1186 1908 qui
1239 1855 1343 1894 non
1383 1840 1653 1894 immerito
1691 1839 1758 1895 de
1798 1841 1994 1894 talibus
2029 1827 2069 1884 Β
2100 1835 2320 1890 formari
2361 1843 2674 1906 nequeunt,
2715 1842 2938 1903 propter
2967 1849 3098 1888 suae
3131 1831 3498 1888 excellentiam
3525 1837 3648 1883 natu—

405 1938 497 1984 aut
523 1929 813 1991 haesitant,
846 1941 934 1983 aut
967 1931 1181 2000 penitus
1212 1932 1493 2000 ignorant,
1527 1933 1659 1986 haec
1689 1944 1994 2000 proponere

405 2021 620 2085 curavi;
651 2030 701 2075 et
733 2021 994 2090 meipsum
1023 2035 1128 2074 non
1151 2021 1327 2074 adhuc
1354 2029 1536 2074 tantae
1561 2022 1810 2090 puritatis
1835 2022 1888 2074 in
1911 2021 1994 2075 bis

405 2126 526 2167 esse
566 2111 758 2172 video,
803 2120 863 2163 ut
886 2107 998 2176 jam
1039 2109 1112 2164 nil
1150 2109 1172 2141 '
1225 2108 1452 2179 amplius
1489 2111 1554 2162 de
1583 2111 1662 2164 eis
1703 2111 1998 2180 inquiram.

413 2203 552 2258 MAG.
583 2201 854 2258 Utendum
882 2200 1047 2271 igitur
1072 2210 1157 2255 est
1198 2200 1239 2262 ⁸.
1267 2210 1326 2254 ιιι
1353 2202 1564 2271 opinor,
1592 2202 1798 2256 ratione
1823 2210 1877 2256 et
1901 2218 1999 2255 au-

407 2293 688 2355 ctoritate,
715 2299 775 2345 ut
819 2291 956 2346 haec
995 2292 1061 2344 ad
1087 2306 1282 2360 purum
1326 2291 1642 2361 dignoscere
1674 2292 1872 2347 valeas.
1900 2292 1995 2347 His

404 2383 548 2437 enim
587 2381 794 2435 duobus
839 2390 950 2434 tota
983 2381 1154 2434 virtus
1186 2381 1539 2435 inveniendae
1583 2396 1762 2435 rerum
1791 2381 1992 2436 verita—

405 2476 475 2529 tis
509 2473 880 2530 constituitur.
927 2471 1075 2528 Dtsc.
1111 2471 1379 2527 Utendum
1421 2487 1570 2526 sane.
1609 2471 1752 2528 llaec
1786 2473 1928 2528 enim
1964 2487 1994 2526 a

405 2563 591 2618 multis
619 2563 862 2633 quaesita
916 2573 1071 2626 sunt,
1125 2564 1352 2632 paucis"
1379 2577 1506 2616 vero
1531 2563 1553 2594 ⁸
1587 2573 1818 2632 reperta.
1855 2563 1991 2620 MAG.

407 2652 504 2708 Dic
534 2655 742 2722 itaque,
767 2653 894 2723 quid
924 2653 1019 2707 tibi
1045 2653 1256 2707 videtur
1280 2655 1344 2706 de
1371 2654 1483 2722 ipsa
1523 2655 1772 2717 materia,
1804 2670 1866 2708 ex
1893 2669 1995 2722 qua

406 2743 636 2798 formata
673 2760 898 2814 corpora
945 2746 1110 2807 liubt,
1142 2760 1266 2796 num
1293 2743 1315 2774 '
1349 2760 1444 2814 per
1470 2757 1550 2806 se,
1579 2745 1702 2798 dum
1731 2744 1796 2797 sil
1831 2743 2001 2798 infor-

406 2835 533 2896 mis,
559 2849 718 2888 sensu
751 2851 816 2888 an
853 2835 1067 2888 ratione
1091 2835 1498 2889 consideratur?
1525 2837 1668 2890 lltsc.
1701 2835 1927 2890 Ratione
1953 2837 1996 2868 “

406 2923 684 2994 profecto;
720 2941 822 2978 nun
852 2927 995 2980 enim
1030 2925 1203 2979 audeo
1231 2926 1410 2980 dicere
1440 2941 1620 2980 sensu.
1660 2925 1793 2980 Nam
1830 2936 1999 2982 mate—

406 3018 486 3071 ria
517 3017 688 3071 forma
721 3034 912 3073 carens
937 3018 1082 3072 nullo
1105 3034 1264 3074 sensu
1292 3033 1553 3089 corporeo
1583 3027 1757 3088 potest
1785 3019 1994 3090 attingi.

407 3108 546 3164 MAG.
574 3108 739 3164 Recte
768 3111 1112 3180 respondisti.
1148 3109 1254 3164 Sed
1282 3111 1401 3164 vide
1420 3153 1434 3174 ,
1467 3127 1532 3164 ne
1561 3112 1761 3166 diutius
1789 3113 1854 3166 de
1887 3113 1991 3174 bis,

405 3215 543 3267 quae
573 3215 715 3254 nunc
747 3201 1122 3268 assutnpseris,
1157 3201 1350 3254 iterum
1388 3217 1483 3256 nos
1513 3205 1830 3272 lnterroges.
1859 3201 1992 3256 Nam
2022 3173 2064 3230 C

406 3290 459 3342 in
488 3290 681 3344 talibus
712 3292 934 3344 nimium
964 3307 1238 3345 moramur
1261 3293 1328 3354 “,
1355 3310 1476 3347 cum
1505 3294 1694 3347 altiora
1722 3296 1788 3348 ad
1817 3295 1994 3350 consi-

405 3381 741 3434 tlcrationem
769 3382 850 3434 sui
883 3397 980 3436 nos
1008 3383 1253 3436 invitent.
1291 3383 1433 3438 Dtsc.
1462 3381 1536 3436 De
1560 3384 1664 3446 bis,
1690 3400 1826 3452 quae
1852 3399 1994 3439 nunc

407 3470 553 3525 inter
586 3486 682 3524 nos
727 3487 862 3541 puro
893 3474 1088 3528 mentis
1130 3474 1324 3528 intuitu
1358 3473 1555 3530 fuerint
1594 3475 1830 3540 definita,
1868 3494 1992 3541 non,

406 3570 465 3614 ut
515 3561 787 3621 arbitror.
833 3561 1058 3620 ulterius
1107 3564 1393 3620 sollicitum
1444 3576 1494 3620 te
1547 3566 1761 3621 faciam.
1814 3567 1888 3622 De,
1930 3584 1994 3622 eo

407 3653 759 3721 autemquod
806 3652 1021 3715 dixisti,
1055 3655 1243 3709 altiora
1293 3659 1358 3709 ad
1400 3659 1849 3712 considerandum
1895 3675 1996 3714 nos

408 3743 660 3805 invitant,
692 3743 875 3797 mirari
907 3760 1010 3800 non
1042 3749 1250 3800 desino.
1285 3747 1420 3815 Quid
1451 3750 1594 3802 enim
1626 3748 1785 3803 altius
1813 3750 1882 3805 sit
1909 3765 1995 3805 ra-

411 3833 560 3887 tione
610 3835 1058 3889 consit'erandum
1106 3845 1226 3906 post
1267 3838 1454 3901 Deum,
1497 3856 1654 3907 quam
1682 3840 1724 3872 ¹¹
1751 3841 1996 3900 informis

412 3924 663 3982 materia,
691 3939 794 3977 non
821 3924 994 3988 video,
1021 3926 1146 3979 dum
1176 3928 1615 3996 quaeritur,quid
1647 3931 1716 3984 sit
1747 3931 1992 3995 materia,

406 4016 534 4084 quid
582 4014 788 4081 forma,
818 4018 945 4086 quid
987 4033 1052 4072 ex
1107 4020 1326 4073 materia
1369 4018 1647 4089 formaque
1689 4021 1992 4082 conficitur.

406 4109 547 4163 unde
577 4110 798 4164 materia
819 4152 832 4168 .
863 4127 989 4164 num
1019 4111 1161 4164 inter
1202 4112 1574 4180 primordiales
1602 4129 1814 4178 causas,
1856 4129 1994 4183 quae

405 4199 656 4268 primitus
671 4217 697 4252 a
716 4200 824 4253 Deo
844 4199 886 4230 ¹³
912 4200 1159 4255 conditae
1187 4207 1333 4265 sunt,
1355 4205 1785 4258 connumeranda
1816 4205 1905 4270 sit,
1925 4222 1992 4261 an

404 4289 568 4341 etiam
601 4288 646 4321 "
673 4287 817 4344 inter
846 4300 1134 4360 sequentes
1161 4306 1356 4346 causas
1377 4332 1390 4357 ,
1419 4308 1558 4362 quae
1581 4309 1648 4346 ex
1674 4295 1999 4364 primordia-

407 4375 546 4432 libus
581 4391 908 4446 nascuntur;
943 4398 1068 4434 num
1108 4383 1159 4434 in
1205 4381 1310 4444 bis,
1345 4396 1483 4450 quae
1509 4383 1756 4438 sensibus
1789 4385 1993 4439 incum-

407 4465 541 4518 bunt
574 4467 638 4528 ⁸⁸.
671 4482 737 4521 an
769 4469 820 4521 in
857 4469 960 4533 bis,
993 4485 1130 4538 quae
1171 4470 1458 4524 intellectui
1494 4470 1558 4536 “,
1591 4473 1988 4542 computanda;

405 4561 462 4606 et
498 4563 674 4607 utrum
704 4555 914 4609 definiri
949 4557 1147 4625 possit,
1177 4559 1300 4612 dum
1332 4559 1506 4615 adhuc
1535 4560 1740 4614 infinita
1773 4571 1884 4627 est;
1921 4579 1986 4615 an

319 4709 328 4716 τ
405 4643 569 4697 etiam
616 4643 826 4699 inﬁnita
867 4648 1076 4702 deliniri
1108 4657 1320 4717 potest;
1362 4651 1503 4719 quod
1535 4652 1732 4706 rationi
1773 4654 1991 4708 videtur

410 4734 693 4800 resistere,
735 4751 855 4791 cum
891 4754 917 4790 a
961 4741 1162 4794 sanctis
1190 4739 1439 4795 Patribus
1479 4744 1545 4795 ad
1587 4759 1778 4812 purum
1823 4747 1990 4800 dedu-

396 4834 555 4880 ctum
586 4825 689 4890 sit,
735 4827 840 4880 duo
875 4827 1210 4885 solummodo
1253 4845 1406 4894 esse,
1450 4847 1589 4900 quae
1637 4834 1780 4889 nullo
1829 4838 1988 4890 modo

407 4915 616 4983 possint
657 4917 903 4982 definiri,
956 4918 1122 4972 Deum
1168 4921 1418 4976 videlicet
1472 4931 1632 4993 atque
1680 4927 1982 4981 materiam.

399 5003 551 5059 Deus
599 5005 863 5077 siquidem
915 5009 1154 5065 infinitus
1203 5009 1595 5084 informisque,
1651 5018 1902 5084 quoniam
1952 5035 1981 5072 a

398 5092 554 5149 nullo
596 5093 896 5160 formatur,
942 5099 1066 5152 dum
1117 5101 1187 5156 sit
1235 5099 1405 5156 forma
1451 5105 1711 5160 omnium.
1761 5107 1984 5164 Materia

2021 4524 2069 4581 D

2098 1945 2208 1992 rae,
2235 1929 2654 2000 proximamque
2667 1929 2738 1992 ei,
2762 1928 3015 1983 videlicet
3034 1942 3253 1991 causae,
3277 1924 3648 1982 similitudinem

2099 2021 2403 2079 informit‘as
2423 2031 2526 2076 est.
2552 2019 2830 2089 Siquidem
2856 2021 2969 2090 ipsa
2998 2018 3303 2074 informitas
3323 2033 3524 2081 eorum,
3540 2029 3650 2086 quae

2098 2111 2459 2168 iuformabilia
2491 2119 2654 2176 sunt,
2696 2125 2801 2166 non
2845 2111 2965 2166 ideo
3008 2110 3209 2165 dicitur
3261 2109 3652 2172 iuformitas,ut

2097 2207 2241 2261 omni
2272 2205 2442 2260 forma
2477 2213 2657 2260 careat
2677 2245 2693 2268 ,
2723 2202 2814 2260 sed
2847 2205 2975 2275 quia
3005 2221 3221 2260 omnem
3255 2203 3483 2260 formam
3509 2201 3650 2258 sensi-

2097 2295 2259 2350 bilem
2308 2295 2806 2366 intelligibilemque
2853 2296 3302 2364 superascendat.
3348 2297 3523 2366 Atque
3559 2292 3654 2348 ideo

2099 2385 2212 2455 ipsa
2241 2387 2480 2439 omnium
2509 2400 2669 2440 causa
2695 2393 2752 2439 et
2783 2383 2985 2438 firmari
3016 2394 3071 2439 et
3098 2385 3284 2456 negari
3316 2385 3486 2450 solet,
3513 2383 3578 2438 uti
3601 2380 3652 2436 de

2097 2491 2160 2530 ea
2191 2475 2270 2530 sic
2298 2475 2528 2539 dicatur,
2559 2474 2730 2529 forma
2765 2482 2882 2536 est,
2914 2472 3085 2527 forma
3113 2490 3219 2528 nou
3251 2482 3355 2539 est,
3380 2471 3656 2528 informius

2098 2576 2204 2632 est,
2236 2565 2543 2620 infcrmitas
2571 2580 2676 2620 non
2707 2574 2808 2620 est.
2837 2564 3105 2635 Quicquid
3127 2565 3272 2619 enim
3299 2566 3363 2619 de
3391 2566 3506 2636 ipsa
3527 2575 3657 2634 praev

2098 2659 2332 2722 dicatur,
2355 2666 2411 2712 et
2436 2657 2638 2711 ﬁrmari
2663 2665 2716 2710 et
2745 2656 2929 2727 negari
2953 2665 3157 2726 potest,
3173 2655 3301 2725 quia
3326 2672 3489 2726 super
3503 2666 3655 2716 omne,

2099 2749 2240 2819 quod
2279 2748 2476 2802 dicitur
2514 2757 2570 2801 et
2604 2747 2924 2818 intelligitur
2959 2755 3014 2800 et
3058 2760 3163 2800 non
3209 2746 3546 2816 intelligitur.
3571 2751 3656 2797 est.

2100 2841 2322 2896 Materia
2367 2854 2498 2894 vero
2551 2837 2799 2893 informis
2843 2847 3072 2894 vocatur
3117 2853 3213 2908 per
3257 2837 3601 2908 privationem
3621 2832 3659 2864 "

2099 2932 2341 2987 omnium
2374 2929 2690 2984 formarum.
2719 2927 2803 2982 Ab
2829 2943 2890 2983 ea
2933 2928 3199 2997 siquidem
3235 2929 3367 2982 nihil
3403 2927 3659 2986 formatur,

2100 3020 2193 3078 sed
2221 3023 2462 3076 diversas
2493 3019 3023 3088 innumerabilesque
3061 3019 3252 3088 recipit
3291 3018 3512 3074 formas.
3539 3017 3658 3072 Mrs.

2099 3109 2214 3165 Non
2247 3110 2403 3180 longe
2429 3109 2599 3164 distas
2635 3123 2666 3162 a
2707 3123 2853 3162 vero.
2883 3107 3020 3161 Num
3061 3108 3226 3178 igitur
3254 3110 3483 3163 materia
3521 3104 3662 3161 infor-

2099 3203 2222 3264 mis,
2239 3199 2492 3270 quouiam
2518 3199 2637 3253 solo
2659 3199 3042 3264 mentisoculo,
3073 3199 3286 3254 rati0ue
3310 3199 3454 3262 dico.
3479 3198 3663 3269 perspi-

2097 3294 2272 3354 citur,
2334 3292 2641 3347 necessario
2699 3284 2819 3345 eam
2873 3291 3250 3361 iucorpoream
3309 3307 3432 3346 esse
3490 3305 3664 3359 seque.

2099 3383 2227 3436 tur?
2275 3383 2421 3437 DISC.
2481 3382 2558 3436 Ne
2615 3383 2719 3438 boc
2775 3383 2992 3453 quidem
3053 3397 3253 3454 negare
3301 3385 3493 3438 ausim.
3538 3381 3659 3438 MAG.

2097 3474 2263 3546 Igitur
2323 3476 2638 3545 incurporea
2697 3467 2799 3530 est.
2868 3475 3012 3530 Dtsc.
3073 3475 3164 3529 Est
3222 3476 3475 3545 quidem;
3535 3489 3665 3530 nico.

2096 3583 2202 3638 que
2242 3565 2449 3635 judicio
2482 3568 2793 3623 conclusum
2822 3582 2908 3621 me
2946 3581 3066 3621 csse
3105 3567 3281 3622 video.
3330 3567 3467 3623 Mm.
3497 3568 3658 3629 Visae,

2098 3659 2200 3714 hoc
2239 3661 2560 3714 auctoritate
2592 3659 2874 3714 roborari?
2927 3659 3069 3714 Dtsc.
3119 3658 3317 3723 Valde;
3353 3669 3426 3723 et,
3475 3669 3531 3714 ut
3563 3658 3662 3722 flat,

2097 3764 2278 3818 posco.

2167 3839 2256 3893 57.
2289 3838 2425 3895 Mm.
2456 3839 2648 3894 Multos
2681 3839 2746 3894 de
2779 3840 3005 3894 materia
3041 3841 3349 3910 disputasse
3386 3839 3668 3909 reperimus

2096 3937 2151 3982 et
2194 3930 2530 3989 mundanae,
2577 3937 2632 3981 et
2678 3929 2891 3983 divinae
2940 3930 3161 3998 sophiae
3208 3931 3535 3998 peritorum;
3581 3926 3665 3979 sed

2095 4034 2390 4088 paucorum
2417 4019 2730 4073 testimonio
2759 4020 2833 4073 uti
2859 4027 2944 4074 sat
2965 4031 3067 4074 est.
3095 4020 3329 4074 Sanctus
3354 4019 3670 4088 Augustinus

2097 4113 2148 4166 in
2195 4113 2348 4166 libris
2378 4111 2786 4168 Confessionum
2837 4113 3118 4181 informem
3164 4112 3434 4164 materiem
3477 4109 3521 4140 ³³
3563 4123 3664 4161 em

2095 4203 2290 4258 asserit
2320 4203 2714 4257 mutabilitatem
2747 4202 2794 4234 “
2832 4219 3004 4256 rerum
3047 4201 3410 4264 mutabilium,
3450 4199 3668 4253 omnium

2096 4294 2384 4363 formarum
2433 4309 2696 4364 capacem.
2751 4291 2849 4348 Cui
2899 4293 3129 4346 assentit
3175 4290 3331 4346 Plato
3377 4291 3428 4344 in
3468 4289 3664 4347 Timeo,

2095 4387 2344 4441 similiter
2372 4386 2648 4453 informem
2693 4385 2966 4437 materiam
3013 4399 3126 4436 esse
3164 4383 3349 4437 dicens
3392 4381 3668 4449 {oraturum

2096 4477 2457 4545 capacitatem.
2509 4474 2604 4528 llis
2645 4474 2909 4528 ambobus
2955 4473 3173 4527 sibimet
3223 4470 3668 4527 consentientibus

2097 4577 2274 4636 potest
2311 4568 2390 4621 sic
2431 4566 2536 4622 tlici
2569 4575 2623 4620 et
2654 4565 2867 4619 deliniri
2899 4583 2912 4617 :
2947 4562 3277 4617 Mutabt‘litas
3308 4577 3474 4616 rerum
3499 4568 3670 4612 muta-

2097 4657 2278 4711 bilium
2325 4673 2494 4726 capax
2543 4657 2776 4709 omnium
2826 4655 3114 4724 formarum
3163 4653 3408 4721 informis
3456 4649 3666 4702 materia

2095 4757 2190 4799 est.
2235 4745 2466 4801 Sanctus
2495 4744 2779 4814 Dionysius
2815 4743 3135 4811 Areopagita
3172 4742 3228 4796 in
3259 4742 3397 4796 libro
3431 4740 3474 4772 "
3498 4739 3558 4792 de
3587 4737 3667 4788 di—

2096 4838 2234 4892 vinis
2263 4837 2581 4891 Nominibus
2619 4833 2902 4888 matcriam
2929 4833 3058 4886 dicit
3087 4846 3208 4886 esse
3239 4845 3452 4884 ornatus
3485 4837 3525 4880 et
3555 4824 3668 4893 for-

2095 4944 2210 4982 mae
2238 4939 2284 4982 et
2320 4929 2506 4997 speciei
2539 4925 3010 4996 participationem,
3051 4923 3240 4992 quibus
3272 4922 3383 4975 sine
3413 4920 3456 4952 ³⁸
3475 4933 3558 4987 per
3611 4930 3666 4967 se

2087 5021 2330 5089 informis
2361 5030 2435 5074 est
2460 5021 2503 5051 "
2531 5020 2774 5082 materia,
2804 5027 2849 5070 et
2881 5017 2935 5069 iu
2963 5015 3106 5069 nullo
3133 5013 3356 5083 intelligi
3387 5021 3548 5083 potest.
3588 5008 3671 5060 Ac

2092 5111 2172 5165 sic
2209 5110 2502 5164 secundum
2547 5108 2860 5177 Dionysium
2902 5113 3080 5175 potest
3120 5105 3321 5174 colligi.
3361 5106 3414 5158 Si
3450 5097 3666 5156 materia

1687 5239 1935 5296 VARIAE
1977 5242 2377 5299 LECTIONES.

483 5341 500 5420 ξ
538 5341 644 5420 Pro
675 5343 830 5420 quod.
862 5345 904 5398 Α
933 5347 1012 5420 δεῖζ
1075 5347 1094 5420 ξ
1133 5345 1223 5401 Sic
1275 5347 1407 5420 CDE
1441 5365 1454 5414 ;
1497 5348 1538 5420 Α
1577 5352 1782 5420 effectu-

573 5415 616 5487 ᾼ
677 5412 752 5487 nil
801 5413 935 5487 jant.
975 5415 1015 5467 (ἶ
1063 5415 1180 5485 jam
1241 5412 1448 5487 nihilad
1495 5419 1517 5450 ⁸
1553 5412 1762 5477 Α”εδδα

401 5484 455 5515 ‘°
491 5483 531 5538 C
571 5482 746 5538 Ratio.
805 5482 864 5516 7”
905 5484 995 5540 Sic
1032 5482 1152 5551 CE;
1202 5487 1245 5540 A
1285 5504 1346 5540 ne
1386 5482 1425 5542 ἶ.
1475 5499 1512 5542 t.

402 5553 456 5583 ³⁸
490 5555 530 5606 Α
579 5565 646 5608 et.
727 5555 769 5586 "
807 5555 897 5610 Sic
932 5557 1129 5612 ACDE.
1210 5557 1252 5593 ⁸⁸
1290 5559 1332 5611 Α
1370 5559 1729 5616 intellectibus.

405 5623 450 5673 Α
493 5635 725 5704 possunt.
782 5627 927 5704 ,το
969 5639 1296 5704 apparerent.

405 5702 704 5744 materiam.

402 5765 484 5826 tot
501 5763 614 5812 mis.
691 5767 731 5794 "

782 5697 826 5726 "‘
865 5697 952 5750 Sic
991 5700 1108 5820 Alc;
1152 5699 1236 5752 (ΞΕ
1273 5700 1589 5754 mutabilem.

782 5779 844 5817 t'st
884 5785 987 5818 nm.
1033 5801 1046 5820 .-
1082 5807 1093 5819 .

776 5779 844 5817 (Ἥ
884 5785 987 5818 lilll.
1033 5779 1093 5820 Α.

1672 5706 1716 5734 ³⁵
1752 5707 1791 5758 Α
1831 5708 1992 5760 libris.

1861 5356 1882 5387 ³
1925 5355 2016 5412 Sic
2055 5357 2172 5419 DE;
2208 5359 2250 5412 A

1863 5427 1882 5458 "
1921 5427 2027 5498 Sicf
2049 5427 2212 5493 CDE;
2267 5427 2376 5482 Ara
2439 5427 2644 5498 paucis.

1570 5508 1624 5544 η.
1680 5510 1961 5550 morentur.
2005 5497 2048 5549 D
2084 5514 2224 5550 nam.
2267 5498 2300 5552 i.
2353 5508 2394 5550 ι.
2446 5497 2504 5550 n.

1607 5567 1729 5636 bus.
1808 5567 1873 5636 7”
1912 5568 1952 5620 Α
1990 5577 2036 5620 et
2093 5568 2322 5622 inﬁnita.

1373 5630 1549 5713 ἸξῘο
1587 5632 2750 5713 (Illi);‘A__forniari‘etnformarepossunt.__
2793 5639 2838 5670 “
2880 5639 2922 5713 [ξ
2947 5630 3470 5713 praevaricationem.
3537 5630 3578 5709 ’ξ
3615 5632 3660 5681 Χ

2071 5708 2115 5738 ²⁶
2145 5709 2230 5761 Sic
2268 5708 2388 5772 Cl‘l;
2429 5710 2466 5760 Α
2506 5709 2616 5762 sine
2642 5709 2849 5776 quibus;
2895 5709 2932 5760 Ι)
2969 5710 3154 5777 quibus
3218 5723 3308 5776 per
3351 5722 3401 5757 se
3429 5708 3528 5757 sine
3564 5708 3662 5749 tn-

2303 5375 2456 5428 quae,
2495 5356 2536 5412 (ἶ
2573 5373 2762 5440 ᾳιιιιηιἒ
2830 5357 2853 5389 ⁸
2892 5357 2983 5415 Sic
3011 5355 3243 5440 (1ῡὲερ
3281 5357 3459 5425 possit.
3526 5351 3667 5440 'Sic

2742 5428 2764 5460 ⁸
2803 5445 2922 5482 vero
2956 5443 3065 5481 om.
3107 5426 3168 5480 D.
3211 5425 3232 5457 ’
3273 5423 3394 5479 num
3441 5439 3536 5478 om.
3587 5423 3662 5474 Δ.

2555 5514 2837 5552 moremur.
2918 5499 3017 5553 "C
3051 5496 3322 5566 quoniam.
3367 5496 3491 5566 7"A
3507 5491 3662 5566 adeo.

2436 5568 2477 5598 "'
2514 5568 2605 5622 Sic
2659 5566 2823 5630 CDE;
2861 5569 2902 5621 Α
2947 5559 3196 5636 formata.
3278 5566 3320 5636 ’γ’
3361 5565 3443 5619 Sic
3495 5559 3660 5636 CQEA:
