3904 6148
244 317 326 371 liill
753 313 763 318 ”
1120 315 1207 371 DE
1248 313 1585 371 DlVlSlONE
1626 313 1974 371 NATURAE.
2035 343 2080 355 -
2117 313 2318 369 LIBER
2353 313 2629 370 PRIMUS.

3380 316 3484 370 502

241 440 317 488 est
338 438 565 488 ornatus
593 441 648 488 et
677 432 882 488 formae
919 442 975 489 et
1011 435 1208 503 speciei
1245 436 1620 505 participatio,
1657 435 1797 505 quod
1827 436 1876 494 Α
1905 435 2080 490 Patris
2110 435 2306 500 Verbo,
2339 438 2514 492 omnis
2547 436 2744 500 forma,
2774 434 2887 489 sive
2928 428 3328 491 substantialis,
3371 430 3487 481 sive

237 532 450 578 ornatus
497 531 553 579 et
601 523 806 580 formae
853 535 906 580 et
941 527 1140 596 speciei
1180 529 1590 596 participatione
1639 537 1804 592 caret,

237 613 456 669 materia
486 629 590 669 non
617 623 732 678 est,
772 615 864 668 sed
897 617 1159 684 quaedam
1193 616 1517 670 informitas.
1549 617 1673 670 Sive
1710 617 1807 669 ita-

235 718 331 774 que
366 703 616 760 infonnis
647 707 870 760 materia
900 708 1232 766 nunabilitas,
1271 709 1344 762 sit
1389 709 1680 762 formarum
1717 723 1809 762 ca-

232 810 326 864 pax
373 796 673 850 secundum
728 797 1082 868 Augustinum
1123 810 1284 869 atque
1333 800 1646 864 Platonem,
1693 800 1808 854 sive

233 885 531 942 informitas
577 889 862 956 quaedam,
915 890 1147 958 speciei,
1195 889 1434 952 formae,
1475 899 1806 960 ornatusque

229 974 634 1043 participatione
700 991 893 1030 carens
942 981 1237 1032 secundum
1302 978 1654 1050 Dionysium,
1699 995 1806 1034 non

231 1065 464 1133 negabis,
489 1074 547 1118 ut
570 1066 825 1129 arbitror,
849 1067 892 1120 si
916 1067 1146 1134 quodam
1176 1069 1335 1122 modo
1363 1069 1582 1139 intelligi
1608 1079 1803 1139 potest,

230 1167 326 1206 non
365 1151 380 1182 ¹
417 1151 522 1207 nisi
551 1154 664 1206 solo
691 1154 962 1208 intellectu
993 1156 1214 1224 percipi.
1253 1156 1398 1211 Disc.
1434 1156 1553 1211 Jam
1603 1158 1802 1212 dudum

226 1243 320 1298 hoc
353 1244 677 1299 inconcusse
727 1245 867 1300 dedi.
911 1245 1050 1301 Msa.
1097 1246 1273 1314 Quid?
1321 1247 1495 1317 lpsam
1545 1249 1801 1318 speciem,

227 1333 578 1403 formamque,
606 1343 984 1405 ornatumque,
1008 1352 1248 1405 quorum
1281 1338 1691 1407 participatione
1723 1338 1806 1392 ino

226 1423 466 1480 formitas
495 1425 582 1478 illa
615 1428 890 1495 praedicta
922 1443 1016 1481 seu
1062 1430 1392 1484 mutabilitas
1425 1430 1478 1482 in
1520 1430 1802 1484 materiam

225 1516 470 1580 vertitur,
501 1528 731 1586 putasne
757 1519 915 1572 aliter
937 1520 1039 1572 nisi
1071 1521 1267 1575 mentis
1290 1521 1530 1574 contuitu
1554 1521 1805 1575 conside—

225 1606 361 1658 rari?
397 1606 545 1660 Disc.
577 1605 732 1659 Nullo
761 1607 950 1669 modo;
1001 1622 1125 1661 nam
1168 1607 1234 1663 de
1281 1608 1452 1663 forma
1501 1618 1556 1664 et
1600 1610 1800 1678 specie,

223 1696 330 1749 sine
353 1697 554 1765 quibus
588 1696 767 1751 nullus
796 1706 1019 1751 ornatus
1059 1698 1174 1751 fieri
1223 1707 1431 1768 potest,
1462 1700 1681 1753 omnino
1712 1701 1797 1754 iu-

1911 541 2048 595 quae
2075 541 2139 580 ex
2173 527 2431 595 qualitate
2476 526 2790 587 assumitur,
2823 524 3188 589 materiaeque
3235 518 3485 585 adjuncta

1910 632 2107 685 corpus
2133 626 2381 686 generat,
2415 625 2596 670 creata
2627 624 2730 670 est.
2778 615 2859 667 Ab
2894 614 3006 682 ipsa
3052 625 3264 680 quoque
3310 609 3488 665 omnis

1911 708 2234 762 iuformitas.
2263 706 2372 762 Nec
2401 709 2618 770 mirum,
2645 721 2710 759 ex
2743 706 2956 759 informi
2990 703 3156 756 forma
3187 717 3280 769 per
3305 699 3485 754 excel-

1907 798 2130 853 lentiam
2165 797 2576 856 informitatem,
2612 811 2751 864 quae
2793 805 2874 848 est
2909 794 3202 847 formarum
3245 792 3484 843 muniunt

1908 888 2162 957 privatio,
2190 888 2458 942 conditam
2491 887 2601 938 fieri
2627 927 2641 947 ,
2675 887 2890 954 quando
2925 884 3138 953 quidem
3172 897 3274 935 non
3313 880 3482 932 solum

1909 991 2241 1046 monogena,
2284 978 2378 1031 sed
2425 978 2590 1030 etiam
2623 977 2644 1006 '
2675 977 2995 1043 beterogena
3022 1013 3036 1034 ,
3078 973 3180 1025 hoc
3217 981 3344 1030 est,
3380 983 3482 1020 non

1907 1067 2078 1122 solum
2109 1084 2247 1138 quae
2277 1077 2404 1122 sunt
2451 1068 2626 1125 unius,
2681 1067 2772 1120 sed
2814 1070 2975 1119 etiam
3006 1063 3026 1093 ⁸
3067 1077 3204 1130 quae
3247 1070 3372 1113 sunt
3407 1059 3485 1110 di-

1907 1157 2046 1210 versi
2087 1157 2334 1226 generis,
2373 1165 2427 1210 et
2456 1170 2560 1209 non
2591 1155 2762 1208 solum
2792 1169 2927 1220 quae
2968 1166 3062 1221 per
3091 1149 3484 1209 excellentiam,

1907 1248 2003 1302 sed
2052 1248 2218 1300 etiam
2243 1248 2263 1278 ν
2293 1263 2433 1315 quae
2470 1262 2564 1315 per
2590 1247 2948 1314 privationem
2982 1241 3230 1294 dicuntur
3255 1254 3372 1293 esse
3403 1237 3484 1291 vel

1906 1353 2010 1391 non
2035 1353 2173 1402 esse,
2206 1339 2272 1392 ab
2297 1339 2484 1392 eodem
2517 1337 2664 1390 fonte
2686 1336 2923 1390 omnium
2951 1341 3183 1385 manant.
3220 1331 3356 1397 Quid
3386 1331 3486 1398 igi-

1907 1430 2026 1483 tur?
2055 1429 2191 1483 Num
2219 1431 2331 1499 jam
2360 1429 2452 1484 tibi
2483 1429 2628 1484 clare
2687 1429 2846 1490 lucet,
2887 1440 2992 1479 non
3033 1424 3148 1477 sine
3175 1422 3195 1452 ⁸
3227 1423 3430 1474 ratione
3454 1437 3486 1474 a

1905 1521 2059 1575 nobis
2082 1521 2282 1575 dictum
2314 1534 2456 1579 esse,
2482 1535 2544 1572 ex
2577 1519 2934 1573 accidentium
2963 1529 3227 1567 concursu
3260 1527 3483 1580 corpora

1907 1607 2058 1672 ﬁeri,
2100 1609 2477 1662 auctoritatem
2508 1608 2679 1662 Sancti
2720 1605 2963 1675 Gregorii
3008 1603 3227 1674 Nyssaei
3260 1615 3488 1668 sequen-

1904 1704 2049 1758 tibus
2087 1702 2129 1766 ’,
2163 1717 2284 1758 cum
2340 1702 2524 1755 videas
2567 1700 2719 1762 alios,
2768 1700 2880 1752 sive
2922 1712 3166 1766 graeros,
3203 1695 3316 1748 sive
3363 1693 3490 1745 lati-

222 1799 474 1854 corporea
505 1800 624 1842 esse
654 1787 946 1856 praedictis
977 1788 1297 1853 rationibus,
1329 1790 1460 1842 satis
1485 1798 1796 1843 estactum.
1836 1783 1877 1841 Β
1909 1813 2006 1852 nos
2051 1807 2334 1858 auctores,
2379 1811 2444 1848 ex
2496 1791 2921 1861 incorporalibtts
2970 1801 3212 1842 asserere
3258 1800 3483 1852 corpora

223 1873 351 1930 κισ.
383 1875 544 1931 Nunc
586 1878 770 1946 itaque
793 1878 977 1940 vides,
1019 1894 1084 1932 ex
1131 1879 1464 1948 incol-porcis
1491 1919 1504 1944 ,
1553 1879 1799 1934 mutabili

221 1969 466 2022 videlicet
509 1967 840 2023 ial‘ormitate
879 1968 1174 2025 formarum
1221 1972 1436 2039 quidem
1480 1973 1694 2041 capaci,
1733 1989 1801 2028 ex

224 2058 437 2128 ipsaque
486 2057 659 2113 forma
711 2061 978 2128 quoddam
1007 2075 1344 2130 corporeum,
1376 2063 1656 2116 materiam
1683 2064 1802 2118 dico

221 2166 538 2222 corpusque,
573 2156 771 2209 creari.
797 2155 940 2210 Disc.
973 2156 1138 2210 Plane
1164 2157 1342 2211 video.
1370 2156 1507 2211 MAG.
1538 2157 1802 2212 Concedis

221 2241 422 2310 itaque,
453 2259 523 2298 ex
566 2245 983 2314 iucorporalium
1013 2248 1156 2301 coitu
1199 2262 1422 2317 corpora
1461 2264 1619 2317 posse
1661 2249 1796 2303 fieri.

220 2329 353 2386 DlSC.
386 2331 645 2388 Concedo
676 2339 882 2391 ratione
906 2348 1146 2392 coactus.

282 2422 368 2477 58.
407 2423 552 2480 MAG.
602 2426 765 2494 Atqui
812 2428 937 2481 dum
989 2431 1122 2485 haec
1173 2431 1243 2484 ita
1297 2432 1443 2497 sint,
1494 2434 1799 2488 necessario

217 2509 492 2579 fateberis,
523 2529 750 2587 corpora
783 2518 838 2573 in
867 2519 889 2551 ⁸
919 2520 1230 2589 incorporea
1257 2537 1416 2592 posse
1457 2525 1668 2586 resolvi,
1723 2525 1795 2579 ita

215 2612 270 2657 ut
292 2619 558 2674 corporea
584 2607 606 2640 ²
657 2625 763 2664 non
793 2613 918 2675 sint,
952 2613 1045 2667 sed
1071 2613 1285 2682 penitus
1309 2615 1504 2669 soluta.
1549 2615 1800 2687 Incorpo-

216 2709 299 2750 rea
321 2713 456 2754 vero
480 2702 711 2756 naturali
741 2717 839 2757 suo
860 2717 1124 2759 concursu
1151 2706 1491 2775 mirabilique
1518 2708 1795 2762 harmonia

215 2788 281 2841 ita
309 2804 548 2860 corpora
577 2793 902 2857 conticiunt,
946 2804 1004 2849 ut
1050 2797 1348 2852 naturalem
1395 2815 1552 2853 suum
1597 2810 1794 2856 statum

214 2877 648 2950 immobilemque
671 2884 910 2954 vigorem
941 2887 1086 2940 nullo
1114 2888 1272 2941 modo
1293 2891 1544 2945 desinant
1571 2893 1791 2958 habere;

213 2974 703 3040 quemadmodum,
736 2984 794 3029 ut
820 2978 1048 3044 quadam
1080 2979 1430 3035 similitudine
1455 2992 1699 3048 utamur,
1729 2999 1792 3038 ex

212 3060 322 3116 luce
359 3074 416 3119 et
466 3081 697 3135 corpore
743 3068 932 3122 umbra
981 3070 1242 3134 nascitur,
1275 3087 1448 3142 neque
1487 3084 1665 3130 tamen
1703 3076 1792 3130 lux

211 3168 376 3223 neque
402 3172 609 3226 corpus
639 3158 692 3210 in
717 3159 962 3215 umbram
993 3173 1265 3228 movetur;
1299 3167 1487 3219 umbra
1513 3181 1642 3221 vero
1665 3168 1790 3221 dum

211 3242 452 3306 solvitur,
491 3245 542 3298 in
576 3260 770 3302 causas
801 3263 958 3308 suas.
992 3264 1188 3320 corpus
1226 3253 1474 3308 videlicet
1507 3267 1669 3325 atque
1706 3257 1790 3311 lu-

208 3346 338 3397 cem,
369 3334 694 3406 intelligitur
715 3339 908 3392 redire.
937 3338 1260 3396 Umbrarum
1282 3344 1548 3414 siquidem
1573 3363 1788 3404 causam

210 3437 393 3494 corpus
430 3426 721 3497 lucemque
746 3444 866 3485 esse
901 3446 1028 3485 vera
1081 3435 1220 3487 ratio
1265 3435 1474 3500 edocet,
1511 3438 1563 3492 in
1594 3440 1790 3508 quibus

210 3519 530 3572 naturaliter
549 3519 728 3582 silent,
754 3521 879 3576 dum
903 3523 955 3576 in
981 3523 1127 3578 nullo
1152 3524 1269 3579 loco
1295 3541 1556 3595 apparere
1576 3531 1789 3584 valeant

210 3621 421 3677 prepter
450 3611 694 3680 undique
729 3612 871 3667 circa
901 3629 1127 3683 corpora
1160 3617 1542 3672 circumfusam
1573 3621 1790 3677 luminis

208 3697 526 3756 claritatem.
556 3702 754 3757 Errant
777 3704 944 3768 enim,
968 3707 1058 3773 qui
1081 3717 1290 3774 putant,
1315 3711 1559 3765 umbram
1589 3713 1785 3780 perire,

209 3787 323 3841 dum
354 3791 617 3846 sensibus
663 3807 771 3845 non
802 3804 1023 3862 apparet
1050 3795 1092 3848 ⁸.
1123 3795 1238 3852 Νοιι
1266 3799 1408 3852 enim
1439 3801 1626 3855 umbra
1656 3804 1788 3857 nibil

207 3881 411 3943 est,sed
445 3881 675 3952 aliquid.
707 3883 956 3954 Alioquin
997 3902 1102 3943 non
1134 3888 1339 3944 diceret
1365 3889 1641 3960 Scriptura
1677 3910 1690 3945 :
1721 3893 1786 3948 Et

207 3972 389 4024 meavit
432 3970 580 4027 Deus
623 3971 790 4027 lucem
827 3976 964 4028 diem
989 4015 1004 4042 ,
1044 3987 1091 4030 et
1128 3979 1365 4035 tenebras
1396 3992 1614 4036 noctem.
1647 3983 1785 4038 Deus

205 4074 429 4131 namque
459 4079 571 4116 non
601 4064 863 4128 nominat,
897 4065 997 4120 nisi
1027 4069 1170 4138 quod
1199 4084 1267 4123 ex
1311 4070 1426 4138 ipso
1465 4081 1578 4136 est;
1614 4088 1784 4141 neque

203 4165 262 4205 eo
301 4151 404 4207 loci
447 4153 680 4208 altitudo
711 4154 950 4211 theortae
982 4157 1158 4213 aufert
1187 4160 1472 4215 veritatem
1502 4162 1780 4218 historiae.

201 4243 271 4298 lbi
315 4245 592 4316 siquidem
623 4247 918 4302 secundum
948 4263 1132 4304 rerum
1173 4249 1436 4306 factarum
1476 4255 1782 4308 considera-

203 4335 394 4390 tionem
450 4349 564 4390 non
613 4336 758 4392 aliud
809 4341 1060 4395 tenebras
1108 4351 1428 4412 noctemque
1467 4345 1780 4414 accipimus,

204 4423 295 4478 nisi
337 4427 596 4480 umbram
645 4435 822 4482 terrae
867 4430 1122 4485 solarium
1165 4433 1435 4487 radiorum
1485 4433 1779 4488 cireumfu-
1807 4461 1861 4520 Β

202 4513 344 4570 sione
373 4517 581 4573 factam
623 4519 794 4572 instar
819 4521 973 4585 coni,
1005 4536 1325 4594 semperque
1368 4523 1524 4594 globo
1566 4524 1780 4580 luminis

205 4608 524 4675 oppositam.
546 4608 856 4679 Eademque
885 4611 1020 4666 ratio
1041 4621 1122 4667 est
1149 4613 1202 4667 in
1231 4613 1777 4682 minoribusumbris,

202 4698 562 4770 qualicunque
620 4699 822 4756 lumine
873 4703 1296 4772 corporibusque
1344 4703 1635 4774 projectis,
1684 4721 1778 4760 seu

203 4787 376 4848 ﬁnitae
429 4809 531 4849 seu
578 4794 820 4849 infinitae
861 4795 1009 4860 sint,
1053 4805 1105 4850 et
1145 4796 1530 4866 qualiscunque
1572 4795 1780 4854 formae

200 4879 317 4934 sint.
348 4882 472 4938 Non
508 4884 725 4938 mireris
755 4885 934 4956 itaque
957 4925 973 4950 ,
1017 4899 1084 4938 ex
1129 4885 1559 4954 incorporalibus
1601 4889 1780 4942 causis

199 4980 417 5038 corpora
446 4973 664 5038 creari,
691 4974 854 5045 inque
880 4974 1097 5030 easdem
1129 4973 1320 5028 iterum
1365 4975 1598 5040 resolvi,
1637 4977 1783 5046 ipsas

198 5070 320 5114 vero
347 5077 553 5117 causas
577 5063 646 5117 ab
674 5079 778 5117 una
809 5065 1102 5133 eademque
1138 5079 1315 5118 rerum
1341 5065 1581 5119 omnium
1622 5081 1777 5121 crea-

200 5150 327 5206 triee
349 5163 574 5210 creatas
600 5155 909 5224 procedere.

262 5241 350 5296 59.
397 5245 481 5300 Ex
516 5245 684 5301 forma
719 5248 860 5301 enim
899 5247 1139 5303 omnium
1165 5289 1181 5313 ,
1223 5247 1500 5318 unigenito
1532 5249 1776 5305 videlicet

1908 1887 2059 1941 ﬁeri?
2092 1887 2319 1954 Ideoque
2361 1885 2617 1954 praedicti
2663 1883 2830 1951 patris
2871 1880 3115 1948 Gregorii
3159 1878 3481 1932 sententiam

1903 1978 2250 2046 disputationi
2283 1986 2498 2031 nostrae
2530 1974 2728 2042 placuit
2759 1973 2940 2026 inseri.
2971 1972 3059 2024 Ait
3089 1970 3231 2024 enim
3265 1970 3317 2024 in
3345 1967 3482 2024 libro

1904 2070 1970 2125 de
1993 2069 2251 2136 lmagine,
2282 2067 2542 2119 adversus
2571 2078 2686 2125 eos,
2711 2061 2801 2131 qui
2829 2063 3030 2123 dicunt,
3065 2059 3346 2114 materiam
3377 2059 3484 2114 Deo

1901 2173 2022 2214 esse
2052 2156 2419 2222 coaeternam,
2447 2171 2610 2226 agens
2639 2170 2652 2209 :
2686 2153 2865 2223 Neque
2891 2162 3039 2206 extra
3073 2167 3162 2210 ea,
3194 2167 3326 2218 quae
3360 2167 3485 2204 eon-

1901 2259 2171 2319 sequenter
2198 2250 2403 2302 inventa
2436 2257 2586 2306 sunt,
2619 2246 2682 2299 de
2713 2244 2931 2297 materia
2958 2242 3213 2310 susceptio
3257 2240 3348 2292 illa
3379 2241 3484 2309 fcr-

1901 2350 2006 2400 tur,
2029 2354 2160 2409 quae
2182 2354 2246 2390 ea:
2271 2335 2612 2390 intellectuali
2635 2345 2680 2387 et
2705 2330 3039 2403 immateriali
3062 2347 3172 2382 eam
3205 2329 3483 2383 subsistere

1900 2429 2116 2498 profert.
2138 2426 2354 2480 Omnem
2375 2425 2626 2496 siquidem
2651 2423 2920 2474 materiam
2943 2436 3005 2472 ea:
3023 2418 3330 2488 quibusdam
3353 2433 3479 2485 qua-

1893 2519 2132 2571 litatibus
2163 2518 2441 2570 consistere
2483 2514 2803 2576 invenimus;
2835 2509 3020 2579 quibus
3051 2510 3095 2561 si
3139 2509 3337 2560 nudata
3368 2505 3481 2574 fne-

1902 2609 1990 2670 rit,
2017 2623 2108 2676 per
2126 2608 2348 2675 seipsam
2390 2604 2532 2658 nulla
2571 2604 2770 2655 ratione
2810 2599 3284 2668 comprehendetur.
3324 2598 3480 2666 Atqui

1899 2715 2238 2769 unaquaeque
2251 2697 2517 2767 qualitatis
2532 2695 2722 2762 species
2743 2693 2782 2723 ¹⁰
2804 2693 3003 2745 ratione
3025 2689 3252 2758 subjecto
3271 2688 3311 2718 ’ί
3333 2703 3484 2755 sepa-

1901 2799 2068 2842 ratur.
2096 2788 2243 2841 Ratio
2271 2797 2444 2840 autent
2471 2783 2832 2838 intellectualis
2859 2793 2930 2834 est
2955 2781 3210 2849 quaedam
3235 2789 3281 2832 et
3310 2778 3481 2832 imor-

1897 2880 2092 2948 poralis
2115 2878 2351 2938 tlieoria;
2398 2885 2578 2941 utputa
2602 2876 2862 2942 proposito
2885 2871 3127 2941 quopiam
3151 2869 3368 2921 animali
3391 2884 3480 2920 seu

1898 2973 2037 3040 ligno
2067 2973 2118 3025 in
2151 2970 2373 3028 t/teoria,
2404 2985 2492 3021 seu
2526 2965 2699 3034 aliqua
2729 2965 2832 3017 alio
2859 2961 3208 3015 materialium
3233 2961 3478 3012 constitu-

1897 3064 2086 3116 tionem
2123 3061 2451 3118 Iiabentium,
2488 3057 2652 3110 multa
2691 3057 2829 3108 circa
2865 3054 3153 3122 subjectum
3191 3051 3478 3104 secundum

1822 3123 1866 3182 c
1896 3152 2284 3222 intelligentiam
2313 3149 2563 3202 divisione
2588 3145 2944 3214 intelligimus,
2973 3158 3194 3213 quorum
3223 3141 3478 3193 uniuscu-

1884 3244 2077 3314 jusque
2101 3242 2168 3294 ad
2193 3242 2266 3303 id,
2292 3239 2429 3308 quod
2456 3237 2834 3299 consideratur,
2858 3235 3123 3301 incanfnse
3146 3233 3362 3284 habetur
3392 3247 3479 3282 ra-

1891 3334 1984 3385 tio.
2011 3330 2128 3382 Alia
2159 3329 2412 3398 siquidem
2440 3326 2653 3387 coloris,
2675 3335 2721 3378 et
2749 3324 2854 3376 alia
2885 3322 3157 3392 gravitatis"
3178 3322 3347 3382 ratio;
3371 3319 3476 3372 alia

1890 3423 2076 3474 iterum
2098 3417 2402 3489 quantitatis
2421 3457 2434 3478 ,
2463 3425 2510 3468 et
2547 3416 2653 3467 alia
2682 3412 3050 3482 intelligentiae
3071 3452 3085 3472 ,
3117 3427 3250 3474 quae
3290 3423 3360 3462 est
3387 3426 3471 3462 se-

1889 3513 2117 3567 cundant
2145 3520 2339 3563 tactum
2365 3507 2716 3577 proin-ietatis.
2759 3503 3007 3557 Jlollities
3038 3502 3170 3554 enim
3195 3511 3241 3553 et
3279 3499 3479 3552 bicubi-

1891 3605 1996 3656 tale
2025 3603 2090 3663 ",
2120 3612 2288 3654 cetera
2315 3599 2469 3652 etiam
2500 3613 2698 3658 eorum,
2726 3612 2857 3665 quae
2872 3594 3010 3647 dirta
3039 3604 3180 3676 sunt,
3199 3608 3358 3660 neque
3379 3590 3476 3644 sibi

1887 3692 2119 3752 invicem,
2167 3707 2326 3760 neque
2363 3689 2568 3757 carpori
2613 3687 2896 3740 secundum
2941 3685 3191 3736 rationem
3233 3682 3476 3735 commis-

1887 3793 2087 3837 centur.
2133 3779 2273 3834 Nam
2310 3782 2364 3833 in
2417 3793 2724 3848 unoquoque
2769 3777 2955 3829 lterum
3008 3773 3266 3843 specialis.
3319 3772 3473 3839 juxta

1887 3891 2045 3945 quam
2098 3883 2171 3926 est
2212 3875 2570 3937 interpretata,
2620 3868 2928 3936 intelligitur
2987 3883 3179 3929 causa;
3225 3867 3473 3934 nullique

1885 3980 2087 4026 earum,
2119 3979 2252 4033 quae
2278 3962 2418 4015 circa
2446 3960 2737 4029 subjectum
2763 3958 3140 4018 theorizantur,
3173 3954 3324 4007 alteri
3337 3969 3472 4023 qua-

1885 4054 2020 4106 litati
2055 4055 2412 4119 permiscetur.
2454 4050 2514 4105 Si
2543 4065 2662 4119 ergo
2691 4047 3030 4115 intelligibilis
3073 4045 3237 4105 color,
3279 4042 3472 4096 intelli-

1883 4144 2058 4213 gibilis
2105 4145 2262 4196 etiam
2308 4141 2547 4196 soliditas
2593 4149 2640 4192 et
2675 4139 2964 4207 quantitas,
3011 4143 3059 4188 et
3095 4144 3262 4186 cetera
3287 4133 3467 4185 talium

1883 4235 2284 4303 specialitatum.
2338 4231 2541 4285 Horum
2585 4239 2757 4283 autem
2788 4226 3190 4297 unumquodque
3213 4225 3258 4278 si
3295 4223 3471 4277 subla-

1885 4335 1994 4378 tunt
2028 4324 2184 4394 fuerit
2221 4322 2474 4392 subjecto,
2501 4321 2666 4374 omnis
2689 4320 2818 4371 ratio
2849 4317 3079 4375 corporis
3113 4316 3268 4368 simul
3300 4315 3469 4368 salve-

1887 4425 1988 4468 tur.
2043 4413 2374 4483 Consequens
2422 4413 2539 4472 erit,
2583 4425 2805 4480 quorum
2858 4407 3145 4460 absentiam
3195 4405 3468 4459 solutionis

1885 4509 2116 4574 corporis
2147 4519 2360 4557 causam
2390 4503 2708 4562 invenimus,
2742 4501 2926 4553 horum
2961 4513 3270 4551 concursum
3307 4507 3469 4550 mate-

1883 4596 2064 4650 ria/em
2103 4604 2346 4647 naturam
2379 4607 2555 4645 creare
2581 4606 2843 4643 assumere
2872 4589 2932 4641 ⁸³.
2985 4585 3048 4640 Ut
3083 4587 3217 4641 enim
3251 4602 3352 4640 non
3393 4594 3468 4639 est

1884 4705 2093 4756 corpus,
2123 4687 2206 4740 cui
2249 4703 2329 4740 res
2347 4726 2361 4748 ,
2390 4685 2444 4738 id
2466 4695 2540 4738 est
2573 4686 2744 4746 οὐσία,
2770 4693 2816 4736 et
2843 4683 3035 4751 ﬁgura,
3057 4690 3103 4734 et
3130 4679 3391 4741 soliditas,
3417 4686 3466 4731 et

1882 4779 2160 4842 distantia,
2191 4790 2236 4832 et
2263 4778 2514 4847 gravitas,
2542 4787 2811 4846 ceteraque
2836 4773 3216 4844 specialitatum
3243 4788 3344 4824 non
3371 4771 3468 4822 ad-

1880 4877 2023 4929 sunt,
2062 4869 2249 4921 horum
2267 4878 2438 4919 autem
2478 4866 2879 4936 unumquodque
2907 4880 3092 4931 corpus
3128 4879 3230 4916 non
3253 4872 3345 4920 est,
3374 4860 3466 4913 sed

1882 4958 2106 5013 alterum
2150 4958 2274 5027 quid
2319 4968 2521 5026 praeter
2553 4973 2738 5025 corpus
2777 4971 3007 5008 seorsum
3052 4955 3311 5007 invenitur
3341 4965 3358 5002 :
3390 4952 3464 5004 sic

1891 5051 2197 5114 conversim,
2234 5049 2547 5118 ubicunque,
2575 5065 2708 5119 quae
2735 5048 2873 5100 dicta
2915 5055 3056 5109 sunt,
3085 5044 3462 5105 concurrerint,

1882 5141 2201 5212 corporalem
2245 5140 2590 5192 substantiam
2629 5139 2922 5208 perﬁciunt.
2956 5138 3018 5190 At
3048 5138 3093 5208 si
3127 5132 3463 5200 intelligibilis

1877 5243 1951 5288 est
1981 5231 2362 5300 spccialitatum
2395 5229 2755 5301 intelligentia,
2785 5227 3120 5299 intelligibilis
3142 5243 3344 5296 quoque
3367 5239 3463 5276 na-

1486 5383 1741 5442 V'ARIAE
1777 5387 2177 5445 LECTIONES.

1128 5494 1503 5619 :inqpmtgé
1566 5496 1722 5619 ’AD‘c

1223 5580 1310 5619 etc
1520 5582 1534 5626 ;
1654 5582 1680 5620 e
1709 5607 1722 5617 .

266 5495 280 5522 ¹
323 5493 416 5551 Sic
454 5496 579 5556 Al);
624 5511 726 5550 non
781 5511 890 5549 om.
928 5495 1030 5551 (ΖΕ.

197 5571 302 5615 om.
342 5565 410 5617 Α.
495 5566 518 5598 ⁸
552 5564 640 5620 Sic
701 5565 868 5628 CDE;
908 5566 951 5618 Δ
996 5576 1060 5619 et.

199 5631 238 5661 "
276 5633 366 5688 Sic
409 5633 578 5696 CDE;
618 5635 657 5688 Α
693 5637 881 5705 species
911 5635 1196 5704 qumitotis.

200 5714 382 5758 creare
439 5714 492 5756 et
548 5719 837 5758 assmnere.

1625 5496 1665 5549 D
1702 5513 1942 5564 corpora.
2051 5497 2072 5526 ⁸
2113 5496 2203 5550 Sic
2240 5496 2365 5559 CE;
2415 5496 2508 5549 AD
2563 5513 2610 5564 ιη

1654 5576 1722 5620 et.
1801 5567 1823 5596 ⁸
1864 5567 1954 5621 Sic
1988 5566 2162 5629 ACE;
2219 5565 2259 5617 Ι)
2320 5582 2424 5618 non
2491 5566 2610 5629 nisi,

1305 5634 1342 5665 “
1384 5633 1473 5689 Sic
1508 5634 1668 5689 CDE;
1721 5635 1762 5689 Α
1799 5654 1828 5686 a
1871 5636 2109 5704 subjecto

2051 5497 2072 5526 ⁸
2113 5495 2203 5550 Sic
2240 5495 2365 5559 CE;
2415 5495 2508 5549 AD
2563 5504 2828 5564 appareat.
2889 5563 2893 5564 ν
2939 5493 2960 5523 ⁵
3005 5491 3115 5564 Sic
3144 5491 3262 5555 CE;
3304 5493 3461 5545 etiam

2687 5564 2708 5594 '
2745 5563 2835 5617 Sic
2873 5563 2948 5626 A;
2991 5561 3120 5616 CDE
3177 5573 3461 5628 sequentes.

2209 5637 2250 5667 υ
2277 5635 2365 5690 Sic
2393 5635 2508 5697 CE;
2539 5636 2579 5688 D
2611 5644 2662 5687 et
2699 5632 2931 5687 cubitale.
3012 5631 3052 5662 ³³
3083 5633 3170 5686 Sir
3208 5633 3365 5692 (IliE;
3407 5643 3467 5686 et
