3904 6148
272 262 372 318 505

1155 263 1242 317 DE
1280 261 1609 317 amatum
1647 258 1993 314 summa
2035 241 2097 299 —‘
2142 259 2342 315 uasa
2383 261 2654 316 rnntrs.

3409 268 3517 322 506

275 388 518 442 sequens.
558 372 692 426 Nam
734 372 776 427 si
818 373 939 443 quis
975 374 1283 443 diligentius
1323 390 1509 430 rerum
1537 374 1837 444 inspexerit
1868 381 1911 435 Α
1941 373 3519 445 namqucconditorisimaginemoblivionitradere,stultis-

277 474 541 526 naturam,
587 464 840 533 reperiet,
893 465 1035 532 quod
1077 465 1241 519 umlta
1294 467 1489 529 verba,
1545 480 1680 534 quae
1719 483 1840 520 cum

272 554 375 609 sola
410 554 560 607 vocis
586 554 868 622 superficie
896 553 1070 607 activa
1093 569 1212 607 csse
1237 554 1543 619 videantur,
1572 555 1841 608 intellectu

272 654 447 699 tamen
492 644 759 711 passivam
804 644 1002 695 habent
1048 644 1492 709 signiﬁcationem
1516 683 1533 707 ,
1571 652 1682 697 etc
1711 659 1840 696 cnn-

272 732 436 787 trario
479 732 691 801 passiva
727 732 1035 800 superﬁcies
1056 742 1233 787 actum
1274 733 1559 802 signiﬁcat.
1596 731 1727 785 Nam
1753 731 1840 798 qui

271 831 416 876 amat
461 822 543 876 vel
594 821 787 891 diligit,
835 822 948 890 ipsc
996 823 1226 889 patitur;
1257 823 1347 891 qui
1372 837 1499 876 vero
1523 830 1734 875 amatur
1760 821 1843 875 vel

270 910 525 980 diiigitur,
566 912 697 980 agit.
738 910 809 963 At
843 911 889 964 si
922 922 1066 964 amat
1097 911 1237 966 Deus
1257 927 1395 981 quae
1426 910 1571 974 fecit,
1605 909 1844 981 proferto

270 1001 479 1054 videtur
502 986 738 1063 moveri;
761 1016 860 1054 suo
881 1001 1020 1055 enim
1043 1016 1225 1056 amore
1247 1010 1507 1055 movetur.
1534 1001 1600 1054 Et
1627 1001 1671 1055 si
1692 1014 1842 1054 am:-

271 1102 357 1146 tur
397 1094 469 1147 ab
505 1093 608 1155 his,
643 1107 785 1161 quae
836 1108 1020 1146 amare
1064 1104 1308 1162 possunt,
1350 1094 1464 1147 sive
1493 1093 1687 1157 sciant,
1717 1091 1844 1162 quid

269 1192 471 1245 amant,
487 1183 599 1236 sive
612 1182 871 1243 nesciant,
905 1198 1079 1236 nonne
1101 1192 1343 1252 apertum
1370 1191 1470 1246 est,
1493 1182 1619 1252 quia
1643 1182 1844 1235 movet?

264 1272 436 1326 Amor
465 1271 727 1339 siquidem
750 1269 1165 1339 pulchritudinis
1187 1271 1354 1339 ipsius
1378 1286 1442 1324 ea
1474 1278 1669 1323 movet.
1703 1270 1847 1335 Quo—

270 1360 429 1415 modo
466 1374 596 1428 ergo
633 1359 833 1413 dicitur
871 1374 1043 1428 neque
1064 1375 1299 1421 movere,
1325 1374 1499 1429 neque
1528 1360 1750 1423 moveri,
1780 1373 1846 1413 ne

268 1452 516 1505 videatur
547 1462 708 1518 agere
732 1459 783 1502 et
802 1449 947 1517 pati,
981 1464 1076 1517 per
1098 1450 1357 1518 meipsum
1379 1448 1725 1503 considerare
1752 1464 1846 1503 nc—

270 1554 431 1607 queo.
481 1539 558 1592 Ac
596 1553 696 1605 per
732 1538 835 1592 hoc
861 1536 1018 1603 hujus
1038 1538 1372 1606 quaestionis
1404 1537 1605 1593 nodum
1632 1536 1842 1601 solvas,

255 1629 521 1685 obnixius
563 1628 795 1697 postulo.
830 1626 965 1680 MAG.
990 1626 1242 1697 Putasne,
1275 1626 1328 1680 in
1381 1625 1488 1690 bis,
1528 1626 1619 1695 qui
1657 1636 1842 1695 agunt,

1943 467 2136 518 simum
2164 475 2245 517 est
2276 476 2434 536 atque
2464 468 2842 520 miserrimum.
2861 468 3512 537 Sedquorsumistltacc‘,

1945 556 2176 606 nomium
2213 555 2386 614 video,
2443 556 2541 607 nisi
2594 555 2750 618 forte,
2802 557 2926 623 quia
2984 558 3082 608 tria
3107 558 3515 625 quaedamase

1944 641 2175 695 invicem
2210 643 2732 712 tliscmp:itttia,iltint
2761 659 2789 695 τι
2822 654 2871 696 tc
2909 632 3266 715 interrogatus
3299 661 3519 713 respon-

1943 728 2135 792 derim,
2165 745 2328 782 unum
2352 730 2564 797 quidem
2593 732 2887 784 secundum
2911 731 3231 798 subjectum,
3261 734 3365 787 duo
3386 748 3517 789 vero

1943 822 2236 874 secundum
2270 822 2522 875 accidens
2549 835 2686 884 esse,
2729 836 2868 890 quae
2890 822 2990 875 tria
3038 823 3307 889 prioribus
3347 822 3524 876 tribus

1943 912 2097 982 longe
2143 912 2393 966 videntur
2438 912 2645 965 abesse.
2680 910 2757 965 Ac
2792 927 2888 979 per
2918 913 3018 966 hoc
3069 923 3179 965 aut'
3257 914 3342 966 Ila
3400 914 3523 972 tria,

1941 1015 2083 1070 quae
2120 1000 2352 1054 diximus
2381 1001 2538 1054 tmius
2585 997 2931 1066 ejusdemque
2978 1000 3314 1054 substantiae
3366 991 3549 1065 esse,i
3581 1062 3586 1073 .

1902 1132 1903 1135 η
1943 1091 2054 1146 sola
2109 1106 2340 1160 vereque
2362 1090 2384 1124 ⁸
2444 1100 2590 1154 sunt,
2620 1091 2669 1144 id
2700 1100 2783 1144 est
2811 1090 3066 1156 essentia,
3095 1093 3285 1156 virtus,
3310 1099 3366 1146 et
3400 1106 3518 1162 ope-

1945 1182 2112 1243 ratio;
2141 1197 2280 1250 quae
2319 1195 2449 1233 vero
2481 1195 2621 1233 nunc
2660 1195 2687 1232 a
2723 1195 2806 1234 me
2830 1180 3009 1233 addita
3033 1190 3176 1245 sunt,
3212 1181 3262 1234 id
3289 1191 3375 1236 est
3400 1180 3520 1235 sub-

1943 1271 2140 1325 stantia
2205 1284 2330 1324 cum
2390 1270 2789 1332 accidentibus,
2854 1270 3205 1339 possibilitate
3270 1271 3522 1326 videlicet

1944 1360 2174 1431 agendi,
2222 1360 2496 1429 ipsiusque
2544 1360 2914 1428 possibilitatis
2964 1358 3190 1423 ctl‘cctu,
3239 1362 3385 1429 quod
3437 1371 3517 1414 est

1944 1463 2120 1521 agere,
2151 1448 2416 1517 superﬂua
2437 1465 2559 1504 esse
2588 1450 2607 1481 ⁷
2657 1449 2908 1517 nullaque
2935 1451 3144 1503 ratione
3196 1461 3405 1519 reperta
3431 1466 3523 1504 ar-

1945 1539 2284 1601 bitrantium;
2318 1547 2412 1591 aut
2451 1552 2481 1591 e
2515 1540 2829 1604 contrario;
2873 1547 2966 1594 aut
3008 1540 3194 1604 etiam,
3242 1540 3383 1609 quod
3430 1555 3517 1594 re-

1945 1633 2086 1689 ctius
2113 1633 2395 1687 dicendum
2445 1632 2573 1685 mihi
2614 1631 2844 1696 videtur,
2887 1641 2941 1688 et
2992 1632 3126 1686 haec
3151 1642 3201 1685 et
3244 1631 3332 1685 illa
3358 1631 3378 1662 "
3414 1635 3431 1654 ‘
3463 1632 3517 1686 in

272 1718 412 1773 ιιὶιιά
450 1732 576 1772 esse
611 1728 880 1786 “gemelli.
920 1717 1063 1771 amid
1095 1731 1249 1784 P0559
1270 1732 1448 1787 agere,
1479 1716 1623 1770 aliud
1650 1730 1842 1786 agere.
1873 1711 1917 1769 Β
1947 1734 2135 1780 natura
2165 1739 2344 1779 rerum
2371 1733 2518 1789 sunt,
2540 1724 2756 1795 suisque
2780 1724 2802 1757 ⁸
2849 1725 3184 1781 naturalibus
3206 1724 3524 1782 dilferentiis

256 1825 333 1864 an
352 1826 516 1864 utinm
540 1810 825 1878 idemque?
854 1810 996 1865 Disc.
1022 1808 1135 1864 Non
1168 1825 1330 1863 unum
1359 1823 1478 1865 esse
1508 1808 1719 1880 opinor,
1749 1809 1843 1865 sed

273 1902 377 1954 tria
402 1900 669 1970 quaedam
700 1915 730 1952 a
758 1916 816 1954 se
842 1899 1163 1955 dillereutia.
1195 1899 1398 1955 Amans
1419 1900 1587 1964 enim,
1618 1900 1718 1955 hoc
1739 1906 1842 1967 est,

250 1990 356 2060 qui
410 1999 578 2050 amat,
615 1989 913 2043 substantia
966 1990 1231 2059 quaedam
1272 1997 1457 2045 certae
1486 2004 1547 2044 ac
1591 1987 1844 2044 deﬁnitae

268 2089 349 2134 est
397 2075 664 2150 pérsonae
693 2079 731 2143 ⁸.
781 2079 866 2133 cui
917 2079 1114 2134 accidit
1155 2079 1420 2149 quaedam
1458 2080 1718 2148 potentia,
1748 2093 1847 2149 per

272 2186 430 2239 quam
469 2178 648 2239 potest
679 2186 857 2239 agere,
899 2171 1011 2225 sive
1033 2178 1177 2241 agat,
1209 2171 1324 2225 sive
1342 2186 1469 2225 non.
1495 2170 1552 2226 Si
1583 2185 1709 2226 vero
1730 2171 1845 2241 ipsa
1880 2168 1883 2171 ’

269 2259 567 2315 substantia
598 2275 694 2328 per
722 2259 890 2329 ipsam
938 2261 1231 2329 potentiam
1260 2273 1320 2314 se
1345 2260 1592 2323 moverit,
1618 2270 1678 2315 ut
1699 2261 1718 2291 ¹
1746 2260 1845 2314 ali-

267 2349 397 2419 quid
449 2357 595 2418 agat,
642 2364 802 2419 agere
845 2349 1061 2404 dicitur.
1101 2351 1178 2405 Ac
1201 2364 1296 2418 per
1323 2350 1424 2406 ltoc
1450 2351 1552 2405 tria
1578 2352 1842 2418 quaedam

271 2437 517 2493 ridentur
555 2454 705 2503 esse,
738 2440 1035 2494 substantia
1065 2440 1331 2503 videlicet,
1379 2441 1467 2494 cui
1519 2441 1659 2497 inest
1684 2456 1845 2512 agere

272 2545 472 2600 posse:
508 2531 664 2601 cujus
707 2532 1079 2601 possibilitatis
1126 2532 1288 2587 veluti
1334 2533 1614 2603 cujusdam
1647 2548 1846 2589 causae

270 2621 492 2685 electus
517 2633 603 2677 est
637 2623 693 2677 in
734 2623 913 2691 aliqua
945 2638 1003 2677 re
1028 2638 1210 2694 agere,
1239 2623 1354 2680 sive
1399 2625 1512 2694 ipSa
1540 2626 1681 2679 actio
1708 2625 1845 2681 reci-

270 2725 435 2779 proca
486 2711 582 2777 sit,
632 2711 687 2765 id
721 2721 822 2773 est,
852 2711 905 2765 in
928 2712 1152 2767 eandem
1183 2712 1390 2777 redeat,
1410 2727 1505 2768 seu
1534 2713 1589 2767 in
1616 2713 1842 2769 alteram

271 2812 507 2857 transeat
547 2818 854 2874 personam.

334 2891 483 2946 MAG.
507 2892 671 2948 Recte
693 2892 978 2948 discernis.
994 2891 1132 2960 Quid
1162 2893 1254 2953 tibi
1277 2894 1526 2950 videtur?
1543 2893 1729 2951 Nonne
1751 2910 1843 2951 ea-

1946 1816 2344 1871 discernuntur.
2371 1813 2477 1869 Sed
2526 1823 2704 1873 utrum
2734 1814 2806 1867 ita
2828 1813 2849 1845 ⁹
2876 1815 3300 1879 concedendum,
3326 1829 3519 1878 necne,

1944 1916 2038 1964 tuo
2057 1906 2264 1976 judicio
2280 1906 2676 1962 decernendum
2699 1906 2997 1960 committo.
3014 1904 3154 1961 Mm.
3172 1905 3320 1972 Quod
3343 1906 3522 1959 novis-

1943 2002 2080 2058 sime
2092 2000 2335 2071 posuisti,
2353 2006 2536 2053 rectae
2552 1997 2594 2030 ⁸ο
2613 1997 2805 2052 rationi
2822 1997 3031 2051 videtur
3044 1996 3351 2050 convenire.
3371 1994 3522 2061 Quis-

1945 2093 2067 2162 quis
2095 2093 2238 2146 enim
2269 2091 2487 2155 dixerit,
2517 2087 2859 2144 essentialem
2892 2087 3207 2150 trinitatem,
3231 2086 3520 2141 essentiam

1944 2181 2175 2246 scilicet,
2203 2180 2484 2244 virtutem,
2513 2178 2903 2248 operationem,
2935 2177 3311 2232 inconcussam
3339 2176 3519 2230 incor-

1946 2273 2366 2343 ruptibilemqne
2408 2272 2661 2326 omnibus
2701 2270 2896 2335 inesse,
2935 2279 2990 2323 et
3019 2268 3060 2300 “
3092 2268 3325 2323 maxime
3354 2266 3520 2323 ratio:

1943 2365 2214 2421 nubilibus
2254 2361 2809 2431 intellectualibusque
2839 2361 3072 2423 naturis,
3107 2374 3138 2413 a
3182 2359 3429 2422 veritate,
3463 2363 3523 2411 ut

1943 2456 2151 2526 opinor,
2180 2469 2284 2507 non
2334 2454 2557 2508 recedit.
2590 2450 2739 2517 Quae
2766 2450 2978 2506 trinitas
3005 2450 3057 2504 in
3083 2448 3354 2513 omnibus,
3398 2449 3519 2517 qui-

1943 2548 2044 2602 bus
2072 2547 2229 2607 inest,
2263 2558 2361 2598 nec
2381 2543 2563 2614 augeri
2593 2557 2690 2599 nec
2720 2540 2882 2595 minui
2913 2547 3107 2611 potest.
3136 2538 3377 2609 Sequens
3394 2552 3522 2591 vero

1945 2634 2155 2688 trinitas
2178 2631 2342 2686 veluti
2371 2631 2741 2704 praecedentis
2771 2630 3024 2685 trinitatis
3052 2628 3276 2683 eﬂ'ectus
3303 2627 3520 2697 quidam

1945 2721 2261 2790 intelligitur
2298 2735 2435 2775 esse.
2468 2718 2583 2773 Non
2622 2720 2767 2773 enim
2795 2718 3010 2774 veritati
3039 2719 3315 2786 obstrepat
3338 2714 3403 2780 “,
3464 2724 3526 2769 ut

1948 2810 2194 2869 aestimo,
2226 2809 2271 2863 si
2308 2809 2567 2872 dicamus,
2602 2824 2669 2864 ex
2694 2808 2813 2879 ipsa
2839 2808 3093 2871 essentia,
3139 2822 3278 2877 quae
3321 2822 3423 2862 una
3466 2814 3523 2861 et

1945 2896 2267 2952 universalis
2289 2896 2340 2951 in
2373 2897 2623 2952 omnibus
2657 2905 2838 2952 creata
2864 2905 2967 2961 est,
2997 2897 3351 2966 omnibusque
3374 2910 3524 2951 cont-

271 2984 389 3039 dem
425 2984 682 3040 discretio
722 2992 807 3039 est
833 2983 1170 3039 observanda
1215 2986 1268 3039 in
1315 3000 1383 3040 co
1405 2986 1496 3055 qui
1528 2986 1752 3055 patitur,
1782 2994 1841 3041 ut
1894 3014 1926 3055 ε
1948 2986 2147 3049 munis,
2191 2993 2353 3053 atque
2383 2984 2522 3048 ideo,
2560 2985 2686 3054 quia
2714 2984 2952 3039 omnium
2983 2999 3041 3042 se
3083 2983 3522 3054 participantium

270 3075 414 3130 aliud
456 3076 524 3129 sit
557 3076 794 3146 patiens,
822 3075 966 3130 aliud
988 3090 1145 3145 posse
1171 3076 1306 3145 pati,
1328 3053 1475 3132 aliud
1502 3053 1674 3147 ipsum
1702 3079 1841 3147 pati,
1873 3053 1917 3116 (ἶ
1947 3084 2055 3140 est,
2089 3075 2287 3131 nullius
2312 3076 2524 3147 propria
2553 3053 2752 3131 dicitur
2775 3089 2913 3138 esse,
2941 3053 3273 3143 singulorum
3300 3088 3358 3129 se
3403 3088 3525 3143 par-

271 3169 385 3222 sive
409 3183 438 3220 a
462 3169 641 3238 seipse
664 3168 789 3236 quis
814 3167 1069 3237 patiatur,
1092 3169 1204 3223 sive
1218 3167 1287 3222 ab
1308 3167 1447 3223 alio?
1469 3169 1617 3224 DISC.
1645 3169 1841 3224 Eadem

273 3256 536 3327 profecto.
549 3256 688 3314 MAG.
708 3258 1031 3329 llaecigitur
1055 3261 1154 3316 tria
1183 3271 1239 3318 et
1264 3262 1315 3316 in
1333 3262 1417 3316 his
1445 3261 1537 3331 qui
1560 3271 1763 3323 amant,
1790 3269 1846 3317 et

274 3345 322 3402 in
352 3348 543 3416 bisqui
566 3359 839 3413 amantur,
854 3348 1094 3418 ejusdem
1134 3359 1362 3409 naturae
1383 3366 1489 3407 non
1517 3358 1664 3407 sunt.
1694 3351 1839 3406 Dtsc.

275 3434 384 3492 Non
416 3445 562 3501 sunt,
610 3446 673 3492 ut
709 3439 918 3508 opinor.
951 3438 1068 3493 Alia
1095 3439 1359 3509 siquidem
1393 3450 1584 3495 natura
1605 3448 1689 3494 est
1721 3439 1847 3496 sub-

275 3527 615 3594 stantiarum,
646 3529 1161 3607 alia’accidentium.
1193 3528 1326 3584 Nam
1352 3530 1443 3600 qui
1474 3531 1585 3600 agit
1606 3529 1689 3586 vel
1710 3531 1848 3601 pati-

278 3626 381 3685 tur,
431 3618 730 3673 substantia
757 3626 860 3673 est.
890 3617 1054 3675 Posse
1080 3627 1264 3674 autem
1290 3633 1453 3690 agere
1492 3619 1576 3675 vel
1616 3620 1752 3689 pati,
1793 3626 1848 3674 et

277 3709 452 3781 ipsum
466 3724 626 3783 agere
637 3719 691 3766 et
706 3710 726 3742 ³
743 3713 852 3782 pati
877 3711 1171 3767 accidentia
1195 3720 1339 3767 sunt.
1362 3709 1501 3771 ΜΑθ.
1517 3709 1698 3775 Miror,
1713 3726 1848 3781 quo-

277 3802 435 3856 modo
454 3817 665 3870 eorum,
688 3816 824 3871 quae
857 3803 908 3858 iu
935 3802 1224 3873 praedictis
1267 3801 1768 3858 ratiocinationibus
1792 3809 1849 3857 et

275 3891 519 3961 quaesita
547 3903 599 3949 et
633 3893 871 3957 inventa,
895 3905 952 3948 ut
972 3895 1224 3957 arbitror,
1254 3905 1308 3950 et
1337 3894 1555 3955 deﬁnita
1583 3902 1729 3961 sunt,
1755 3895 1851 3950 ob-

277 3980 404 4041 litus
432 3996 510 4038 es.
534 3983 681 4040 Dtsc.
707 3985 970 4048 Admone,
1002 3999 1209 4054 precor,
1239 3991 1314 4049 et,
1341 4000 1480 4053 quae
1509 3992 1634 4038 sunt
1660 3985 1768 4047 illa,
1794 3985 1846 4038 in

279 4074 593 4127 memoriam
622 4089 834 4129 revoca.
862 4072 996 4129 Nam
1022 4089 1106 4131 me
1133 4073 1262 4128 vitio
1283 4073 1751 4142 memoriae,qnod
1769 4083 1852 4128 est

278 4164 492 4227 oblivio,
524 4165 880 4237 negligentem
906 4166 1333 4235 obliviosumque
1352 4176 1473 4223 esse
1501 4179 1603 4221 non
1625 4166 1846 4237 denego.

278 4251 416 4309 Μιο.
434 4253 853 4320 Recordarisne,
878 4255 1160 4311 collectum
1190 4255 1609 4327 conclusamque
1635 4270 1665 4310 a
1697 4256 1852 4312 nobis

278 4341 461 4410 fuisse,
494 4348 690 4409 οὐσίαν,
727 4344 962 4416 δύναμιν,
999 4348 1269 4420 ἐνέργειαν,
1300 4347 1357 4403 id
1388 4357 1489 4409 est,
1518 4347 1809 4405 essentiam
1833 4388 1847 4413 ,

280 4445 335 4487 ut
361 4451 524 4505 saepe
548 4437 807 4500 diximus,
839 4437 1092 4493 virtutem
1130 4447 1184 4491 et
1215 4437 1611 4508 operationem,
1641 4437 1849 4491 trinita-

280 4536 383 4583 tem
420 4528 691 4598 quandam
723 4528 1133 4598 inseparabilem
1162 4526 1729 4598 incorruptibilemque
1753 4543 1851 4582 no-

279 4626 418 4673 strae
440 4628 667 4675 naturae
690 4635 830 4684 esse,
861 4636 999 4689 quae
1035 4621 1135 4681 sibi
1173 4620 1400 4675 invicem
1436 4619 1664 4675 mirabili
1694 4628 1850 4674 natu-

282 4726 369 4768 rae
406 4714 689 4768 harmonia
731 4713 1016 4782 conjuncta
1052 4720 1197 4776 sunt,
1225 4721 1367 4767 utet
1395 4712 1495 4765 tria
1520 4726 1682 4764 unum
1717 4712 1846 4773 sint,

280 4812 331 4856 rt
354 4819 517 4857 unum
562 4802 690 4867 tria,
741 4817 917 4872 neque
970 4802 1139 4858 veluti
1161 4803 1405 4857 diversae
1443 4812 1667 4856 naturae
1698 4810 1842 4862 sunt,
1880 4848 1891 4861 ,

281 4891 370 4945 sed
397 4892 554 4946 unius
589 4900 752 4962 atque
789 4891 1050 4959 ejusdem,
1077 4906 1180 4945 non
1206 4901 1264 4944 ut
1290 4891 1591 4947 substantia
1622 4891 1845 4960 ejusque

279 4979 592 5045 accidentia,
623 4980 719 5035 sed
748 4982 1010 5050 quaedam
1048 4980 1350 5035 essentialis
1385 4981 1562 5034 unitas
1597 4981 1850 5043 substan-

283 5068 523 5137 tialisque
548 5068 845 5123 differentia
868 5072 1028 5123 trium
1054 5070 1105 5124 in
1130 5087 1235 5123 uno
1252 5072 1273 5122 i
1290 5069 1433 5124 Dtsc.
1461 5070 1758 5134 Recordnr,
1785 5086 1848 5124 ac

283 5158 527 5227 deinceps
556 5176 830 5228 nunquam
875 5159 1127 5215 oblivioni
1176 5162 1400 5215 tradam.
1435 5159 1843 5229 Apertissimam

1946 3167 2285 3236 ticipantium
2333 3165 2599 3236 quandam
2640 3165 2911 3235 propriam
2954 3164 3334 3229 substantiam,
3383 3178 3522 3232 quae

1945 3259 2142 3314 nullius
2163 3256 2390 3325 alicujus
2412 3265 2520 3323 est,
2543 3257 2645 3313 nisi
2672 3257 2837 3327 ipsius
2861 3256 3217 3321 solummodo,
3244 3255 3395 3322 cujus
3416 3266 3522 3319 «εει,

1947 3349 2175 3403 naturali
2205 3348 2579 3419 progressione
2592 3361 2864 3403 emanare.
2890 3344 2985 3405 Cui
3015 3346 3175 3403 etiam
3191 3345 3526 3400 substantiae

1946 3440 2161 3508 propria
2189 3438 2517 3507 possibilitas
2552 3438 2710 3503 inest,
2740 3450 2878 3506 quae
2905 3436 3121 3492 aliunde
3148 3451 3253 3490 non
3303 3436 3528 3490 asstuni-

1950 3538 2057 3595 tur,
2086 3530 2185 3584 nisi
2215 3545 2281 3584 ex
2311 3530 2425 3600 ipsa
2469 3528 2758 3583 universali
2797 3529 2993 3585 virtute
3020 3528 3186 3598 ipsius
3218 3527 3526 3597 praedictae

1948 3620 2269 3676 universalis
2295 3629 2351 3676 et
2380 3620 2648 3676 essentiae
2669 3628 2724 3674 et
2751 3619 2979 3674 virtutis.
3012 3618 3276 3677 Similiter
3305 3618 3371 3674 de
3403 3634 3524 3688 pro-

1947 3713 2065 3784 pria
2104 3714 2414 3782 operatione
2440 3711 2862 3781 specialissimae
2893 3720 2947 3768 et
2985 3710 3320 3769 substantiae
3348 3720 3402 3764 et
3433 3726 3526 3779 po-

1949 3803 2159 3860 testatis
2200 3803 2509 3866 dicendum,
2554 3818 2661 3857 non
2690 3802 2907 3857 aliunde
2944 3801 3292 3865 descendere,
3326 3801 3426 3855 nisi
3459 3804 3526 3853 ab

1949 3894 2063 3965 ipsa
2092 3892 2381 3948 universali
2412 3893 2723 3962 operatione
2749 3892 2987 3961 ejusdem
3017 3890 3335 3947 universalis
3361 3900 3415 3947 et
3439 3907 3528 3946 es-

1949 3984 2155 4041 sentiae
2185 3992 2240 4041 et
2274 3983 2503 4039 virtutis.
2548 3981 2657 4038 Nec
2681 3982 2894 4043 mirum.
2924 3981 2970 4037 si
2994 3981 3127 4036 haec
3154 3981 3276 4044 tria,
3303 3994 3440 4048 quae
3470 3979 3522 4031 in

1949 4075 2630 4147 singulisconsiderantur,
2676 4072 2829 4142 quasi
2860 4070 2903 4104 ¹³
2925 4072 3186 4141 quaedam
3225 4068 3519 4126 accidentia

1948 4167 2258 4237 praedictae
2287 4163 2608 4220 universalis
2655 4162 2911 4218 trinitatis
2939 4162 3188 4217 dicantur
3226 4172 3367 4223 esse,
3408 4159 3521 4228 pri-

1952 4271 2178 4326 maeque
2231 4254 2623 4325 apparitiones;
2665 4251 3097 4322 quandoquidem
3162 4249 3271 4318 ipsa
3311 4263 3407 4318 per
3464 4264 3524 4304 se

1955 4361 2117 4399 unum
2150 4343 2221 4399 sit
2250 4342 2312 4407 ¹⁶,
2341 4350 2394 4396 et
2421 4342 2474 4395 in
2503 4340 2772 4405 omnibus,
2791 4355 2926 4408 quae
2951 4354 3018 4394 ex
3042 4354 3104 4392 ea
3132 4346 3186 4392 et
3224 4337 3279 4393 in
3318 4352 3378 4394 ea
3408 4337 3525 4393 exi-

1953 4443 2100 4490 stunt
2122 4434 2187 4499 ",
2218 4429 2726 4488 incommutabiliter
2747 4436 3043 4499 permanet,
3084 4442 3183 4482 nec
3212 4426 3392 4497 augeri
3423 4441 3522 4482 nec

1952 4525 2139 4586 minui,
2168 4537 2267 4578 nec
2290 4522 2584 4588 corrumpi,
2616 4533 2714 4575 nec
2740 4517 2916 4587 perire
2955 4526 3147 4587 potest.
3193 4515 3337 4571 llaec
3375 4529 3519 4576 vero.

1951 4630 2089 4686 quae
2131 4612 2515 4683 specialissime
2543 4612 2595 4665 in
2629 4608 2854 4681 singulis
2877 4609 3303 4672 considerantur,
3342 4605 3520 4677 augeri

1952 4715 2169 4777 possunt
2200 4715 2253 4760 et
2282 4704 2471 4767 minui,
2501 4701 2970 4771 multipliciterque
3001 4699 3217 4754 variari.
3238 4698 3352 4754 Non
3379 4699 3522 4754 cnim

1948 4813 2137 4854 omnes
2166 4796 2412 4850 similiter
2439 4794 2727 4864 participes
2760 4803 2884 4847 sunt
2911 4789 3229 4847 universaiis
3258 4790 3525 4846 essentiae

1954 4898 2011 4942 et
2034 4888 2245 4941 virtutis
2275 4896 2329 4941 et
2352 4887 2699 4956 operationis.
2730 4883 2829 4938 Alii
2857 4885 3000 4939 enim
3027 4883 3166 4953 plus.
3191 4883 3277 4936 alii
3323 4882 3520 4937 minus.

1956 4978 2143 5033 Nullus
2172 4988 2350 5033 tamen
2392 4977 2800 5047 participatione
2841 4976 3005 5046 ipsius
3032 4976 3243 5046 penitus
3263 4976 3520 5045 privatur.

1932 5070 2069 5139 'lpsa
2097 5082 2306 5137 quoque
2332 5069 2382 5120 in
2406 5068 2654 5121 omnibus
2685 5068 3129 5135 participatttihtts
3159 5082 3216 5121 se
3241 5082 3343 5119 una
3366 5075 3525 5132 atque

1955 5160 2139 5212 eadem
2173 5167 2469 5227 permanet,
2500 5158 2737 5226 nullique
2764 5159 2828 5212 ad
2872 5156 3296 5227 participandum
3326 5171 3382 5207 se
3408 5153 3535 5221 plus

1537 5292 1788 5347 \’.\ill.\E
1826 5290 2222 5347 LECTIONES.

357 5425 374 5455 ‘
402 5424 486 5479 (ΣΕ
530 5442 781 5495 personae
829 5436 936 5490 est;
982 5436 1056 5480 est
1082 5441 1189 5478 om.
1212 5424 1275 5478 D.
1351 5428 1370 5456 ‘
1398 5425 1488 5481 Sic
1516 5426 1636 5491 CD;
1667 5424 1754 5478 ΑΕ
1785 5433 1903 5495 aut.
1926 5492 1933 5495 Α
1959 5421 1998 5495 1
2020 5421 2109 5495 Sic
2131 5422 2252 5486 AD;
2436 5420 2535 5489 vel.
2607 5418 2628 5451 ⁸
2651 5419 2840 5495 Curta;
2861 5405 3361 5495 mACflenisl‘lmcgnl)
3406 5419 3535 5476 istic

289 5493 308 5523 ⁸
337 5493 427 5548 Sic
457 5493 617 5560 CDE;
638 5498 678 5547 Α
706 5506 781 5548 ut.
854 5496 875 5525 '
905 5495 994 5550 Sic
1022 5495 1181 5557 CDE;
1224 5494 1264 5548 A
1299 5512 1432 5558 vere,

289 5563 361 5635 in.
383 5564 444 5635 _D
473 5575 526 5618 et
558 5566 753 5635 illaque
794 5565 868 5618 iu.
944 5565 1081 5635 'Sic
1107 5565 1221 5625 CE;
1255 5567 1344 5620 AD
1373 5563 1499 5619 suis.

289 5633 453 5697 CDE;
484 5636 524 5687 Δ
560 5633 824 5702 obstrepit.
898 5635 942 5666 ¹³
970 5634 1058 5689 Sic
1088 5635 1200 5699 (1E;
1231 5638 1379 5705 quasi
1406 5650 1512 5689 om.
1542 5635 1649 5689 AD.

1571 5564 1593 5594 ⁹
1622 5566 1659 5619 Α
1691 5566 1882 5634 itaque.
1930 5562 1999 5634 η’]
2032 5562 2070 5615 S
2094 5562 2214 5634 et};
2247 5561 2560 5634 ADErccalr.

1728 5632 1891 5687 "Sic
1918 5632 2031 5698 CE;
2078 5632 2165 5684 AD
2198 5634 2318 5685 sint.

1474 5486 1631 5565 quae.
1699 5496 1718 5526 ⁷
1752 5497 1840 5547 Sic
1870 5492 2100 5565 CDE;_A
2134 5491 2399 5565 superﬂua
2428 5486 2524 5544 nan
2555 5491 2784 5565 essem"
2810 5488 2952 5565 ‘nSic‘
2975 5487 3089 5550 CE;
3120 5487 3159 5539 A
3181 5496 3241 5565 et.
3262 5486 3373 5565 illa,
3387 5505 3525 5565 galle

2639 5561 2679 5589 “
2707 5558 2795 5612 Sic
2824 5557 2982 5614 CDE;
3010 5566 3056 5608 et
3084 5573 3191 5608 om.
3221 5558 3281 5611 Α,

2398 5631 2442 5661 ⁸⁵
2474 5629 2563 5684 Sic
2593 5627 2705 5692 CE;
2739 5629 2827 5681 AD
2848 5626 3154 5680 cousismul.
