3904 6148
405 233 508 287 επ

1788 224 2069 282 JOANNIS
2109 227 2306 285 SCOTI

3570 228 3671 283 508

406 351 500 396 aut
544 342 722 396 minus
765 340 936 396 adest.
984 337 1136 395 Sicut
1191 340 1279 394 lux
1329 339 1520 394 oculis.
1563 337 1696 394 Tota
1753 341 1896 394 enim
1943 341 1994 393 in
2026 348 2071 402 Λ
2102 358 2331 410 namque
2375 343 2476 398 loci
2509 349 2878 414 temporisque
2903 339 3129 407 auxilio,
3160 351 3220 396 ut
3247 342 3520 407 subsistat,
3565 359 3670 398 non

407 434 633 502 singulis
664 441 764 495 est,
793 442 847 486 et
890 433 939 484 in
974 431 1169 499 seipsa.
1201 430 1394 499 Augcri
1434 439 1635 494 autem,
1678 429 1761 482 vel
1805 430 1992 494 minui,

415 526 626 590 quidam
682 523 920 576 defectus
977 537 1069 574 seu
1144 521 1413 591 profectus
1490 529 1569 574 est
1628 521 1998 591 participatio-

416 615 528 675 nis;
568 613 791 677 ideoque
820 625 923 664 non
965 609 1407 664 irrationabiliter
1436 611 1687 664 accidens
1717 626 1836 664 esse
1856 608 1997 678 judi-

415 713 586 754 catur.

484 792 570 842 65.
602 790 732 843 Nam
762 790 902 859 quod
931 804 1142 858 semper
1167 789 1218 843 id
1242 790 1416 859 ipsum
1444 798 1545 853 est,
1587 805 1714 843 vera
1742 790 1996 844 substan-

420 895 486 932 tia
523 890 662 933 recte
692 881 915 943 dicitur;
958 881 1099 948 quod
1130 896 1255 934 vero
1282 880 1542 943 variatur,
1590 889 1680 933 aut
1712 896 1776 934 ex
1818 889 1996 934 muta-

419 972 620 1023 uititate
671 969 937 1023 instabilis
977 970 1330 1032 substantiae,
1364 979 1457 1023 aut
1491 985 1558 1024 ex
1587 971 1997 1040 participatione

415 1063 800 1124 accidentium,
849 1062 960 1117 sive
993 1062 1317 1115 naturalium
1351 1062 1464 1116 sive
1506 1077 1610 1115 non
1644 1062 1995 1126 naturalium,

412 1155 671 1208 procedit.
703 1150 768 1203 Et
794 1166 860 1202 ne
889 1150 1122 1213 mireris,
1147 1149 1411 1218 quaedam
1427 1150 1724 1203 accidentia
1750 1150 1996 1205 substan-

413 1245 516 1295 tias
543 1245 668 1302 dici.
693 1243 947 1312 quoniam
977 1241 1095 1296 aliis
1125 1241 1492 1297 accidentibus
1521 1241 1839 1306 subsistunt,
1867 1242 1993 1295 dum

415 1341 579 1401 vides,
597 1339 903 1407 quantitati,
921 1352 1060 1406 quae
1073 1337 1190 1390 sine
1205 1335 1368 1389 dubio
1391 1333 1640 1388 accidens
1663 1333 1998 1388 substantiae

410 1441 511 1492 est,
543 1431 644 1482 alia
675 1429 975 1482 accidentia
1005 1427 1274 1489 accidere,
1308 1436 1367 1478 ut
1393 1434 1479 1480 est
1520 1423 1687 1489 color,
1726 1424 1818 1493 qui
1848 1425 1995 1478 circa

409 1524 765 1593 quantitatem
800 1529 1045 1590 apparet.
1096 1527 1148 1572 et
1183 1527 1446 1586 tempora,
1478 1529 1618 1584 quae
1666 1515 1718 1568 in
1766 1513 1997 1568 morosis

415 1627 592 1666 rerum
635 1611 867 1664 motibus
916 1607 1305 1676 intelliguntur.
1340 1605 1434 1659 Est
1457 1606 1602 1658 enim
1635 1613 1842 1671 tempus
1881 1618 1996 1655 mu-

2097 440 2238 500 eget,
2281 433 2408 486 dum
2457 448 2556 503 per
2600 433 2831 502 seipsam
2879 442 3007 487 ante
3054 448 3322 503 supraque
3372 442 3578 503 tempus
3619 443 3674 489 et

2099 520 2273 574 locum
2300 523 2626 577 conditionis
2661 536 2790 576 suae
2811 523 3070 592 dignitate
3095 524 3314 577 existat.
3350 523 3452 577 Sed
3480 538 3671 576 novem

2046 639 2052 646 -
2096 625 2314 678 genera,
2345 627 2482 681 quae
2508 613 2636 666 solis
2663 613 3034 667 accidentibus
3061 613 3450 676 attribuuntur,
3485 614 3560 666 ita
3607 616 3672 668 ab

2098 703 2410 756 auctoribus
2437 703 2605 757 divisa
2637 712 2783 766 sunt,
2815 713 2871 757 ut
2895 703 3007 773 ipsa
3037 704 3360 763 accidentia,
3391 719 3524 773 quae
3566 705 3673 774 pri-

2098 791 2433 846 mordialiter
2459 793 2511 846 in
2551 793 2803 847 essentiis
2829 794 3260 861 conspiciuntur.
3308 808 3427 846 mox
3463 803 3671 849 vertan-

2101 889 2189 933 tur
2226 881 2278 934 in
2308 880 2664 946 substantias,
2694 882 2949 950 quoniam
2994 882 3114 936 aliis
3150 882 3520 940 accidentibus
3545 882 3672 938 sub-

2097 971 2315 1024 sistunt.
2353 969 2528 1024 Prima
2578 972 2842 1040 siquidem
2879 986 3059 1025 rerum
3085 971 3329 1024 omnium
3362 971 3550 1024 divisio
3592 978 3671 1026 est

2097 1063 2151 1117 in
2211 1064 2477 1118 esseiztias
2528 1071 2583 1118 et
2629 1062 2966 1128 accidentia,
3017 1063 3252 1117 secunda
3323 1063 3670 1118 accidentium

2099 1153 2151 1206 in
2185 1154 2535 1208 substantias.
2567 1153 2718 1220 Quae
2765 1153 2877 1207 fere
2924 1154 2978 1207 in
3012 1153 3279 1206 infinitum
3324 1154 3668 1222 protenditur,

2097 1244 2242 1306 dum,
2266 1245 2407 1314 quod
2432 1259 2574 1299 nunc
2602 1245 2853 1299 acridens
2875 1253 2961 1299 est
2981 1245 3180 1313 prioris
3207 1259 3284 1304 se,
3318 1260 3437 1298 mox
3454 1260 3674 1314 sequen-

2099 1336 2168 1390 tis
2189 1350 2248 1390 se
2287 1335 2588 1390 substantia
2615 1333 2866 1389 edicitur.
2896 1333 3003 1389 Sed
3033 1336 3098 1388 de
3128 1334 3213 1388 bis
3249 1333 3374 1387 alibi
3405 1335 3674 1403 disputan-

2098 1429 2259 1494 dum;
2294 1443 2436 1482 nunc
2463 1443 2590 1482 vero
2631 1428 2674 1483 si
2708 1428 2802 1482 tibi
2833 1428 3069 1489 videtur,
3110 1427 3251 1496 quod
3302 1428 3454 1482 nobis
3483 1442 3677 1496 propo-

2096 1520 2259 1574 situm
2300 1527 2404 1584 est,
2453 1533 2764 1589 sequamur.
2830 1517 2968 1573 MAG.
3021 1517 3158 1585 Quid
3209 1518 3406 1587 igitur?
3446 1517 3675 1573 Putasne

2099 1613 2397 1669 accidentia
2431 1628 2534 1667 non
2563 1613 2660 1667 nisi
2687 1612 2987 1682 cujuspiam
3018 1612 3287 1666 essentiae
3312 1618 3403 1663 aut
3431 1611 3672 1665 acciden-

413 1705 654 1758 taltilittltl
683 1718 862 1755 reruni
889 1715 1069 1755 morae
1084 1710 1366 1767 motusque
1390 1707 1536 1752 certa
1558 1695 1995 1764 rationabilisque
2029 1701 2073 1760 Β
2103 1705 2173 1758 [is
2195 1704 2350 1758 esse?
2381 1705 2528 1758 Dlsc,
2568 1701 2755 1756 Nullus
2795 1703 2989 1757 artium
3018 1703 3224 1772 peritus
3269 1703 3428 1756 aliter
3460 1702 3668 1756 dixerit.

412 1797 694 1850 dimensio.
730 1793 872 1848 Disc.
907 1791 962 1847 lu
991 1793 1094 1845 hoc
1136 1799 1352 1854 nostrae
1394 1789 1708 1843 intenti0uis
1740 1802 1843 1840 non
1875 1787 1994 1841 dis-

412 1896 600 1955 crepat
642 1885 785 1947 tiuis,
831 1894 890 1936 ut
933 1881 1187 1935 arbitror.
1218 1879 1323 1934 Sed
1367 1879 1600 1934 breviter
1621 1878 1902 1946 luciileque
1930 1877 1999 1932 de

415 1977 516 2029 hac
561 1991 736 2029 rerum
773 1982 1044 2044 postrema
1069 1970 1502 2024 consideratione
1531 1968 1756 2022 detinias
1785 1968 1993 2021 vellent.

415 2064 555 2120 MAG.
573 2066 792 2122 Triuaui
816 2077 996 2116 rerum
1013 2059 1441 2129 intelligentiam,
1477 2059 1577 2112 hoc
1601 2067 1684 2112 est
1707 2058 1995 2124 cssentiae,

415 2151 993 2224 virtutis,operationis
1022 2147 1412 2204 immutabilem
1435 2147 1838 2202 subsistentiain
1857 2147 1874 2176 ¹
1903 2147 1998 2200 tir-

417 2262 671 2316 mumque
715 2243 1121 2299 fundamentum
1164 2256 1346 2295 rerum
1375 2257 1404 2294 a
1435 2241 1715 2295 conditore
1755 2241 1996 2295 omnium

415 2340 766 2395 constitutum
818 2348 1099 2404 ponamus,
1150 2331 1196 2386 si
1244 2331 1435 2402 placet.
1495 2332 1640 2386 Disc.
1683 2330 1996 2386 Ponendum

417 2431 672 2486 arbitror.
706 2426 848 2480 MAG.
884 2425 1088 2478 Deinde
1115 2422 1202 2476 illa
1239 2423 1470 2486 trinitas,
1509 2436 1648 2490 quae
1679 2423 1731 2474 in
1777 2421 2001 2490 singulis

417 2519 747 2578 considerari
790 2525 987 2587 potest,
1037 2525 1091 2569 et
1141 2531 1171 2568 a
1213 2515 1385 2583 prima
1433 2515 1674 2568 trinitate
1726 2514 2000 2569 essentiali

418 2610 734 2683 procedens,
767 2607 931 2661 veluti
963 2605 1336 2674 praecedentis
1362 2619 1559 2657 causae
1584 2602 1823 2663 eﬂcctus,
1855 2604 2003 2673 ejus-

415 2718 524 2775 que
551 2698 930 2774 primordiales
967 2707 1164 2759 motus,
1205 2697 1580 2766 quaedamque
1635 2695 2000 2765 primordialia

419 2794 717 2849 accidentia
747 2791 1019 2861 pensanda
1046 2799 1152 2853 est,
1184 2800 1239 2843 ut
1268 2789 1442 2844 video.
1494 2788 1639 2843 Disc.
1676 2787 1788 2842 Hoc
1817 2789 1838 2816 '
1867 2802 2002 2856 quo-

417 2901 524 2957 que
567 2887 858 2941 fatendum.
903 2882 1042 2937 MAG.
1071 2880 1337 2951 Quicquid
1377 2892 1558 2934 autem
1586 2879 1690 2934 illis
1725 2879 1892 2933 tribus
1917 2895 2002 2934 se-

418 2977 733 3047 quentibus,
774 2975 889 3029 sive
920 2974 1145 3028 interius
1185 2972 1297 3027 sive
1344 2972 1604 3035 exterius,
1637 2971 1750 3025 sive
1778 2980 1998 3026 natura-

2101 1796 2215 1851 Non
2262 1795 2406 1850 enim
2439 1795 2598 1848 aliam
2635 1796 2703 1848 ob
2739 1796 2780 1826 ⁸⁸
2812 1810 3030 1849 causam
3062 1796 3316 1850 accidens
3344 1794 3527 1849 vocari
3571 1809 3676 1849 me-

2101 1886 2228 1950 ruit,
2277 1885 2380 1938 nisi
2428 1886 2552 1954 quia
2597 1893 2687 1938 aut
2735 1886 3022 1948 essentiae,
3057 1894 3152 1938 aut
3185 1886 3542 1947 substantiae,
3587 1895 3673 1940 aut

2101 1974 2256 2029 alicui
2289 1975 2555 2029 accidenti
2583 1976 2865 2046 contingit.
2909 1976 3046 2030 MAG.
3077 1978 3250 2044 Agere
3296 1987 3350 2030 et
3390 1978 3497 2046 pati
3541 1978 3674 2032 acci-

2101 2065 2342 2120 dentium
2389 2080 2615 2120 numero
2668 2067 3052 2120 continentur?
3098 2068 3242 2121 Disc.
3292 2066 3486 2120 Etiam.
3539 2065 3669 2122 MAG.

2100 2153 2410 2224 Cujuspiam
2472 2155 2639 2225 igitur
2694 2155 3029 2210 substantiae
3077 2157 3236 2210 sunt?
3282 2155 3426 2210 llaec
3481 2155 3671 2210 etenim

2101 2247 2336 2317 propriis
2373 2247 2626 2300 accidunt
2669 2247 3017 2311 substantiis;
3051 2263 3172 2300 nam
3219 2248 3561 2316 generalibus
3595 2261 3673 2300 es-

2102 2337 2293 2392 sentiis
2339 2336 2472 2390 nihil
2496 2337 2714 2391 accidit.
2772 2336 2916 2390 Disc.
2953 2334 3062 2391 Nec
3089 2337 3189 2390 hoc
3237 2336 3503 2407 negarim.
3542 2334 3671 2390 MAG.

2103 2428 2220 2492 Dic,
2257 2443 2479 2497 quaeso,
2532 2444 2658 2482 num
2690 2443 2932 2482 summae
2985 2443 3046 2482 ac
3097 2427 3321 2497 simplici
3365 2428 3675 2496 divinaeque

2102 2531 2328 2573 naturae
2373 2520 2571 2588 aliquid
2617 2521 2932 2592 accidit“?
2971 2521 3114 2574 Disc.
3148 2521 3320 2574 Absit.
3368 2521 3510 2574 MAG.
3547 2520 3674 2574 Num

2104 2609 2217 2678 ipsa
2246 2610 2443 2663 accidit
2466 2609 2661 2663 alicui?
2707 2609 2849 2663 Disc.
2883 2607 2992 2662 Nec
3021 2611 3123 2664 hoc
3151 2610 3368 2679 quidem
3409 2611 3636 2664 dixerim
3660 2626 3674 2675 ;

2104 2700 2340 2768 alioquin
2367 2699 2653 2768 passibilis,
2685 2701 3082 2769 mutabilisqne,
3107 2701 3436 2770 alteriusque
3457 2712 3679 2757 naturae

2105 2805 2274 2860 capax
2303 2805 2422 2845 esse
2468 2791 2762 2845 videretur.
2817 2789 2954 2844 MAG.
2989 2789 3199 2844 Nullum
3252 2806 3380 2860 ergo
3431 2792 3680 2845 accidens

2106 2881 2319 2950 recipit,
2374 2880 2616 2951 nullique
2674 2879 2887 2934 accidit.
2946 2881 3088 2934 Disc.
3139 2879 3348 2934 Nullum
3400 2880 3677 2948 profecto,

2107 2972 2366 3041 nullique.
2405 2971 2546 3027 MAG.
2576 2973 2751 3043 Agere
2793 2980 2847 3026 et
2873 2971 2981 3040 pati
3011 2971 3308 3026 accidentia
3333 2972 3495 3026 sunt?
3540 2971 3676 3026 Disc.

417 3068 563 3133 liter,
591 3066 704 3120 sive
751 3064 1070 3134 quibusdam
1099 3061 1472 3116 evenientibus
1502 3060 1522 3092 ³
1574 3060 1852 3124 acciderit,
1888 3059 1996 3114 vel-
2027 3055 2069 3114 C
2103 3063 2168 3116 Et
2199 3064 2298 3118 hoc
2326 3064 2509 3118 datum
2537 3074 2640 3119 est.
2669 3064 2806 3121 MAG.
2826 3065 3046 3119 Summa
3076 3065 3239 3133 igitur
3260 3065 3502 3119 omnium
3524 3079 3678 3119 causa

417 3160 496 3214 uti
547 3159 800 3214 accidens
840 3157 1197 3211 accidentium
1246 3155 1361 3208 lieri
1409 3153 1638 3208 videtur.
1684 3152 1828 3208 Disc.
1863 3152 1998 3208 Huic

418 3250 582 3302 etiam
611 3245 942 3300 conclusioni
975 3259 1079 3298 non
1115 3243 1327 3297 resisto.
1362 3241 1494 3296 Nam
1525 3259 1647 3297 cum
1674 3243 1780 3296 sint
1808 3257 2000 3297 secun-

419 3339 546 3392 dum
584 3335 930 3390 Aristotelem
977 3336 1162 3390 decem
1209 3349 1407 3405 genera
1454 3349 1655 3399 rerum,
1687 3349 1826 3403 quae
1855 3343 1999 3388 cate-

421 3429 626 3501 goriae,
650 3429 702 3482 id
725 3437 827 3493 est,
861 3428 1298 3497 praedicamenta
1321 3428 1594 3492 dicuntur,
1620 3436 1675 3480 et
1701 3427 1996 3482 liuic.divi-

421 3521 558 3578 sioui
585 3535 763 3575 rerum
787 3521 839 3573 in
854 3533 1054 3588 genera
1081 3519 1285 3573 nullum
1299 3517 1630 3574 Graecorum
1647 3520 1730 3574 vel
1748 3519 2000 3574 ‘Latino—

420 3628 541 3667 rum
590 3613 810 3667 obstare
859 3611 1156 3681 reperimus
1178 3610 1223 3675 ',
1247 3612 1340 3665 sed
1367 3611 1388 3643 '
1411 3611 1510 3665 sub
1528 3625 1634 3665 uno
1663 3625 1860 3680 genere
1886 3627 2003 3665 om-

421 3719 518 3758 nes
562 3704 764 3774 primas
788 3702 1075 3765 essentias,
1104 3716 1242 3772 quas
1269 3700 1462 3756 Graeci
1513 3703 1688 3762 οὐσίας
1728 3701 2000 3770 appellant

422 3795 634 3854 merito,
663 3793 786 3861 quia
815 3807 910 3861 per
944 3807 1002 3846 se
1025 3801 1170 3853 sunt,
1201 3801 1256 3846 et
1279 3791 1474 3846 nullius
1497 3792 1736 3862 indigent
1763 3801 1819 3845 ut
1849 3792 1956 3846 sint
1981 3831 1998 3857 ,

421 3887 502 3940 sic
523 3887 665 3939 enim
694 3902 723 3937 a
746 3884 1023 3938 conditore
1051 3883 1290 3937 omnium
1318 3883 1480 3936 veluti
1507 3884 1769 3952 quaedam
1801 3883 1998 3936 immu-

424 3976 607 4030 labilia
636 3975 982 4028 fundamenta
1013 3972 1286 4028 stabilitas
1333 3982 1460 4026 sunt
1479 3972 1523 4037 τ,
1549 3972 1832 4027 conclusas
1881 3987 2001 4027 esse

421 4067 669 4120 videmus
713 4079 727 4116 :
773 4073 828 4118 et
868 4065 935 4118 ad
975 4063 1380 4118 similitudinem
1421 4061 1732 4132 principalis
1759 4062 1999 4116 omnium

421 4173 619 4213 causae
648 4155 880 4210 mirabili
911 4153 1440 4222 iiicommutaliilique
1462 4167 1556 4208 sua
1605 4152 1847 4206 trinitate
1876 4152 2002 4207 sub-

422 4251 645 4313 sistunt,
679 4249 779 4302 hoc
802 4257 910 4313 est,
934 4259 993 4301 ut
1025 4262 1186 4316 saepe
1209 4246 1320 4316 jam
1349 4245 1570 4307 dictum,
1601 4243 1858 4308 essentia,
1890 4244 2001 4297 vir-

427 4348 540 4394 tute
564 4381 580 4405 ,
621 4339 954 4409 operatione,
1001 4349 1180 4391 cetera
1230 4351 1358 4391 vero
1393 4350 1584 4390 novem
1625 4349 1822 4403 genera
1852 4333 1998 4388 acci-

2101 3169 2482 3224 summumque
2531 3157 2876 3227 principium,
2908 3158 3048 3226 quod
3100 3157 3239 3212 Deus
3287 3167 3388 3221 est,
3443 3172 3606 3228 agere
3632 3165 3682 3212 et

2099 3243 2208 3311 pati
2228 3257 2332 3295 non
2354 3244 2559 3312 recipit.
2579 3245 2728 3303 Disc.
2750 3245 2914 3313 Hujus
2933 3246 3356 3301 ratiocinationis
3372 3248 3416 3278 "
3435 3247 3682 3302 violentia

2101 3331 2323 3383 nimium
2353 3341 2589 3386 coartor.
2626 3333 2758 3387 Nam
2785 3335 2828 3388 si
2863 3336 3069 3398 dixero,
3100 3335 3291 3389 falsum
3321 3351 3445 3390 esse
3476 3337 3549 3402 “,
3579 3337 3684 3392 for-

2102 3423 2262 3477 tassis
2285 3423 2396 3492 ipsa
2427 3425 2564 3480 ratio
2592 3441 2677 3479 me
2703 3426 2743 3457 “
2769 3427 3053 3491 deridebit,
3078 3443 3365 3498 omneque,
3393 3433 3539 3499 quod
3563 3431 3683 3486 liac-

2102 3520 2257 3567 tenus
2282 3514 2434 3580 dedi,
2465 3516 2718 3571 vacillare
2753 3532 2858 3571 non
2902 3519 3044 3572 sinet
3080 3519 3141 3572 ".
3177 3518 3232 3573 Si
3265 3535 3476 3584 verum,
3510 3534 3683 3576 neceso

2101 3607 2245 3661 sario
2275 3617 2549 3676 sequetur,
2580 3619 2657 3672 ut,
2706 3612 2849 3680 quod
2871 3611 2937 3666 de
2967 3626 3124 3682 agere
3151 3620 3205 3665 et
3255 3613 3364 3682 pati
3407 3627 3687 3667 concesse-

2102 3698 2224 3759 rim.
2270 3698 2322 3752 id
2354 3699 2526 3767 ipsum
2566 3699 2729 3754 etiam
2779 3701 2845 3754 de
2891 3701 3086 3756 ceteris
3128 3703 3318 3756 activis
3350 3702 3685 3771 passivisquo

2102 3791 2302 3853 verbis,
2352 3791 2722 3860 cujuscunque
2759 3793 2970 3862 generis
2999 3793 3286 3847 verborum
3315 3795 3444 3858 sint,
3491 3809 3684 3850 conce-

2103 3878 2248 3944 dam,
2273 3879 2374 3934 hoc
2402 3889 2508 3944 est,
2533 3895 2705 3950 neque
2733 3881 2873 3936 Deus
2893 3896 3097 3946 amare,
3120 3897 3292 3951 neque
3305 3884 3500 3947 amari,
3516 3897 3687 3954 neque

2104 3983 2356 4035 movere,
2407 3987 2583 4040 neque
2633 3972 2883 4037 moveri,
2936 3973 3241 4042 similiaque
3283 3974 3463 4036 mille;
3516 3990 3686 4044 eoque

2103 4060 2276 4128 magis
2303 4075 2477 4130 neque
2505 4076 2648 4126 esse,
2680 4077 2854 4132 neque
2883 4063 3192 4117 subsistere.
3222 4064 3291 4117 At
3317 4063 3361 4097 ¹⁶
3388 4065 3434 4118 si
3463 4066 3585 4130 hoc,
3611 4066 3686 4120 vi-

2104 4149 2289 4213 desne,
2340 4159 2473 4218 quot
2511 4163 2562 4206 et
2597 4153 2813 4222 quantis
2859 4151 3229 4222 frequentibus
3259 4154 3575 4224 Scripturae
3597 4170 3684 4210 sa-

2102 4256 2227 4296 crae
2248 4241 2447 4296 obruar
2469 4243 2624 4298 telis?
2654 4243 2901 4313 Undique
2914 4245 3056 4300 enim
3081 4244 3331 4300 videntur
3351 4245 3681 4317 obstrepere.

2102 4340 2265 4399 atque
2308 4330 2412 4386 hoc
2437 4330 2630 4387 falsum
2666 4348 2786 4388 esse
2824 4333 3181 4388 conclamare.
3212 4333 3320 4388 Nec
3347 4343 3397 4389 te
3428 4334 3581 4399 latet,
3627 4344 3685 4390 nt

423 4399 606 4483 deutia
633 4399 751 4484 esse
793 4399 1061 4483 dicuntur.
1113 4427 1223 4482 Nec
1269 4428 1386 4482 sine
1431 4399 1662 4480 ratione.
1694 4423 1810 4479 Non
1855 4424 2000 4479 enim
2030 4399 2080 4457 Ῑ)
2107 4424 2312 4492 opinor,
2343 4438 2502 4492 quam
2529 4425 2756 4478 arduum
2789 4424 3107 4493 diﬂicileque
3135 4425 3468 4493 simplicibus
3491 4426 3685 4480 animis

423 4530 522 4588 per
549 4533 628 4580 se.
653 4521 744 4572 sed
762 4519 815 4571 in
841 4519 1114 4588 praediCta
1133 4517 1403 4572 essentiali
1421 4517 1660 4571 trinitate
1681 4515 1996 4570 subsistunt.

426 4605 561 4662 Nam
608 4610 751 4677 quod
779 4624 810 4661 a
851 4607 1072 4663 Graecis
1111 4609 1262 4664 locus
1306 4618 1359 4664 et
1400 4618 1609 4678 tempus
1643 4607 1998 4678 appellantur,

427 4694 493 4754 ὧν
518 4696 656 4759 ἄνευ,
689 4699 790 4753 hoc
815 4707 919 4762 est,
966 4699 1083 4753 sine
1129 4699 1323 4768 quibus
1354 4709 1534 4753 cetera
1577 4712 1700 4752 esse
1741 4713 1848 4752 non
1879 4714 2004 4769 pos-

427 4802 574 4852 sunt,
606 4805 710 4842 non
742 4789 815 4843 ita
836 4789 859 4821 ⁶
892 4789 1318 4860 intelligendum,
1347 4798 1409 4843 ut
1450 4791 1594 4844 inter
1614 4803 1704 4854 ea,
1729 4804 1866 4858 quae
1885 4790 2004 4846 sine

429 4881 548 4934 loco
573 4890 628 4934 et
660 4891 898 4951 tempore
941 4896 1046 4934 non
1079 4881 1258 4936 valent
1283 4882 1578 4936 subsistere
1603 4880 1647 4946 ',
1679 4883 2006 4937 substantia-

428 4969 496 5023 lis
545 4968 634 5024 ilia
685 4970 901 5025 trinitas
950 4971 1225 5041 praedicta
1278 4984 1459 5025 rerum
1512 4977 1872 5041 computetur.
1927 4971 2003 5027 Ea

2110 4513 2236 4564 talia
2281 4514 2536 4578 suadere;
2582 4513 3012 4583 quandoquidem
3059 4529 3269 4578 eorum,
3315 4516 3406 4583 qui
3436 4515 3686 4570 videntur

2107 4619 2226 4659 esse
2255 4607 2549 4675 sapientes,
2580 4606 2706 4661 dum
2733 4606 2866 4661 haec
2895 4607 3135 4670 audiunt,
3161 4622 3319 4662 aures
3341 4609 3680 4663 horrescunt.

2104 4695 2243 4751 MAG.
2275 4697 2390 4752 Noli
2427 4699 2467 4729 "
2494 4712 2870 4767 expavescere.
2903 4697 3056 4753 Nunc
3105 4699 3248 4752 enim
3282 4698 3328 4730 “'
3354 4699 3515 4754 nobis
3553 4700 3686 4754 ratio

2104 4790 2375 4860 sequenda
2403 4799 2507 4854 est,
2558 4805 2696 4859 quae
2730 4789 2773 4822 "
2827 4804 3006 4844 rerum
3049 4790 3329 4845 veritatem
3376 4791 3682 4861 investigat,

2107 4882 2358 4951 nullaque
2401 4883 2724 4937 auctoritate
2766 4881 3115 4952 opprimitur,
3150 4881 3296 4935 nullo
3326 4882 3371 4914 ”
3401 4884 3565 4937 modo
3591 4884 3686 4937 iiii-

2106 4974 2340 5043 peditur,
2369 4989 2436 5029 ne
2455 4989 2543 5039 ea,
2573 4988 2711 5043 quae
2747 4983 2803 5028 ct
2835 4972 3072 5028 studiose
3106 4973 3543 5027 ratiocinantium
3573 4989 3687 5029 ain-

1701 5105 1956 5163 VARIAE
1993 5105 2392 5163 LECTIONES.

504 5216 519 5249 ⁸
573 5217 665 5272 Sic
729 5217 892 5286 BDE;
937 5219 978 5274 C
1028 5219 1412 5282 substantiam,
1474 5218 1568 5273 sed
1621 5232 1764 5273 corr.
1827 5217 2234 5271 subsistentiam.
2294 5216 2338 5269 A
2383 5215 2747 5269 substantiam.

507 5287 595 5317 Gz-
653 5289 732 5317 ρ.
787 5289 828 5317 n
869 5291 1123 5317 -.......:t...-
1222 5288 1258 5317 υ
1317 5289 1553 5317 -.....;ι....
1689 5287 1710 5317 δ
1762 5285 1851 5317 ατη
1905 5286 2065 5317 l‘nn‘.
2123 5288 2148 5317 Α
2217 5296 2259 5317 ,ο
2383 5286 2405 5317 5
2444 5284 2520 5317 ας.
2587 5285 2747 5317 vnn.

431 5287 451 5317 ³
507 5287 597 5343 Sic
653 5289 734 5353 C;
787 5289 828 5343 Ι)
863 5291 1162 5351 eventibus,
1221 5288 1261 5342 E
1314 5289 1576 5341 euntibus.
1689 5287 1710 5317 ⁸
1762 5285 1854 5341 Sic
1905 5286 2068 5349 CDE;
2115 5288 2157 5340 A
2213 5296 2280 5340 et.
2383 5286 2405 5318 ⁵
2444 5285 2531 5340 Sit
2587 5285 2757 5348 CDE;
2804 5286 2849 5340 Α
2897 5287 3230 5358 reperiamus.
3341 5285 3364 5316 '
3414 5286 3505 5339 Sic
3552 5286 3682 5351 AD;

333 5374 339 5380 ·
431 5359 663 5437 sedandi.
705 5359 811 5437 Cb].
883 5361 903 5392 ⁷
943 5361 1039 5437 Sic
1066 5359 1230 5424 CDE;
1273 5358 1613 5437 natabilite‘r.
1856 5357 2025 5437 Angli;
2130 5357 2329 5437 itaque.
2397 5355 2418 5387 ‘
2526 5355 3253 5437 Ξοιιεξδιεζς.ω¹⁰¹ξλοηϐῡιε;
3307 5358 3348 5408 Α
3392 5356 3462 5437 .ob
3496 5355 3684 5437 a-liqrn.

1687 5428 1730 5457 "
1757 5427 1848 5481 Sic
1877 5427 2041 5488 CDE;
2067 5429 2110 5480 Α
2141 5427 2375 5480 rationis.

431 5287 451 5317 ³
507 5287 597 5343 Sic
653 5289 734 5353 C;
787 5289 828 5343 Ι)
863 5291 1162 5351 eventibus,
1221 5288 1261 5342 E
1314 5289 1576 5341 euntibus.

437 5428 568 5500 ['_D.
599 5429 709 5483 Nec
747 5431 841 5483 hoc
864 5428 1380 5500 negarim—accidit
1404 5443 1510 5483 om.

2849 5217 2871 5246 θ
2928 5213 3020 5270 Sic
3072 5214 3252 5280 CDE;
3302 5215 3340 5268 Α
3427 5214 3494 5268 Et
3566 5216 3684 5269 hoc.

2383 5286 2405 5318 ⁵
2444 5284 2531 5340 Sit
2587 5285 2757 5348 CDE;
2804 5286 2849 5340 Α
2897 5287 3230 5352 reperiamus.
3341 5284 3364 5316 ⁸
3414 5286 3505 5339 Sic
3552 5286 3682 5351 AD;

2451 5425 2496 5456 ”
2526 5427 2565 5480 D
2590 5435 2685 5479 est.

2765 5427 2808 5456 "
2837 5424 2931 5480 Sic
2955 5424 3118 5486 CDE;
3145 5441 3224 5478 mc
3243 5442 3353 5477 inn.
3378 5425 3444 5478 A.
3528 5426 3572 5456 "
3599 5425 3690 5482 Sic

432 5496 600 5569 CDE;
633 5515 733 5552 non
765 5514 874 5554 om.
908 5493 972 5564 K;
1000 5499 1040 5554 C
1064 5500 1130 5552 ad
1158 5515 1324 5569 marg.
1349 5500 1526 5569 adscr.
1560 5497 1730 5551 literis
1752 5498 1989 5569 mini-alis
2016 5498 2212 5550 liaecce
2236 5495 2412 5569 :uDedi
2447 5497 2606 5569 enim,
2636 5493 2834 5569 nullam
2861 5497 3183 5569 “angariant
3203 5495 3411 5569 progn’e
3425 5505 3690 5569 etsecuno

435 5563 814 5650 duntactcidgm
841 5586 989 5650 posse
1015 5569 1078 5623 de
1099 5586 1152 5650 se
1174 5563 1661 5650 praédiqaringnod
1690 5583 1792 5620 non
1812 5567 1934 5618 sinit
1951 5569 2103 5650 ratis
2120 5565 2388 5650 Ξᾳεὶρεξζς.
2439 5635 2453 5650 ⁸
2473 5567 2516 5596 ³⁸
2631 5580 2740 5618 om.
2791 5566 2848 5618 Ι).
2919 5565 2958 5595 ⁸⁷
2986 5563 3082 5618 Sic
3109 5565 3273 5631 CDI'J;
3305 5565 3342 5617 Α
3371 5563 3484 5618 Noli
3523 5581 3684 5619 nunc.

439 5634 482 5665 ⁸⁸
508 5637 598 5691 Sic
622 5637 782 5703 CDE;
817 5634 950 5710 enim
979 5654 1086 5693 om.
1115 5634 1185 5692 Λξ
1259 5637 1302 5670 ¹⁹
1332 5638 1420 5692 Sic
1449 5634 1608 5703 CD‘E;
1635 5637 1672 5689 Λ
1704 5651 1838 5705 quae
1867 5637 1981 5689 etsi.

2059 5634 2208 5688 "Sic
2234 5636 2399 5692 CDE;
2427 5635 2464 5687 Α
2497 5636 2641 5690 nullo
2670 5646 2861 5688 tamen.
