3904 6148
271 207 370 262 ἒρὓ

1168 210 1255 264 DE
1298 210 1628 267 DIVISIONE
1677 211 2020 269 NATL'RAE.
2061 240 2131 252 --
2159 209 2362 266 LlBEk
2401 209 2676 267 PRIMUS.

3136 193 3162 200 ν.

3429 218 3535 273 510

280 312 414 365 bitus
445 313 680 384 inquirit,
716 326 770 371 et
813 317 1080 374 laboriose
1116 323 1338 388 invenit,
1384 322 1594 380 publice
1639 327 1846 395 aperiat
1873 337 1917 390 Α
1945 339 2080 394 quae
2115 334 2234 377 sunt
2262 323 2315 376 in
2353 322 2598 393 ﬁgmento
2623 333 2670 376 et
2706 324 3045 380 simil-tudine
3079 328 3288 398 simpla,
3319 341 3366 383 et
3392 334 3534 386 simi-

278 417 431 474 atqne
459 409 788 474 pronuntiet.

346 498 432 552 64.
469 498 668 556 Sacrae
697 503 959 572 siquidem
1020 504 1330 576 Scripturae
1378 507 1429 561 in
1471 507 1720 561 omnibus
1767 523 1852 563 se—

271 593 479 658 quenda
510 602 593 646 est
624 596 938 661 auctoritas,
969 599 1220 665 quoniam
1256 599 1308 650 in
1349 613 1411 652 ea
1439 599 1602 654 veluti
1630 599 1850 668 quibus-

270 681 384 734 dam
408 682 522 734 suis
540 684 766 736 secretis
795 686 1015 740 sedibus
1044 687 1245 741 veritas
1275 689 1511 756 possidet
1541 686 1582 740 ⁸.
1630 687 1744 740 Non
1774 697 1848 740 ta-

268 786 384 825 men
409 772 481 825 ita
509 775 832 828 credendum
864 785 964 838 est,
993 787 1052 830 ut
1079 778 1192 846 ipsa
1222 794 1435 847 semper
1460 780 1692 847 propriis
1722 795 1846 832 ver-

255 860 452 916 borum
481 879 572 917 seu
601 866 874 920 nominum
905 867 1072 932 signis
1098 866 1306 921 fruatur
1330 871 1375 930 '.
1406 870 1643 923 divinam
1693 871 1848 924 nobis

252 963 508 1005 maturam
540 954 850 1021 insinuans;
897 959 992 1012 sed
1037 959 1355 1028 quibusdam
1386 961 1842 1026 similitudinibus,

250 1047 530 1112 Naritsqne
555 1047 938 1102 translatorum
970 1051 1258 1104 verborum
1297 1067 1389 1104 seu
1419 1053 1694 1106 nomitnnn
1725 1068 1843 1106 mo-

260 1132 337 1188 dis
354 1136 864 1199 tttitnr,-inﬁrmitati
893 1151 1106 1218 nostrae
1120 1144 1573 1201 condcscendens.
1605 1154 1844 1200 nostros-

258 1240 357 1294 que
397 1226 578 1280 adhuc
601 1229 770 1283 rudes
801 1230 1179 1301 infantilesqne
1227 1249 1415 1288 sensus
1469 1235 1698 1304 simplici
1749 1238 1844 1290 do-

257 1313 425 1366 ctrina
441 1316 680 1385 erigens.
712 1317 850 1370 Audi
877 1318 1191 1387 Apostolum
1229 1324 1494 1378 dicentem
1526 1339 1541 1378 :
1572 1325 1676 1378 Lac
1703 1326 1842 1379 vobis

254 1417 425 1472 potum
449 1407 592 1472 dedi,
626 1425 730 1462 non
775 1426 966 1464 escam.
996 1411 1052 1464 In
1091 1407 1191 1468 Iioc
1219 1415 1362 1468 enim
1394 1417 1574 1470 divina
1624 1420 1843 1471 student

254 1494 484 1564 eloquia.
513 1507 572 1550 ut
597 1499 744 1553 dere
766 1499 1046 1562 ineffabili.
1074 1503 1626 1573 ineompreltensibili,
1659 1508 1842 1562 invisi-

253 1583 450 1653 biliqne
493 1586 691 1654 aliqu-id
723 1588 876 1642 nobis
896 1591 961 1642 ad
988 1593 1328 1645 nutriendam
1355 1605 1596 1648 nostram
1625 1596 1782 1649 fidem
1817 1596 1839 1627 ³

1950 414 2174 468 litudine
2217 418 2474 476 carentia,
2504 424 2551 466 et
2592 415 2872 468 secundant
2897 433 3169 486 corporum
3197 419 3394 489 ﬁguras
3416 422 3531 490 for-

1949 508 2103 558 matis
2127 506 2533 574 incorporalium
2565 506 2782 570 intacta,
2815 517 2864 559 et
2907 524 3008 560 non
3035 509 3263 576 ﬁgurata
3293 511 3534 579 informi-

1949 606 2064 660 tas;
2093 597 2251 666 juxta
2295 597 2512 650 eandem
2572 598 2803 650 veritatis
2842 600 3093 652 rationem
3133 612 3341 669 superat
3366 617 3535 654 essen-

1947 687 2048 740 tias
2075 687 2522 756 superessentialis
2556 689 2880 757 magnitudo,
2909 699 2956 742 et
2992 689 3193 742 animos
3233 700 3388 760 super
3421 694 3533 746 ani-

1947 794 2088 829 mum
2140 777 2436 830 unitas.~Et
2480 779 2716 833 omnibus
2767 781 3039 834 virtutibus
3074 782 3390 850 impos-ibiIe
3428 794 3524 846 est,

1943 866 2083 932 quod
2130 883 2287 935 super
2334 883 2540 919 sensum
2588 879 2709 932 est,
2753 886 3106 940 arcanumque
3153 872 3341 925 rationi
3386 873 3530 925 omni

1944 957 2408 1022 super-rationabile
2435 959 2646 1022 bonum,
2670 960 2844 1012 unitas
2866 961 3058 1029 uni/ica
3086 962 3129 992 ⁸³
3153 961 3322 1015 omnis
3350 964 3530 1016 unita-

1945 1050 2033 1113 tis,
2063 1059 2109 1100 et
2149 1048 2595 1116 superessentialis
2625 1050 2867 1112 essentia,
2897 1062 2942 1102 et
2975 1051 3263 1105 intellectus
3292 1049 3531 1107 invisibi-

1943 1139 2030 1205 lis,
2061 1149 2108 1192 et
2134 1140 2344 1193 verbum
2371 1156 2644 1201 arcanum,
2674 1140 3126 1204 irrationabilitas,
3163 1154 3212 1196 et
3255 1141 3528 1197 invisibili-

1943 1240 2044 1295 tas,
2067 1241 2114 1282 et
2142 1231 2616 1292 innominabilitus,
2651 1231 2936 1282 secundum
2961 1233 3164 1285 nullum
3197 1250 3373 1287 eorunt
3391 1251 3528 1304 quae

1941 1329 2062 1370 sunt
2113 1320 2359 1370 existens.
2400 1316 2467 1370 Et
2496 1317 2707 1370 cuusale
2750 1318 2960 1386 quidem
3009 1320 3210 1372 essendi
3261 1321 3520 1386 omnibus,

1941 1409 2112 1477 ipsum
2142 1419 2314 1462 autem
2359 1425 2460 1462 non
2501 1411 2552 1464 ὁν
2603 1411 2668 1473 ³³,
2699 1411 2886 1478 quippe
2913 1415 3079 1463 omnis
3100 1413 3354 1464 essentiae
3378 1429 3526 1466 sum-

1940 1502 2116 1561 mitas,
2153 1515 2200 1553 et
2232 1513 2490 1569 utcunque
2534 1500 2646 1567 ipsa
2687 1499 2750 1551 de
2771 1499 2938 1566 seipsa
2974 1499 3181 1567 proprie
3223 1508 3270 1552 et
3301 1501 3522 1554 scienter

1940 1591 2261 1659 manifestat.
2295 1590 2372 1643 De
2397 1574 2698 1659 Ituc'igitttr,
2734 1600 2786 1642 ut
2829 1590 3025 1642 dictum
3069 1600 3166 1649 est,
3194 1607 3525 1658 superessen-

253 1673 590 1744 cogitautlum
643 1676 859 1732 tradant
908 1689 1071 1747 atque
1117 1684 1398 1736 suadeant.
1441 1684 1717 1754 Siquidem
1767 1684 1834 1737 de
1869 1693 1909 1749 Β
1940 1681 2054 1734 tinli
2083 1693 2127 1734 et
2159 1682 2362 1734 occulta
2396 1681 2673 1735 Divinitate
2697 1697 2798 1732 non
2813 1679 3115 1731 audendum
3143 1679 3331 1738 dicere,
3360 1696 3520 1748 neque

253 1761 458 1817 Deo-nil
513 1765 656 1819 aliud
691 1776 850 1820 caste
877 1769 1068 1837 pieque
1118 1769 1446 1835 viventibus,
1493 1774 1836 1840 studioseque

250 1855 528 1909 veritatem
577 1859 962 1926 quaerentibus
1005 1860 1292 1916 dicendum
1342 1863 1422 1915 vel
1466 1865 1828 1931 cogitandum,

250 1944 344 1998 nisi
395 1961 541 2016 quae
597 1948 650 2001 in
699 1963 855 2003 sacra
905 1950 1186 2020 Scriptura
1241 1955 1606 2022 reperiuntur,
1661 1971 1832 2023 neque

250 2037 358 2091 aliis
387 2041 497 2094 nisi
546 2041 715 2109 ipsius
745 2043 1230 2111 signiﬁcationibus
1285 2048 1830 2116 translationibusque

250 2132 498 2185 utendum
525 2131 672 2196 ‘bis,
721 2135 812 2203 qui
838 2135 903 2187 de
955 2135 1064 2188 Deo
1107 2136 1220 2190 sive
1259 2137 1386 2205 quid
1439 2139 1683 2201 credant,
1717 2141 1829 2194 sive

249 2219 537 2287 disputent.
571 2220 705 2288 Quis
741 2225 884 2278 enim
923 2226 990 2280 de
1032 2237 1224 2280 natura
1255 2226 1506 2281 ineffabili
1553 2230 1822 2298 quippiam

238 2323 279 2363 ι
324 2312 507 2382 scipso
554 2327 828 2384 repertum
867 2317 1048 2371 dicere
1087 2329 1414 2386 praesumat,
1442 2329 1654 2388 praeter
1681 2321 1824 2390 quod

249 2401 452 2472 illaipsa
470 2404 495 2434 ⁸
526 2405 594 2458 de
607 2405 782 2475 seipsa
806 2406 856 2459 in
871 2408 983 2461 suis
1014 2409 1216 2462 sanctis
1234 2409 1469 2479 organis,
1495 2409 1782 2480 Tlteologis
1802 2410 1824 2442 ⁸

245 2493 374 2558 dico,
391 2495 671 2549 modulata
694 2497 810 2551 est?
827 2498 930 2552 Sed
952 2507 1010 2551 ut
1040 2499 1140 2553 hoc
1167 2499 1373 2554 firmius
1394 2510 1446 2555 et
1465 2500 1655 2556 credas
1671 2513 1726 2556 et
1741 2511 1822 2556 te-

243 2597 394 2649 neas,
445 2587 649 2640 sancti-
684 2586 920 2658 Dionysii
973 2585 1228 2658 Tlteologi
1275 2589 1643 2644 testiinonium
1693 2590 1822 2646 huic

239 2673 347 2731 loco
371 2680 750 2742 inserendum,
779 2681 823 2733 si
859 2681 952 2734 tibi
984 2682 1216 2746 videtur,
1249 2681 1500 2736 arbitror.
1552 2681 1694 2737 Dtsc.
1733 2682 1824 2738 Vi-

239 2764 380 2819 detur
415 2767 602 2835 plane,
631 2783 684 2821 et
711 2768 783 2820 nil
811 2769 1065 2823 libentius
1090 2770 1316 2839 accipio,
1349 2785 1511 2840 quant
1553 2773 1818 2826 rationem

241 2853 545 2912 firmissima
604 2863 926 2915 auctoritate
997 2863 1325 2915 roboratam.
1385 2861 1526 2916 Msa.
1573 2862 1820 2932 Capitulo

243 2949 404 3014 primo
421 2951 493 3003 de
513 2951 708 3004 divinis
729 2951 841 3005 Noli
869 2952 1045 3007 inibns
1059 2956 1438 3008 auctoritatem
1463 2971 1653 3012 sacrae
1675 2958 1820 3012 Scri-

1937 1773 2223 1842 intelligere
2259 1773 2386 1842 quid
2429 1783 2635 1841 praeter
2672 1771 2919 1823 divinitus
2962 1770 3106 1822 nobis
3129 1786 3394 1838 expressa.
3423 1769 3524 1822 Et-

1934 1865 2071 1918 enim
2102 1867 2176 1917 sic
2197 1865 2307 1932 ipsa
2337 1866 2400 1916 de
2425 1864 2703 1931 semetipsa
2735 1864 2788 1916 in
2813 1863 3030 1932 eloquiis
3060 1863 3250 1930 optime
3273 1862 3514 1915 tradidit.

1934 1955 2070 2024 Ejus
2099 1956 2332 2024 quidem,
2362 1954 2534 2024 qualis
2555 1963 2649 2016 est,
2674 1953 2894 2006 scientia
2937 1963 2983 2006 et
3010 1953 3379 2022 contemplatio
3409 1969 3518 2006 ont-

1933 2049 2099 2108 nibus,
2125 2063 2259 2116 quae
2285 2058 2424 2110 sunt,
2455 2047 2596 2099 invia
2622 2055 2718 2108 est,
2744 2056 2991 2114 tanquam
3020 2043 3260 2096 omnibus
3281 2043 3324 2075 "
3342 2059 3516 2097 essen-

1930 2139 2124 2191 tialiter
2153 2147 2416 2206 separata.
2463 2136 2609 2190 Haec
2653 2137 2718 2190 de
2747 2135 3017 2204 sequenda
3053 2134 3376 2189 auctoritate
3423 2149 3514 2188 so-

1929 2229 2200 2284 lummodo
2241 2245 2429 2282 sacrae
2472 2228 2786 2297 Scripturae
2826 2227 2880 2280 in
2931 2225 3131 2280 divinis
3173 2225 3408 2280 maxime
3433 2225 3515 2278 di-

1927 2322 2326 2391 spulationibus
2358 2321 2646 2375 snliiciunt.

1988 2411 2076 2466 66.
2115 2411 2273 2466 Ratio
2305 2428 2430 2465 vero
2463 2413 2512 2464 in
2545 2414 2645 2466 hoc
2668 2410 3044 2465 universaliter
3071 2409 3270 2473 studet,
3298 2417 3355 2463 ut
3375 2422 3505 2463 sua-

1925 2501 2072 2564 deat,
2117 2503 2390 2571 certisque
2435 2503 2677 2555 veritatis
2720 2499 3295 2571 investigationibus“
3317 2513 3516 2568 appro-

1924 2595 2032 2653 bet.
2058 2593 2133 2648 nil
2156 2596 2221 2647 de
2250 2595 2354 2647 Deo
2377 2595 2591 2662 preprie
2617 2593 2656 2624 ¹⁷
2674 2607 2829 2660 posse
2856 2592 2980 2655 dici,
3001 2590 3257 2659 quoniam
3286 2596 3508 2656 superat

1923 2697 2138 2738 omnem
2171 2683 2519 2746 intellectum,
2547 2697 2840 2749 onmesque
2879 2679 3159 2734 sensibiles
3202 2676 3510 2748 intelligibi-

1924 2774 2110 2844 lesqne
2141 2774 2589 2844 signiﬁcationes;
2637 2772 2726 2840 qui
2774 2771 2964 2826 melius
2992 2767 3280 2824 nesciendo
3305 2768 3505 2832 scitur;

1922 2865 2076 2934 cujus
2102 2864 2404 2933 ignorantia
2435 2879 2561 2916 vera
2603 2871 2687 2917 est
2716 2862 3011 2930 sapientia;
3044 2860 3134 2929 qui
3161 2861 3339 2913 verius
3370 2857 3502 2912 lide-

1921 2951 2133 3024 linsque
2150 2962 2376 3023 negatur
2393 2954 2443 3006 in
2465 2951 2734 3013 omnibus,
2750 2966 2910 3019 quam
2931 2949 3226 3002 afﬁrmatur
3242 2949 3308 3001 ¹⁸.
3325 2947 3506 3013 Quod-

241 3048 418 3108 pturae
468 3046 779 3111 praedictus
806 3042 1110 3113 Tlteologus
1157 3046 1362 3114 magnis
1397 3044 1644 3100 laudibus
1673 3060 1820 3101 com-
1847 3035 1891 3096 C
1921 3057 2133 3113 cunque
2170 3042 2316 3095 enim
2346 3043 2410 3095 de
2447 3043 2563 3111 ipso
2604 3040 2908 3107 negaveris,
2938 3051 3065 3090 vere
3094 3036 3316 3105 negabis
3347 3052 3361 3087 :
3394 3049 3501 3088 non

236 3134 465 3185 niendat.
497 3133 634 3187 Ast’
676 3135 799 3202 quia
830 3151 980 3191 more
1024 3153 1123 3190 suo
1151 3135 1404 3206 perplexe
1449 3137 1816 3208 byperbatice-

235 3236 328 3289 que
367 3224 632 3292 disputat,
671 3226 900 3297 ideoque
929 3227 1081 3282 valde
1123 3228 1424 3292 abstrusus,
1477 3229 1815 3301 uiﬂicilisque

236 3312 293 3365 ad
325 3313 732 3383 intelligendum
756 3316 939 3371 multis
967 3318 1196 3381 videtur,
1228 3317 1426 3386 placuit
1457 3319 1584 3373 mihi
1618 3321 1684 3374 de
1712 3321 1812 3376 hac

236 3413 288 3452 re
327 3413 656 3456 sententiam
708 3404 876 3474 ip~ius
922 3405 1152 3460 faciliori
1199 3408 1481 3461 verborum
1530 3409 1720 3462 ordine
1746 3412 1814 3464 ad

235 3489 652 3562 intelligendum,
685 3511 847 3564 quam
878 3496 900 3528 '
941 3512 1046 3551 suo
1098 3497 1218 3551 loco
1245 3498 1443 3567 scripta
1475 3507 1578 3562 est,
1620 3499 1814 3569 depro-

235 3596 388 3638 mere.
432 3583 838 3652 Universaliter,
891 3588 1086 3657 inquit,
1135 3605 1238 3641 non
1279 3590 1576 3643 audendum
1619 3591 1808 3658 dicere,

235 3689 381 3744 neque
431 3678 726 3749 intelligere
767 3680 892 3748 quid
938 3680 1001 3734 de
1040 3683 1461 3750 superessentiali
1508 3682 1807 3744 Divinitate.

233 3780 421 3834 praeter
457 3771 715 3824 divinitus
758 3772 902 3825 nobis
945 3787 1010 3825 ea:
1065 3774 1230 3826 sacris
1283 3773 1502 3843 eloquiis
1543 3789 1806 3842 expressa.

234 3856 393 3924 Ipsius
421 3863 564 3915 enim
595 3878 752 3931 super
776 3865 1029 3916 rationem
1047 3873 1093 3915 et
1125 3863 1438 3917 intellectum
1459 3875 1508 3917 et
1533 3866 1806 3918 essentiam

234 3954 766 4018 supercssentialitatis
793 3956 1010 4008 scientia
1051 3955 1324 4024 referenda
1370 3957 1540 4010 estad
1574 3973 1810 4028 superno.

236 4055 305 4092 res
327 4041 613 4108 claritates,
645 4044 784 4097 circa
819 4045 994 4097 divina
1019 4048 1362 4115 temperantia
1407 4057 1454 4101 et
1482 4049 1760 4100 sanctitate
1787 4050 1808 4082 ⁹

233 4143 507 4197 coartatas,
537 4136 592 4188 in
617 4144 818 4188 tantum
845 4152 1052 4189 sursum
1092 4138 1440 4206 respicientes,
1471 4148 1724 4205 quantunt
1753 4155 1808 4194 se
1845 4163 1848 4166 ’

1843 4231 1846 4234 ’
1906 4249 2012 4304 que
2062 4233 2201 4288 ratio
2255 4240 2357 4294 est,
2401 4245 2574 4298 neque
2619 4226 2994 4298 intelligentia,
3051 4237 3225 4291 neque
3271 4219 3490 4281 dicitur,

229 4222 375 4289 infert
398 4227 700 4280 divinorum
722 4227 1043 4298 eloquiorum
1075 4229 1273 4282 radius.

293 4313 377 4370 65.
423 4317 682 4383 Videsne,
723 4319 1175 4390 quemadmodum
1215 4320 1594 4375 universaliter
1625 4322 1806 4392 probi-

1919 3140 2100 3185 autetn
2125 3146 2305 3194 omne,
2339 3131 2702 3200 quodcunque
2735 3125 3054 3187 lirmaveris,
3080 3139 3210 3178 vere
3238 3122 3498 3177 firmabis.

1919 3222 2195 3290 Siquidem
2220 3222 2266 3276 si
2294 3221 2702 3292 approbaveris,
2733 3219 2834 3273 hoc
2863 3217 2943 3272 vel
2979 3218 3082 3270 hoc
3109 3215 3256 3268 illum
3284 3213 3326 3246 "
3356 3227 3500 3278 esse,

1915 3310 2169 3366 falsitatis
2190 3311 2550 3382 redargueris,
2579 3310 2704 3379 quia
2729 3309 2992 3370 omnium,
3013 3322 3154 3374 quae
3182 3313 3328 3369 sunt,
3359 3317 3501 3374 quae

1914 3400 2018 3454 dici
2043 3400 2124 3454 vel
2149 3401 2369 3470 intelligi
2399 3409 2645 3469 possunt,
2671 3399 2801 3452 nihil
2823 3406 2908 3451 est
2925 3396 2993 3448 ¹⁰.
3020 3394 3076 3450 Si
3099 3409 3226 3448 vero
3260 3407 3504 3464 pronun-

1914 3493 2156 3558 tiaveris,
2186 3509 2287 3548 nec
2315 3494 2432 3553 boc,
2468 3507 2566 3546 nec
2591 3491 2740 3554 illud,
2774 3503 2873 3544 nec
2897 3488 3061 3542 ullum
3093 3486 3180 3540 ille
3205 3495 3306 3547 est,
3329 3499 3496 3538 verax

1911 3599 2031 3640 esse
2060 3587 2346 3647 videberis,
2380 3585 2505 3654 quia
2537 3583 2669 3637 nihil
2711 3585 2922 3644 horum,
2959 3594 3098 3648 quae
3127 3585 3252 3633 sunt
3274 3585 3326 3631 et
3354 3590 3496 3646 quae

1912 3691 2018 3730 non
2045 3686 2189 3738 sunt,
2215 3687 2330 3741 est;
2361 3678 2428 3731 ad
2452 3691 2613 3745 quem
2659 3690 2817 3729 nemo
2844 3681 3020 3743 potest
3064 3670 3342 3735 accedere,
3391 3668 3494 3723 nisi

1909 3770 2060 3840 prius
2090 3773 2442 3824 corroborata
2471 3770 2668 3823 mentis
2698 3769 2888 3840 itinere
2915 3779 3106 3821 sensus
3131 3778 3321 3818 omnes
3347 3761 3498 3816 dese-

1911 3870 2017 3927 rat,
2076 3869 2130 3916 et
2161 3860 2550 3915 intellectuales
2596 3859 2960 3930 operationes,
3008 3865 3063 3911 et
3107 3853 3402 3916 sensibiiia,
3441 3859 3495 3907 et

1909 3971 2088 4020 omne,
2124 3956 2265 4025 quod
2302 3963 2387 4009 est
2410 3965 2464 4009 et
2489 3953 2631 4024 quod
2665 3968 2767 4007 non
2799 3961 2912 4013 est,
2941 3959 2996 4006 et
3021 3949 3088 4005 ad
3121 3947 3406 4008 unitatem,
3435 3952 3494 3996 ut

1908 4049 2163 4120 possibile
2189 4058 2292 4113 est,
2338 4048 2541 4102 inscius
2571 4047 2886 4101 restituatur
2926 4044 3114 4113 ipsius,
3165 4039 3256 4109 qui
3292 4045 3375 4091 est
3403 4051 3494 4090 su-

1907 4157 2006 4212 per
2033 4155 2246 4196 omnem
2279 4137 2569 4193 essentiam
2616 4145 2670 4190 et
2716 4134 3153 4204 intelligentiam;
3199 4128 3352 4197 cujus
3393 4141 3491 4180 ne-

1911 4339 2086 4392 neque
2111 4322 2444 4391 intelligitur,
2479 4335 2653 4389 neque
2675 4333 2870 4372 nomen
2897 4315 3012 4383 ejus
3040 4321 3143 4376 est,
3169 4324 3342 4381 neque
3371 4324 3492 4364 ver-

233 4402 331 4470 lret,
373 4424 440 4461 ne
472 4408 598 4476 quis
627 4408 695 4462 de
724 4386 930 4462 occulta
967 4407 1278 4473 Divinitate,
1328 4419 1544 4478 praeter
1568 4386 1708 4480 quae
1749 4411 1801 4465 in
1836 4386 1882 4443 D
1911 4386 2057 4472 bum.
2091 4413 2207 4468 Non
2253 4422 2431 4466 autem
2468 4409 2928 4472 irrationabiliter,
2960 4415 3018 4461 ut
3046 4419 3206 4474 saepe
3233 4403 3486 4465 diximus,

233 4497 388 4550 sacris
429 4497 664 4567 eloquiis
709 4498 852 4552 dicta
888 4507 1013 4551 sunt
1062 4499 1126 4562 “,
1170 4499 1349 4554 dicere
1389 4501 1616 4554 audeat?
1656 4501 1805 4568 Quae

237 4585 471 4644 videlicet
505 4589 722 4660 eloquia
749 4589 1137 4660 gloriosissimo
1159 4592 1550 4660 verissimoque
1591 4594 1806 4647 nomine

232 4678 446 4745 appellat
463 4681 776 4750 superiores
804 4681 1100 4747 claritates,
1132 4683 1184 4736 in
1202 4684 1500 4760 sanctitate
1519 4684 1558 4715 “
1587 4693 1640 4738 et
1672 4694 1805 4740 tem-

233 4770 460 4831 perantia
521 4771 674 4825 circa
730 4770 909 4825 divina
965 4779 1257 4825 coartatas.
1321 4771 1460 4826 Idem
1513 4773 1565 4826 iu
1611 4774 1800 4828 eodem

231 4857 372 4922 paulo
415 4871 537 4929 post
567 4879 581 4914 :
618 4859 769 4915 Sicut
800 4863 936 4915 enim
962 4862 1504 4932 incomprehensibilia
1546 4874 1594 4918 et
1620 4866 1802 4919 incon-

229 4949 538 5018 templabilia
593 4962 716 5007 sunt
765 4953 1096 5006 sensibilibus
1144 4953 1446 5019 inrisibilia,
1501 4964 1547 5008 et
1596 4956 1675 5009 Itis
1733 4957 1795 5021 “,

1909 4497 2112 4568 omnia,
2141 4517 2277 4573 quae
2315 4517 2346 4556 a
2374 4517 2584 4556 summo
2650 4515 2819 4570 usque
2859 4500 3109 4555 deorsum
3140 4502 3287 4559 sunt,
3331 4494 3396 4548 de
3425 4509 3490 4547 eo

1910 4595 2016 4650 dici
2048 4601 2270 4663 possunt
2314 4592 2544 4662 quadam
2589 4590 2959 4653 similitudine,
3007 4595 3101 4641 aut
3147 4583 3486 4640 dissimilitu~

1909 4685 2055 4749 dine,
2101 4691 2194 4737 aut
2237 4683 2642 4746 contrarietate,
2689 4691 2782 4734 aut
2818 4678 3189 4750 appositione,
3231 4674 3485 4744 quoniam

1908 4775 1974 4828 ab
1997 4774 2112 4845 ipso
2141 4775 2319 4828 omnia
2336 4782 2462 4828 sunt
2483 4773 2551 4837 ",
2569 4788 2706 4841 quae
2729 4772 2790 4826 dc
2815 4786 2879 4825 eo
2903 4767 3205 4840 praedicari
3234 4772 3482 4836 possunt.

1906 4863 2020 4918 Non
2061 4874 2238 4918 autem
2278 4864 2473 4918 similia
2512 4863 2614 4918 sibi
2644 4862 2980 4917 solummodo
3001 4858 3266 4923 condidit,
3311 4856 3404 4912 sed
3432 4863 3489 4910 et

1900 4955 2014 5026 jam
2059 4957 2364 5022 dissimilia,
2396 4955 2647 5025 quoniam
2679 4953 2792 5024 ipse
2831 4950 3025 5008 similis
3048 4959 3131 5004 est
3151 4950 3198 4983 ι’
3231 4957 3286 5003 et
3323 4947 3486 5004 dissi-

1502 5089 1752 5145 VAlllAE
1789 5090 2187 5148 LECTIONES.

291 5197 428 5287 ’δῖε
457 5199 1002 5287 εοςςέᾼροεδέιέφιαζ·
1057 5202 1100 5287 ,τ
1130 5200 1469 5287 δὶοᾼᾳοεο.
1497 5201 2399 5287 δίεέθβὶίὲΙίίίεῖηηηοδίῖἔένπλ
2456 5206 2478 5235 ⁵
2531 5205 2623 5258 δίο
2649 5203 3317 5287 ,εΗΕςΑξειεηειυιῐιεεετ

1449 5274 1469 5304 ⁷
1497 5271 1588 5328 Sic
1621 5273 1746 5340 CE;
1774 5275 1868 5328 AD
1897 5275 1980 5326 Et.
2050 5277 2072 5307 ⁸
2099 5274 2188 5330 Sic
2217 5274 2334 5338 CE;
2363 5274 2406 5327 Ι)
2450 5291 2573 5345 quo.
2649 5275 2670 5306 ’
2700 5274 2791 5329 Sic
2828 5273 2960 5329 CDE
2988 5290 3001 5331 ;
3034 5274 3078 5324 Α
3122 5271 3474 5349 simplicitate.

1449 5344 1716 5408 tplicitate.
1799 5345 1841 5376 ¹²
1865 5344 1955 5399 Sic
1981 5343 2114 5399 CDE
2144 5361 2160 5408 ;
2200 5346 2241 5397 A
2280 5346 2335 5397 in
2383 5346 2486 5400 his.
2559 5345 2603 5378 ⁸³
2641 5345 2731 5400 Sic
2766 5344 2850 5399 ΟΕ
2881 5360 2896 5407 ;
2931 5341 3022 5396 AD
3059 5337 3252 5408 unt/ica
3278 5346 3474 5408 unitas.

224 5268 516 5343 ipsailla,
556 5271 580 5302 ⁸
618 5268 728 5343 Sic
748 5271 914 5337 CDE;
957 5274 1002 5325 A
1051 5272 1370 5343 theologicis.

406 5339 548 5412 _CDF.
576 5357 593 5408 ;
618 5343 659 5395 A
686 5342 811 5396 sint.
878 5344 930 5412 7“
964 5344 1053 5398 Sic
1081 5336 1254 5412 CDE';
1281 5344 1326 5395 A
1362 5344 1716 5412 simplicitate.

226 5405 261 5436 "
291 5407 374 5464 CF.
398 5406 473 5473 ὃν,
501 5405 587 5465 DE
613 5428 738 5464 non.

838 5411 886 5486 t3
914 5413 1021 5486 ’δίο
1042 5411 1180 5486 μί)οξ
1205 5412 1297 5486 ςΑΑ
1348 5411 1584 5486 omnibus
1614 5424 1900 5486 _tanquam.

2456 5206 2478 5235 "
2531 5205 2623 5258 Sic
2661 5203 2826 5267 CDE;
2858 5204 2898 5258 Α
2926 5203 3182 5258 utendum
3221 5208 3317 5252 est.
3394 5197 3416 5228 '
3439 5197 3480 5251 D

2450 5291 2573 5345 quo.
2649 5275 2670 5306 ’
2700 5274 2795 5345 Sic
2828 5273 2960 5329 CDE
2983 5290 3008 5345 Ξ
3034 5274 3078 5324 Α
3122 5265 3474 5345 sititplicitate.

2017 5414 2058 5446 ιε
2109 5403 2199 5470 Sic
2232 5415 2353 5481 CB;
2410 5415 2500 5469 AD
2550 5403 2995 5485 indagationibus.
3099 5403 3261 5485 '_"Sic
3305 5403 3471 5485 opE;

222 5477 259 5528 Α
285 5484 489 5557 proprie
514 5482 578 5534 de
612 5481 749 5557 Deo1
800 5481 867 5557 _’."
910 5482 1000 5557 Sic
1025 5484 1100 5557 A_;
1208 5475 1475 5557 ﬁrmatur,
1601 5475 1904 5557 formatur;
1927 5484 1978 5557 ⁸Ε
2008 5486 2098 5556 qui
2141 5487 2306 5539 verius
2341 5475 2654 5557 ﬁdetiusque
2677 5475 2796 5539 cum
2841 5492 3066 5557 negatur
3103 5475 3472 5557 itﬂgmflibuh

224 5557 335 5598 tunc
362 5548 622 5614 firmatur.
706 5549 750 5581 "
797 5551 886 5606 Sic
911 5551 1028 5617 CE;
1053 5553 1098 5608 Α
1123 5548 1312 5618 ipsum,
1345 5553 1387 5606 Ι)
1413 5553 1566 5608 illud.

220 5628 311 5670 est.
389 5620 432 5650 ”
471 5618 556 5672 Sic
582 5621 681 5675 CD
707 5620 778 5687 E;
813 5621 1018 5692 Aﬁunt.
1096 5623 1142 5655 "
1166 5633 1240 5676 est
1271 5637 1379 5676 om.
1400 5623 1460 5676 Ι).

1671 5555 1715 5587 ’⁸
1769 5555 1860 5614 Sic
1893 5544 2072 5621 'CDE;
2107 5557 2148 5608 Α
2193 5573 2326 5626 quae
2345 5544 2461 5610 'diri
2490 5544 2702 5627 possunt
2740 5565 2787 5608 et
2834 5544 3047 5620 in:Elligi
3106 5544 3235 5598 nihil
3283 5545 3468 5597 horum
