3904 6148
397 188 489 242 5H

1751 182 2032 240 IOANNIS
2068 180 2261 239 SCOTI

3526 177 3644 235 δτι

400 299 560 354 milis.
582 296 982 353 Contrariorum
1010 310 1225 367 quoque
1252 310 1414 351 causa
1441 303 1544 350 est.
1572 294 1782 351 Virtute
1801 295 1970 365 siqui-
1997 302 2041 361 Α
2072 295 2273 358 lumba,
2298 292 2478 363 piscis,
2497 297 2623 355 κήτη
2651 293 2720 358 ²¹,
2743 301 3026 361 ceteraque
3049 290 3475 353 iurmmerabilia,
3498 307 3647 360 quae

398 390 523 445 dem
577 405 782 454 eorum,
821 404 958 457 quae
1005 404 1127 443 vere
1170 390 1235 441 ab
1281 402 1346 442 eo
1397 388 1614 443 condita
1661 396 1806 449 sunt,
1862 387 1967 441 ea‘

400 481 586 545 etiam,
614 494 752 547 quae
778 479 1042 533 contraria
1084 477 1332 531 videnlur
1376 492 1518 539 esse,
1571 483 1628 530 et
1652 491 1751 545 per
1790 475 1969 545 priva-

400 570 600 624 tionem
625 570 645 600 ¹
686 567 951 637 essentiae
994 582 1098 619 non
1128 581 1274 630 sunt,
1324 580 1451 620 vera
1480 565 1616 620 ratio
1642 564 1664 596 ⁸
1702 565 1969 619 contineri

401 657 680 725 approbat.
708 653 918 708 Nullum
942 654 1084 708 enim
1117 653 1303 707 vitium
1350 654 1644 716 invenitur,
1676 652 1818 721 quod
1860 668 1967 706 non

405 749 477 802 sit
497 745 720 814 alicujus
749 745 962 799 virtutis
996 745 1204 807 umbra,
1236 753 1330 797 aut
1353 744 1585 812 quadam
1616 741 1790 796 fallaci
1819 741 1969 796 sinti-

400 836 644 899 litudine,
689 843 782 889 aut
812 844 994 903 aperta
1023 835 1424 890 contrarietate.
1448 833 1814 888 Similitudine
1845 832 1968 901 qui-

401 926 542 987 dem,
585 934 643 980 ut
687 924 940 995 superbia
992 939 1151 978 verae
1184 924 1460 993 potentiae
1501 922 1748 978 umbram
1795 922 1968 991 gerit,

402 1018 608 1072 luxuria
636 1019 865 1088 quietis,
898 1018 1050 1071 furor
1086 1016 1424 1072 fortitudinis
1446 1056 1462 1079 ,
1507 1017 1585 1069 ira
1617 1014 1973 1068 correctioais

396 1106 761 1176 justitiaeque,
791 1116 846 1161 et
870 1105 891 1136 ⁸
919 1105 1132 1160 similia.
1163 1104 1560 1159 Contrarietate
1590 1118 1745 1179 vero,
1772 1112 1831 1155 ut
1860 1116 1974 1155 ma-

401 1198 517 1256 litia
558 1197 830 1252 bonitatis.
859 1195 1319 1263 Quemadmodum
1343 1195 1488 1250 enim
1518 1195 1731 1248 bonitas
1760 1208 1823 1246 ex
1865 1209 1972 1247 non

401 1286 757 1342 existentibus
807 1286 1091 1340 existentia
1140 1285 1307 1350 ducit,
1350 1293 1408 1337 ut
1459 1284 1600 1348 sint;
1648 1283 1725 1337 ita
1771 1282 1974 1336 malitia

403 1378 607 1448 appetit
630 1390 976 1445 corrumpere
998 1375 1180 1429 omnia
1202 1389 1344 1443 quae
1372 1384 1519 1435 sunt.
1548 1382 1602 1426 et
1618 1373 1842 1443 penitus
1867 1372 1975 1427 sol-

404 1483 550 1530 vere,
581 1476 638 1520 ut
686 1484 789 1520 non
815 1466 835 1497 ³
864 1466 989 1519 sint.
1018 1465 1083 1519 Et
1125 1467 1167 1519 si
1207 1467 1305 1518 hoc
1331 1474 1492 1527 esset,
1526 1464 1575 1517 id
1598 1474 1698 1525 est,
1728 1464 1771 1517 si
1796 1462 1975 1516 omnia

405 1560 663 1630 perirent,
692 1557 850 1610 simul
877 1568 929 1611 et
958 1558 1069 1627 ipsa
1116 1555 1336 1626 periret.
1375 1553 1507 1609 Nam
1553 1554 1596 1608 si
1642 1555 1844 1621 periret
1884 1569 1977 1606 na-

2073 403 2140 442 ex
2168 395 2362 441 natura
2394 385 2603 440 condita
2628 385 2694 438 ad
2724 394 2967 438 naturam
2994 382 3340 436 conditricem
3375 381 3647 434 transfor-

2071 479 2305 533 matione
2344 478 2574 547 quadam
2624 475 2955 544 ﬁgurataque
2994 471 3383 543 signiﬁcatione
3416 470 3649 526 transfe-

2070 578 2282 624 runtur.
2317 569 2498 638 quue
2524 566 2820 622 mirabilius
2863 581 2968 619 non
2998 564 3169 619 solum
3196 579 3262 617 ex
3299 571 3544 618 creatura
3576 559 3651 615 ad

2069 658 2384 716 Creatorem
2432 656 2722 712 artiﬁciosa
2772 653 3051 724 Scriptura
3076 651 3455 706 translationes
3492 649 3648 715 fecit,

2070 730 2257 804 verum
2285 748 2446 803 etiam
2476 762 2540 801 ex
2568 755 2794 800 naturae
2818 743 3133 806 contrariis,
3157 757 3223 796 ex
3267 740 3470 796 insania
3499 740 3652 794 vide—

2072 839 2218 903 licet,
2246 838 2532 900 ebrietate,
2561 834 2795 905 crapula,
2825 833 3112 895 oblivione,
3144 832 3247 896 ira,
3276 830 3479 890 furore.
3498 827 3649 891 odio,

2072 927 2531 996 concupiscentia,
2573 926 2872 994 ceterisque
2908 922 3193 985 similibus,
3236 921 3432 989 quibus
3470 920 3652 974 minus

2070 1020 2399 1090 simplicium
2464 1018 2630 1071 animi
2687 1016 2988 1080 falluntur,
3055 1027 3217 1081 quam
3280 1010 3654 1079 superioribus

2077 1108 2666 1180 transﬁgurationibus,
2708 1122 2848 1176 quae
2875 1122 2937 1159 ex
2983 1112 3170 1157 natura
3201 1102 3352 1156 ﬁunt.
3386 1099 3650 1153 Rationa-

2077 1201 2201 1257 liilis
2243 1199 2505 1268 siquidem
2534 1197 2737 1260 anima,
2779 1194 3028 1265 quamvis
3071 1191 3357 1247 admodum
3396 1189 3651 1258 simplex,

2077 1290 2400 1345 naturalium
2422 1304 2602 1343 rerum
2625 1286 2840 1341 nomina
2867 1287 2932 1339 de
2959 1284 3064 1338 Deo
3085 1280 3381 1351 praedicari
3404 1280 3655 1344 audiens,

2071 1383 2398 1452 proprieque
2427 1379 2493 1434 de
2537 1379 2654 1446 ipso
2681 1376 2787 1431 dici
2824 1376 3134 1437 aestimans,
3165 1370 3402 1433 fallatur,
3434 1384 3544 1422 non
3571 1379 3656 1422 ta-

2047 1488 2200 1545 ,men
2231 1470 2450 1527 omnino
2476 1467 2761 1537 decipitur,
2788 1477 2847 1519 ut
2876 1479 3089 1526 eorum,
3121 1478 3257 1533 quae
3283 1468 3474 1515 contra
3501 1468 3658 1511 natu-

2078 1578 2196 1618 ram
2238 1569 2384 1623 sunt,
2430 1560 2646 1615 nomina
2691 1559 2756 1612 de
2796 1557 3079 1629 conditore
3128 1569 3306 1609 rerum
3345 1549 3656 1620 praedicari

404 1656 545 1710 tura,
575 1646 776 1714 periret
815 1644 973 1699 simul
1014 1652 1070 1698 et
1110 1645 1313 1696 vitium.
1350 1641 1457 1696 Sed
1486 1643 1690 1697 virtute
1718 1642 1977 1696 bonitatis
2012 1653 2052 1711 Β
2078 1652 2409 1716 auscultans,
2441 1659 2535 1706 aut
2553 1649 2772 1704 omnino
2800 1646 2933 1702 falsa
2962 1661 3083 1701 esse
3103 1643 3307 1713 judicet
3326 1650 3381 1696 et
3415 1648 3656 1707 respuat,

401 1739 581 1794 miritis
621 1747 811 1791 natura
853 1737 1177 1800 continetur,
1214 1751 1282 1791 ne
1327 1744 1532 1806 pereat.
1574 1734 1765 1789 Adhuc
1794 1742 1972 1787 tamen

406 1828 607 1884 malitia
635 1828 965 1899 permittitur
987 1828 1040 1881 in
1079 1841 1165 1889 ea,
1198 1826 1445 1882 videlicet
1488 1836 1697 1887 natura,
1748 1826 1817 1881 ad
1856 1824 1974 1879 lau—

406 1920 528 1974 dem
561 1917 815 1973 bonitatis
858 1931 922 1972 ex
958 1914 1273 1971 contrario'
1302 1915 1705 1983 comparatione
1743 1924 1797 1968 et
1824 1926 1976 1967 exer—

404 2010 661 2064 citatione
681 2008 733 2039 “
753 2008 1009 2061 virtutum
1033 2005 1339 2061 rationabili
1355 2004 1685 2074 operatione,
1710 2013 1766 2060 et
1784 2018 1980 2074 purga-

407 2102 606 2155 tionem
634 2098 803 2169 ipsius
832 2105 1078 2161 naturae,
1101 2095 1316 2166 quando
1343 2094 1723 2149 absorbcbitur
1752 2109 1896 2149 mors
1926 2094 1979 2147 in

406 2190 656 2254 victoria,
691 2199 744 2244 et
770 2188 883 2244 sola
925 2187 1138 2242 bonitas
1164 2187 1219 2242 in
1267 2186 1521 2242 omnibus
1543 2186 1636 2240 et"
1678 2184 1977 2255 apparebit,

408 2293 461 2339 et
486 2280 749 2352 regnabit,
784 2288 839 2336 et
866 2280 1244 2335 universaliter
1284 2288 1368 2335 est
1396 2277 1419 2311 ⁸
1465 2279 1706 2349 peritura
1754 2276 1977 2332 malitia.

410 2369 519 2426 Sed
558 2371 621 2425 de
650 2370 736 2426 bis
759 2369 816 2424 in
857 2368 1046 2439 quinto
1086 2366 1250 2423 latius
1276 2365 1299 2398 '
1341 2366 1703 2437 disputabitur
1731 2364 1797 2416 ³⁸.
1826 2361 1981 2417 Nulla

410 2461 592 2531 itaque
614 2460 908 2515 auctoritas
932 2467 989 2514 te
1025 2466 1226 2514 terreat
1253 2459 1322 2515 ab
1347 2460 1454 2525 his,
1490 2473 1630 2528 quae
1656 2467 1837 2514 rectae
1856 2472 1986 2513 con-

410 2551 772 2621 templationis
815 2548 1153 2604 rationabilis
1194 2550 1374 2605 suasio
1416 2550 1625 2604 edocet.
1656 2546 1799 2604 Vera
1838 2548 1985 2603 enim

412 2641 705 2697 auctoritas
748 2652 929 2696 rectae
965 2640 1161 2694 rationi
1191 2654 1296 2694 non
1343 2639 1578 2703 obsistit,
1624 2653 1798 2709 neque
1834 2648 1986 2693 recta

413 2734 553 2789 ratio
600 2745 762 2787 verae
808 2730 1138 2786 auctoritati.
1208 2729 1382 2785 Ambo
1435 2729 1699 2803 siquidem
1753 2743 1820 2784 ex
1878 2743 1987 2784 uno

413 2824 584 2887 fonte,
634 2822 811 2878 divina
855 2819 1108 2877 videlicet
1153 2821 1439 2892 sapientia,
1496 2834 1719 2876 manare
1764 2819 1984 2875 dubium

413 2930 519 2969 non
551 2920 655 2969 05L

2078 1752 2172 1798 aut
2200 1743 2426 1813 ﬁgurate
2463 1740 2605 1795 dicta
2633 1747 2690 1794 et
2729 1737 2987 1792 concedat
3026 1744 3081 1790 et
3118 1734 3321 1789 credat.
3354 1732 3506 1786 Dtsc.
3545 1729 3658 1782 Non

2079 1834 2155 1889 ita
2198 1847 2317 1887 sum
2361 1830 2580 1886 territus
2630 1827 2973 1889 auctoritate,
3018 1832 3112 1879 aut
3163 1822 3339 1877 minus
3375 1819 3658 1888 capacium

2079 1923 2379 1977 animorum
2404 1933 2703 1989 expavesco
2729 1918 3007 1986 impetum,
3046 1922 3105 1968 ut
3129 1928 3214 1976 ea,
3241 1926 3381 1982 quae
3404 1925 3537 1965 vera
3569 1924 3659 1962 ra-

2082 2014 2158 2069 tio
2206 2012 2355 2069 clare
2405 2010 2637 2082 colligit,
2688 2010 3156 2076 indubitanterque
3206 2004 3417 2067 deﬁnit,
3472 2010 3660 2072 aperta

2081 2106 2257 2161 fronte
2304 2103 2655 2174 pronuntiare
2701 2099 3029 2163 coniundar;
3058 2096 3372 2168 praesertim
3425 2110 3555 2147 cum
3595 2093 3662 2147 de

2081 2197 2278 2253 talibus
2302 2211 2409 2250 non
2435 2195 2535 2249 nisi
2564 2194 2704 2249 inter
2731 2192 3003 2260 sapientes
3033 2189 3368 2243 tractandum
3410 2185 3503 2247 sit,
3537 2183 3660 2253 qui-

2080 2290 2184 2344 bus
2213 2289 2284 2343 nil
2316 2287 2533 2342 suavius
2558 2294 2643 2341 est
2670 2285 2736 2339 ad
2779 2283 3103 2337 audiendum
3147 2292 3272 2333 vera
3301 2276 3548 2341 ratione;
3586 2272 3663 2327 nil

2082 2378 2453 2436 delectabilius
2494 2377 2561 2431 ad
2607 2373 3053 2445 investigandum,
3088 2369 3302 2441 quando
3352 2367 3661 2435 quaeritur,

2083 2469 2160 2524 nil
2186 2468 2462 2539 pulchrius
2499 2466 2565 2520 ad
2593 2463 3079 2532 contemplandum,
3105 2459 3319 2531 quando
3360 2457 3659 2511 invenitur.

2083 2558 2191 2614 Sed
2240 2557 2371 2627 quid
2420 2557 2697 2626 praedicta
2747 2552 3155 2608 ratiocinatione
3208 2549 3448 2615 moliris,
3505 2563 3668 2604 nosse

2084 2664 2146 2703 ex
2154 2658 2297 2718 peto.

2164 2740 2257 2795 68.
2297 2738 2367 2794 Μ.
2418 2738 2555 2805 Quid
2599 2736 2693 2792 tibi
2734 2736 2946 2791 viderer
2977 2732 3061 2789 bis
3096 2728 3668 2801 argumentationibus

2088 2828 2419 2894 machinari,
2447 2827 2547 2882 nisi
2579 2835 2638 2881 ut
2666 2825 2932 2896 intelligas
2952 2863 2968 2888 ,
2998 2822 3454 2893 quemadmodum
3494 2819 3667 2889 signi-

2090 2920 2306 2976 ﬁcativa
2347 2934 2526 2975 rerum
2566 2916 2825 2974 vocabula
2849 2956 2864 2982 ,
2902 2915 3016 2970 sive
3050 2913 3479 2969 substantiarum
3519 2912 3669 2974 sint,

488 3004 576 3059 67.
618 3002 736 3060 Una
779 3001 997 3074 quidem
1034 3003 1074 3037 “
1113 3002 1179 3058 de
1225 3010 1416 3058 natura
1460 3000 1989 3072 incomprehensibili
2017 3000 2205 3066 Csive
2257 3008 2650 3070 accidentium,
2699 3007 2819 3062 sive
2868 3005 3255 3066 essentiarum,
3306 3000 3670 3063 translative,

342 3170 347 3175 _
415 3095 777 3164 lneﬁ‘abilique
825 3095 911 3164 pie
960 3095 1345 3165 quaerentibus
1398 3092 1562 3148 multa
1606 3092 1878 3148 concessit
1924 3106 1986 3147 ac

417 3188 640 3242 tradidit
682 3195 740 3249 et
775 3185 1012 3255 cogitare
1059 3194 1115 3239 et
1156 3185 1355 3249 dicere,
1398 3199 1466 3238 ne
1509 3198 1668 3239 verae
1716 3182 1988 3254 religionis

415 3278 652 3333 studium
680 3276 732 3328 in
758 3275 1009 3330 omnibus
1030 3274 1208 3338 sileat,
1240 3280 1298 3327 ut
1322 3281 1377 3328 et
1399 3274 1558 3328 rudes
1580 3272 1757 3328 adhuc
1787 3273 1838 3328 in
1866 3272 1989 3327 ﬁdei

417 3366 760 3436 simplicitate
800 3364 1044 3419 doctrina
1068 3363 1111 3394 “
1155 3363 1377 3427 nutriat,
1427 3370 1483 3417 et
1534 3360 1833 3417 catholicae
1865 3360 1990 3415 ﬁdei

421 3455 646 3509 aemulis
684 3455 943 3509 instructa
968 3461 1302 3522 armataque,
1352 3452 1545 3507 divinis
1577 3451 1990 3522 propugnaculis

419 3546 624 3599 munita
655 3544 993 3614 respondeat.
1023 3543 1205 3597 Altera
1236 3558 1387 3607 vero,
1417 3551 1476 3598 ut
1501 3541 1772 3611 simplices
1791 3542 1987 3606 adhuc,

422 3635 475 3687 in
500 3632 780 3688 cunabulis
805 3631 1077 3688 Ecclesiae
1100 3631 1329 3686 nutritus
1353 3631 1422 3697 ⁸³,
1443 3631 1528 3700 pie
1548 3639 1802 3699 casteque
1823 3633 1993 3685 corri-

420 3735 529 3796 gat,
578 3741 645 3781 ne
672 3725 801 3797 quid
841 3725 1119 3797 indignum
1149 3724 1191 3756 “
1221 3726 1286 3782 de
1335 3725 1448 3782 Deo
1491 3726 1575 3781 vel
1615 3726 1861 3792 credant,
1910 3725 1996 3782 vel

433 3820 738 3885 aestiment,
762 3833 862 3875 nec
888 3818 1091 3883 omnia,
1111 3832 1248 3888 quae
1271 3831 1459 3872 sacrae
1482 3816 1793 3888 Scripturae
1810 3826 1995 3872 aucto-

423 3912 557 3965 ritas
592 3911 657 3967 de
697 3924 859 3967 causa
903 3910 1140 3966 omnium
1172 3909 1466 3979 praedicat,
1517 3909 1732 3980 proprie
1776 3908 1992 3979 praedi—

423 4002 537 4055 cari
588 4000 900 4056 cxaminent
948 3999 1029 4063 ",
1080 3999 1193 4054 sive
1239 3996 1623 4068 gloriosissima
1678 4005 1734 4051 et
1784 4011 1995 4054 summa

428 4091 842 4156 ontniumsiut,
882 4099 940 4145 ut
977 4090 1111 4156 vita,
1137 4090 1329 4152 virtus,
1374 4100 1785 4158 ceterarumque
1825 4089 1996 4143 virtu-

432 4195 545 4238 tum
576 4184 821 4248 nomina;
853 4184 964 4238 sive
991 4182 1185 4246 media,
1219 4189 1273 4235 ut
1298 4180 1397 4244 sol,
1429 4179 1540 4244 lux,
1567 4180 1743 4245 stella,
1775 4190 1997 4236 cuncta-

425 4292 531 4346 que
580 4276 642 4338 “.
699 4288 838 4345 quae
887 4289 953 4328 ex
1013 4273 1256 4345 partibus
1307 4273 1710 4329 sublimioribus
1751 4274 1792 4306 “
1838 4274 1997 4344 hujus

2092 3112 2198 3153 non
2227 3106 2408 3152 autem
2436 3097 2686 3166 proprie,
2730 3095 2801 3149 ita
2841 3094 3001 3148 etiam
3043 3091 3396 3163 signiﬁcativa
3448 3099 3672 3144 natura.

2088 3191 2216 3247 lium
2247 3207 2341 3247 seu
2372 3205 2477 3247 non
2505 3189 2832 3245 naturalium
2880 3198 3104 3242 naturae
3143 3184 3389 3243 conditae
3421 3192 3673 3239 motuum

2091 3284 2256 3337 verba
2288 3283 2355 3336 de
2386 3289 2576 3335 natura
2605 3278 2904 3335 conditrice
2944 3275 3288 3339 translative,
3331 3287 3445 3327 non
3488 3283 3675 3326 autem

2090 3372 2306 3445 proprie
2332 3386 2493 3441 posse
2517 3369 2852 3439 praedicari?
2876 3369 2933 3424 Si
2955 3366 3098 3422 enim
3120 3366 3165 3397 “
3187 3363 3559 3420 essentiarum
3587 3376 3676 3414 vo-

2091 3463 2315 3529 cabula,
2349 3478 2443 3518 seu
2473 3461 2902 3519 substantiarum
2923 3499 2938 3523 ,
2975 3474 3069 3514 seu
3120 3455 3485 3512 accidentium
3512 3495 3530 3518 ,
3570 3467 3675 3507 non

2094 3570 2283 3611 revera
2306 3595 2324 3617 ,
2359 3554 2455 3609 sed
2490 3552 2724 3623 quadam
2760 3549 3083 3606 necessitate
3116 3545 3402 3603 ineﬂ'abilis
3444 3553 3678 3600 naturae

2093 3644 2476 3716 signiﬁcandae
2537 3644 2592 3698 in
2639 3642 2753 3698 Deo
2799 3649 3109 3712 ponuntur,
3163 3652 3292 3694 num
3357 3635 3678 3691 necessario

2094 3737 2360 3807 sequitur,
2400 3744 2460 3789 ut
2492 3744 2548 3790 et
2582 3733 2783 3797 verba,
2821 3746 2959 3800 quae
2992 3728 3379 3791 essentiarum,
3419 3726 3681 3780 substan-

2100 3827 2296 3882 tiarum
2322 3867 2339 3891 ,
2378 3824 2731 3882 accidentium
2769 3822 3072 3894 signiﬁcant
3107 3827 3313 3881 motus,
3348 3817 3584 3888 proprie
3614 3815 3681 3869 de

2096 3919 2209 3974 Deo
2254 3918 2363 3973 dici
2411 3933 2516 3972 non
2563 3916 2801 3985 possint,
2846 3914 2937 3985 qui
2986 3913 3033 3945 "
3079 3925 3293 3967 omnem
3338 3909 3680 3970 essentiam,

2099 4008 2455 4065 substantiam
2482 4048 2497 4073 ,
2547 4021 2813 4074 omneque
2861 4003 3140 4069 accidens,
3186 4013 3520 4068 omnemque
3567 4014 3682 4053 mo-

2100 4106 2250 4160 tum,
2314 4098 2688 4165 actionemque
2732 4103 2786 4149 et
2830 4095 3163 4163 passionem,
3211 4099 3266 4145 et
3310 4090 3683 4160 quodcunque

2100 4189 2165 4243 de
2196 4188 2390 4241 talibus
2417 4187 2615 4242 dicitur
2640 4194 2695 4240 ct
2723 4185 3058 4255 intelligitur,
3086 4192 3141 4237 et
3176 4180 3548 4251 quodcunque
3582 4192 3684 4233 nec

2100 4277 2301 4332 dicitur
2329 4290 2429 4331 nec
2459 4275 2793 4344 intelligitur.
2828 4284 2880 4330 et
2911 4283 3088 4328 tamen
3130 4271 3210 4327 eis
3246 4269 3423 4332 inest,
3470 4268 3686 4323 incom-

427 4366 610 4419 mundi
638 4365 857 4420 visibilis
884 4364 927 4397 “
956 4363 1022 4418 de
1066 4363 1176 4419 Deo
1217 4364 1631 4435 praedicantur;
1675 4365 1788 4421 sive
1814 4379 1878 4421 ex
1917 4366 2000 4419 in-
2026 4347 2073 4407 Ι)
2101 4366 2454 4438 prehensibili
2501 4366 2863 4436 ineﬁ‘abilique
2906 4379 3036 4421 suae
3082 4372 3307 4419 naturae
3348 4359 3681 4417 excellentia

426 4452 715 4509 t‘erioribus
758 4455 977 4508 visibilis
1022 4464 1301 4511 creaturae
1350 4455 1604 4519 motibus,
1653 4465 1713 4510 ut
1750 4455 1994 4524 spiritus,

432 4545 587 4597 nubis
628 4545 897 4613 splendor,
925 4557 1095 4611 ortus,
1131 4548 1379 4610 tonitrus,
1412 4562 1518 4612 ros,
1560 4547 1750 4612 imber,
1779 4548 1992 4619 pluvia;

430 4633 556 4687 item
614 4651 774 4703 aqua,
819 4634 1036 4700 ﬁutncn,
1091 4645 1257 4700 terra,
1304 4648 1476 4705 petra,
1534 4638 1757 4708 lignum,
1816 4640 1993 4704 vinea,

428 4722 592 4785 oliva.
644 4723 854 4787 cedrus,
909 4740 1129 4794 ysopum
1160 4726 1222 4790 ",
1254 4726 1443 4789 lilium,
1489 4729 1669 4794 homo,
1720 4729 1823 4794 leo,
1876 4731 1993 4794 bos,

428 4827 622 4881 equus,
658 4827 836 4880 ursus,
867 4814 1188 4884 pardalis”.
1227 4816 1457 4881 vermis;
1488 4815 1613 4870 item
1656 4818 1857 4886 aquila,
1903 4834 1994 4873 co-

2103 4458 2554 4529 superasceudit?
2585 4458 2723 4526 Quid
2749 4459 2937 4513 enim?
2966 4456 3027 4514 Si
3070 4455 3212 4511 Deus
3255 4468 3349 4524 per
3389 4452 3687 4523 metapho—

2104 4567 2221 4606 ram
2243 4566 2396 4605 amor
2422 4551 2639 4617 dicitur,
2666 4551 2790 4605 dum
2815 4552 2887 4605 sit
2912 4548 3194 4621 plusquam
3222 4559 3391 4607 amor.
3424 4559 3685 4599 omnem-

2101 4656 2207 4711 que
2236 4651 2454 4711 superat
2482 4658 2743 4705 amorem,
2791 4656 2890 4697 cur
2915 4658 3020 4696 non
3062 4640 3251 4695 eodem
3295 4637 3460 4693 modo
3496 4649 3690 4691 amare

2102 4732 2390 4797 diceretur,
2421 4733 2548 4789 dum
2587 4727 2802 4788 omnem
2828 4731 2877 4764 “
2902 4740 3103 4786 motum
3127 4728 3327 4784 amoris
3349 4734 3687 4798 exsuperat,

2105 4822 2230 4890 quia
2256 4821 2390 4877 nihil
2419 4830 2637 4893 praeter
2664 4821 2898 4893 seipsum
2929 4818 3166 4891 appetit,
3195 4818 3322 4873 dum
3363 4814 3521 4870 solus
3564 4829 3688 4869 oru-

1700 4992 1951 5049 VARIAE
1988 4994 2387 5052 LECTIONES.

506 5133 532 5167 ¹
577 5132 668 5189 Sic
726 5131 904 5197 CDE;
962 5146 1023 5184 ea
1074 5145 1183 5183 om.
1238 5128 1302 5182 Α.

430 5210 458 5240 δ
514 5204 606 5259 Sic
650 5202 810 5265 CDE;
842 5203 883 5255 A
933 5211 1084 5269 atque
1130 5197 1499 5269 ‘(justitiaetine
1541 5212 1648 5269 om.
1684 5201 1768 5266 Α).

435 5346 556 5409 AB;
604 5342 692 5397 CD
737 5335 1033 5409 disputatur
1056 5337 1106 5409 ᾼ
1136 5336 1291 5409 addit
1323 5335 1479 5409 libro:
1520 5337 1590 5409 Δί
1620 5337 1959 5409 Dsiiquidem.

436 5484 602 5537 ()llE:
653 5483 691 5535 Α
741 5477 1110 5548 superioribus.

438 5550 478 5598 Ε
502 5544 814 5611 parcimus.‘
871 5547 913 5581 "
942 5547 1032 5600 Sic
1057 5544 1223 5608 CDE;
1256 5544 1302 5598 Δ
1328 5556 1453 5598 cete.

1404 5128 1426 5158 '
1475 5125 1567 5181 Sic
1623 5126 1793 5193 CDE;
1850 5128 1895 5183 A
1947 5130 2261 5194 privatione:
2323 5130 2457 5203 (per
2506 5148 2614 5187 om.
2649 5133 2689 5199 ).

1404 5214 1499 5253 trite
1541 5212 1648 5252 om.
1684 5201 1768 5253 Al.
1856 5198 1877 5229 '
1924 5197 2012 5251 Sic
2061 5199 2190 5253 Al):
2234 5216 2330 5253 nro
2360 5212 2413 5253 ut
2465 5219 2567 5253 non
2620 5201 2689 5253 (ΞΕ

431 5215 458 5240 ⁸
514 5215 606 5259 Sic
650 5215 810 5265 μυξη
842 5215 883 5255 Λ
933 5215 1084 5269 atque
1134 5215 1499 5267 “naturaeque
1541 5215 1648 5252 om.
1684 5215 1768 5266 ἢ).
1856 5215 1877 5229 ·
1925 5215 2012 5251 Sic
2061 5215 2190 5263 Al);

431 5277 458 5308 ⁶
488 5277 507 5296 '
535 5272 627 5329 Sic
656 5273 806 5336 ACD;
848 5272 885 5325 E
917 5270 1292 5323 exhortatione.
1335 5268 1387 5336 γ’
1414 5266 1506 5321 Sic
1544 5266 1660 5328 CE;
1715 5277 1761 5320 et
1808 5282 1915 5320 om.
1971 5268 2084 5322 AD.
2180 5270 2190 5302 '

1230 5338 1291 5415 lit
1323 5338 1479 5415 libro:
1517 5338 1590 5415 h‘.‘
1620 5338 1959 5415 qsiguidem.
2034 5340 2107 5415 .¹¹
2142 5338 2230 5393 Sic
2356 5342 2490 5415 Alli}
2520 5342 2806 5415 doct_rin_n_c.

438 5403 599 5469 nutri.
674 5415 716 5444 “
746 5403 835 5465 Sic
859 5408 1020 5469 ACE;
1055 5405 1098 5459 D
1129 5405 1359 5472 indigne.
1438 5405 1480 5436 ¹⁶
1517 5403 1607 5457 Sic
1634 5407 1795 5470 CDE;
1829 5409 1870 5458 A
1916 5408 2217 5471 aestiment;
2251 5408 2284 5462 f.
2317 5411 2647 5463 existiment?
2719 5411 2764 5442 ¹⁶
2805 5409 2966 5472 CDE;
3000 5409 3042 5465 Α
3085 5421 3135 5461 ει
3181 5415 3388 5459 cuncta.

438 5484 602 5535 (lllE:
653 5483 691 5535 Α
741 5477 1110 5535 "melioribus.
1211 5477 1253 5504 ⁸⁸
1277 5472 1368 5527 Sic
1396 5472 1563 5535 ADE;
1606 5476 1819 5528 visibilis
1853 5493 1960 5531 om.
1993 5477 2051 5527 (3.
2157 5478 2198 5509 η
2239 5478 2326 5531 Sic
2365 5479 2533 5535 CDE;
2580 5482 2621 5532 Α
2647 5482 2916 5535 hyssopus,
3019 5479 3062 5509 ιο
3087 5477 3175 5532 Sic
3201 5475 3322 5535 CD;
3374 5484 3388 5527 Α

2787 5132 2809 5163 ³
2855 5131 2946 5186 Sic.
3006 5130 3181 5191 CDE;
3241 5133 3283 5184 Α
3332 5129 3470 5180 ratio
3538 5146 3689 5183 vera.

2234 5199 2413 5270 prout
2465 5219 2567 5255 non
2620 5201 2705 5256 (ΣΕ
2749 5219 2828 5255 ne.
2902 5202 2925 5233 ‘
2964 5200 3055 5255 Sic
3098 5201 3212 5259 UE:
3259 5199 3353 5253 AD
3379 5200 3692 5270 contraria.

2180 5270 2203 5302 ³
2235 5266 2320 5324 ⁷εθι
2352 5286 2459 5324 om.
2501 5270 2653 5326 (ΖΒΕ.
2748 5270 2770 5303 ⁸
2813 5272 2854 5326 ι)
2898 5272 3055 5323 latins
3093 5271 3146 5322 in
3194 5272 3392 5337 qu'nto.
3500 5268 3550 5299 ⁸⁸
3599 5266 3695 5337 Sic

2924 5342 2966 5371 ¹³
2989 5342 3166 5401 Corn,
3200 5336 3330 5390 M28
3378 5337 3613 5399 nutriti;
3647 5336 3693 5389 D

3494 5407 3543 5439 "
3595 5405 3692 5459 Sic

2157 5478 2198 5509 ¹⁹
2239 5478 2326 5531 Sic
2365 5479 2533 5538 CDE;
2580 5482 2621 5532 Α
2647 5482 2916 5547 hyssopus.
3019 5479 3062 5509 '°
3087 5477 3175 5532 Sic
3201 5475 3322 5539 CD;
3374 5474 3688 5547 Aipardzts,

1555 5546 1599 5579 ἐ
1630 5543 1718 5598 Sic
1743 5544 1914 5611 ACE;
1949 5544 1990 5596 υ
2015 5551 2216 5596 autem.
2289 5547 2334 5578 ³³
2367 5550 2455 5601 Sic
2483 5548 2654 5614 ADE;
2685 5543 2727 5604 Ε
2757 5543 2896 5616 quia.
2974 5548 3021 5580 "‘
3061 5563 3259 5600 οηιηειη
3296 5560 3386 5599 om
3418 5546 3487 5601 D.
