3834 6152
209 336 305 394 533

1103 330 1190 388 DE
1228 329 1560 388 DlVlSlONE
1600 328 1946 388 NATURAE.
1987 360 2054 370 —
2093 328 2290 382 LIBER
2329 323 2601 382 PREML'S.

3334 327 3436 383 5H

209 457 294 509 “ia
329 450 388 506 in
432 447 684 504 omnibus
720 445 831 501 sit?
871 443 1132 500 Similiter
1171 447 1216 501 si
1249 447 1265 477 ‘
1319 461 1483 516 agens
1512 457 1566 501 et
1592 456 1763 511 actor,
1796 452 1842 508 Α
1869 443 1986 499 Jam
2033 441 2328 513 perspicio;
2376 453 2431 495 et
2481 441 2740 508 tueip'suzn
2789 439 2982 495 nimiae
3031 440 3300 496 tarditatis
3342 458 3435 496 ac-

209 545 412 602 faciens
439 551 495 597 et
524 541 718 603 factor,
748 553 854 594 non
875 537 987 606 jam
1022 538 1271 608 proprie,
1304 541 1398 593 sed
1445 539 1602 593 modo
1641 553 1776 608 quo-

208 638 328 691 dam
359 630 726 687 translationis
763 629 1109 682 nominatur:
1143 644 1238 682 cur
1281 642 1386 682 non
1424 637 1478 680 et
1522 643 1682 697 agere
1723 636 1778 682 et

209 725 426 786 facere,
474 718 557 774 vel
608 718 692 788 agi
736 717 819 772 vel
868 717 977 785 pati
1019 716 1206 770 eodem
1249 715 1533 770 locutionis
1579 729 1778 786 genere

208 807 655 883 praedicaretur?
705 805 782 860 De
810 806 1005 860 ceteris
1035 805 1166 859 item
1194 804 1217 836 ¹
1260 805 1466 867 verbis,
1495 817 1634 872 quae
1658 817 1777 857 om-

209 915 305 956 nes
332 897 500 953 totius
527 895 801 949 mutabilis
824 901 1105 947 creaturae
1133 900 1332 958 motus,
1363 907 1454 947 seu
1483 891 1774 954 naturales,

209 1002 302 1043 seu
331 1001 444 1040 non
473 983 779 1045 naturales,
810 996 904 1035 seu
945 981 1361 1046 intellectuales,
1406 996 1499 1036 seu
1543 981 1782 1034 rationa-

210 1079 380 1142 biles,
407 1092 504 1131 seu
536 1072 933 1128 irrationabiles
953 1112 967 1137 ,
999 1087 1092 1127 seu
1120 1072 1446 1142 corporales,
1475 1087 1569 1128 seu
1600 1073 1782 1128 incor-

209 1182 440 1238 poneos,
471 1180 565 1220 seu
613 1162 840 1225 locales,
873 1177 967 1216 seu
1012 1162 1360 1230 temporales,
1398 1172 1602 1225 rectos,
1644 1161 1782 1216 obli-

211 1272 382 1326 quos,
411 1252 724 1320 angulares,
757 1249 1078 1313 circulares,
1105 1250 1414 1318 sphaericos
1446 1249 1747 1320 signiﬁcant
1767 1289 1782 1313 ,

211 1345 469 1401 similiter
483 1339 882 1410 intelligendum
899 1354 1018 1393 esse
1038 1340 1289 1393 arbitror.
1320 1339 1462 1394 Dtsc.
1485 1339 1785 1392 Admodum

215 1449 418 1505 urges,
462 1447 547 1486 me
589 1431 716 1484 talia
759 1427 1148 1483 rationabiliter
1185 1429 1374 1494 fateri;
1421 1428 1516 1482 sed
1555 1427 1787 1482 auctori-

215 1539 323 1583 tate
369 1536 682 1581 sanctorum
720 1523 939 1577 Patrum
979 1521 1193 1591 aliquod
1231 1522 1504 1576 munimen
1545 1523 1614 1575 ad
1653 1522 1788 1575 haec

215 1615 528 1674 roboranda
557 1613 746 1667 vellem
778 1611 800 1643 ⁸
831 1611 1058 1665 inseras.

1875 549 2033 595 cuso,
2065 534 2154 602 qui
2189 548 2293 586 non
2328 531 2605 593 videbam,
2633 545 2813 595 omne,
2841 531 2981 599 quod
3012 533 3232 601 patitur,
3265 543 3441 589 motus

1873 635 2032 687 suos,
2060 636 2151 676 seu
2183 621 2410 681 alienos,
2441 635 2533 674 seu
2585 629 2838 689 utrosque
2880 622 3012 690 pati.
3047 621 3184 677 Msa.
3214 623 3443 679 Faciens

1876 716 2040 786 igitur
2066 723 2120 767 et
2151 713 2350 767 factum
2392 721 2565 766 motus
2604 729 2729 767 suos
2785 714 3079 781 patiuntur.
3121 713 3254 769 Nam
3298 717 3443 786 quod

1879 803 2037 868 facit,
2061 818 2212 857 Suum
2241 813 2440 856 motum
2469 804 2534 855 ad
2564 802 2862 857 faciendum
2889 806 3109 874 patitur.
3135 805 3286 872 Quod
3314 824 3444 863 vero

1881 894 1970 954 lit.
2000 909 2153 948 suum
2183 902 2381 946 motum
2413 891 2455 924 “
2485 900 2540 946 et
2569 893 2804 947 alienum
2835 895 3082 949 sustinet.
3127 894 3294 950 Suum
3328 898 3443 967 qui-

1879 982 2030 1046 dem,
2061 997 2126 1036 ex
2155 996 2248 1045 eo,
2281 981 2421 1050 quod
2453 996 2556 1034 non
2585 990 2725 1046 erat,
2755 981 2807 1035 in
2841 983 2924 1046 id,
2955 984 3094 1052 quod
3121 993 3240 1050 est,
3272 995 3443 1042 trans-

1880 1072 2084 1135 eundo,
2137 1072 2370 1125 alienum
2400 1086 2548 1134 vero,
2578 1072 2700 1140 quia
2729 1087 2836 1125 nou
2862 1082 2943 1127 est
2968 1074 3047 1127 sui
3073 1082 3248 1130 motus
3275 1089 3440 1131 causa

1882 1181 1977 1235 per
2001 1166 2234 1234 scipsum
2253 1203 2267 1226 ,
2300 1165 2392 1216 sed
2424 1162 2669 1217 facientis
2696 1179 2752 1218 se
2792 1173 2884 1218 aut
2913 1167 3170 1221 naturalis
3223 1177 3399 1221 motus
3419 1208 3434 1227 .

1882 1264 1973 1309 aut
2006 1255 2172 1308 libera
2209 1253 2483 1317 voluntas,
2515 1262 2605 1307 aut
2637 1254 2898 1323 quaedam
2933 1257 3248 1310 necessitas.
3291 1257 3445 1323 Quod

1883 1361 2011 1416 ergo
2041 1345 2084 1377 ¹⁸
2114 1345 2202 1408 lit,
2233 1352 2289 1397 ut
2316 1341 2580 1408 diximus,
2610 1354 2664 1398 et
2693 1354 2894 1398 motum
2925 1348 3200 1415 proprium
3232 1357 3284 1402 et
3311 1348 3445 1402 alie-

1886 1451 2049 1498 num,
2080 1435 2219 1503 quod
2251 1449 2379 1487 vero
2427 1432 2584 1497 facit,
2629 1435 2903 1504 proprium
2945 1436 3279 1491 solummodo
3318 1437 3453 1506 pati-

1889 1534 1993 1578 tur.
2026 1523 2282 1590 Quamvis
2312 1537 2471 1590 saepe
2499 1523 2805 1593 contingat,
2837 1532 2894 1577 ut
2922 1524 2989 1577 ab
3018 1523 3121 1578 alia
3147 1539 3310 1579 causa
3339 1540 3449 1579 mo-

1885 1626 2076 1671 veatur
2116 1615 2180 1669 ad
2223 1614 2553 1678 faciendum,
2595 1615 2686 1684 qui
2728 1613 2882 1677 facit,
2935 1624 2994 1669 ut
3040 1623 3095 1670 et
3141 1614 3344 1670 faciens
3390 1623 3448 1669 et

283 1707 380 1761 69.
398 1705 536 1759 MAG.
564 1701 677 1756 Non
705 1702 943 1772 ignoras,
959 1709 1018 1753 ut
1042 1700 1251 1769 opinor,
1278 1697 1494 1769 majoris
1521 1699 1791 1771 dignitatis
1889 1707 2098 1775 patiens
2144 1719 2279 1758 unus
2328 1712 2487 1772 atque
2537 1704 2676 1758 idem
2718 1705 2962 1760 videatur
2999 1719 3138 1760 esse.
3189 1705 3298 1760 Sed
3339 1706 3453 1776 ipse

215 1812 363 1861 esse,
391 1796 536 1866 quod
566 1795 714 1862 prius
754 1802 837 1848 est
873 1801 1093 1856 natura,
1135 1805 1295 1861 quam
1338 1791 1480 1860 quod
1518 1793 1668 1861 prius
1706 1799 1789 1846 est
1818 1779 1861 1838 Β
1892 1794 2138 1848 facientis
2169 1794 2211 1824 "
2239 1801 2450 1858 motus,
2490 1793 2737 1860 quamvis
2775 1809 2842 1848 ex
2883 1796 3047 1849 variis
3089 1797 3295 1860 causis,
3339 1798 3456 1852 sive

216 1900 488 1958 tempore.
519 1885 662 1939 Disc.
693 1883 806 1938 Hoc
831 1897 1000 1953 paene
1025 1883 1272 1936 omnibus
1299 1889 1480 1936 notum
1509 1891 1611 1936 est.
1643 1881 1783 1937 MAG.

219 1981 508 2034 Rationem
547 1976 781 2043 priorem
833 1987 953 2027 esse
982 1980 1191 2036 natura,
1241 1971 1616 2026 auctoritatem
1660 1984 1789 2024 vero

220 2081 472 2140 tempore
527 2067 809 2120 didicimus
835 2063 876 2117 δ.
928 2063 1185 2128 Quamvis
1213 2063 1354 2116 enim
1409 2070 1600 2116 natura
1629 2059 1790 2115 simul

219 2177 338 2218 cum
375 2170 626 2226 tempore
655 2163 833 2210 creata
862 2155 964 2217 sit,
994 2168 1098 2207 non
1131 2161 1309 2207 tamen
1355 2152 1423 2205 ab
1466 2151 1619 2204 initio
1661 2159 1792 2204 tem-

223 2252 365 2322 poris
414 2259 582 2318 atque
629 2256 853 2300 naturae
895 2245 1072 2313 coepit
1115 2258 1234 2300 esse
1273 2242 1585 2299 auctoritas.
1633 2240 1792 2294 Ratio

222 2356 346 2395 vero
376 2353 508 2392 cum
540 2345 731 2389 natura
762 2349 826 2387 ac
857 2345 1095 2401 tempore
1121 2348 1188 2386 ex
1219 2332 1479 2402 principio
1533 2345 1715 2384 rerum
1769 2325 1794 2361 ⁸

145 2486 160 2492 ,
222 2437 470 2486 ortaest.
497 2427 641 2480 Dtsc.
669 2425 735 2478 Et
761 2425 860 2478 hoc
902 2425 1014 2490 ipsa
1060 2422 1196 2476 ratio
1235 2421 1442 2474 edocet.
1490 2420 1796 2474 Auctoritas

223 2519 496 2588 siquidem
527 2531 592 2569 ex
625 2530 750 2569 vera
782 2515 986 2567 ratione
1013 2512 1306 2582 processit,
1353 2511 1490 2566 ratio
1530 2526 1660 2566 vero
1703 2526 1800 2565 ne-

224 2620 501 2678 quaquam
549 2619 616 2656 ex
665 2602 999 2656 auctoritate.
1039 2600 1223 2655 Omnis
1251 2601 1392 2653 enim
1421 2599 1445 2631 ⁸
1474 2599 1795 2662 auctoritas,

223 2711 359 2768 quae
390 2707 528 2747 vera
557 2691 764 2745 ratione
802 2704 907 2743 non
949 2689 1290 2758 approbatur,
1334 2687 1546 2742 inlirma
1589 2687 1801 2741 videtur

225 2800 361 2840 esse.
397 2782 546 2837 Vera
573 2788 750 2834 autem
796 2778 954 2842 ratio,
1011 2778 1260 2846 quoniam
1301 2777 1413 2831 suis
1462 2771 1800 2830 virtutibus'

225 2887 341 2932 rata
372 2883 548 2943 atque
577 2871 930 2926 immutabilis
964 2870 1223 2933 munitur,
1247 2868 1443 2923 nullius
1468 2868 1801 2923 auctoritatis

226 2963 617 3035 astipulatione
645 2959 886 3015 roborari
917 2959 1138 3028 indiget.
1168 2957 1252 3012 Nil
1296 2959 1440 3013 enim
1483 2957 1626 3012 aliud
1669 2957 1798 3011 mihi

225 3059 444 3113 videtur
477 3056 500 3088 ⁸
531 3069 651 3109 esse
679 3067 804 3107 vera
850 3051 1172 3114 auctoritas,
1208 3050 1307 3104 nisi
1337 3049 1561 3103 rationis
1599 3048 1800 3102 virtute

1889 1882 2252 1944 naturalibus,
2301 1881 2415 1935 sive
2467 1882 2782 1946 libentibus,
2838 1883 2951 1937 sive
3003 1901 3108 1938 non
3161 1885 3457 1939 libentibus

1888 1980 2162 2033 nascatur,
2199 1979 2478 2038 propterea
2500 1971 2750 2039 proprius
2788 1971 3003 2034 dicitur,
3049 1973 3304 2041 quoniam
3348 1991 3453 2029 non

1889 2071 2041 2116 extra
2073 2063 2264 2132 ipsum,
2296 2062 2389 2116 sed
2420 2061 2471 2116 in
2503 2063 2614 2130 ipso
2644 2062 2975 2132 intelligitur.
3000 2064 3143 2119 DISC.
3167 2065 3310 2122 Istuc
3329 2068 3458 2122 mihi

1891 2170 1922 2208 a
1955 2162 2006 2209 te
2035 2169 2250 2209 suasum
2281 2167 2400 2208 esse
2431 2169 2536 2208 non
2570 2157 2792 2224 deucgo.
2828 2154 3053 2223 Ideoque
3088 2171 3224 2224 quae
3255 2165 3462 2212 restant

1891 2253 2132 2314 expecto.
2165 2242 2304 2298 MAG.
2331 2242 2542 2297 Nullum
2559 2253 2757 2296 motum
2775 2244 3036 2314 principio
3049 2261 3110 2299 ac
3141 2246 3245 2301 line
3274 2263 3460 2302 carere

1893 2350 2050 2406 posse
2077 2334 2329 2389 arbitror.
2358 2333 2473 2389 Non
2500 2334 2645 2388 enim
2674 2335 2829 2388 aliter
2877 2336 3015 2390 ratio
3053 2337 3216 2401 sinit,
3259 2339 3359 2392 uisi
3403 2349 3461 2391 ut

1894 2422 2069 2477 omnis
2107 2430 2286 2476 motus
2320 2436 2389 2476 ex
2430 2422 2660 2491 quodam
2705 2423 2966 2492 principio
3005 2424 3254 2489 inchoet,
3293 2436 3348 2479 et
3391 2427 3458 2479 ad

1895 2514 2163 2584 quendam
2208 2504 2370 2568 linem
2417 2513 2635 2578 tendat,
2679 2515 2732 2568 in
2777 2529 2914 2583 quo,
2945 2515 3071 2570 dum
3113 2519 3456 2585 pervenerit,

1897 2605 2154 2674 quiescat.
2186 2601 2338 2670 Quod
2365 2602 2706 2672 apertissime
2748 2604 3067 2660 venerabilis
3101 2604 3364 2660 Maximus
3404 2607 3459 2660 in

1903 2693 2061 2749 tertio
2087 2692 2317 2762 capitulo
2347 2691 2413 2746 de
2442 2691 2724 2763 Ambiguis
2750 2694 2943 2748 asserit
2970 2695 3155 2751 dicens
3181 2713 3195 2748 :
3229 2694 3290 2750 Si
3321 2696 3460 2750 Deus

1899 2784 2234 2839 immutabilis
2267 2782 2311 2819 ⁸⁷
2334 2793 2444 2849 est,
2476 2795 2661 2854 utputa
2719 2787 2950 2839 omnium
2985 2785 3277 2856 plenitudo,
3312 2805 3462 2842 anius

1899 2884 2071 2927 autem
2091 2913 2105 2937 ,
2135 2873 2272 2944 quod
2309 2889 2372 2927 ex
2401 2873 2442 2905 ⁸⁸
2469 2889 2571 2926 non
2599 2874 2933 2928 existentibus
2963 2891 3072 2928 esse
3109 2876 3324 2946 accipit,
3351 2892 3468 2929 mo-

1900 2970 2047 3014 vetur
2071 2999 2087 3026 ,
2142 2961 2323 3014 merito
2373 2961 2442 3014 ad
2472 2961 2734 3031 quandam
2771 2962 2982 3016 omnino
3019 2962 3187 3031 fertur
3221 2979 3462 3019 causam.

1903 3047 2035 3102 Nam
2055 3089 2069 3114 ,
2101 3059 2161 3102 ut
2195 3048 2319 3102 alibi
2357 3049 2514 3103 docet
2543 3049 2682 3104 idem
2713 3047 3004 3116 Maximus,
3035 3066 3198 3104 causa
3227 3052 3461 3103 omnium

228 3155 442 3218 reperta
472 3147 496 3180 ⁸
548 3145 766 3202 veritas,
804 3150 860 3196 et
911 3155 939 3194 a
987 3140 1188 3195 sanctis
1233 3138 1482 3193 Pati-ibus
1521 3136 1588 3190 ad
1621 3144 1798 3205 poste-
1827 3126 1870 3188 C
1900 3140 2079 3194 eadem
2107 3149 2154 3193 et
2187 3139 2227 3170 ¹⁹
2253 3139 2375 3208 ﬁnis
2391 3140 2622 3192 omnium
2649 3148 2745 3193 est.
2776 3140 2916 3194 Deus
2941 3141 3084 3194 enim
3115 3141 3460 3210 principium,

229 3237 409 3292 sitatis
437 3233 726 3288 utilitatem
757 3230 926 3285 literis
965 3228 1354 3284 commendata.
1398 3227 1503 3281 Sed
1535 3226 1674 3282 forte
1705 3225 1799 3280 tibi

228 3329 386 3383 aliter
403 3327 638 3381 videtur.
654 3322 793 3376 Msa.
813 3320 964 3374 Nullo
986 3320 1159 3374 modo.
1179 3319 1402 3387 Ideoque
1422 3317 1570 3387 prius
1596 3315 1802 3370 ratione

228 3419 496 3473 utendum
524 3424 610 3470 est
638 3415 689 3468 in
720 3405 833 3478 bis,
865 3425 1004 3482 quae
1044 3425 1184 3465 nunc
1224 3410 1460 3473 instant,
1500 3422 1564 3462 ac
1609 3407 1804 3462 deinde

230 3509 580 3564 auctoritate.

299 3599 388 3651 70.
417 3597 571 3649 Drsc.
597 3595 899 3663 ingredere,
913 3591 1191 3661 quovis",
1208 3591 1426 3652 ordine;
1451 3591 1525 3645 tui
1545 3589 1742 3646 etenim
1762 3589 1805 3622 ¹¹

231 3689 564 3757 pedisequus
593 3699 730 3736 sum.
762 3681 1050 3736 MseNum
1070 3682 1162 3734 tibi
1192 3681 1586 3735 videturl‘acere
1614 3689 1669 3734 et
1695 3679 1807 3749 pati

233 3779 349 3829 sine
390 3775 583 3842 aliquo
619 3782 765 3826 motu
801 3771 1047 3825 facientis
1075 3770 1160 3824 vel
1189 3771 1440 3838 patientis
1465 3783 1620 3839 posse
1647 3785 1767 3823 esse
1786 3770 1811 3822 τ

236 3865 380 3918 Dtsc.
416 3863 499 3915 De
526 3859 755 3914 faciente
776 3875 880 3912 non
902 3858 1104 3912 dubito.
1133 3858 1327 3912 Facere
1347 3859 1488 3912 enim
1528 3856 1810 3911 facientem

233 3955 351 4008 sine
391 3953 582 4019 aliquo
618 3965 716 4004 suo
756 3960 900 4002 motu
941 3963 1096 4018 posse
1135 3963 1243 4002 non
1282 3947 1457 4002 video.
1504 3946 1654 4013 Quod
1687 3960 1813 4000 vero

234 4047 465 4115 patitur,
517 4039 784 4111 quomodo
833 4048 1108 4094 moveatur
1151 4040 1203 4092 in
1231 4039 1438 4107 scipso,
1483 4051 1588 4091 non
1636 4036 1741 4089 iam
1770 4036 1812 4066 "

235 4140 382 4191 clare
415 4150 708 4204 cognosco.
754 4133 892 4186 Mm.
923 4132 1108 4186 Nonne
1130 4133 1297 4196 vides,
1325 4132 1446 4200 quia
1469 4145 1651 4195 omne,
1675 4129 1815 4198 quod

238 4227 405 4289 facit,
452 4227 524 4280 ad
566 4227 670 4280 hoc
709 4239 768 4278 se
807 4231 984 4277 movet
1022 4231 1114 4274 aut
1155 4231 1418 4284 movetur,
1465 4229 1524 4274 ut
1551 4219 1627 4284 id,
1673 4219 1817 4288 quod

239 4319 450 4387 appetit
511 4312 722 4380 facere,
771 4314 837 4368 ab
866 4329 930 4367 eo
970 4314 1110 4382 quod
1150 4326 1256 4366 non
1294 4320 1441 4376 erat,
1484 4311 1541 4364 in
1582 4309 1635 4364 id
1671 4310 1816 4380 quod

236 4417 354 4472 est,
387 4415 608 4460 moveat
634 4405 704 4457 “1'
730 4403 812 4458 Nil
842 4403 982 4456 enim
1011 4402 1078 4456 ab
1118 4416 1215 4466 eo,
1251 4401 1393 4470 quod
1439 4415 1542 4453 non
1579 4409 1730 4462 erat,
1763 4398 1816 4452 in

1903 3226 1958 3282 id
1987 3237 2068 3283 cst
2095 3227 2138 3258 '°
2156 3243 2344 3293 causa,
2377 3228 2615 3282 omnium
2636 3235 3006 3283 creaturarum
3033 3237 3118 3283 est
3144 3229 3188 3260 “
3218 3238 3272 3284 et
3300 3229 3422 3286 linis
3448 3269 3465 3300 ,

1907 3317 2159 3388 quoniam
2189 3318 2257 3373 ab
2286 3317 2399 3388 ipso
2433 3325 2488 3372 et
2517 3319 2818 3388 accipiunt,
2847 3328 2903 3373 et
2933 3319 3195 3388 incipiunt
3224 3336 3376 3387 esse,
3405 3333 3460 3378 et

1906 3407 1973 3462 ad
1997 3422 2119 3463 eum
2142 3415 2441 3472 moventur,
2465 3415 2521 3460 ut
2545 3407 2598 3461 in
2622 3423 2685 3462 eo
2705 3407 3002 3476 quiescant.
3028 3407 3172 3464 Idem
3199 3409 3252 3464 in
3275 3411 3464 3466 eodem

1905 3493 2147 3564 Capitulo
2182 3495 2340 3564 paulo
2366 3503 2518 3564 post:
2559 3494 2786 3560 Eorum,
2817 3511 2950 3566 quae
2993 3496 3137 3564 facta
3177 3506 3329 3563 sunt,
3390 3511 3490 3553 est.

1908 3595 2075 3638 motus
2096 3623 2110 3648 ,
2141 3585 2245 3637 sive
2280 3583 2680 3654 intelligibilium
2712 3585 3079 3655 intelligibilis,
3109 3587 3214 3642 sive
3251 3589 3472 3642 sensibi—

1909 3676 2036 3730 lium
2082 3674 2358 3730 sensibilis.
2407 3674 2626 3729 Nullum
2665 3678 2803 3730 enim
2832 3679 2876 3708 ²²
2906 3693 3114 3745 eorum,
3157 3695 3292 3749 quae
3329 3680 3471 3748 [αιια

1909 3774 2064 3828 sunt,
2107 3765 2315 3817 omnino
2357 3774 2432 3818 est
2471 3764 2752 3819 immobile.
2793 3765 2860 3820 Et
2898 3767 3057 3835 paulo
3099 3777 3260 3836 post:
3294 3767 3472 3822 Talem

1912 3864 2084 3908 autem
2126 3863 2320 3906 motum
2362 3857 2597 3908 uirtutem
2639 3867 2819 3909 vocant
2863 3857 3186 3924 naturalem,
3217 3861 3286 3912 ad
3316 3876 3471 3912 suum

1913 3941 2068 4010 finem
2092 3942 2421 4011 festinantem
2440 3983 2453 4008 ,
2475 3945 2563 4013 qui
2588 3961 2790 3997 sacram
2815 3945 3108 4000 diuinorum
3132 3949 3276 4002 nobis
3298 3949 3344 3980 ”
3370 3966 3477 4018 my-

1915 4032 2189 4084 steriorum
2220 4033 2484 4084 scientiam
2512 4049 2656 4087 sacre
2686 4034 3079 4090 inJroduxerunt
3103 4053 3122 4102 ;
3155 4050 3246 4091 aut
3281 4042 3472 4108 passio-

1917 4137 2062 4186 nem,
2094 4121 2148 4174 id
2176 4132 2282 4188 est,
2312 4133 2505 4175 motum
2534 4140 2597 4177 ea:
2625 4125 2785 4178 altera
2813 4128 3090 4182 venientem
3121 4131 3190 4183 ad
3213 4131 3454 4191 alterun',

1918 4211 2066 4280 cujus
2090 4212 2210 4279 ﬁnis
2238 4223 2311 4267 est
2352 4214 2780 4283 impassibilitas;
2823 4228 2913 4270 aut
2951 4221 3300 4288 operationem
3338 4225 3477 4276 acti-

1919 4319 2032 4356 eam
2051 4343 2065 4366 ,
2096 4303 2246 4372 cujus
2267 4303 2389 4372 finis
2413 4314 2485 4356 est
2510 4321 2604 4372 per
2624 4322 2678 4358 se
2702 4306 2866 4376 ipsam
2891 4308 2937 4338 "
2962 4309 3226 4377 perfectio.
3251 4310 3474 4365 Nullum

1921 4407 2038 4444 vero
2065 4407 2241 4470 eorum
2261 4431 2276 4456 ,
2304 4408 2436 4460 quae
2465 4392 2608 4460 facta
2636 4405 2790 4458 sunt,
2826 4397 3011 4449 suimet
3053 4397 3174 4465 ﬁnis
3215 4409 3325 4464 est,
3351 4417 3481 4471 quo-

241 4499 316 4563 id,
355 4495 509 4566 quod
534 4504 648 4558 est,
682 4494 798 4548 sine
829 4507 925 4547 suo
963 4499 1018 4545 et
1060 4491 1235 4544 alieno
1279 4497 1421 4542 motu
1445 4497 1618 4558 potest
1650 4496 1822 4541 trans-
1847 4476 1898 4534 D
1925 4481 2065 4533 niam
2094 4495 2256 4551 neque
2283 4483 2364 4534 sui
2391 4497 2549 4535 causa
2575 4498 2646 4536 est
2671 4500 2689 4548 ;
2734 4485 2967 4554 alioquin
3005 4496 3054 4540 et
3083 4488 3398 4557 ingenitum,
3433 4502 3482 4544 et

241 4587 350 4648 ire,
410 4585 531 4640 sive
573 4584 693 4638 illos
733 4589 911 4636 motus
952 4579 1088 4634 sciat
1143 4578 1257 4632 sive
1297 4577 1518 4631 nesciat.
1561 4574 1673 4629 Non
1703 4573 1816 4642 jam

241 4675 364 4729 dico
393 4683 606 4728 motum
636 4673 784 4726 illum
815 4669 1114 4740 generalem
1141 4679 1587 4733 communemque
1611 4672 1820 4717 natura-

241 4762 368 4818 liter
395 4763 653 4817 omnibus
678 4759 972 4822 creaturis,
1001 4772 1107 4826 quo
1131 4756 1310 4810 omnia
1341 4755 1405 4808 de
1432 4753 1595 4806 nihilo
1621 4753 1673 4806 in
1700 4765 1820 4806 esse

1925 4588 2105 4625 carens
2151 4573 2432 4641 principio,
2479 4583 2524 4626 et
2553 4572 2601 4606 "
2627 4575 3044 4631 incommutabile
3089 4589 3248 4642 esset,
3299 4583 3482 4636 merito

1920 4662 1989 4712 ad
2014 4659 2214 4713 nullum
2237 4663 2594 4730 quoquomodo
2615 4664 2806 4716 habens
2826 4665 3056 4730 moveri;
3097 4667 3482 4722 transcenderet

1919 4751 2057 4804 enim
2085 4766 2263 4804 eorum
2284 4791 2298 4814 ,
2323 4767 2456 4820 quae
2482 4761 2636 4817 sunt,
2667 4763 2908 4806 naturam
2931 4793 2946 4819 ,
2993 4766 3167 4825 utpote
3202 4774 3297 4826 pro
3340 4759 3484 4811 nullo

243 4859 560 4915 moventur,
609 4849 707 4904 sed
753 4851 1008 4902 usitatum
1059 4845 1392 4914 temporibus
1431 4852 1665 4904 motum,
1716 4855 1824 4908 quo
1922 4853 2083 4907 esset,
2124 4843 2376 4912 siquidem
2422 4859 2539 4896 uera
2586 4843 2650 4896 de
2687 4843 2796 4912 ipso
2837 4845 3070 4913 deﬁnitio
3105 4857 3212 4913 est,
3250 4849 3484 4918 quamvis

242 4941 499 5011 quotidie
537 4938 810 4994 mutabilis
846 4937 1068 4991 materia
1089 4975 1104 5000 ,
1146 4935 1259 4989 sive
1303 4942 1488 4986 natura
1538 4941 1786 4986 movente
1807 4971 1826 4996 ,
1923 4932 2093 4986 aliena
2114 4973 2128 4996 ,
2157 4950 2288 5001 quae
2310 4933 2456 4997 dicit,
2488 4931 2610 5001 ﬁnis
2631 4943 2733 4996 est,
2763 4950 2854 5001 pro
2873 4951 2975 5004 quo
2999 4937 3193 5000 omnia,
3227 4939 3338 5010 ipse
3369 4954 3484 4991 vero

238 5031 359 5089 sive
385 5037 534 5096 arte,
557 5027 762 5083 formas
790 5028 1045 5095 quasdam
1061 5024 1402 5095 qualitativas
1429 5023 1640 5092 accipit.
1675 5023 1820 5078 DISC.

1925 5040 2017 5092 pro
2048 5021 2224 5078 nullo:
2254 5040 2415 5094 neque
2440 5040 2530 5092 per
2565 5039 2619 5077 se
2651 5023 2936 5093 perfectio;
2976 5025 3210 5097 alioquin
3249 5043 3351 5082 non
3387 5027 3490 5094 effi-

1531 5172 1782 5228 VARIAE
1822 5173 2218 5230 LECTIONES.

316 5311 338 5342 ⁸
386 5311 440 5364 si
467 5321 575 5360 om.
605 5305 670 5360 D.
747 5307 766 5335 ²
787 5303 877 5359 Sic
903 5303 986 5359 CE
1013 5303 1136 5368 ;AD
1162 5315 1352 5358 autem.

1431 5304 1452 5333 ³
1481 5303 1569 5373 Sic
1593 5301 1758 5373 CDE;
1789 5306 1831 5357 Α
1863 5304 2028 5358 velim.
2104 5306 2125 5335 ⁸
2157 5306 2247 5360 Sic
2277 5306 2448 5369 ADE;
2488 5305 2528 5361 (ἒ
2554 5306 2794 5362 dicimus.
2869 5310 2892 5341 '
2921 5308 3010 5365 Sic
3030 5309 3198 5373 CDE;
3239 5311 3280 5363 Α
3311 5308 3484 5364 rerum

240 5377 539 5450 principio.
611 5373 857 5450 ‘Sic_Cl‘;
876 5376 1018 5450 ;_AD
1047 5385 1239 5427 autem.
1315 5371 1639 5450 Siti
1668 5375 1710 5426 Α
1741 5373 2195 5450 uirtutibussuis‘;
2212 5375 2262 5450 _'
2289 5375 2380 5450 Sic
2403 5375 2569 5450 CDE;
2601 5378 2646 5430 Α
2664 5378 2876 5450 uidetur
2903 5379 3059 5450 mihi._
3109 5371 3442 5450 ξδίυᾲΒϐῡΕ
3468 5399 3483 5443 ;

241 5442 288 5502 λ
317 5442 615 5514 cooperta;
659 5443 786 5514 cod.
819 5442 966 5514 Galei
1009 5453 1236 5512 coperta,
1315 5443 1354 5473 '°
1381 5442 1557 5514 ᾼΟως
1604 5444 1810 5514 quouis.

245 5512 554 5571 moveatur.
629 5513 674 5546 “
699 5515 788 5566 Sic
808 5513 976 5577 CDE;
1014 5525 1209 5564 motum
1235 5528 1341 5565 om.
1373 5512 1434 5564 A.

241 5587 285 5640 C
307 5582 614 5638 mutabilis.

242 5658 293 5688 “
323 5655 480 5709 enim
515 5667 616 5707 om.
651 5653 716 5706 D.

667 5744 939 5802 ΡΑτειοι..
985 5741 1246 5800 CXXII.

1889 5439 1931 5476 ⁸⁸
1979 5443 2069 5498 Sic
2119 5442 2288 5510 CDE;
2334 5446 2376 5498 Α
2426 5439 2582 5499 enim.

1513 5511 1557 5543 ³⁸
1597 5512 1685 5564 Sic
1714 5510 1883 5572 CDE;
1915 5528 2034 5580 ergo
2058 5528 2166 5565 om.
2200 5514 2264 5566 Α.

694 5583 736 5613 ¹⁸
771 5598 837 5655 ea;
863 5598 969 5655 om.
997 5581 1202 5655 99E."
1226 5581 1322 5655 Sic
1367 5580 1540 5655 CDE__;
1570 5591 1614 5634 et
1641 5581 2047 5655 ςηιῃᾼΑτῇξθ-δὶοΔ
2069 5581 2199 5655 CDE
2225 5599 2239 5647 ;

795 5652 839 5681 ’³
869 5650 960 5704 Sic
986 5651 1070 5704 (ΖΕ
1095 5668 1108 5712 ;
1147 5652 1290 5703 nobis
1317 5669 1422 5704 om.
1454 5651 1564 5703 Al).
1641 5652 1682 5680 ”
1713 5651 1800 5704 Sic
1825 5650 1994 5715 CDE;
2023 5651 2065 5706 Δ
2094 5654 2225 5719 ipsa.
2273 5650 2347 5683 "'
2377 5653 2467 5708 Sic
2491 5654 2618 5708 («DE
2646 5669 2658 5716 ;
2691 5655 2729 5706 A
2759 5663 2927 5722 atque.

2661 5446 2704 5478 “
2733 5447 2779 5499 Α
2816 5457 2942 5500 tam.
3023 5447 3065 5478 ¹³
3103 5447 3194 5500 Sic
3232 5448 3400 5510 CDE;
3445 5452 3489 5506 Α

2343 5514 2385 5546 ¹⁶
2421 5513 2510 5569 Sic
2545 5515 2711 5580 ADE;
2740 5516 2780 5570 C
2803 5515 3016 5582 faciens.
3118 5517 3160 5548 ‘7
3195 5517 3286 5572 Sic
3311 5519 3486 5583 ADE;

2271 5599 2366 5652 pro
2395 5585 2448 5636 id
2477 5595 2550 5637 est
2575 5587 2618 5638 A
2645 5596 2713 5637 et.
2787 5586 2826 5614 ²¹
2865 5584 2955 5638 Sic
2979 5583 3148 5651 CDE;
3178 5598 3250 5642 est
3280 5605 3387 5646 om.
3417 5591 3485 5646 Α.

2994 5742 3064 5804 17
