3904 6148
362 226 464 326 tus

1734 262 2013 319 JOANNIS
2056 264 2251 322 SCOTI

3480 268 3583 320 Mt.

357 390 558 439 ceretur
576 395 703 448 jure
731 377 1023 448 plenum,et
1052 375 1293 429 similiter
1317 385 1363 429 et
1395 391 1426 428 a
1458 375 1599 429 nullo
1629 392 1738 429 esse
1766 376 1924 429 Itabe-
1952 381 1999 438 Α
2027 390 2130 443 que
2170 374 2322 444 quasi
2365 375 2590 430 alterum
2632 384 2685 429 et
2733 375 2961 429 alterum
3006 376 3108 446 ipsi
3149 377 3255 431 duo
3299 377 3596 434 intellectus

362 482 468 533 ret;
493 486 584 541 per
604 485 658 523 se
682 469 818 523 enim
841 467 1123 538 perfectum
1146 505 1160 531 ,
1182 464 1618 533 quemadmodum
1640 476 1688 520 et
1715 465 1928 519 incaus-

359 574 502 615 sate;
549 574 709 629 neque
747 552 1171 624 impassibilitas;
1211 553 1445 624 alioquin
1485 563 1532 608 et
1578 570 1793 609 manens
1818 594 1832 620 ,
1878 563 1926 608 et

358 652 649 721 inﬁnitum,
675 657 721 701 et
744 645 1247 714 incircumscriptum
1277 654 1429 699 esset.
1475 643 1600 698 Non
1639 645 1776 697 enim
1817 643 1929 714 pati

360 737 673 792 naturaliter
700 736 859 797 inest,
892 733 1032 803 quod
1063 732 1374 786 naturaliter
1399 732 1414 762 ⁸
1464 731 1784 803 impassibile
1818 742 1924 797 est,

357 825 497 895 quod
520 839 680 894 neque
701 830 911 875 amatur
929 820 992 874 ab
1020 820 1148 886 alio,
1172 829 1263 873 aut
1285 829 1518 875 movetur
1543 820 1613 873 ad
1632 819 1779 873 aliud
1801 820 1927 890 quid

359 935 448 987 per
484 933 732 971 amorem.
768 912 946 969 Solius
971 913 1109 966 enim
1139 911 1236 966 Dei
1262 922 1335 965 est
1360 912 1381 942 ⁸
1429 910 1551 980 ﬁnis
1576 927 1685 965 esse
1721 921 1768 963 et
1806 926 1926 979 per-

359 1007 512 1074 fectio
562 1015 608 1059 et
654 1000 1082 1072 impassibilitas,
1145 1000 1327 1053 merito
1372 997 1840 1063 incommutabilis,
1881 1007 1928 1051 et
1978 1013 1994 1025 α

362 1094 522 1163 pleni,
547 1102 593 1147 et
616 1090 983 1161 impassibilis:
1008 1104 1188 1143 eorum
1213 1103 1349 1152 vero,
1371 1102 1504 1157 quae
1523 1086 1665 1156 facta
1689 1095 1832 1150 sunt,
1859 1086 1929 1138 ad

356 1186 511 1251 finem
539 1182 799 1253 principio
827 1187 1085 1233 carentem
1114 1178 1326 1231 moveri.
1357 1174 1548 1230 Omnia
1574 1175 1710 1229 enim
1730 1215 1745 1241 ,
1771 1190 1931 1244 quae-

358 1291 559 1345 cunque
589 1273 731 1343 facta
760 1280 908 1336 sunt,
942 1270 1218 1341 patiuntur
1247 1267 1439 1320 moveri
1455 1306 1470 1331 ,
1498 1266 1630 1319 sicut
1658 1282 1752 1330 ea,
1798 1280 1930 1335 quae

358 1380 462 1416 non
484 1370 627 1425 sunt,
643 1376 735 1432 per
753 1376 807 1414 se
828 1359 998 1428 ipsum
1019 1367 1209 1420 motus,
1227 1364 1315 1408 aut
1337 1370 1428 1424 per
1447 1370 1500 1407 se
1516 1354 1682 1423 ipsam
1701 1353 1722 1384 ³
1764 1354 1928 1407 virtus

357 1464 496 1507 sunt.
532 1452 592 1508 Si
626 1454 744 1522 ergo
776 1467 836 1505 ea
857 1490 871 1513 ,
899 1465 1032 1520 quae
1056 1446 1228 1518 genita
1255 1454 1374 1500 sunt
1397 1485 1413 1511 ,
1441 1443 1774 1499 rationabilia
1804 1443 1929 1497 sub-

363 1544 587 1604 sistunt,
618 1539 828 1593 Omnino
856 1538 1016 1591 etiam
1044 1542 1333 1598 moventur,
1366 1541 1543 1602 utpote
1575 1548 1639 1586 ea:
1674 1531 1930 1601 principio

359 1631 643 1684 secundum
674 1637 916 1682 naturant
941 1641 1033 1695 per
1065 1640 1174 1679 esse
1207 1624 1274 1677 ad
1303 1622 1491 1690 ﬁnem,
1527 1622 1810 1676 secundum
1846 1637 1932 1675 co-

2034 463 2303 527 dicuntur,
2343 464 2468 517 dum
2504 464 2647 518 circa
2700 479 2864 521 unum
2908 465 3149 519 omnium
3187 468 3503 536 principium
3543 482 3601 526 tt

2030 552 2188 607 ﬁnem
2220 561 2524 615 versantur,
2560 553 2705 607 verbi
2738 553 2941 625 gratia,
2973 553 3137 608 veluti
3176 555 3219 610 si
3259 557 3379 624 quis
3407 558 3600 614 dixerit

2029 643 2097 697 ab
2128 643 2398 698 intellectu
2427 644 2677 714 principii
2707 645 2775 699 ad
2802 644 3130 699 intellectum
3163 645 3286 702 ﬁnis
3315 648 3365 701 in
3398 648 3528 704 Deo.

2101 734 2188 787 7i.
2222 733 2422 787 Deinde
2450 735 2729 788 considera
2747 774 2762 800 ,
2790 735 2917 804 quia
2944 751 3137 800 omne,
3168 738 3309 805 quod
3340 739 3600 809 principio

2029 831 2180 879 caret
2209 831 2262 878 et
2292 822 2426 888 ﬁne,
2453 823 2597 879 omni
2624 838 2835 892 quoque
2862 832 3008 879 motu
3039 839 3225 879 carere
3253 842 3471 882 necesse
3494 838 3596 883 est.

2030 912 2171 967 Deus
2218 920 2397 967 autem
2448 911 2714 986 ἄναρχος.
2758 912 2860 968 hoc
2888 923 2994 977 est,
3037 914 3155 969 siue
3194 915 3457 983 principio
3485 927 3597 982 est,

2028 1004 2154 1073 quia
2205 1003 2278 1058 nil
2326 1018 2450 1058 eum
2497 1004 2803 1073 praecedit,
2857 1019 2955 1058 nec
3008 1019 3131 1058 cum
3183 1004 3377 1070 eﬁicit,
3419 1016 3480 1061 ut
3508 1010 3595 1062 sit.

2030 1094 2139 1149 Nec
2177 1094 2337 1149 ﬁnem
2380 1095 2571 1157 habet,
2616 1094 2869 1164 quoniam
2916 1093 3156 1153 inﬁnitus
3200 1104 3302 1150 cst.
3344 1097 3427 1151 Nil
3456 1099 3600 1153 enim

2029 1194 2152 1252 post
2199 1198 2322 1238 eum
2370 1183 2704 1255 intelligitur,
2746 1184 2873 1237 dum
2916 1184 3180 1238 terminus
3219 1185 3460 1241 omnium
3492 1188 3599 1250 sit,

2031 1273 2171 1329 ultra
2204 1289 2364 1344 quem
2397 1274 2531 1327 nihil
2562 1273 2924 1342 progreditur.
2952 1271 3165 1327 Nullum
3194 1274 3356 1343 igitur
3397 1285 3599 1329 monitu

2032 1361 2244 1432 recipit.
2298 1361 2412 1416 Non
2464 1362 2608 1416 enim
2637 1362 2832 1426 habet,
2862 1376 2969 1431 quo
3002 1362 3044 1394 ¹⁶
3075 1378 3133 1417 se
3179 1372 3425 1428 moveat,
3473 1366 3598 1419 dum

2028 1451 2342 1522 plenitudo,
2397 1461 2452 1507 et
2494 1453 2643 1508 locus
2671 1493 2686 1518 ,
2730 1461 2786 1507 et
2830 1452 3126 1522 perfectio,
3173 1461 3227 1507 et
3276 1454 3438 1508 statio
3469 1495 3485 1519 ,
3546 1466 3602 1509 et

2033 1547 2202 1595 totum
2247 1541 2485 1596 omnium
2529 1542 2635 1595 sit:
2683 1542 2847 1596 immo
2885 1541 3047 1595 etiam
3079 1541 3121 1572 ἰ
3168 1540 3451 1611 plusquam
3491 1542 3599 1611 ple—

2032 1632 2220 1687 nitudo
2275 1640 2333 1686 et
2381 1630 2686 1702 perfectio,
2740 1632 3022 1702 plusquam
3080 1631 3229 1687 locus
3283 1640 3341 1687 et
3389 1634 3551 1689 statio
3584 1674 3597 1695 .

359 1722 640 1791 gnitionem
676 1735 767 1787 per
803 1717 926 1771 bene
966 1722 1076 1770 eise
1122 1724 1281 1768 mota.
1328 1711 1482 1767 Finis
1524 1712 1662 1767 enim
1714 1727 1931 1776 eorum,

2039 1722 2315 1793 plusquam
2374 1730 2545 1778 totum
2587 1722 2825 1777 omnium
2870 1731 2972 1777 est.
3030 1722 3157 1777 Plus
3202 1722 3345 1777 enim
3392 1732 3477 1778 est
3530 1725 3599 1787 υ,

356 1830 489 1884 quae
516 1820 801 1876 moventur,
824 1818 994 1863 motus
1038 1809 1208 1877 ipsum
1257 1806 1310 1860 in
1336 1821 1417 1870 eo,
1445 1805 1581 1876 quod
1603 1820 1803 1873 semper
1828 1812 1924 1868 est,

359 1906 483 1957 bene
527 1917 635 1956 esse
682 1909 780 1955 est.
835 1897 982 1954 Sicut
1021 1906 1068 1950 et
1108 1894 1419 1964 principium
1460 1893 1741 1962 est‘ipsum
1781 1907 1925 1957 esse,

356 1994 496 2064 quod
530 1991 738 2062 quidem
773 1997 847 2042 est
884 1986 1049 2052 Deus,
1088 1984 1178 2055 qui
1212 1992 1258 2037 et
1291 1998 1399 2036 esse
1435 1981 1546 2047 dat,
1583 1992 1631 2035 et
1667 1982 1790 2036 bene
1818 1997 1928 2035 esse

358 2086 550 2147 donat,
582 2081 704 2150 jure
728 2075 1039 2149 principium
1065 2083 1114 2128 et
1140 2074 1281 2142 ﬁnis.
1315 2072 1399 2127 Ea:
1430 2074 1540 2143 ipso
1578 2073 1717 2126 enim
1750 2082 1797 2126 et
1837 2072 1929 2126 ab-

358 2176 526 2231 solute
572 2171 765 2226 moveri
812 2185 935 2232 nos,
985 2153 1102 2222 ut'a
1138 2164 1414 2235 principio,
1448 2173 1495 2217 et
1534 2179 1737 2234 quoquo
1774 2164 1927 2216 modo

357 2266 552 2321 moveri
579 2264 647 2318 ad
676 2278 760 2326 se,
804 2269 861 2313 ut
901 2258 969 2311 ad
1006 2256 1199 2325 ﬁnem,
1240 2264 1336 2309 est.
1378 2252 1439 2308 Si
1481 2263 1652 2335 autem
1699 2261 1931 2306 movetur

360 2349 844 2409 conrationabiliter
870 2346 1067 2401 sibimet
1095 2340 1501 2397 intellectualitet
1530 2340 1552 2374 ⁸
1606 2340 1931 2399 intellectua-

359 2449 438 2507 te,
469 2441 678 2498 omnino
708 2440 862 2493 etiam
888 2435 1150 2505 intelligit.
1193 2432 1250 2488 Si
1287 2442 1460 2490 autem
1501 2431 1777 2502 intelligit,
1819 2447 1928 2485 om-

357 2535 485 2588 nino
510 2538 690 2591 amat,
722 2526 861 2597 quod
887 2523 1148 2595 intelligit.
1185 2521 1247 2578 Si
1276 2531 1455 2585 amat,
1482 2522 1682 2591 patitur
1717 2522 1928 2575 omnino
1960 2572 1967 2581 ,

360 2624 429 2677 ad
455 2621 622 2691 ipsum
643 2658 658 2683 ,
685 2628 740 2672 ut
768 2615 1022 2680 amabile,
1063 2630 1348 2668 excessum.
1393 2610 1453 2687 Si
1492 2622 1666 2666 autem
1710 2615 1928 2683 patitur,

359 2709 590 2780 profecto
616 2707 771 2761 etiam
811 2703 1040 2774 festinat.
1078 2701 1136 2757 Si
1176 2702 1420 2772 festinat,
1460 2704 1669 2756 omnino
1708 2701 1931 2757 intendit

282 2857 285 2860 ἠ
361 2794 589 2851 ualidum
617 2803 830 2848 motum.
863 2792 921 2847 Si
963 2800 1135 2846 autem
1176 2791 1395 2845 intendit
1435 2791 1666 2845 validum
1700 2802 1928 2857 motum,

2028 1826 2189 1881 quam
2235 1812 2376 1882 quod
2434 1813 2499 1867 de
2552 1827 2612 1868 se
2656 1812 2851 1867 dicitur
2896 1819 2954 1866 et
3004 1813 3353 1883 intelligitur,
3405 1816 3603 1883 quovis

2027 1900 2190 1956 modo
2249 1909 2304 1956 et
2350 1900 2562 1956 dicatur
2617 1901 2743 1971 quid
2772 1901 2838 1956 de
2866 1915 2931 1956 eo
2959 1908 3011 1955 et
3060 1900 3402 1970 intelligatur.
3452 1900 3598 1955 DISC.

2030 1988 2174 2046 Haec
2204 1989 2335 2045 mibi
2365 1990 2509 2069 clare
2534 1989 2833 2055 luccscunt,
2865 1997 2923 2043 ut
2952 1990 3160 2059 opinor.
3188 1989 3327 2043 MAG.
3356 1988 3413 2043 Si
3437 1990 3602 2060 igitur

2027 2095 2239 2136 omnem
2270 2091 2471 2135 motum
2514 2089 2795 2137 creaturae
2835 2080 3133 2144 distribuis,
3168 2081 3335 2134 Deum
3375 2095 3510 2135 vero
3538 2080 3603 2133 li-

2026 2172 2216 2235 herum
2255 2172 2402 2225 omni
2443 2180 2589 2225 motu
2638 2170 2794 2236 facis,
2827 2179 3078 2225 tantaene
3120 2171 3391 2225 tarditatis
3427 2187 3509 2233 es,
3548 2180 3605 2224 ut

2028 2261 2098 2323 ei,
2129 2276 2158 2314 a
2204 2276 2312 2330 quo
2351 2275 2567 2316 omnem
2616 2270 2822 2315 motum
2852 2259 3143 2323 abstrahis,
3180 2258 3355 2314 facere
3384 2261 3466 2314 vel
3494 2261 3604 2330 pati

2030 2351 2256 2416 tribuas,
2289 2367 2411 2406 cum
2446 2351 2547 2406 ista
2575 2351 2680 2406 duo
2714 2350 3079 2405 indubitanter
3119 2364 3225 2403 non
3267 2351 3368 2403 nisi
3413 2350 3466 2403 in
3498 2351 3603 2411 his,

2028 2442 2225 2512 quibus
2248 2451 2424 2496 motus
2455 2442 2616 2507 inest,
2642 2440 2758 2504 ﬁcri
2787 2455 2944 2511 posse
2970 2440 3241 2510 prioribus
3277 2441 3607 2495 rationabili.

2027 2531 2128 2587 bus
2155 2532 2607 2596 conclusionibus,
2633 2540 2691 2585 ut
2721 2531 2975 2595 arbitror,
3022 2545 3131 2584 non
3183 2530 3401 2587 incaute
3448 2531 3602 2585 (lede-

2029 2619 2139 2677 ris?
2154 2620 2298 2676 Disc.
2316 2619 2390 2674 De
2410 2619 2517 2689 pati
2544 2619 2689 2673 nullo
2712 2619 2869 2673 modo
2884 2618 3196 2684 dubitarim,
3224 2618 3602 2687 impassihileir

2028 2721 2263 2777 namque
2303 2707 2470 2762 Deum
2511 2720 2632 2762 esse
2664 2706 2883 2762 omnino
2926 2714 2981 2760 et
3022 2706 3188 2761 credo
3236 2714 3290 2762 et
3319 2706 3605 2776 intelligo:

2027 2796 2331 2865 passionem
2368 2794 2508 2860 dico,
2538 2810 2679 2865 quae
2705 2794 2992 2865 opponitur
3017 2793 3217 2860 facere,
3265 2794 3319 2851 id
3341 2805 3427 2849 est
3468 2795 3609 2850 ﬁeri.

364 2902 468 2941 non
489 2894 625 2950 stat,
651 2899 918 2955 quousque
942 2883 1035 2951 [ἰαί
1059 2891 1222 2936 totum
1250 2882 1303 2935 in
1331 2891 1437 2936 toto
1465 2891 1660 2948 amato,
1688 2893 1735 2936 et
1765 2900 1796 2937 a
1824 2892 1931 2936 toto
2030 2883 2162 2951 Quis
2187 2884 2329 2939 enim
2371 2884 2568 2939 dixerit
2596 2893 2691 2938 aut
2718 2884 3032 2950 crediderit,
3074 2894 3279 2953 quanto
3326 2885 3497 2954 magis
3528 2885 3613 2940 in»

362 2974 844 3046 comprehendatur,
893 2972 1109 3027 libenter
1151 2980 1316 3025 totum
1362 2971 1647 3025 secundum
1692 2971 1932 3026 uolunta-
1983 2995 1987 2999 ·
2033 2974 2317 3039 tellexerit,
2369 2974 2534 3028 Deum
2584 2974 2694 3043 pati
2744 2972 2885 3038 ﬁeri,
2929 2975 3055 3029 dum
3083 2974 3307 3030 Creator
3354 2976 3445 3037 sit,
3502 2991 3614 3031 non

362 3079 491 3134 tem,
514 3067 799 3122 salutarem
823 3064 1080 3134 accipiens
1106 3063 1630 3127 circumscriptionem
1649 3102 1664 3128 ,
1691 3072 1746 3116 ut
1767 3074 1930 3117 totum
1960 3069 2005 3131 ς,
2034 3063 2317 3119 creatura?
2354 3063 2488 3116 Dum
2513 3064 2678 3129 enim,
2704 3072 2764 3118 ut
2788 3063 3105 3135 jamdudum
3136 3065 3278 3119 inter
3304 3080 3402 3119 nos
3422 3064 3613 3120 confe-

363 3166 471 3212 toto
498 3156 756 3227 aﬂiciatur
776 3152 1246 3218 circumscribente,
1284 3162 1341 3206 ut
1379 3151 1509 3205 nihil
1538 3154 1746 3206 omnino
1781 3161 1933 3207 restet
1967 3149 1971 3152 ’
2037 3163 2185 3211 ctum
2217 3163 2320 3221 est,
2363 3154 2477 3209 ﬁeri
2507 3155 2649 3211 Deus
2687 3155 2903 3218 dicitur,
2941 3155 3169 3225 ﬁgurata
3194 3156 3426 3225 quadarn
3455 3156 3616 3212 locu—

361 3248 489 3303 uelle
516 3264 581 3302 ex
608 3248 775 3317 seipso
804 3245 1029 3316 seipsam
1058 3252 1222 3297 totum
1252 3259 1557 3313 cognoscere
1585 3242 1802 3297 valendo
1833 3244 1935 3297 cir-

364 3340 736 3408 cumscriptum
757 3377 773 3402 ,
798 3336 887 3390 sed
914 3351 979 3390 ea:
1006 3333 1457 3389 circumscribente
1481 3373 1496 3399 ,
1541 3334 1673 3387 sicut
1715 3349 1807 3387 aer
1845 3350 1938 3404 per

366 3438 532 3482 totum
555 3426 885 3480 illuminatur
908 3423 1103 3478 lumine
1124 3463 1141 3489 ,
1170 3432 1218 3477 et
1258 3424 1374 3493 igne
1413 3422 1608 3492 ferrum
1637 3433 1802 3477 totum
1829 3432 1936 3478 toto

368 3516 727 3587 liquefactum.
768 3514 1034 3579 Videsne,
1074 3514 1341 3583 quomodo
1373 3511 1682 3581 praedictus
1713 3526 1938 3567 venera-

371 3608 496 3663 bilis
526 3606 785 3675 magister
815 3618 1031 3658 omnem
1059 3611 1261 3656 motum
1288 3600 1310 3632 '
1367 3615 1472 3655 non
1509 3600 1612 3656 uisi
1645 3601 1765 3666 his,
1803 3615 1941 3672 quae

370 3710 401 3749 ιι
441 3692 709 3764 principio
752 3692 1043 3756 inchoent,
1088 3699 1144 3745 et
1182 3704 1280 3760 per
1318 3688 1613 3743 naturalem
1641 3698 1843 3744 motum
1872 3688 1939 3744 ad

370 3786 532 3840 ﬁnem
568 3798 723 3837 suum
761 3781 1013 3843 tendunt,
1053 3781 1241 3835 edocet
1276 3780 1489 3846 inesse,
1536 3781 1817 3851 ipsumque
1845 3797 1945 3836 na-

371 3873 595 3929 turalem
641 3880 843 3926 motum
889 3869 1180 3941 tripliciter
1226 3869 1450 3925 deﬁniat
1492 3869 1612 3924 sic:
1647 3869 1818 3923 Motus
1866 3879 1939 3923 est

370 3965 537 4019 uirtus
567 3961 825 4015 naturalis
853 3960 922 4014 ad
952 3977 1105 4014 suum
1129 3959 1285 4027 ﬁnem
1319 3959 1572 4029 festinans
1615 3957 1636 3989 ⁸
1660 3998 1675 4025 ,
1712 3958 1795 4012 vel
1829 3959 1938 4014 sic:

373 4053 553 4109 Motus
583 4062 657 4106 cst
685 4052 858 4122 passio
886 4067 950 4105 ea:
977 4049 1142 4104 altero
1169 4052 1375 4105 veniens
1406 4049 1474 4102 ad
1505 4047 1726 4103 alterum
1745 4088 1761 4115 ,
1790 4049 1940 4120 cujus

370 4146 492 4221 ﬁnis
519 4153 595 4199 est
628 4141 1020 4214 impassibilitas
1043 4178 1061 4207 ,
1098 4149 1190 4194 aut
1227 4140 1349 4195 sic:
1387 4137 1562 4192 Motus
1601 4147 1675 4192 est
1711 4140 1940 4208 operatio

373 4239 574 4303 activa,
621 4237 772 4307 cujus
813 4227 935 4305 ﬁnis
965 4242 1040 4288 est
1076 4247 1168 4299 per
1201 4232 1425 4301 seipsam
1463 4230 1708 4300 perfectio
1733 4231 1759 4285 ?
1791 4229 1944 4297 Quod

376 4338 553 4385 autem
590 4329 762 4392 dixit,
800 4337 972 4381 motus
1008 4333 1082 4378 est
1120 4324 1292 4394 passio
1332 4322 1396 4376 ab
1435 4320 1600 4375 altero
1635 4320 1834 4376 veniens
1872 4322 1942 4375 ad

2038 3245 2182 3301 tione
2211 3245 2314 3301 dici
2335 3244 2681 3301 manifestum
2711 3254 2814 3299 est.
2841 3243 2982 3313 Fieri
3010 3244 3273 3313 siquidem
3294 3246 3619 3300 aestimatur

2038 3336 2096 3393 in
2132 3339 2393 3392 creaturis
2422 3338 2533 3392 suis
2563 3335 2961 3399 universaliter,
2991 3335 3115 3390 dum
3148 3335 3201 3389 in
3246 3335 3327 3390 eis
3365 3350 3472 3390 non
3522 3346 3619 3391 so—

2039 3427 2149 3482 lum
2199 3426 2516 3496 intelligitur
2558 3440 2700 3489 esse,
2745 3424 2862 3478 sine
2910 3439 3016 3492 quo
3051 3438 3172 3477 esse
3215 3439 3321 3477 non
3364 3434 3618 3493 possunt,

2041 3518 2133 3573 sed
2161 3517 2323 3573 etiam
2352 3516 2397 3548 ¹³
2425 3531 2612 3571 eorum
2639 3516 2869 3569 essentia
2900 3514 2990 3568 sit.
3033 3514 3164 3569 Esse
3195 3515 3330 3569 enim
3376 3517 3615 3567 omnium

2042 3612 2137 3671 est,
2165 3621 2427 3674 superesse
2446 3602 2704 3657 Divinitas
2751 3604 2818 3667 ιδ,
2851 3611 2909 3657 ιιι
2943 3613 3158 3657 sanctus
3188 3603 3265 3657 ait
3308 3602 3621 3672 Dionysius.

2042 3694 2249 3749 Dicitur
2272 3694 2434 3747 etiam
2461 3694 2504 3725 "
2530 3692 2584 3747 in
2611 3692 2893 3747 animabus
2915 3691 3152 3746 ﬁdelium
3199 3692 3337 3755 lteri,
3374 3692 3500 3745 dum
3527 3702 3626 3749 aut
3716 3682 3717 3685 “

2040 3800 2139 3856 per
2184 3783 2344 3839 ﬁdem
2383 3792 2438 3838 et
2461 3784 2715 3837 virtutem
2755 3783 2809 3837 in
2862 3782 2941 3837 eis
2994 3783 3318 3851 concipitur,
3370 3793 3465 3836 aut
3527 3799 3627 3851 per

2042 3873 2202 3929 ﬁdem
2226 3872 2457 3943 quodam
2483 3873 2641 3927 modo
2669 3872 2885 3926 inchoat
2913 3871 3159 3942 intelligi.
3193 3870 3278 3924 Nil
3303 3872 3447 3926 enim
3473 3872 3628 3926 aliud

2043 3972 2127 4019 est
2170 3964 2324 4029 ﬁdes,
2369 3971 2429 4016 ut
2456 3962 2665 4031 opinor,
2697 3960 2801 4016 nisi
2850 3961 3173 4030 principium
3212 3960 3503 4028 quoddam,
3555 3974 3626 4014 ex

2045 4068 2152 4124 quo
2185 4052 2424 4124 cognitio
2467 4050 2743 4107 Creatoris
2789 4049 2843 4104 in
2893 4059 3087 4104 natura
3149 4049 3451 4103 rationabili
3504 4050 3627 4103 ﬁeri

2049 4144 2257 4214 incipit.
2311 4143 2389 4198 De
2417 4128 2595 4197 facere
2627 4155 2753 4195 vero
2800 4140 2843 4171 "
2874 4140 3107 4194 nondum
3152 4138 3295 4192 clare
3319 4138 3500 4200 video,
3550 4149 3632 4192 to-

2046 4242 2159 4288 tam
2242 4248 2451 4289 sacram
2521 4231 2896 4301 Scripturam,
2962 4229 3389 4296 eatholicamque
3464 4227 3631 4281 fidem

2047 4322 2305 4379 factorem
2337 4322 2577 4379 omnium
2607 4321 2771 4375 Deum
2799 4319 2951 4374 lateri
2976 4318 3218 4373 audiens.
3253 4317 3388 4372 Mtte.
3419 4315 3635 4372 Facere

378 4419 601 4474 alterum
624 4459 639 4484 ,
673 4419 796 4472 dum
835 4416 901 4471 de
931 4416 952 4447 '
1006 4412 1238 4469 naturali
1277 4419 1424 4467 motu
1464 4410 1798 4482 intelligitur,
1834 4427 1941 4467 non
1969 4413 2021 4472 D
2047 4414 2164 4467 sine
2191 4421 2337 4466 motu
2368 4409 2613 4466 facientis
2641 4422 2763 4463 esse
2792 4424 2897 4462 non
2919 4421 3075 4475 posse
3094 4406 3207 4475 jam
3244 4406 3457 4460 dedisti.
3477 4407 3634 4460 DISC.

379 4505 454 4559 ita
503 4515 591 4561 est
631 4503 1033 4574 intelligendum
1060 4541 1076 4568 ,
1110 4510 1171 4555 ut
1204 4499 1346 4554 aliud
1382 4499 1454 4555 sit
1492 4499 1810 4570 principium
1833 4538 1848 4564 ,
1879 4513 1947 4553 ex

377 4613 486 4672 quo
522 4596 791 4668 passibilis
831 4602 1039 4658 motus,
1084 4593 1136 4648 id
1175 4600 1286 4657 est,
1318 4601 1519 4648 motum
1554 4606 1708 4646 suum
1738 4593 1949 4662 patiens

378 4694 613 4755 inchoat,
634 4699 689 4743 et
714 4688 855 4743 aliud
887 4687 1036 4752 ﬁnis,
1067 4701 1225 4756 quem
1258 4684 1490 4756 appetit,
1523 4683 1648 4737 dum
1675 4682 1946 4748 omnium,

379 4797 518 4852 quae
566 4778 888 4836 naturaliter
934 4786 1215 4831 moventur
1244 4775 1292 4838 ',
1351 4772 1671 4843 principium
1721 4779 1775 4826 et
1826 4770 1948 4825 ﬁnis

381 4888 546 4930 unum
578 4873 688 4937 sit;
720 4879 803 4925 est
828 4869 969 4923 enim
999 4870 1173 4933 Deus,
1205 4883 1234 4921 a
1263 4882 1403 4936 quo,
1434 4874 1485 4920 et
1527 4880 1620 4934 per
1664 4878 1825 4934 quem
1852 4903 1865 4926 ,
1896 4870 1951 4917 et

382 4967 449 5023 ad
478 4979 637 5037 quem
683 4970 967 5017 moventur
1000 4959 1221 5014 omnia:
1268 4958 1360 5012 sed
1402 4956 1524 5025 quia
1567 4954 1702 5007 alius
1744 4952 1949 5007 intelle-

382 5070 504 5113 ctus
528 5064 614 5111 est
640 5056 665 5090 ⁸
692 5051 970 5123 principii,
1006 5060 1059 5106 et
1088 5049 1225 5101 alius
1256 5043 1558 5099 intellectus
1597 5040 1749 5105 ﬁnis,
1798 5040 1947 5094 ideo-

2050 4501 2200 4556 Dedi.
2222 4499 2471 4554 Mtc.Aut
2486 4498 2646 4568 igitur
2662 4505 2862 4551 motum
2877 4495 2987 4550 Deo
3005 4496 3177 4558 dabis,
3193 4495 3308 4549 sine
3328 4508 3435 4563 quo
3449 4493 3637 4548 facere

2053 4608 2159 4648 non
2183 4591 2518 4660 intelligitur,
2562 4597 2656 4643 aut
2686 4587 2843 4641 simul
2871 4596 2927 4641 et
2950 4596 3153 4643 motum
3192 4594 3247 4641 et
3270 4584 3450 4640 facere
3474 4585 3547 4639 ab
3568 4598 3637 4639 eo

2056 4681 2287 4738 auferes.
2414 4733 2421 4741 ,

2130 4770 2218 4826 72..
2258 4771 2403 4826 Haec
2443 4770 2586 4825 enim
2630 4768 2732 4824 duo
2779 4768 2920 4823 inter
2962 4783 3045 4833 ea,
3095 4781 3234 4835 quae
3276 4766 3434 4820 simul
3485 4774 3638 4827 sunt,

2056 4868 2436 4933 computantur
2456 4900 2471 4925 ,
2503 4858 2766 4927 simulque
2791 4857 3040 4911 oriuntur
3067 4864 3120 4910 et
3161 4855 3433 4909 occidunt.
3486 4854 3636 4909 Diae.

2056 4951 2256 5006 Motum
2283 4952 2393 5005 Deo
2420 4950 2547 5004 dare
2570 4964 2674 5002 non
2711 4962 2952 5019 possum,
2983 4947 3073 5016 qui
3098 4945 3246 5011 solus
3282 4943 3646 4999 immutabilis

2057 5050 2161 5107 est,
2189 5055 2288 5095 nec
2313 5039 2495 5104 habet,
2524 5053 2649 5108 quo,
2674 5037 2758 5092 vel
2794 5036 2859 5091 ad
2899 5037 3025 5106 quid
3070 5050 3128 5089 se
3158 5043 3391 5098 mox-cat,
3428 5050 3553 5088 cum
3589 5033 3642 5085 in

1640 5191 1727 5249 VA
1736 5190 1895 5246 RIAE
1933 5191 2332 5249 LECTIONES.

461 5320 475 5347 ⁸
504 5322 597 5377 Sic
639 5320 811 5379 CDE;
857 5317 895 5369 A
945 5308 1319 5366 nniversaliter.

388 5370 593 5446 biliter.‘
639 5370 977 5446 '"Si—cyADE;
1008 5382 1047 5435 C
1078 5382 1128 5433 in
1159 5389 1342 5431 totum.
1406 5376 1428 5407 ⁸
1455 5374 1545 5429 Sic
1724 5373 2273 5446 ;A‘A._feslit_t_ans_ﬁnem
2296 5374 2441 5446 ,'_(est
2469 5387 2578 5446 out.
2608 5370 2695 5446 βε)

387 5440 635 5527 ungui
672 5440 892 5513 uici-em.
938 5440 988 5527 ft
1019 5451 1112 5506 Sic
1143 5447 1278 5527 cui;
1299 5465 1313 5511 ;
1357 5457 1563 5527 estnam.
1597 5444 1679 5527 Αλ
1720 5442 1782 5527 λς
1815 5440 2114 5527 Sigeriis
2144 5457 2293 5527 qua;
2316 5441 2539 5527 ριμφςιΤ

1445 5304 1583 5360 'Sic
1608 5302 1784 5368 ABE;
1836 5312 1911 5357 est
1965 5317 2073 5357 om.
2124 5302 2182 5358 C.

2295 5301 2437 5356 ’S‘ic
2494 5299 2691 5355 ACDE.
2796 5299 2818 5330 ⁸
2854 5297 2942 5353 Sic
2998 5297 3167 5362 CDE;
3219 5298 3260 5355 Δ
3314 5294 3652 5349 intellectua-

2770 5370 2790 5401 '
2824 5368 2912 5422 Sic
2941 5368 3110 5432 ADE;
3137 5368 3328 5421 deum.
3358 5367 3418 5419 tl.
3500 5366 3521 5393 "
3551 5364 3648 5417 Sic

2638 5433 2686 5471 η’
2711 5439 2802 5494 Sic
2828 5437 2998 5499 (IDE;
3028 5440 3069 5491 Α
3095 5449 3164 5490 et.
3272 5436 3313 5466 "
3341 5435 3430 5493 Sic
3460 5433 3648 5491 ADE;

389 5504 895 5590 E‘P’lés'ési'iiihi'}
926 5525 1019 5595 (cst
1038 5504 1312 5595 vom._ll_.)'
1364 5516 1405 5595 ξ’
1432 5517 1471 5569 Α
1499 5523 1545 5569 et
1639 5512 1684 5544 “
1720 5512 1809 5568 Sic
1833 5509 1918 5567 (ΣΕ
1941 5527 1956 5577 ;
1981 5504 2037 5565 Δί
2055 5504 2337 5591 superesse
2365 5504 2537 5564 autem
2569 5509 2893 5573 Divinitatts;
2928 5507 2967 5560 D
2988 5523 3184 5577 semper
3213 5522 3321 5559 esse
3347 5504 3615 5557 Dii-initus
3636 5519 3651 5531 ·

388 5580 429 5643 *ἶ
464 5580 780 5663 binum;
811 5580 965 5649 etiam
1006 5602 1075 5647 et,
1156 5589 1197 5620 "
1229 5580 1448 5641 D'enim.
