3904 6148
393 235 498 294 519

1759 243 2042 304 JOANNIS
2080 249 2277 307 SCOTI

3539 266 3640 324 δερ

390 345 730 436 simplicitas,
773 347 844 401 ibi
889 347 1072 412 aliud,
1123 355 1178 402 et
1209 353 1223 378 '
1273 348 1520 414 multum,
1591 352 1971 425 diversumque
1997 362 2044 420 Α
2073 375 2262 430 gressu
2326 361 2635 428 revolvitur,
2689 365 2957 435 totiusque
3021 377 3303 426 creaturae
3351 379 3641 436 amatorios

393 435 508 488 tieri
538 435 870 504 impossibile
907 447 1010 490 est.

461 526 547 579 74.
591 525 789 580 Vellem
816 535 993 580 tamen
1025 527 1264 594 apertius
1301 529 1432 585 mihi
1456 531 1705 599 suadeas,
1738 543 1794 588 ut
1820 535 1965 590 clare

389 617 617 678 videam,
664 616 790 668 dum
837 615 997 670 audio
1048 617 1214 672 Deum
1265 635 1450 674 amare
1503 621 1586 676 vel
1631 625 1825 691 amari,
1884 627 1962 681 nil

385 709 526 760 aliud
557 707 658 763 nisi
685 707 851 776 ipsius
877 715 1124 761 naturam
1156 708 1272 763 sine
1306 709 1413 765 ullo
1437 718 1583 765 motu
1608 715 1846 769 amantis
1876 715 1960 772 vel
2003 778 2010 783 D

381 798 544 850 amati
585 796 901 866 intelligam.
947 796 1082 852 Cum
1126 799 1271 852 enim
1316 799 1420 854 hoc
1455 802 1586 856 mihi
1631 801 1794 858 fuerit
1829 820 1958 860 sua-

378 902 516 949 sum,
547 883 693 940 nullo
737 886 897 940 modo
946 887 1250 951 haesitabo,
1292 889 1603 959 ubicunque
1641 890 1822 962 legero
1861 908 1958 949 seu

374 974 617 1039 audiero,
647 974 818 1044 ipsum
859 973 1019 1039 velle,
1059 975 1143 1030 vel
1193 977 1502 1032 desiderare
1547 988 1604 1034 et
1634 980 1952 1049 desiderari,

373 1063 597 1132 diligere
622 1074 677 1118 et
707 1065 874 1136 diligi,
908 1065 1090 1119 videre
1115 1074 1170 1118 et
1191 1067 1379 1133 videri,
1403 1078 1656 1138 appetere
1675 1078 1731 1125 et
1752 1073 1952 1140 appeti,

373 1169 588 1209 movere
631 1153 884 1210 similiter
923 1163 978 1209 et
1023 1156 1247 1210 moveri.
1300 1157 1448 1212 Haec
1495 1159 1639 1214 enim
1688 1161 1708 1191 '
1772 1163 1956 1217 omnia

371 1259 476 1298 uno
505 1243 804 1313 eodemque
839 1245 1153 1315 accipienda
1196 1256 1322 1302 sunt
1363 1249 1662 1305 intellectu.
1697 1251 1766 1308 Ut
1806 1255 1951 1309 enim

371 1332 636 1399 voluntas,
695 1343 750 1388 ct.
791 1349 982 1400 amor,
1028 1345 1084 1390 ct
1132 1337 1368 1404 dilectio,
1414 1340 1570 1407 visio,
1622 1343 1951 1401 desiderium

369 1439 582 1494 quoque
613 1433 668 1479 ct
715 1433 916 1492 motus,
964 1427 1092 1481 dum
1133 1429 1200 1482 de
1229 1444 1295 1484 eo
1338 1433 1743 1499 praedicantur,
1782 1451 1950 1490 unum

366 1515 708 1586 idipsumque
733 1517 891 1573 nobis
931 1518 1238 1584 insinuant;
1279 1521 1352 1575 ita
1391 1523 1576 1589 verba,
1607 1540 1702 1580 seu
1746 1528 1945 1595 activa,

362 1621 455 1658 seu
506 1607 751 1676 passiva,
819 1623 912 1662 seu
965 1609 1230 1663 neutralia
1296 1611 1426 1677 sint,
1477 1623 1534 1668 ct
1580 1615 1947 1687 cujuscunque

1998 487 2010 499 .
2071 458 2249 504 motus
2289 451 2342 505 in
2376 453 2554 521 seipso
2586 454 2856 509 terminat.
2910 455 3028 526 Ipsa
3059 473 3272 528 quoque
3301 461 3511 518 divinae
3547 483 3644 521 na-

2068 547 2221 594 turae
2247 540 2301 594 in
2324 542 2526 606 omnia,
2557 557 2696 611 quae
2741 545 2796 598 in
2820 559 2884 599 ea
2938 553 2995 600 et
3037 545 3106 600 ab
3144 562 3207 602 ea
3238 559 3388 613 sunt,
3427 551 3640 611 diﬂusio

2063 629 2244 683 omnia
2269 645 2451 686 amare
2473 632 2693 697 dicitur,
2733 647 2841 687 non
2880 634 3006 702 quia
3043 635 3152 690 ullo
3197 637 3240 669 ⁸⁰
3271 639 3430 695 modo
3451 641 3640 699 dill'un-

2063 715 2242 783 datur,
2272 719 2415 787 quod
2452 721 2600 774 omni
2636 730 2785 775 motu
2815 732 2985 788 caret,
3023 725 3312 796 omniaque
3347 729 3510 784 simul
3535 733 3637 788 im-

2061 809 2194 879 plet,
2226 811 2322 866 sed
2345 813 2471 882 quia
2499 813 2835 869 rationabilis
2853 817 3053 872 mentis
3077 820 3376 874 contuitum
3398 837 3499 892 per
3519 839 3637 880 om-

2059 899 2149 953 nia
2177 899 2427 957 dill‘undit
2477 912 2532 957 et
2573 914 2774 968 movet,
2828 906 2957 960 dum
3007 907 3310 966 dill‘usionis
3359 921 3414 967 et
3461 926 3638 974 motus

2059 989 2228 1042 animi
2269 1004 2434 1045 causa
2473 992 2567 1058 sil,
2595 994 2664 1048 ad
2695 1010 2820 1048 eum
2854 995 3231 1065 inquirendum
3278 1010 3333 1055 et
3363 1002 3636 1060 invenien-

2057 1078 2185 1134 dum
2214 1088 2290 1145 et,
2337 1090 2598 1150 quantum
2628 1085 2886 1152 possibile
2914 1097 3019 1152 est,
3047 1087 3478 1160 intelligendum,
3507 1097 3632 1164 quia

2055 1169 2239 1223 omnia
2276 1171 2483 1241 implet,
2533 1181 2592 1226 ut
2622 1174 2753 1238 sint,
2780 1184 2836 1230 et
2872 1176 3190 1232 universalis
3221 1179 3385 1234 veluti
3433 1185 3634 1239 amoris

2054 1259 2282 1328 paciﬁca
2324 1262 2669 1332 copulatione
2715 1265 2769 1319 in
2837 1265 3098 1320 unitatem
3165 1269 3575 1338 inseparabilem
3607 1311 3628 1338 ,

2054 1365 2196 1420 quae
2227 1361 2334 1418 est,
2359 1354 2502 1422 quod
2528 1353 2641 1423 ipse
2669 1364 2774 1419 est,
2804 1356 3055 1411 universa
3083 1356 3286 1428 colligit
3322 1370 3379 1414 et
3415 1361 3627 1432 insepa-

2052 1443 2297 1498 rabiliter
2321 1445 2360 1476 “
2382 1447 2810 1516 comprehendit.
2828 1448 3014 1502 Amari
3042 1449 3168 1504 item
3187 1451 3384 1506 dicitur
3409 1453 3478 1507 ab
3513 1471 3626 1511 om-

2051 1535 2231 1600 nibus,
2270 1551 2410 1606 quae
2446 1538 2516 1592 ab
2542 1552 2609 1593 eo
2649 1547 2794 1604 sunt,
2851 1555 2958 1594 non
2995 1541 3139 1608 quod
3180 1541 3250 1596 ab
3295 1544 3376 1597 eis
3421 1544 3624 1615 aliquid

2049 1625 2308 1694 patiatur,
2333 1627 2425 1696 qui
2473 1626 2620 1682 solus
2651 1628 2996 1698 impassibilis
3031 1637 3137 1696 est,
3182 1629 3279 1684 sed
3328 1631 3454 1700 quia
3499 1649 3620 1691 eum

358 1699 502 1792 modi
540 1699 931 1770 signiﬁcatione
977 1699 1342 1772 proferantur,
1375 1705 1520 1760 nulla
1552 1705 1939 1778 intelligentiae
1972 1706 2017 1766 Β
2044 1721 2223 1774 omnia
2247 1729 2530 1790 appetunt,
2565 1722 2840 1792 ipsiusque
2881 1722 3223 1792 pulchritudo
3251 1699 3432 1780 omnia
3468 1727 3536 1781 ad
3563 1742 3620 1783 se

357 1789 659 1846 dill'ercntia
713 1793 1087 1865 intelliguntur
1111 1795 1440 1865 discrepare,
1468 1805 1528 1851 ut
1560 1799 1774 1869 Opinor.
1795 1799 1936 1856 Msa.

356 1879 465 1935 Nec
489 1883 542 1936 in
575 1882 768 1940 talibus
798 1885 1078 1954 deceptum
1104 1894 1155 1941 te
1197 1903 1348 1953 reor;
1381 1889 1454 1942 ita
1492 1890 1636 1944 enim
1664 1893 1850 1958 sunt’,
1878 1902 1940 1948 ut

357 1976 659 2031 arbitraris.
719 1975 959 2031 Primum
1013 1978 1179 2049 igitur
1239 1980 1379 2035 hanc
1420 1982 1620 2038 amoris
1670 1982 1937 2040 deﬁnitio-

355 2078 476 2117 nem
524 2065 752 2135 accipe:
783 2068 951 2120 Amor
995 2077 1082 2120 est
1141 2069 1404 2123 connexio
1452 2084 1516 2123 ac
1559 2069 1583 2102 δ
1634 2070 1932 2142 vinculum,

351 2168 459 2221 quo
499 2155 740 2210 omnium
767 2171 950 2211 rerum
1001 2157 1325 2212 universitas
1353 2159 1374 2190 ⁸
1403 2158 1658 2214 ineffabili
1693 2164 1929 2218 amicitia

351 2245 727 2316 insolubilique
759 2247 967 2303 unitate
992 2247 1295 2319 c0pulatur.
1331 2248 1516 2305 Potest
1543 2260 1598 2306 et
1627 2251 1648 2282 ⁶
1676 2253 1756 2308 sic
1801 2253 1933 2310 deli-

349 2337 452 2392 niri
481 2355 493 2392 :
515 2339 682 2393 Amor
702 2349 784 2395 est
805 2341 1067 2396 naturalis
1087 2349 1274 2396 motus
1294 2343 1532 2396 omnium
1556 2358 1759 2411 rerum,
1788 2361 1931 2416 quae

346 2432 400 2484 in
427 2441 572 2487 motu
596 2441 740 2499 sunt,
756 2432 879 2487 linis
902 2433 1192 2502 quietaque
1213 2433 1391 2496 statio,
1412 2433 1550 2486 ultra
1571 2450 1730 2504 qnam
1752 2437 1929 2492 nullus

342 2534 626 2579 creaturae
640 2525 978 2595 progreditur
992 2535 1190 2581 motus.
1209 2525 1304 2580 His
1327 2525 1728 2582 deﬁnitionibus
1741 2537 1928 2597 aperte

343 2625 562 2672 sanctus
597 2617 881 2688 Dionysius
919 2617 1239 2688 astipulatur
1279 2618 1333 2672 in
1375 2620 1653 2675 amatoriis
1689 2620 1923 2691 hymnis,

343 2704 421 2759 sic
436 2705 621 2760 dicens
652 2705 925 2760 :Amorem
946 2707 1048 2762 sive
1065 2707 1319 2773 divinum,
1349 2708 1456 2761 sive
1482 2708 1794 2777 angelicum,
1821 2711 1926 2765 sive

342 2795 741 2852 intellectualem
760 2837 773 2864 ,
801 2798 905 2853 sive
927 2796 1206 2853 animalem
1229 2799 1249 2829 ⁷
1270 2838 1284 2863 ,
1310 2796 1413 2852 sive
1457 2797 1749 2853 naturalem
1776 2800 1925 2856 dica-

342 2901 480 2954 inus,
505 2886 756 2942 unitivam
783 2887 1048 2958 quandam
1070 2897 1116 2943 et
1136 2888 1543 2942 continuativam
1571 2889 1919 2960 intelligamus

337 2976 597 3046 virtutem,
642 2978 912 3048 superiora
928 2978 1138 3049 quidem
1164 2981 1445 3033 moventem
1463 2979 1514 3033 in
1535 2981 1917 3050 providentiam

2041 1809 2266 1864 attrahit
2301 1811 2368 1863 “.
2409 1810 2529 1881 Ipse
2557 1812 2700 1866 enim
2729 1811 2876 1867 solus
2904 1826 3032 1866 vere
3055 1814 3301 1870 amabilis
3339 1825 3446 1880 est,
3494 1818 3617 1886 quia

2039 1899 2187 1956 solus
2207 1916 2418 1956 summa
2447 1917 2512 1956 ac
2540 1900 2584 1934 ¹³
2610 1917 2734 1957 vera
2780 1902 2994 1960 bonitas
3037 1913 3092 1956 et
3117 1904 3459 1972 pulchritudo
3486 1919 3569 1960 est
3597 1924 3611 1960 :

2031 2003 2196 2045 omne
2215 1990 2480 2059 siquidem
2491 1991 2883 2061 ,-quodcunque
2904 1991 2956 2044 in
2979 1993 3242 2048 creaturis
3257 2009 3380 2049 vere
3393 1996 3611 2059 bonum,

2032 2095 2266 2150 vereque
2292 2081 2578 2152 pulchrum
2599 2082 2933 2153 amabileque
2951 2083 2994 2116 ιδ
3015 2084 3350 2154 intelligitur,
3379 2084 3493 2154 ipse
3505 2097 3607 2139 est.

2035 2172 2352 2228 Sicutenim
2385 2173 2591 2227 nullum
2625 2175 2823 2228 bonum
2855 2174 3142 2229 essentiale
3173 2182 3278 2239 est,
3313 2175 3387 2228 ita
3409 2174 3610 2229 nullum

2031 2262 2312 2331 pulchrum
2328 2278 2420 2317 seu
2435 2263 2666 2318 amabile
2680 2264 2986 2329 essentialc,
3004 2272 3217 2333 praeter
3229 2265 3401 2334 ipsum
3417 2263 3606 2320 solum.

2103 2353 2192 2408 75.
2229 2351 2387 2409 Sicut
2433 2369 2563 2424 ergo
2603 2353 2738 2424 lapis
2779 2354 2886 2420 ille,
2918 2355 3011 2423 qui
3051 2355 3250 2408 dicitur
3291 2368 3511 2424 magnes
3543 2356 3604 2420 “,

2030 2441 2275 2512 quamvis
2301 2442 2533 2496 naturali
2562 2457 2659 2496 sua
2690 2442 2890 2499 virtute
2917 2441 3122 2497 ferrum
3172 2443 3390 2498 sibimet
3416 2443 3461 2474 “
3485 2460 3607 2514 pro-

2025 2533 2292 2602 pinquans
2331 2533 2398 2587 ad
2436 2548 2496 2587 se
2533 2533 2791 2600 attrahat,
2819 2534 2965 2588 nullo
3005 2534 3164 2589 modo
3191 2542 3392 2599 tamen,
3418 2544 3476 2588 ut
3505 2537 3603 2590 hoc

2026 2623 2210 2688 faciat,
2237 2638 2297 2678 se
2334 2624 2509 2693 ipsum
2552 2632 2754 2690 movet,
2782 2632 2876 2678 aut
2897 2639 2928 2677 a
2952 2623 3094 2678 ferro
3153 2623 3354 2692 aliquid
3379 2625 3599 2693 patitur,

2024 2714 2167 2785 quod
2188 2713 2255 2768 ad
2275 2728 2335 2769 se
2355 2715 2580 2768 attrahit
2603 2733 2616 2768 :
2649 2715 2723 2769 ita
2751 2729 2933 2769 rerum
2956 2715 3198 2768 omnium
3220 2729 3382 2768 causa
3401 2716 3597 2779 omnia,

2023 2820 2164 2876 quae
2209 2820 2276 2860 ex
2323 2820 2382 2860 se
2406 2815 2549 2871 sunt,
2581 2804 2647 2859 ad
2694 2805 2929 2875 seipsam
2985 2805 3218 2870 reducit,
3243 2804 3362 2860 sine
3389 2805 3496 2860 ullo
3519 2807 3599 2861 sui

2024 2906 2193 2962 motu,
2218 2897 2311 2952 sed
2327 2897 2437 2952 sola
2465 2911 2594 2951 suae
2615 2897 3031 2968 pulchritudinis
3050 2897 3268 2952 virtute.
3297 2895 3435 2952 Hinc
3461 2897 3596 2951 idem

2021 2996 2240 3042 sanctus
2284 2986 2570 3057 Dionysius
2617 2987 2756 3040 inter
2805 2996 2984 3041 cetera
3034 2988 3148 3041 ait:
3207 2985 3384 3052 Quare
3428 2997 3596 3040 autem

335 3069 666 3138 inferiorum,
696 3080 745 3125 et
771 3069 1116 3142 aequiformia
1145 3072 1334 3124 iterum
1359 3071 1733 3127 insociabilem
1757 3074 1912 3129 vicis-
1942 3050 1986 3112 C
2021 3080 2264 3151 Theologi
2304 3050 2469 3134 Deum
2491 3079 2774 3153 aliquando
2802 3080 3010 3151 quidem
3039 3050 3289 3144 amorem,
3311 3079 3591 3151 aliquando

317 3161 638 3235 'situdjnem,
663 3172 713 3216 et
735 3163 1015 3217 novissima
1047 3161 1279 3231 subjecta
1319 3162 1389 3216 ad
1440 3163 1712 3217 meliorum
1750 3175 1798 3219 et
1825 3183 1915 3220 su-

330 3254 710 3322 perpositorum
729 3253 1130 3307 conversionem.
1158 3253 1299 3308 Idem
1325 3253 1377 3306 in
1391 3253 1622 3308 eisdem:
1651 3253 1913 3320 Quoniam

329 3359 396 3396 ea:
409 3359 511 3398 uno
536 3344 728 3397 multos
743 3359 946 3398 amores
976 3344 1350 3409 ordinavimus,
1373 3361 1508 3398 nunc
1522 3345 1708 3398 iterum
1733 3362 1910 3400 omnes

330 3437 384 3490 in
416 3452 576 3489 unum
597 3444 644 3489 et
667 3434 1018 3505 complicitum
1041 3450 1294 3501 amorem,
1335 3447 1379 3490 et
1417 3437 1648 3490 omnium
1677 3438 1910 3508 ipsorum

325 3537 525 3597 patrem
587 3525 951 3581 convolvuntus
1021 3526 1180 3580 simul
1233 3536 1282 3581 et
1339 3543 1705 3598 congregemus
1761 3527 1782 3560 ⁸
1844 3544 1909 3583 ea:

328 3620 530 3686 multis,
554 3619 723 3690 primo
767 3620 821 3672 in
868 3619 1002 3673 duas
1041 3620 1526 3689 comprehendentes
1565 3637 1683 3674 eum
1705 3631 1907 3674 amato-

328 3710 434 3764 rias
459 3707 822 3764 universaliter
843 3709 1080 3774 virtutes,
1111 3725 1334 3780 quarum
1356 3718 1658 3779 potentatur
1677 3719 1723 3762 et
1759 3710 1905 3779 priu-

325 3801 532 3870 cipatur
552 3799 761 3854 omnino
784 3815 849 3854 ea:
889 3801 1120 3853 omnium
1163 3800 1459 3853 summitate
1499 3789 1666 3852 dumis
1706 3800 1903 3853 amoris

325 3889 764 3944 iintitensurabtlis
798 3907 978 3954 causa,
1007 3899 1054 3944 et
1095 3889 1164 3943 ad
1205 3906 1362 3960 quam
1389 3889 1685 3944 extenditur
1707 3905 1900 3943 connu-

327 3983 568 4037 turaliter
592 3984 871 4054 unicuique
911 3983 1245 4038 existentium
1274 3993 1319 4037 et
1351 3983 1691 4037 existentibus
1730 3983 1898 4037 omni-

327 4074 420 4128 bus
459 4075 764 4129 universalis
791 4091 958 4128 amor.
999 4073 1186 4129 Idem’
1211 4074 1262 4128 in
1294 4074 1536 4128 eisdem:
1583 4073 1692 4144 Age
1739 4090 1900 4140 nunc,

325 4175 372 4218 et
401 4165 495 4220 has
520 4165 727 4230 iterum,
751 4165 848 4218 hoc
881 4174 977 4230 est,
1020 4164 1214 4218 amoris
1255 4164 1468 4218 virtutes
1507 4163 1562 4216 in
1592 4179 1751 4216 unum
1775 4179 1900 4217 con-

323 4267 593 4327 gregantes
636 4257 896 4321 dicamus,
949 4257 1073 4326 quia
1116 4271 1221 4308 una
1265 4254 1522 4324 quaedam
1565 4263 1638 4307 est
1679 4252 1900 4324 simplex

325 4347 510 4409 virtus,
537 4345 760 4404 seipsam
794 4361 997 4398 movens
1025 4344 1094 4396 ad
1134 4343 1386 4396 unitivam
1412 4341 1688 4410 quandam
1712 4350 1900 4411 tempe-

325 4435 552 4488 rantiam
574 4451 638 4488 ea:
680 4436 872 4504 Optimo
901 4451 1060 4504 usque
1102 4434 1433 4488 existentium
1467 4433 1822 4500 novissimum,
1847 4441 1894 4488 et

323 4525 387 4578 ab
413 4523 502 4576 illo
529 4525 715 4577 iterum
749 4534 1117 4594 consequenter
1138 4539 1231 4594 per
1266 4523 1442 4577 omnia
1477 4539 1638 4592 usque
1663 4522 1733 4576 ad
1764 4523 1898 4592 opti-

327 4633 500 4681 mum;
525 4633 588 4670 ea:
617 4632 669 4670 se
708 4618 843 4685 ipsa,
868 4626 914 4670 et
951 4633 1041 4684 per
1066 4633 1119 4670 se
1162 4617 1350 4684 ipsam,
1379 4626 1424 4669 et
1451 4615 1518 4668 ad
1550 4615 1771 4683 seipsam
1815 4631 1898 4668 se-

323 4709 490 4775 ipsam
533 4706 801 4769 reducens,
835 4717 881 4759 et
927 4707 982 4758 in
1021 4708 1244 4777 scipsam
1295 4722 1494 4761 semper
1535 4705 1711 4757 eodem
1742 4704 1896 4759 modo

322 4795 574 4851 revoluta.
621 4796 812 4852 Merito
854 4811 984 4866 ergo
1019 4812 1172 4851 amor
1208 4796 1348 4850 Deus
1379 4795 1596 4859 dicitur,
1626 4793 1752 4862 quia
1781 4809 1898 4847 om-

322 4887 407 4942 nis
433 4887 634 4942 amoris
670 4903 831 4943 causa
863 4897 964 4952 est,
994 4897 1048 4943 et
1067 4904 1163 4958 per
1188 4887 1368 4942 omnia
1399 4884 1733 4948 dill‘unditur,
1763 4893 1817 4937 et
1844 4883 1896 4937 in

323 4996 485 5035 unum
523 4981 726 5051 colligit
770 4983 974 5046 omnia,
1013 4991 1068 5036 et
1105 4981 1172 5034 ad
1219 4979 1455 5049 seipsum
1505 4975 1760 5032 ineﬂabili
1813 4991 1898 5028 rc-

2013 3187 2132 3226 vero
2177 3171 2530 3236 dilectionem,
2589 3169 2877 3238 aliquando
2934 3169 3157 3223 amabile
3203 3179 3252 3222 et
3303 3167 3593 3222 dilectabile

2012 3270 2194 3315 vocant
2229 3261 2268 3294 ιτ
2296 3261 2618 3316 iConclusit
2649 3274 2953 3316 sermonem
2997 3259 3076 3313 sic
3113 3257 3336 3313 dicens:
3386 3258 3507 3328 quia
3534 3274 3595 3312 eo

2009 3351 2217 3422 quidem
2241 3360 2494 3415 movetur,
2527 3366 2587 3404 eo
2616 3365 2732 3403 vero
2772 3356 2958 3402 movet.
2991 3346 3163 3414 Quam
3199 3345 3598 3401 conclusionem

2010 3442 2251 3511 apertius
2267 3440 2310 3472 "
2333 3440 2652 3495 venerabilis
2673 3437 2936 3494 Maximus
2949 3450 3221 3506 exponens
3240 3437 3317 3490 ait
3337 3453 3352 3489 :
3372 3446 3431 3488 ut
3448 3451 3599 3490 arnor

2006 3531 2214 3602 quidem
2236 3532 2518 3586 subsistens
2541 3529 2681 3584 Deus
2701 3538 2748 3584 et
2777 3528 2986 3582 dilectio
3014 3537 3245 3582 movetur
3275 3525 3343 3592 ¹⁹,
3388 3535 3448 3580 ut
3477 3542 3594 3580 vero

2008 3623 2232 3677 amabile
2260 3632 2306 3676 et
2326 3621 2570 3675 dilectum
2595 3629 2755 3674 movet
2783 3621 2853 3674 ad
2877 3622 3104 3690 seipsum
3127 3619 3302 3672 omnia
3325 3619 3523 3670 amoris
3546 3628 3594 3671 et

2005 3713 2362 3767 delectationis
2374 3712 2423 3748 ι’
2449 3713 2730 3781 acceptius.
2759 3710 2823 3764 Et
2852 3710 3064 3780 planius
3087 3709 3280 3762 iterum
3309 3705 3588 3778 profereno

2005 3801 2131 3856 dum
2163 3819 2177 3855 :
2220 3799 2462 3854 Movetur
2487 3799 2717 3870 quidem,
2741 3799 2891 3868 quasi
2919 3795 3330 3866 conjunctionem
3353 3795 3589 3863 ingerens

2003 3892 2401 3961 inseparabilem
2439 3892 2633 3945 amoris
2662 3900 2716 3944 et
2743 3888 3034 3943 dilectionis
3063 3903 3242 3942 eorum
3271 3887 3588 3955 acceptivis;

2001 3992 2169 4037 movet
2191 3991 2385 4047 autem,
2401 3982 2551 4052 quasi
2564 3981 2830 4034 ultra/iens
2849 3995 2940 4050 per
2962 3989 3204 4033 naturam
3230 3993 3432 4041 eorum,
3455 3992 3592 4046 quae

2001 4075 2055 4129 in
2085 4075 2253 4144 ipsum
2304 4074 2348 4105 ¹⁰
2405 4083 2695 4138 moventur,
2724 4072 3062 4136 desiderium,
3121 4082 3167 4124 et
3207 4069 3396 4124 iterum
3426 4079 3590 4122 moves

2000 4173 2048 4218 et
2075 4173 2310 4218 movetur
2336 4164 2380 4196 “
2404 4203 2419 4229 ,
2449 4164 2599 4234 quasi
2627 4163 2805 4216 sitiens
2827 4163 2986 4225 sitiri,
3017 4171 3064 4214 et
3105 4175 3287 4214 amans
3317 4160 3510 4225 amari,
3538 4170 3590 4212 et

2001 4255 2221 4325 diligens
2250 4254 2419 4324 diligi.
2443 4253 2576 4308 Nam
2603 4263 2658 4308 et
2679 4253 2767 4306 lux
2807 4253 2908 4307 ista
2929 4251 3219 4314 sensibilis,
3252 4264 3390 4319 quae
3417 4258 3589 4303 totum

2003 4345 2266 4400 visibilem
2319 4345 2576 4399 mundum
2605 4343 2877 4413 implet",
2899 4343 3024 4396 dum
3057 4341 3128 4396 sit
3157 4354 3370 4408 semper
3392 4339 3588 4393 immo-

2003 4436 2146 4501 bilis,
2189 4435 2435 4506 quamvis
2478 4433 2784 4490 vehiculum
2839 4433 2977 4502 ejus,
3008 4431 3151 4502 quod
3181 4429 3359 4484 solare
3385 4444 3589 4498 corpus

2003 4527 2248 4592 dicimus,
2265 4541 2359 4597 per
2381 4527 2552 4581 media
2575 4526 2809 4580 aetheris
2831 4525 3001 4594 spatia
3023 4525 3166 4578 circa
3191 4531 3390 4576 terram
3415 4531 3592 4574 aeter-

2005 4636 2075 4676 no
2107 4629 2251 4674 motu
2267 4619 2536 4683 volvatur,
2565 4618 2678 4686 ipsa
2701 4631 2829 4671 vero
2850 4616 2943 4669 lux
2965 4616 3033 4669 ab
3056 4615 3171 4684 ipso
3196 4613 3468 4673 vehiculo.
3497 4627 3589 4664 ve-

2004 4709 2098 4765 luti
2121 4711 2354 4780 quodam
2387 4708 2530 4762 fon-te
2591 4707 2936 4770 inexhausto,
2991 4719 3236 4765 manans,
3282 4703 3361 4755 ita
3403 4709 3587 4755 totum

2004 4802 2259 4856 mundum
2287 4799 2558 4854 radiorum
2585 4812 2804 4852 suorum
2835 4793 3259 4849 immensurabili
3296 4789 3589 4845 dill‘usione

2006 4889 2293 4958 perfundit,
2313 4897 2371 4942 ut
2386 4887 2589 4941 nullum
2605 4885 2778 4940 locum
2798 4884 3206 4953 relinquat,an
3221 4898 3278 4936 se
3293 4879 3585 4944 moveat”,

2005 4988 2292 5046 manetque
2337 4989 2552 5045 semper
2607 4972 2916 5030 immobilis.
2957 4971 3170 5042 Ubique
3217 4971 3361 5026 enim
3430 4971 3482 5023 in
3534 4969 3587 4999 “

1610 5111 1862 5166 VARIAE
1899 5109 2298 5168 LECTIONES.

389 5246 408 5280 '
439 5247 527 5301 Sic
555 5245 673 5311 CD;
702 5255 749 5299 et
777 5259 884 5300 om.
912 5243 980 5296 A.
1083 5249 1102 5278 '
1149 5242 1238 5296 Sic
1272 5242 1390 5303 CD;
1442 5241 1578 5294 enim
1619 5258 1728 5297 om.
1780 5241 1846 5294 Α.

319 5317 342 5348 ³
386 5316 475 5372 Sic
507 5317 625 5378 CD;
660 5317 703 5370 A
727 5314 1105 5368 universalitas.
1185 5313 1204 5343 ‘
1236 5311 1325 5365 Sic
1365 5314 1444 5374 C;
1484 5313 1526 5364 A
1553 5313 1734 5376 etiam,
1768 5313 1809 5366 D
1837 5328 1918 5365 ac.

317 5386 472 5441 Item.

317 5474 360 5529 Δ
403 5485 448 5528 et
480 5475 721 5529 amabile.

317 5558 435 5596 vero
463 5555 621 5599 movet
648 5575 715 5584 —-
737 5556 966 5597 movetur
985 5560 1093 5596 om.
1127 5544 1186 5597 D.

819 5475 863 5506 ⁸³
891 5457 979 5529 Sic
1005 5474 1078 5537 A;
1121 5471 1206 5525 CD
1235 5480 1520 5537 magnetes.

1947 5241 1967 5273 ³
1993 5241 2082 5296 Sic
2125 5239 2248 5306 CD;
2278 5258 2372 5311 pro
2416 5249 2536 5294 sunt
2573 5241 2615 5295 A
2653 5249 2887 5310 possunt.

1295 5541 1356 5576 ⁸³⁸
1385 5544 1474 5597 Sic
1503 5541 1542 5594 C
1573 5556 1586 5605 ;
1622 5540 1664 5592 Ι)
1689 5540 1999 5594 dilectionis.

2993 5238 3136 5294 ‘Sic
3189 5237 3309 5302 CD;
3366 5239 3404 5289 Α
3461 5252 3583 5296 aut.

2005 5313 2024 5344 '
2063 5313 2104 5366 D
2141 5308 2469 5365 animalium.
2583 5308 2670 5364 ⁸1)
2715 5311 3060 5379 congerimus.
3162 5309 3182 5338 θ
3221 5309 3311 5379 Sic
3351 5308 3482 5379 _CD;
3540 5313 3584 5364 Α

555 5387 596 5418 ¹⁰
618 5386 658 5440 C
684 5386 858 5447 nullo;
888 5384 929 5438 D
959 5383 1106 5436 iullo.
1170 5383 1208 5412 “
1246 5381 1336 5436 Sic
1364 5383 1482 5446 CD;
1505 5381 2079 5452 Ainseparabiliterque
2138 5383 2180 5412 ¹¹
2210 5382 2301 5438 Sic
2318 5381 2432 5447 CD;
2456 5382 2496 5434 A
2524 5381 2705 5435 traltit.
2762 5377 2916 5434 "Sic
2939 5378 3055 5443 CD;
3088 5379 3132 5432 Α
3153 5387 3220 5431 et.
3280 5378 3323 5407 "
3345 5377 3434 5432 Sic
3457 5378 3583 5445 CD;

1621 5470 1666 5502 ιο
1689 5471 1780 5523 Sic
1811 5470 1918 5536 eo;
1953 5471 1995 5524 Α
2019 5471 2134 5524 sibi.

2999 5469 3042 5500 ¹¹¹
3100 5467 3140 5518 Α
3172 5467 3364 5530 aptius.
3448 5469 3488 5500 "
3520 5486 3589 5521 eo

2236 5473 2274 5502 ³⁷
2303 5471 2392 5526 Sic
2436 5473 2559 5536 AD;
2615 5469 2920 5524 Ccvocant.
2999 5469 3042 5500 ¹¹¹
3100 5469 3140 5518 Α
3172 5469 3364 5530 aptius.
3448 5469 3488 5500 "
3520 5486 3559 5521 ei

2240 5557 2268 5590 c
2307 5542 2490 5590 (101A
2529 5544 2580 5590 in
2600 5559 2653 5590 se
2680 5539 2874 5590 ipsum.
2977 5538 3020 5567 ¹¹
3051 5537 3140 5589 Sic
3181 5537 3300 5590 Cl):
3335 5538 3376 5588 Α
3410 5555 3559 5590 more

2109 5540 2152 5571 ²⁶
2179 5540 2268 5594 Sic
2307 5542 2422 5605 CD;
2448 5544 2490 5594 Α
2529 5544 2653 5595 inse
2680 5539 2874 5608 ipsum.

317 5626 523 5683 utrque.
601 5616 644 5644 ”
674 5614 761 5668 Sic
791 5615 866 5681 C;
902 5616 943 5667 Α
973 5614 1144 5683 implet
1167 5619 1419 5671 mundum
1448 5612 1641 5685 (implet
1690 5625 1799 5665 om.
1830 5611 1917 5682 D.)
1993 5610 2038 5641 ³³
2083 5610 2173 5665 Sic
2219 5611 2340 5675 CD;
2368 5613 2410 5663 Α
2439 5622 2601 5664 movet
2677 5607 2721 5641 “
2749 5611 2838 5663 Sic
2867 5607 2973 5673 CD;
3010 5609 3060 5658 in
3090 5621 3196 5660 om.
3243 5609 3305 5658 Α.
