3834 6152
849 268 944 296 ..μ

282 284 380 348 εῖτ

1199 288 1286 345 DE
1323 286 1662 346 DIVISIONE
1698 283 2050 345 NATURAE.
2090 319 2162 329 —
2199 287 2397 344 LIBER
2435 286 2714 345 PRlllUS.

3441 288 3552 342 ειη

280 403 478 458 mundo
502 410 584 456 est
615 398 770 472 plena
816 414 1026 471 semper
1061 409 1115 455 et
1173 401 1400 472 integra,
1450 400 1654 456 nullum
1684 399 1859 455 locum
1890 401 1938 462 Α
1966 407 2179 455 amatur
2199 415 2229 454 a
2255 399 2450 470 seipso,
2479 401 2531 454 in
2555 401 2707 455 nobis
2730 407 2784 454 et
2813 398 2865 454 in
2891 397 3087 470 seipso,
3120 397 3220 455 sed
3242 398 3359 469 plus
3381 415 3544 470 quam

278 493 532 547 deserens
555 492 636 547 vel
684 500 944 561 appetens
991 501 1204 562 praeter
1245 493 1638 562 portiunculam
1687 507 1857 562 quan-

275 579 398 632 dam
429 580 704 636 inferioris
729 581 886 650 hujus
909 580 1050 635 aéris
1073 581 1215 635 circa
1239 590 1458 645 terram,
1489 596 1648 650 quam
1676 581 1743 636 ad
1768 595 1855 636 ca-

274 672 524 741 piendam
540 673 784 728 umbram
811 673 1034 738 telluris,
1049 690 1188 745 quae
1212 690 1317 730 uox
1338 674 1553 739 dicitur,
1571 674 1852 744 relinquit;

269 764 515 818 omnium
549 774 728 818 tamen
759 766 1070 820 animalium
1104 766 1280 821 lumen
1330 766 1532 821 sentire
1567 767 1854 822 valentium

268 853 490 908 obtutus
519 864 717 921 movet,
749 866 805 911 et
831 857 897 910 ad
921 859 1151 928 seipsam
1209 857 1457 923 attrahit,
1507 865 1566 911 ut
1592 874 1688 929 per
1735 873 1852 914 eam

269 946 561 1014 aspiciant,
597 955 856 1016 quantum
915 948 1155 1017 aspicere
1189 946 1202 977 '
1237 956 1460 1018 possunt
1501 949 1542 1013 τ,
1583 949 1724 1019 quod
1768 964 1856 1004 as-

267 1037 449 1104 picere
479 1048 706 1106 possunt
737 1036 781 1104 ³,
838 1039 1065 1108 ideoque
1095 1040 1298 1094 moveri
1327 1047 1566 1109 putatur,
1607 1041 1732 1110 quia
1763 1057 1850 1096 ra-

267 1126 389 1182 dius
414 1128 718 1194 oculorum,
745 1136 804 1182 ut
829 1130 897 1183 ad
928 1145 986 1184 se
1011 1139 1350 1194 moveantur,
1374 1138 1650 1200 permovet
1678 1131 1722 1196 ⁸,
1749 1132 1852 1186 hoc

266 1227 372 1280 est,
411 1218 692 1274 oeulorum
732 1220 986 1275 motionis
1024 1221 1092 1275 ad
1137 1219 1428 1276 videndum
1461 1236 1625 1276 causa
1654 1232 1756 1277 est.
1787 1222 1854 1278 Et

265 1319 334 1360 ne
369 1306 584 1364 mireris
631 1310 874 1375 audiens,
906 1318 1155 1365 naturam
1191 1309 1347 1375 lucis,
1395 1328 1532 1382 quae
1562 1323 1644 1369 est
1689 1315 1848 1386 ignis,

265 1405 436 1450 totum
487 1399 742 1452 mundum
779 1401 1088 1456 sensibilem
1129 1400 1377 1472 implere,
1417 1403 1849 1461 immutabiliter—

263 1500 368 1554 que
397 1485 418 1518 '
444 1487 644 1556 ubique
692 1504 851 1554 esse;
882 1505 1006 1543 nam
1033 1498 1088 1544 et
1139 1500 1360 1546 sanctus
1409 1492 1697 1564 Dionysius
1745 1497 1847 1553 hoc

263 1577 418 1631 docet
447 1578 500 1631 in
553 1577 694 1632 libro
724 1579 788 1633 de
827 1579 1094 1634 caelesti‘
1141 1580 1445 1636 lerarchia:
1473 1592 1695 1638 sanctus
1719 1587 1846 1641 item

259 1666 489 1724 Basilius
545 1670 598 1724 iu
627 1671 889 1726 Exemero
936 1673 1122 1727 eadem
1175 1671 1443 1729 allirmat:
1497 1677 1843 1732 substantiam

1960 497 2105 542 amat
2155 498 2211 545 et
2231 501 2442 546 amatur
2480 491 2533 545 in
2560 492 2713 546 nobis
2734 491 2859 546 etin
2887 493 3080 562 seipse.
3114 491 3270 546 Videt
3310 493 3545 561 seipsum

1958 586 2012 631 et
2036 579 2248 634 videtur
2293 595 2324 634 a
2373 581 2572 650 seipso,
2605 582 2658 636 in
2699 581 2874 652 seipso
2907 592 2961 637 et
3011 584 3064 636 in
3092 583 3291 637 nobis:
3337 597 3436 638 nec
3465 594 3547 638 ta-

1958 685 2080 723 men
2107 671 2255 725 videt
2277 672 2534 740 seipsum,
2561 688 2660 727 nec
2687 674 2899 728 videtur
2924 689 2953 727 a
2983 674 3184 744 seipso,
3207 674 3262 727 in
3287 675 3463 744 seipse
3491 683 3548 730 et

1958 757 2011 811 in
2035 760 2214 823 nobis,
2249 763 2339 815 secl
2366 763 2410 792 ι’
2431 762 2550 832 plus
2569 778 2732 832 qitam
2755 763 2919 829 videt,
2944 772 3000 818 et
3024 764 3238 818 videtur
3263 764 3314 818 in
3341 765 3544 835 seipso,

1955 858 2009 903 et
2032 849 2085 903 in
2115 851 2287 905 nobis.
2325 851 2500 906 Movet
2522 853 2756 922 seipsum
2783 863 2835 908 et
2862 865 3109 909 movetur
3154 870 3185 908 a
3239 855 3452 924 seipso,
3487 857 3540 909 ln

1955 945 2132 1013 scipso
2147 955 2198 1000 et
2226 947 2276 998 in
2305 946 2487 1000 nobis:
2526 961 2632 1000 non
2659 946 2700 977 ¹⁹
2731 955 2905 1000 tamen
2935 956 3114 1000 movet
3158 947 3415 1016 seipsum,
3443 961 3544 1001 nec

1955 1044 2202 1090 movetur
2215 1053 2242 1090 a
2258 1037 2452 1106 seipso,
2480 1037 2531 1090 in
2553 1037 2752 1106 seipso,
2774 1047 2827 1091 et
2849 1038 2900 1091 in
2915 1038 3087 1102 nobis,
3105 1037 3226 1106 quia
3247 1036 3364 1108 plus
3377 1047 3542 1108 quam

1955 1135 2133 1180 movet
2159 1137 2212 1180 et
2243 1137 2486 1181 movetur
2513 1127 2565 1180 in
2598 1128 2775 1196 seipso
2807 1137 2860 1181 et
2903 1128 2954 1181 iu
2983 1128 3156 1182 nobis.

2023 1215 2110 1269 76.
2149 1215 2214 1269 Et
2241 1217 2373 1271 haec
2423 1225 2507 1271 est
2549 1222 2702 1270 cauta
2744 1227 2799 1271 et
2857 1217 3108 1272 salutaris
3163 1225 3218 1272 et
3276 1218 3543 1273 catholica

1950 1304 2017 1360 de
2071 1305 2180 1360 Deo
2231 1307 2585 1374 praedicanda
2641 1307 2926 1376 professio,
3000 1317 3060 1359 ut
3141 1307 3291 1376 prius
3353 1309 3419 1363 de
3470 1324 3536 1363 eo

1943 1395 2099 1467 juxta
2152 1398 2512 1460 catafaticam,
2551 1398 2602 1453 id
2656 1406 2739 1451 est
2786 1397 3199 1452 allirmationem
3237 1398 3304 1462 ὀ,
3355 1400 3544 1454 omnia

1949 1489 2062 1544 sive
2089 1490 2508 1555 uominaliter“,
2526 1493 2636 1546 sive
2659 1490 3342 1561 vcrlialitcrpraedicemus,
3369 1506 3474 1545 non
3495 1493 3542 1522 "

1949 1587 2126 1634 tamen
2173 1582 2408 1652 proprie,
2465 1582 2557 1635 sed
2623 1580 2988 1645 translative;
3053 1581 3245 1635 deinde
3320 1591 3378 1634 ut
3426 1597 3544 1636 om-

1948 1669 2061 1734 nia,
2101 1684 2239 1739 quae
2297 1670 2362 1724 de
2399 1685 2464 1726 eo
2508 1671 2553 1702 ⁸³
2590 1672 2970 1739 praedicantur
3025 1687 3124 1742 per
3172 1671 3539 1735 cataiaticam,

257 1763 465 1832 quidem
494 1763 708 1818 luminis
736 1764 924 1834 ubique
937 1782 1066 1829 esse,
1098 1766 1152 1820 in
1181 1783 1299 1821 vero
1325 1770 1508 1822 mundi
1537 1769 1841 1826 'luminari—

1945 1771 2068 1812 eum
2094 1774 2214 1815 esse
2242 1775 2496 1831 negemus
2540 1777 2638 1830 per
2677 1761 3024 1831 apotaticam,
3073 1762 3124 1816 id
3173 1769 3258 1817 est
3301 1763 3544 1831 negatio-

257 1851 371 1915 bus,
401 1853 507 1907 sive
527 1853 755 1923 magnis,
781 1855 886 1909 sive
909 1856 1103 1925 paruis,
1129 1858 1362 1911 naturali
1410 1861 1638 1930 quadam
1667 1879 1851 1933 opera-

257 1943 394 1995 :ioue
415 1958 773 2012 prorumpere,
800 1959 902 1998 non
935 1954 991 1997 ut
1015 1944 1186 1998 solum
1218 1946 1498 2014 illuminet,
1532 1951 1623 2004 sed
1645 1962 1698 2004 ut
1729 1969 1841 2006 mo-

257 2033 389 2086 tibus
417 2033 718 2106 caelestium
754 2052 1029 2105 corporum
1076 2054 1227 2093 omne
1257 2039 1280 2070 ⁸
1309 2049 1510 2111 tempus
1537 2041 1844 2113 distinguat.

256 2120 390 2187 Quid
426 2123 604 2178 dicam
633 2125 699 2179 de
731 2125 958 2190 artibus,
995 2141 1131 2196 quas
1177 2128 1449 2198 sapientes
1476 2129 1726 2188 liberales
1755 2151 1847 2205 ap-

254 2213 448 2282 pellant
469 2215 800 2285 disciplinas,
825 2232 982 2285 quae,
997 2218 1122 2272 dum
1145 2219 1196 2272 in
1219 2221 1523 2291 semetipsis
1536 2240 1632 2294 per
1652 2237 1847 2281 semet-

255 2305 393 2372 ipsas
408 2303 617 2374 plenae,
633 2306 893 2377 integrae,
910 2307 1373 2380 immutabilesque
1385 2324 1723 2381 permanent,
1739 2332 1847 2370 tuo-

253 2395 360 2448 veri
378 2403 557 2449 tamen
571 2396 840 2461 dicuntur,
855 2398 1068 2466 quando
1079 2397 1102 2429 ’
1120 2400 1452 2456 rationabilis
1464 2403 1627 2457 animi
1642 2407 1844 2460 contui-

255 2496 362 2541 tum
381 2487 449 2542 ad
472 2503 528 2544 se
552 2489 893 2559 quaerendas
915 2492 1365 2564 inveniendasque
1379 2507 1697 2566 permovent
1714 2500 1776 2563 ὀ,
1790 2511 1845 2558 et

253 2581 317 2635 ad
340 2596 399 2636 se
430 2582 849 2638 considerandas
878 2585 1182 2652 attrahunt,
1211 2587 1282 2642 ita
1310 2596 1436 2642 utet
1467 2590 1507 2621 "
1530 2590 1839 2660 ipsae,dum
1884 2659 1892 2668 ἱ

213 2693 216 2695 λ
252 2685 345 2740 per
373 2686 456 2737 se,
486 2680 545 2726 ut
565 2673 821 2740 diximus,
861 2674 1224 2734 immutabiles
1261 2687 1386 2735 sunt
1432 2680 1501 2747 η,
1525 2684 1728 2738 moveri
1760 2693 1844 2740 ta-

252 2778 371 2818 men
393 2764 449 2818 in
477 2765 753 2821 mentibus
775 2767 1076 2836 sapientum
1107 2769 1411 2836 videantur,
1441 2789 1564 2829 cum
1617 2789 1710 2830 eas
1731 2793 1839 2832 mo-

250 2853 440 2908 veant?
476 2855 544 2910 Et
573 2855 743 2910 multa
768 2857 897 2923 alia,
930 2859 984 2912 in
1031 2861 1226 2929 quibus
1259 2863 1471 2920 divinae
1508 2865 1723 2922 virtutis
1743 2869 1838 2924 ob-

249 2960 404 3000 scura
433 2947 766 3015 conspicitur
786 2948 1096 3004 similitudo.
1127 2951 1246 3022 lpsa
1261 2954 1404 3008 enim
1434 2962 1518 3010 est
1540 2971 1703 3026 super
1721 2973 1838 3012 om-

247 3050 368 3089 nem
418 3036 849 3104 similitudinem,
905 3054 1175 3110 omneque
1241 3043 1458 3100 excellit
1504 3047 1830 3117 exemplum.

1951 1865 2098 1917 nem,
2126 1867 2230 1906 non
2259 1852 2305 1884 “
2335 1861 2512 1908 tamen
2539 1855 2871 1919 translative,
2895 1855 2987 1910 sed
3008 1856 3223 1926 proprie
3247 1855 3316 1906 ".
3346 1855 3542 1911 Verius

1951 1941 2093 1996 enim
2130 1952 2358 2014 negatur
2399 1944 2538 1999 Deus
2561 1945 2688 2015 quid
2721 1945 2768 1976 ²⁶
2797 1961 3007 2010 eorum,
3033 1961 3172 2016 quae
3207 1945 3271 2002 de
3293 1960 3358 2000 eo
3385 1961 3541 2016 prae-

1951 2031 2202 2086 dicantur
2237 2049 2392 2097 esse,
2437 2051 2601 2104 quam
2648 2035 2948 2090 aﬂirmatur
2985 2050 3140 2091 esse:
3199 2035 3392 2091 deinde
3440 2052 3535 2091 su-

1949 2137 2046 2192 per
2071 2137 2251 2189 omne,
2278 2126 2419 2194 quod
2443 2125 2507 2180 dc
2528 2141 2592 2180 eo
2615 2126 2659 2158 ³⁷
2683 2127 3050 2196 praedicatur,
3068 2127 3538 2196 superessentialis

1949 2220 2168 2277 natura,
2215 2229 2354 2283 quae
2399 2215 2576 2269 omnia
2615 2225 2763 2270 creat
2805 2224 2858 2270 et
2907 2232 3011 2272 nou
3058 2225 3296 2280 creatur,
3346 2232 3536 2285 super-

1947 2303 2308 2359 essentialiter
2353 2305 2780 2374 superlaudanda
2837 2314 2937 2360 est.
3003 2305 3155 2372 Quod
3209 2321 3340 2377 ergo
3395 2305 3538 2360 Deus

1947 2394 2168 2448 verbum
2197 2408 2324 2448 caro
2353 2392 2553 2447 factum
2576 2395 2688 2448 suis
2713 2394 2960 2464 dicipulis
2982 2395 3092 2447 ait:
3127 2394 3250 2447 Non
3278 2411 3364 2448 vos
3387 2395 3532 2457 estis,

1945 2485 2032 2555 qui
2059 2483 2458 2554 loquimini,sed
2485 2487 2699 2555 spiritus
2715 2485 2893 2540 Putris
2916 2486 3092 2551 vestri,
3116 2487 3204 2556 qui
3226 2485 3456 2556 loquitur
3480 2486 3535 2538 in

1943 2573 2108 2640 vobis,
2134 2590 2260 2630 vera
2290 2576 2428 2630 ratio
2459 2577 2601 2648 cogit
2631 2593 2727 2632 nos
2772 2577 2838 2632 de
2869 2577 2914 2609 ⁸⁸
2942 2576 3059 2632 aliis
3079 2576 3344 2631 similibus
3377 2577 3529 2632 simi-

1941 2665 2066 2721 liter
2090 2669 2328 2735 credere,
2349 2670 2526 2725 dicere
2550 2669 2618 2734 ”,
2647 2670 2961 2742 intelligere.
2989 2669 3104 2726 Non
3135 2686 3231 2725 vos
3256 2669 3406 2734 estis,
3441 2672 3532 2741 qui

1942 2759 2138 2813 amatis
2162 2799 2176 2822 ,
2206 2758 2298 2828 qui
2337 2760 2671 2831 videtis,qui
2704 2762 2949 2828 movetis,
2981 2762 3074 2817 sed
3106 2762 3328 2832 spiritus
3355 2761 3533 2816 Patris

1941 2850 2109 2904 vestri
2137 2849 2204 2914 ⁸ο,
2232 2851 2322 2920 qui
2364 2851 2602 2920 loquitur
2641 2854 2694 2907 in
2719 2853 2868 2908 vobis
2909 2853 3193 2907 veritatem
3243 2845 3308 2906 de
3351 2868 3437 2908 me
3477 2861 3533 2906 et

1942 2939 2101 2995 Patre
2131 2957 2250 2996 meo
2284 2950 2338 2996 et
2369 2941 2565 3012 seipso,
2605 2944 2719 3013 ipse
2760 2953 2908 2997 amat
2933 2952 2988 2998 ct
3020 2944 3165 2997 videt
3202 2959 3308 3006 me,
3337 2950 3391 2996 et
3422 2941 3527 2994 Pa-

1940 3036 2075 3083 trem
2108 3045 2286 3084 meum
2316 3039 2368 3086 et
2397 3033 2630 3101 seipsum
2683 3033 2735 3087 iu
2767 3033 2938 3097 vobis,
2967 3041 3022 3087 et
3068 3040 3246 3086 movet
3290 3031 3526 3101 seipsum

248 3124 393 3193 Quae
423 3127 550 3182 dum
577 3143 674 3198 per
721 3145 781 3186 se
815 3137 871 3186 οι
911 3133 963 3186 in
1000 3148 1059 3188 se
1104 3135 1512 3192 immutabili“,
1539 3140 1828 3196 ηειεηιθιῖ,
1859 3122 1902 3184 C
1935 3121 1988 3175 in
2019 3121 2170 3178 vobis
2196 3122 2263 3189 ",
2282 3132 2340 3177 ut
2368 3123 2602 3193 diligatis
2633 3139 2718 3178 me
2748 3132 2802 3179 et
2828 3123 3042 3178 Patrem
3078 3138 3274 3177 meum.
3306 3123 3367 3176 Si
3397 3137 3529 3191 ergo

249 3227 437 3287 terque
463 3227 592 3284 stat,
642 3236 859 3277 movere
887 3230 1065 3278 tamen
1115 3226 1294 3281 omnia
1335 3227 1553 3294 dicitur,
1577 3231 1833 3301 quoniam

247 3319 341 3373 per
377 3321 499 3361 eam
531 3316 587 3363 et
634 3309 687 3364 in
716 3325 778 3365 ea
809 3312 989 3365 omnia
1022 3313 1346 3380 subsistunt,
1384 3325 1439 3371 et
1485 3333 1549 3373 ex
1583 3313 1688 3374 non
1717 3336 1837 3378 esse

247 3396 297 3452 in
351 3412 476 3454 esse
529 3399 758 3456 adducta
791 3411 935 3457 sunt.
964 3402 1205 3459 Essendo
1224 3408 1368 3461 enim
1413 3417 1498 3464 est
1535 3410 1579 3443 ¹³
1608 3430 1620 3466 :
1653 3415 1834 3471 omnia

247 3502 370 3543 vero
404 3489 452 3524 ι*
479 3491 546 3545 de
579 3491 747 3546 nihilo
776 3493 842 3546 ad
869 3507 989 3548 esse
1014 3497 1310 3564 procedunt
1339 3498 1401 3552 ¹⁵.
1447 3499 1515 3554 Et
1539 3503 1606 3557 ad
1631 3519 1690 3558 se
1716 3520 1834 3559 om-

246 3580 328 3636 nia
352 3582 619 3636 attrahit:
653 3585 857 3638 moveri
889 3601 1106 3658 quoque
1127 3589 1346 3655 dicitur,
1393 3593 1647 3660 quoniam
1691 3597 1832 3667 seip-

247 3683 354 3722 sam
382 3669 449 3722 ad
490 3671 724 3738 seipsam
775 3684 975 3738 movet,
1016 3691 1080 3730 ac
1109 3692 1204 3745 per
1233 3679 1334 3734 hoc
1364 3680 1599 3750 seipsam
1627 3696 1828 3752 movet,

245 3775 304 3815 ac
332 3763 496 3817 veluti
538 3779 568 3817 a
596 3763 768 3833 seipsa
799 3775 1061 3821 movetur.
1103 3768 1243 3824 Deus
1269 3771 1451 3842 itaque
1471 3787 1568 3844 per
1591 3775 1829 3845 seipsum

245 3864 391 3904 amor
417 3860 524 3916 est,
547 3867 647 3921 per
681 3853 918 3923 scipsum
946 3855 1104 3921 visio,
1134 3873 1232 3926 per
1249 3860 1488 3930 seipsum
1516 3873 1696 3920 motus
1728 3883 1741 3917 :
1770 3874 1828 3921 et.

244 3950 418 3997 tamen
452 3959 627 4012 neque
650 3954 827 4000 motus
872 3956 978 4013 est,
1026 3964 1200 4019 neque
1231 3952 1386 4018 visio,
1435 3969 1609 4024 neque
1650 3972 1826 4024 arnor,

244 4031 332 4084 sed
359 4031 484 4100 plus
543 4048 701 4102 quam
754 4050 926 4102 amor,
953 4037 1072 4107 plus
1119 4055 1277 4109 quam
1330 4041 1488 4108 visio,
1520 4044 1639 4112 plus
1666 4061 1826 4115 quam

244 4131 434 4178 motus.
453 4123 520 4178 Et
543 4134 625 4180 est
648 4141 744 4195 per
765 4127 998 4198 seipsum
1025 4147 1224 4195 amare,
1253 4133 1454 4201 videre,
1468 4151 1828 4199 movereznec

243 4218 419 4266 tamen
434 4221 517 4267 est
536 4229 631 4283 per
653 4216 890 4284 seipsum
918 4233 1124 4285 amare,
1152 4221 1357 4286 videre,
1381 4229 1682 4296 movere“,
1699 4231 1824 4300 quia

240 4311 324 4356 est
350 4303 390 4335 ¹⁷
413 4304 532 4374 plus
563 4320 725 4374 quam
752 4323 956 4373 amare,
1009 4310 1214 4377 videre,
1254 4328 1491 4370 movere.
1541 4317 1675 4373 ltem
1729 4336 1827 4391 per

241 4394 478 4462 seipsum
517 4397 689 4452 amari
716 4407 818 4465 est,
876 4400 1172 4473 viderique,
1222 4407 1536 4479 moverique
1569 4427 1588 4464 ε
1613 4428 1718 4468 non
1747 4425 1825 4470 ta-

239 4499 363 4538 men
391 4501 485 4555 pcr
504 4489 741 4558 seipsum
760 4491 962 4546 moveri
979 4502 1082 4556 est,
1107 4511 1207 4551 nec
1227 4497 1416 4564 videri,
1441 4516 1614 4572 neque
1629 4507 1820 4574 amari,

235 4576 491 4642 quoniam
521 4577 642 4648 plus
669 4589 769 4644 est,
799 4598 960 4652 quam
986 4592 1044 4638 ut
1068 4587 1234 4654 possit
1262 4591 1523 4656 amari,et
1552 4595 1741 4662 videri,
1769 4608 1824 4655 et

236 4666 466 4720 moveri.
494 4667 654 4722 Amat
680 4669 845 4741 igitur
873 4673 1107 4744 seipsum
1136 4685 1190 4730 et
1231 4689 1445 4734 amatur
1483 4699 1512 4737 a
1537 4685 1733 4755 seipso,
1764 4689 1817 4744 in

237 4753 400 4809 nobis
424 4764 478 4811 et
513 4755 566 4811 in
615 4759 836 4830 seipso:
879 4777 979 4819 nec
1032 4773 1210 4822 tamen
1240 4779 1388 4826 amat
1413 4753 1646 4847 seipsum
1716 4795 1816 4837 nec

1935 3215 2168 3286 seipsam
2197 3225 2384 3273 sancta
2413 3218 2650 3273 Trinitas
2690 3218 2743 3273 in
2777 3217 2932 3273 nobis
2958 3225 3016 3271 et
3051 3217 3101 3270 in
3131 3216 3306 3285 seipsa
3344 3224 3522 3278 amat,

1936 3309 2168 3378 seipsam
2195 3309 2240 3341 ⁸³
2268 3322 2322 3365 et
2365 3311 2512 3366 videt
2562 3320 2614 3364 et
2665 3319 2888 3365 movet:
2930 3325 3028 3380 pro
3073 3316 3222 3364 ccrlo
3274 3323 3302 3360 a
3351 3309 3522 3376 seipsa

1937 3409 2168 3465 amatur,
2212 3402 2448 3466 videtur,
2492 3411 2760 3466 movetur,
2805 3399 3099 3456 secundum
3131 3397 3522 3454 excellentissi—

1936 3504 2083 3544 mum
2112 3492 2348 3556 modum,
2379 3493 2508 3547 nulli
2540 3501 2822 3548 creaturae
2845 3491 3260 3562 coguitum,quo
3290 3491 3521 3560 seipsam

1933 3589 1990 3634 et
2017 3591 2164 3636 amat
2193 3592 2247 3638 et
2275 3585 2420 3640 videt
2442 3595 2495 3640 et
2523 3595 2720 3650 movet,
2750 3593 2806 3639 et
2845 3601 2875 3640 a
2914 3587 3119 3655 seipsa,
3156 3585 3207 3639 in
3239 3585 3434 3654 seipsa,
3466 3594 3522 3638 et

1933 3670 1986 3724 in
2027 3673 2291 3727 creaturis
2337 3675 2450 3729 suis
2497 3684 2728 3740 amatur,
2753 3676 2987 3741 videtur,
3012 3685 3276 3740 movetur,
3301 3690 3421 3728 cum
3448 3676 3520 3728 sit

1932 3773 2096 3828 super
2146 3763 2347 3828 omnia,
2398 3779 2537 3832 quae
2591 3764 2657 3820 de
2706 3779 2766 3820 se
2809 3766 3079 3820 dicuntur.
3133 3765 3207 3819 De
3263 3763 3516 3819 iuell‘abili

1931 3851 2075 3904 enim
2105 3853 2226 3922 quis
2255 3862 2310 3908 et
2336 3856 2462 3925 quid
2495 3865 2672 3926 potest
2701 3856 2833 3923 fari,
2865 3857 3016 3926 cujus
3043 3872 3141 3913 nec
3171 3873 3364 3912 nomen
3393 3873 3518 3927 pro-

1929 3939 2128 4010 prium,
2158 3957 2258 3997 nec
2290 3946 2536 4011 verbum,
2571 3961 2670 4000 nec
2697 3947 2800 4001 ulla
2828 3964 2932 4003 vox
2970 3947 3186 4019 propria
3221 3948 3513 4012 invenitur,

1929 4046 2030 4086 nec
2070 4042 2176 4098 est,
2203 4050 2303 4089 nec
2337 4035 2455 4090 fieri
2484 4045 2682 4106 potest,
2731 4039 2818 4108 qui
2847 4039 2988 4092 solus
3017 4040 3167 4092 habet
3196 4040 3514 4093 immortali-

1929 4131 2087 4176 tatem
2115 4133 2162 4178 et
2197 4124 2364 4180 lucem
2391 4127 2590 4181 habitat
2618 4129 3064 4184 inaccessibilem?
3093 4129 3221 4195 Quis
3251 4131 3389 4185 enim
3417 4148 3508 4184 co-

1925 4218 2100 4284 gnovit
2136 4217 2451 4272 intellectum
2483 4219 2734 4275 Domini?
2761 4220 2867 4276 Sed
2909 4223 3221 4292 priusquam
3252 4237 3509 4292 praesen—

1927 4315 2036 4362 tem
2080 4308 2498 4379 disputationem
2547 4314 2918 4376 tcrminemus,
2947 4315 3119 4370 sancti
3163 4315 3404 4387 Dionysii
3444 4320 3510 4372 de

1926 4400 2108 4456 divino
2150 4412 2294 4457 statu
2343 4413 2596 4474 motuque
2623 4405 2914 4476 capitulum
2949 4407 2995 4438 ³³
3023 4407 3193 4463 visum
3242 4417 3326 4463 est
3375 4411 3505 4464 mihi

1929 4491 2054 4546 huic
2095 4491 2216 4547 loco
2242 4493 2584 4549 inserendum
2610 4495 2679 4561 “,
2706 4497 2750 4550 si
2786 4495 2876 4550 tibi
2907 4497 3134 4552 videtur.

1998 4583 2086 4637 7'7.
2111 4585 2254 4640 Dtsc.
2275 4585 2498 4642 Videtur
2521 4588 2699 4657 plane,
2719 4600 2881 4660 atque
2907 4592 3008 4646 hae
3031 4591 3319 4646 novissima
3343 4595 3506 4647 ratio-

1921 4673 2191 4731 cinatione
2217 4677 2285 4732 ab
2322 4679 2465 4733 omni
2494 4681 2842 4750 ambiguitate
2871 4691 3155 4753 purgatum
3184 4700 3270 4740 me
3300 4701 3422 4741 esse
3458 4687 3504 4717 ³⁸

1919 4766 2094 4822 video.
2127 4766 2337 4826 Mstn
2366 4770 2501 4828 libro
2530 4772 2594 4829 de
2621 4773 2816 4830 divinis
2842 4775 3147 4833 nominibus
3178 4795 3191 4830 :
3223 4775 3510 4852 Reliquum

1517 4963 1772 5024 VARIAE
1807 4969 2216 5034 LECTIONES.

267 5099 716 5222 ia"It:_:;(:it:ta'r;tl))m.
733 5107 985 5222 ιη’-ι
1007 5112 1199 5222 Sicng
1222 5117 1294 5202 ;ᾼ
1318 5122 1532 5187 possint.
1579 5125 1632 5209 ,⁵
1655 5126 1870 5214 SicCD;
1895 5134 1934 5188 Α
1959 5148 2241 5201 promovet.
2321 5141 2341 5173 '
2377 5140 2467 5198 Sic
2489 5142 2598 5210 AC;
2620 5146 2661 5200 D
2687 5149 3160 5222 immutabilemque
3232 5153 3256 5184 ⁸
3275 5152 3316 5205 D
3332 5154 3494 5209 eccle-

673 5195 796 5222 mins
835 5196 853 5222 ί
881 5198 998 5222 ποι-η
1143 5219 1150 5222 .
1185 5191 1264 5222 nnl
1293 5189 1353 5222 n.
1385 5191 1412 5222 Δ
1454 5210 1678 5222 ...υ-...μμ
1768 5201 1889 5222 ιον,
1915 5205 1998 5222 nn
2072 5208 2087 5222 ι
2275 5211 2286 5222 .
2465 5214 2503 5222 .-
2537 5215 2587 5222 Α-
2650 5217 2713 5222 -_

267 5175 282 5182 _
377 5175 388 5182 _
517 5175 539 5206 τ
843 5181 855 5193 ,
1186 5187 1197 5199 _
1225 5175 1235 5182 ι
1275 5191 1282 5202 η
1318 5175 1328 5187 .
1418 5175 1449 5176 η
1579 5197 1590 5209 .
1655 5175 1870 5214 *στιν-’.ν
1895 5175 1934 5188 ι.
1959 5175 2241 5201 μυνσηνυω.
2377 5175 2467 5198 un,
2489 5175 2598 5210 nu,
2621 5175 2661 5200 υ
2687 5175 3160 5222 trittnuﬂwuemque
3233 5175 3253 5184 "
3275 5175 3316 5205 υ
3332 5175 3490 5209 εει-ιε-

231 5180 450 5289 2"‘Jl‘i"
476 5241 516 5289 Α
559 5175 1059 5289 Αιῖμὲεῗώρῗξῖαι
1095 5184 1354 5289 ‘..§'.°‘-"?i
1379 5191 1700 5289 Q-i’umm'
1768 5201 2032 5289 '$‘°..QD;
2058 5208 2102 5261 Α
2127 5211 2400 5289 “otiati:
2463 5214 2510 5289 “3
2535 5215 2623 5271 Sic
2640 5217 2815 5282 CD;A
2837 5233 3134 5289 promovent
3192 5222 3232 5256 “
3260 5221 3350 5277 Sic
3375 5224 3490 5289 CD:

232 5249 285 5292 et
327 5254 435 5316 om.
474 5241 519 5296 Δ
633 5246 677 5316 ξ’
714 5247 803 5303 Sic
849 5249 966 5316 CD;
1023 5253 1068 5308 Α
1104 5241 1231 5311 sint;

1309 5259 1354 5336 ’ξ
1382 5260 1472 5318 Sic
1513 5265 1594 5329 Αἱ
1628 5283 1726 5336 pro
1755 5281 1828 5324 est
1879 5259 1981 5328 CDC

2245 5280 2569 5358 “_Sic__4;
2614 5280 2867 5342 vero—oui.
2919 5291 3027 5344 CD.
3136 5293 3180 5324 ¹⁸
3225 5291 3314 5345 Sic
3371 5280 3494 5358 cili

230 5310 551 5377 ρτοέυειιηιο
627 5315 784 5371 ηδεε
807 5310 975 5384 Ana:
1006 5310 1227 5392 mouere.
1257 5310 2148 5415 υεαεῑέῑαιςπειτῑνιτρτδλῑῑηῖιῖςξι
2176 5310 2731 5411 οὲέαωῗοὲεέἕῗω
2760 5310 3027 5411 ⁰¹¹¹ιίἏῖς
3225 5310 3314 5394 es
3371 5310 3494 5358 ων

230 5375 371 5443 (non
391 5396 494 5434 om-
673 5388 719 5419 u
855 5389 1016 5443 CIAD
1035 5396 1405 5443 nmrmnlinnm
1504 5406 1546 5436 ει
1572 5404 1668 5443 Rin
1695 5407 1782 5443 rn
1800 5426 1812 5438 -
1838 5413 1864 5443 Α
1890 5418 2274 5443 ..μαλυιξηιη
2332 5392 2344 5405 ⁸
2368 5424 2415 5443 η
2441 5425 2480 5443 n
2621 5391 2664 5422 λ’
2683 5373 2949 5443 ,Ψίῗθθηη
3041 5377 3227 5443 g'qa'-
3327 5367 3494 5443 Annal:

259 5395 371 5488 εἵη
391 5396 503 5483 on}.
515 5382 719 5488 Ihm"
728 5387 830 5488 Ei:
840 5382 1460 5488 iégaﬂrmatiaain:
1572 5382 1680 5462 si;
1695 5382 1820 5488 cp
1830 5382 2344 5488 Ᾱῖἕῇι’ίῗιῆἷ›ἓιὲἷεῖ“’
2368 5382 2482 5478 ηἶ)
2491 5382 2664 5480 ἷὲἷΪλδ
2683 5382 3310 5488 ε’ἶτὲῑῗὲἕῗὲῗῖἷυεξῇ
3327 5382 3493 5488 λ’ἶηῖ

231 5460 382 5547 ξεί..
457 5452 692 5510 "Anon
726 5452 1137 5538 tameupropiie
1165 5470 1256 5522 sed
1275 5452 1612 5530 trans/alim:

323 5516 415 5571 Sic
457 5520 575 5571 CD:
612 5528 677 5571 de
722 5543 828 5571 nm.
891 5532 923 5571 Δ
1059 5536 1104 5570 η
1135 5537 1223 5571 Qtn
1262 5540 1374 5571 An.
1418 5543 1458 5571 ρ
1493 5560 1535 5571 -.
1578 5548 1606 5571 ..ι

370 5520 415 5574 ic
457 5520 546 5576 CD
530 5541 576 5604 ﬂ:
602 5528 677 5604 ἐς
722 5543 830 5604 om.
886 5520 949 5604 _A'.
1025 5520 1104 5570 ι¹⁹
1135 5520 1776 5604 Sicﬂle't-Cwe‘tldiccre.

232 5602 429 5673 ipsum.
601 5595 692 5652 Sic
719 5598 838 5664 CD;
871 5602 912 5656 Λ
943 5605 1185 5673 seipsum.

231 5672 354 5710 esse
382 5675 486 5714 om.
514 5663 575 5717 Α.

1706 5479 1753 5566 ίέ
1786 5479 2022 5566 Sicnllll);
2063 5502 2160 5566 pro
2203 5490 2345 5547 Deus
2380 5496 2510 5564 quid
2649 5479 2865 5566 aliquid.

1872 5552 1917 5584 ⁸⁸
1949 5554 2036 5611 Sic
2063 5552 2201 5624 'AD;
2260 5552 2411 5617 vestri
2441 5582 2547 5620 om.
2582 5567 2639 5620 Ο.

1265 5609 1310 5642 ⁸³
1349 5610 1440 5668 Sic
1495 5616 1570 5683 A;
1619 5621 1907 5690 capitulum
1930 5609 2035 5681 om:
2067 5609 2201 5682 CD.’
2250 5609 2688 5698 il"Ciiri-1';m.-t‘CD
2730 5609 3078 5703 iit/55151132.

2979 5499 3022 5529 "
3048 5499 3136 5554 Sic
3165 5500 3291 5563 CD;
3335 5502 3377 5555 Α
3404 5520 3486 5558 ea.

2743 5569 2782 5597 "
2817 5567 2906 5619 Sic
2934 5565 3054 5628 CD;
3086 5568 3129 5622 A
3157 5570 3210 5623 in
3242 5573 3380 5627 vobis
3412 5591 3492 5627 se-

2743 5636 3078 5700 'nferemlum.
3173 5641 3217 5672 ⁸³
3251 5643 3339 5699 Sic
3368 5647 3487 5700 CD:
