3904 6148
305 250 409 306 5‘23

1679 255 1962 313 lOA-NNIS
2001 257 2206 333 seen

3435 265 3542 319 52]

309 375 496 423 autem,
524 359 714 428 inquit,
744 363 818 415 ut‘
849 362 911 416 de
937 365 1110 418 divino
1141 374 1277 419 statu
1301 367 1403 420 sive
1427 370 1546 422 sede.
1573 368 1592 398 ¹
1613 368 1868 422 dicamus.
1900 372 1948 429 Α
1975 368 2240 422 continens
2266 375 2312 420 et
2336 366 2645 421 continenda
2673 367 2954 432 continere,
2979 379 3025 424 et
3057 387 3109 423 tn
3135 371 3303 442 ipsum
3336 374 3400 427 ab
3431 376 3550 442 ipso

307 450 445 515 Quid
492 461 664 526 autem
708 453 854 505 aliud
895 464 1098 521 praeter
1139 472 1347 510 manere
1391 458 1559 526 ipsum
1600 459 1652 510 in
1706 458 1872 527 seipse

309 551 470 601 Deum
490 588 504 611 ,
530 557 579 602 et
616 548 864 601 inmobili
893 551 1122 602 naturali
1152 551 1567 606 immutabilitate
1585 553 1758 605 animo
1784 552 1876 606 de-

310 639 470 690 lirum
503 637 523 668 ³
572 653 716 702 esse,
756 648 802 690 et
839 638 1242 706 supercollocari
1287 641 1568 695 secundum
1605 640 1785 694 eadem
1825 649 1874 694 et

308 729 446 779 circa
474 727 720 794 idipsum,
747 723 796 779 et
824 727 1063 780 similiter
1091 731 1314 797 operari,
1341 739 1388 783 et
1403 730 1684 783 secundum
1711 730 1875 783 stabi-

306 815 557 867 lissimum
589 814 758 880 ipsum
795 831 860 869 ea:
903 816 1068 883 seipso
1097 817 1138 847 ³⁹
1162 819 1302 872 omni
1321 820 1473 872 modo
1496 820 1788 882 subsistere,
1825 829 1873 872 et

304 902 584 954 secundum
614 901 838 972 idipsum
885 903 1384 958 intransmutabilem
1430 917 1477 959 et
1523 907 1877 960 universaliter

306 989 708 1055 immutabilem,
743 1001 791 1044 et
816 992 944 1047 haec
979 995 1514 1062 superessentialiter?
1542 996 1742 1049 Etenim
1769 998 1876 1065 ipse

306 1095 377 1135 est
407 1083 638 1134 omnium
670 1085 906 1137 stationis
935 1095 982 1138 et
1009 1085 1388 1154 aediﬁcationis
1415 1090 1663 1153 causalis,
1686 1091 1773 1159 qui
1801 1099 1874 1144 est

307 1187 460 1240 super
485 1188 685 1226 omnem
715 1174 1128 1240 aediﬁcationem
1161 1185 1206 1228 et
1237 1178 1532 1242 stationem,
1562 1190 1606 1231 et
1633 1188 1685 1232 in
1713 1179 1876 1247 seipse

216 1271 218 1274 '
310 1260 482 1313 omnia
532 1262 828 1326 constituit,
880 1271 926 1315 et
978 1266 1304 1332 propriorum
1351 1267 1600 1320 bonorum
1657 1270 1877 1322 statione

307 1348 590 1401 immobilia
621 1347 643 1379 ⁵
664 1360 712 1403 et
741 1351 1021 1405 custodita.
1052 1351 1190 1417 Quid
1216 1364 1386 1409 autem
1405 1357 1430 1409 ?
1460 1355 1524 1408 Et
1550 1374 1665 1410 cum
1689 1357 1876 1412 iterum

313 1433 556 1504 Theologi
591 1443 638 1488 et
669 1437 724 1489 in
770 1438 943 1491 omnia
983 1442 1362 1509 provenientem
1391 1453 1438 1496 et
1467 1445 1765 1498 mutabilem
1791 1446 1874 1498 di-

308 1534 430 1578 cunt
461 1525 854 1593 immutabilem,
889 1546 1057 1584 nonne
1083 1531 1326 1586 divinitus
1360 1543 1406 1587 et
1444 1535 1540 1588 hoc
1584 1535 1876 1606 intelligen-

308 1614 478 1666 dum?
527 1612 725 1668 Moveri
785 1617 921 1670 enim
979 1620 1147 1688 ipsum
1194 1621 1276 1689 pie
1323 1622 1722 1686 arbitrandum,
1775 1639 1877 1678 non

1972 458 2378 528 provenientium
2402 459 2683 511 conversio.
2714 457 2858 513 DISC.
2891 458 3034 514 Ordo
3061 461 3246 531 exigit,
3277 471 3335 517 ut
3364 465 3549 527 video,

1973 548 2190 604 brevem
2216 546 2239 579 ⁸
2266 547 2688 616 complexionem
2739 549 2804 604 de
2837 563 2925 611 eo,
2955 550 3095 620 quod
3139 566 3299 622 agere
3325 562 3380 607 et
3408 557 3548 623 pati,

1974 652 2066 691 seu
2103 635 2279 691 facere
2320 633 2375 689 et
2403 637 2517 690 ﬁeri
2547 637 2613 690 de
2639 635 2748 690 Deo
2775 637 2990 706 proprie
3029 641 3336 707 praedicare
3383 657 3552 698 nemo

1974 725 2172 788 valeat,
2200 724 2435 794 colligas,
2469 738 2533 778 ac
2574 724 2692 778 sic'
2742 727 3025 792 terminum
3059 727 3240 783 libello
3277 730 3550 800 imponas.

1976 815 2111 871 MAG.
2141 813 2458 869 Iamdudum
2496 815 2719 878 dedisti,
2770 818 2820 869 ui
2874 815 3046 881 fallor,
3097 835 3200 872 non
3237 820 3380 874 aliud
3441 823 3556 878 Deo

1976 921 2093 961 esse
2119 915 2174 960 et
2217 922 2375 976 agere
2412 922 2503 961 seu
2556 908 2753 971 facere,
2799 911 2890 963 sed
2936 927 3095 963 unum
3126 922 3283 981 atque
3313 914 3556 982 idipsum

1974 998 2022 1050 ei
2073 1005 2156 1051 est
2199 1006 2416 1060 etesse,
2451 1007 2504 1050 et
2544 1012 2723 1066 agere,
2766 998 3039 1054 etfacere.
3075 1001 3186 1055 Non
3227 1003 3370 1057 enim
3402 1002 3552 1056 reei-

1977 1086 2056 1153 pit
2098 1084 2321 1152 simplex
2365 1094 2552 1139 natura
2601 1086 2924 1140 intellectum
2954 1089 3280 1145 substantiae
3315 1100 3372 1144 et
3401 1090 3556 1144 acci-

1977 1174 2236 1228 dentium.

2046 1265 2135 1318 78.
2171 1263 2308 1318 Disc.
2336 1262 2653 1318 lnconcusse
2675 1265 2885 1333 quidem
2916 1265 2936 1293 “
2965 1265 3104 1320 dedi.
3133 1265 3268 1320 MAG.
3293 1265 3365 1322 Ut
3389 1268 3558 1336 igitur

1979 1359 2045 1411 de
2086 1371 2150 1410 eo
2182 1356 2526 1425 praedicatur
2553 1370 2704 1420 esse,
2741 1357 2865 1410 dum
2906 1373 3012 1410 non
3056 1358 3122 1411 sit
3154 1359 3368 1426 pr0prie
3407 1373 3559 1420 esse.

1979 1443 2230 1513 quoniam
2259 1441 2378 1511 plus
2405 1451 2485 1496 est
2513 1457 2672 1511 quam
2703 1457 2853 1505 esse,
2883 1452 2938 1497 et
2969 1459 3125 1498 causa
3153 1447 3325 1499 omnis
3353 1460 3483 1499 esse
3509 1457 3564 1498 et

1979 1533 2245 1589 essentiae
2286 1541 2340 1584 et
2387 1530 2716 1586 substantiae
2760 1529 2815 1596 ’,
2865 1532 2935 1584 ita
2980 1533 3140 1585 etiam
3171 1533 3235 1587 de
3262 1548 3326 1586 eo
3353 1535 3563 1587 dicitur

1983 1639 2142 1695 agere
2168 1633 2223 1678 et
2247 1622 2455 1687 (tacere,
2483 1623 2607 1676 dum
2637 1623 2707 1676 sit
2730 1621 2847 1690 plus
2875 1638 3035 1692 quam
3072 1639 3226 1692 agere
3261 1634 3315 1678 et
3350 1625 3563 1686 facere.

307 1704 589 1756 secundum
616 1703 949 1771 delationem,
977 1717 1065 1760 aut
1109 1708 1504 1775 alienationem,
1531 1721 1620 1764 aut
1656 1711 1884 1766 alterna-
1913 1706 1956 1762 B
1984 1720 2039 1768 et
2065 1727 2224 1766 causa
2249 1711 2485 1765 omnium
2516 1707 2741 1763 faciendi
2771 1718 2822 1763 et
2863 1712 3075 1780 agendi,
3106 1713 3218 1765 sine
3243 1712 3348 1765 ullo
3381 1723 3563 1778 metu,

308 1795 496 1848 tionem
520 1835 534 1859 ,
565 1806 654 1849 aut
702 1799 1085 1853 conversionem
1104 1841 1117 1864 ,
1150 1813 1240 1854 aut
1271 1801 1486 1856 localem
1515 1814 1708 1857 motum
1731 1845 1746 1868 ,
1776 1819 1879 1858 non

311 1893 503 1936 rectum
523 1924 537 1948 ,
564 1900 666 1938 non
696 1886 1022 1942 circulariter
1062 1889 1341 1957 ferentem,
1371 1908 1472 1944 non
1516 1907 1580 1945 ετ
1607 1892 1877 1959 ambobus,

311 1991 412 2027 non
437 1973 830 2044 intelligibilem,
862 1992 964 2033 non
992 1981 1292 2044 amabilem,
1319 1998 1420 2034 non
1446 1981 1757 2047 naturalem,
1787 1983 1877 2036 sed

307 2071 362 2116 in
405 2065 680 2118 essentiam
742 2067 951 2122 ducere
986 2069 1154 2124 Deum
1198 2080 1245 2124 et
1286 2073 1544 2126 continere
1589 2075 1784 2139 omnia,
1831 2083 1878 2128 et

310 2153 668 2208 vniversaliter
697 2156 932 2210 omnibus
972 2161 1237 2228 providere
1259 2161 1312 2225 ',
1337 2171 1384 2215 et
1414 2164 1593 2218 adesse
1644 2166 1879 2220 omnibus

311 2246 538 2298 onmium
569 2249 981 2303 immensurabili
1007 2252 1420 2318 circumstantia,
1451 2263 1498 2308 et
1529 2256 1584 2308 in
1609 2256 1880 2313 existentia

311 2334 484 2386 omnia
526 2337 752 2404 providis
794 2340 1202 2408 processionibus
1235 2353 1281 2396 et
1326 2345 1729 2412 Operationibus.
1777 2346 1880 2401 Sed

311 2432 355 2473 et
385 2433 582 2476 motum
613 2424 708 2478 Dei
735 2425 1046 2480 immutabili
1080 2431 1325 2485 divinitus
1372 2435 1571 2486 ratione
1600 2435 1881 2488 concedeno

311 2514 434 2565 dum
461 2512 700 2580 laudare,
727 2525 773 2570 et
807 2527 975 2572 rectus
999 2521 1205 2590 quidem
1249 2523 1548 2592 inﬂexibilis
1591 2524 1879 2594 intelligen-

313 2606 430 2670 dus,
463 2615 509 2660 et
539 2607 887 2664 irrevocabilis
912 2614 1171 2681 processio
1211 2615 1587 2682 operationum,
1611 2625 1657 2669 et
1685 2632 1749 2670 ex
1777 2615 1886 2685 ipso

313 2694 544 2747 omnium
588 2699 858 2763 generatio
883 2716 901 2752 :
928 2698 1198 2753 elicoeides
1249 2718 1388 2766 vero,
1423 2702 1478 2754 id
1522 2713 1618 2767 est,
1650 2702 1886 2773 obliquus

313 2781 622 2836 stateralist
650 2786 932 2854 processio,
981 2796 1029 2840 et
1070 2787 1258 2857 fertilis
1303 2799 1503 2844 status:
1529 2790 1666 2861 quod
1712 2801 1886 2845 autem

313 2871 594 2926 secundum
640 2874 861 2944 cyclum,
908 2877 961 2930 id
1007 2879 1208 2949 ipsum,
1250 2889 1296 2932 et
1331 2880 1523 2947 media,
1567 2890 1616 2936 et
1657 2891 1886 2936 extrema

1980 1802 2069 1873 qui
2101 1801 2393 1856 secundum
2423 1799 2670 1854 accidens
2698 1800 2864 1870 possit
2893 1801 3132 1869 intelligi,
3162 1817 3320 1872 super
3335 1819 3562 1858 omnem

1980 1903 2204 1947 motum.
2259 1889 2508 1946 Omnium
2571 1904 2800 1959 namque
2855 1900 3139 1953 motuum,
3203 1893 3565 1962 omniumque

1980 1980 2332 2037 accidentium
2357 2019 2371 2044 ,
2413 1979 2554 2033 sicut
2591 1987 2646 2032 et
2691 1979 2925 2033 omnium
2973 1979 3357 2044 essentiarum,
3391 1996 3565 2036 causa

1979 2079 2065 2126 est
2111 2079 2269 2138 atque
2309 2067 2649 2138 principium.
2706 2066 2850 2121 DISC.
2913 2066 2981 2121 Et
3036 2069 3136 2121 hoc
3192 2067 3558 2122 indubitanter

1980 2157 2360 2214 concesserim.
2400 2155 2538 2211 MAG.
2582 2155 2721 2223 Quid
2764 2155 2927 2226 igitur
2963 2155 3103 2210 aliud
3135 2165 3334 2219 restat,
3369 2159 3482 2211 nisi
3512 2169 3570 2211 ut

1980 2245 2267 2317 intelligas,
2294 2243 2512 2299 omnino
2541 2257 2759 2298 necesse
2796 2257 2946 2308 esse,
2993 2252 3081 2309 ut,
3107 2245 3566 2312 quemadmodum

1980 2338 2048 2396 ab
2070 2339 2184 2409 ipso
2211 2346 2265 2391 et
2286 2350 2424 2402 esse,
2454 2343 2509 2391 et
2537 2349 2717 2407 agere,
2748 2343 2803 2390 et
2837 2334 3014 2391 facere
3043 2336 3254 2406 proprie
3289 2335 3566 2400 aufertur,

1981 2430 2056 2485 ita
2094 2440 2147 2485 et
2179 2429 2291 2499 pati
2333 2437 2389 2483 et
2431 2427 2545 2482 ﬁeri
2585 2426 2877 2480 auferatur.
2923 2426 3073 2494 Quod
3116 2427 3258 2480 enim
3300 2441 3470 2497 agere
3514 2436 3568 2481 et

1983 2519 2161 2576 facere
2203 2535 2308 2574 non
2358 2518 2575 2586 recipit,
2605 2516 2873 2586 quomodo
2919 2516 3028 2586 pati
3058 2524 3112 2572 et
3158 2516 3270 2570 ﬁeri
3315 2510 3570 2586 recipere

1985 2611 2186 2681 possit,
2242 2625 2348 2664 non
2403 2609 2575 2664 video.
2630 2607 2774 2663 DlSC.
2824 2607 2953 2680 Fige
3001 2598 3222 2662 limitem
3266 2604 3412 2661 libri.
3470 2605 3574 2660 Sat

1987 2704 2129 2760 enim
2165 2710 2248 2757 est
2294 2702 2349 2756 in
2395 2715 2460 2756 eo
2508 2699 2864 2773 complexum.
2914 2697 3142 2768 Explicit
3191 2697 3316 2752 liber
3361 2699 3571 2767 primus

1987 2807 2114 2855 ΠΕΡί
2162 2801 2388 2852 ΦΥΣΕΩΝ
2415 2795 2480 2849 ¹⁶.

1197 3214 1595 3292 INCIPIT
1673 3214 1969 3290 LIBER
2045 3207 2570 3290 SECUNDUS
2611 3197 2668 3287 δ.

388 3423 445 3479 i.
473 3421 611 3481 Mss.
649 3421 909 3492 Quoniam
938 3425 989 3480 in
1016 3426 1279 3497 superiori
1315 3427 1450 3483 libro
1476 3429 1540 3483 de
1573 3427 1888 3483 universalis
1916 3429 1965 3488 ι)
1991 3426 2199 3484 dicatur
2223 3435 2274 3483 et
2301 3441 2488 3500 genus,
2514 3435 2569 3480 et
2596 3433 2784 3490 totum,
2812 3431 2867 3478 et
2893 3422 3122 3492 species,
3143 3431 3196 3477 et
3215 3436 3373 3491 pars;
3403 3437 3574 3480 omne

317 3515 547 3573 Naturae
588 3517 872 3576 universali
923 3519 1202 3584 divisione,
1237 3537 1339 3575 non
1388 3521 1538 3590 quasi
1585 3520 1794 3590 generis
1833 3520 1884 3574 in

315 3607 539 3672 formas,
566 3624 657 3662 seu
687 3609 848 3664 totius
872 3611 922 3663 in
959 3621 1138 3680 partes
1165 3642 1234 3651 —
1255 3628 1358 3666 non
1384 3614 1523 3667 enim
1556 3613 1693 3668 Deus
1719 3628 1887 3682 genus

318 3705 399 3751 est
427 3705 725 3763 creaturae,
755 3713 852 3754 nec
881 3711 1130 3755 creatura
1173 3703 1379 3772 species
1412 3701 1527 3767 Dei,
1557 3703 1694 3757 sicut
1735 3718 1887 3756 crea-

317 3795 432 3839 tura
461 3802 563 3840 non
588 3797 670 3842 est
699 3804 864 3858 genus
894 3791 1015 3855 Dei,
1044 3807 1215 3861 neque
1246 3794 1384 3848 Deus
1429 3793 1635 3862 species
1677 3801 1887 3847 creatu-

316 3889 406 3927 rae
439 3873 480 3904 ’⁸
515 3891 528 3927 :
562 3876 749 3930 eadem
785 3878 919 3932 ratio
959 3888 1042 3933 est
1089 3881 1140 3934 in
1193 3889 1303 3935 toto
1336 3888 1390 3934 et
1438 3881 1712 3950 partibus:
1747 3881 1888 3935 Deus

309 3962 570 4031 siquidem
619 3979 721 4018 non
782 3974 866 4019 est
907 3975 1072 4022 totum
1101 3979 1410 4034 creaturae,
1444 3985 1615 4039 neque
1643 3978 1887 4023 creatura

314 4067 437 4121 pars
460 4050 576 4118 D.;i,
607 4057 873 4122 quomodo
903 4073 999 4112 nec
1024 4068 1267 4114 creatura
1312 4071 1396 4116 est
1431 4070 1596 4115 totum
1643 4061 1753 4124 Dei,
1797 4075 1892 4114 ne-

312 4156 415 4210 que
463 4142 604 4199 Deus
647 4161 769 4214 pars
814 4156 1129 4204 creaturae:
1174 4151 1418 4219 quamvis
1462 4151 1636 4205 altiori
1683 4150 1885 4206 theoria

303 4231 456 4298 juxta
482 4231 798 4303 Gregorium
836 4235 1160 4306 Theologum
1185 4255 1306 4308 pars
1332 4238 1426 4292 Dei
1446 4239 1628 4302 simus,
1655 4239 1744 4308 qui
1782 4240 1852 4292 hu
1870 4269 1886 4282 ο

313 4335 523 4374 manam
561 4325 947 4394 partieipamus
987 4336 1254 4392 naturam,
1301 4330 1544 4398 quoniam
1573 4330 1624 4382 in
1670 4331 1780 4399 ipso
1809 4331 1884 4383 vi-

309 4409 494 4475 vimus,
525 4421 570 4464 et
616 4430 900 4482 movemur,
921 4425 970 4470 et
1005 4433 1204 4483 sumus,
1233 4419 1701 4492 metaphoriceque
1745 4421 1884 4475 Deus

1991 3519 2156 3582 enim,
2183 3517 2322 3588 quod
2348 3518 2398 3570 in
2431 3516 2547 3586 ipso
2568 3523 2621 3570 et
2646 3530 2709 3570 ex
2728 3514 2842 3585 ipso
2855 3521 2958 3577 est,
2985 3514 3071 3583 pie
3091 3527 3152 3568 ac
3170 3512 3577 3568 rationabiliter

1991 3612 2058 3664 de
2081 3623 2146 3663 eo
2169 3607 2463 3677 praedicari
2486 3613 2744 3676 potest—
2759 3605 2852 3660 sed
2871 3602 3182 3674 intelligibili
3197 3603 3429 3671 quadam
3445 3605 3571 3657 uni-

1990 3697 2260 3752 versitatis
2281 3695 2812 3764 contemplatione—
2830 3694 3232 3748 universitatem
3248 3691 3371 3747 dico
3388 3691 3570 3748 Deum

1989 3794 2045 3841 et
2088 3795 2388 3842 creaturam
2442 3817 2512 3826 —
2552 3785 2788 3840 breviter
2831 3784 3098 3847 diximus,
3146 3797 3288 3837 nunc
3331 3784 3573 3838 eandem

1990 3887 2216 3933 naturae
2263 3877 2577 3933 divisionem
2624 3877 2813 3941 latius,
2861 3876 2906 3931 si
2952 3875 3185 3940 videtur,
3229 3882 3566 3944 repetamus.

1992 3967 2134 4022 DISC.
2166 3967 2388 4021 Videtur
2409 3967 2644 4036 quidem,
2677 3981 2740 4020 ac
2767 3966 2811 3998 ¹¹
2841 3965 2992 4019 valde
3022 3965 3401 4019 necessarium.
3427 3963 3570 4019 Nam

1993 4058 2037 4112 si
2072 4058 2246 4112 latiori
2298 4059 2516 4112 rationis
2545 4057 2890 4126 inquisitione
2936 4069 3043 4109 non
3073 4055 3375 4123 aperiatur,
3413 4062 3572 4108 tacta

1992 4148 2348 4214 solummodo,
2389 4165 2494 4204 non
2537 4158 2715 4204 autem
2744 4149 2789 4180 “
2824 4148 3065 4204 discussa
3102 4147 3366 4202 resedisse
3405 4145 3571 4198 vide-

1992 4237 2156 4294 bitur.
2188 4238 2326 4295 Mac.
2365 4239 2510 4294 Talis
2556 4239 2736 4309 itaque
2759 4247 2899 4302 erat,
2929 4246 2988 4292 ut
3012 4238 3221 4308 opinor,
3251 4233 3570 4305 supradicta

1992 4329 2310 4384 universalis
2358 4338 2581 4384 naturae
2630 4327 3008 4398 quadriformis
3062 4327 3252 4382 divisio
3306 4327 3358 4379 in
3414 4337 3568 4387 eam,

1993 4418 2200 4473 scilicet
2247 4418 2475 4473 formam
2519 4418 2602 4472 vel
2644 4417 2690 4450 “
2733 4419 2998 4488 speciem,
3030 4417 3076 4473 si
3123 4417 3228 4472 rite
3268 4414 3437 4470 forma
3477 4413 3572 4468 vel

1579 4662 1834 4720 VARIAE
1873 4662 2277 4720 LECTIONES.

382 4805 411 4882 _'_
431 4805 522 4882 Sic
542 4805 712 4882 A;_CD
738 4815 803 4862 et.
829 4815 838 4826 ‘
883 4807 1021 4882 [Sic
1045 4809 1161 4882 AC;
1191 4809 1238 4882 ρ
1259 4811 1322 4863 de
1345 4811 1503 4882 sede,
1561 4810 1581 4841 ³
1599 4809 1687 4882 Sic
1708 4810 1814 4875 CD;
1843 4810 1882 4862 A
1910 4811 2068 4882 immo
2088 4811 2351 4882 deﬁxum,
2392 4811 2433 4843 "
2455 4811 2504 4866 (ἱ
2521 4827 2589 4867 ex
2607 4812 2753 4882 ipso:
2814 4810 2837 4882 ξ
2865 4810 2956 4866 Sic
2975 4808 3095 4874 AC;
3124 4808 3168 4864 D
3188 4809 3566 4882 immutabilja.

305 4877 325 4907 '
355 4873 449 4946 δία
475 4879 550 4941 Λ;
599 4877 686 4931 CD
723 4879 1039 4946 praevidere.

303 4944 423 5008 (ξος
475 4955 529 5000 et
558 4944 876 5000 substantiae
903 4963 1010 5002 om.
1038 4947 1104 5001 A.

309 5015 351 5046 ⁸³
393 5014 484 5070 Sic
513 5015 630 5081 CD;
663 5018 707 5069 A
729 5025 776 5070 et
819 5032 941 5070 non.

1117 4879 1140 4911 ⁸
1185 4880 1275 4933 Sic
1332 4880 1449 4943 CD;
1481 4880 1520 4932 A
1567 4890 1622 4931 ut
1652 4881 1885 4933 brevem.

1029 5017 1073 5049 “
1101 5017 1191 5073 Sic
1223 5019 1338 5083 AC;
1370 5021 1412 5071 υ
1447 5027 1516 5071 et.

1961 4880 1981 4912 τ
2013 4881 2055 4933 Α
2087 4892 2133 4935 et
2161 4884 2271 4944 sic;
2321 4880 2408 4934 CD
2436 4898 2496 4936 ac
2538 4883 2602 4935 si.

1238 4948 1307 5021 Ψ-
1321 4949 1527 5015 explicit
1548 4976 1619 4988 —
1641 4958 1834 5021 φύειων
1855 4963 1962 5003 om.
1989 4947 2050 5004 C.

2677 4881 2699 4912 ⁸
2725 4879 2769 4933 D
2813 4881 3129 4936 inconcusse
3161 4881 3316 4933 enim.
3412 4879 3432 4910 '
3464 4879 3569 4935 Sic

2162 4952 2200 4982 “
2223 4951 2317 5006 Sic
2343 4950 2461 5016 CD;
2510 4951 2555 5004 A
2583 4959 2862 5005 creaturae
2884 4959 2981 5004 est.
3083 4951 3126 4981 “
3153 4949 3244 5004 Sic
3267 4949 3385 5014 CD;
3412 4948 3458 5002 Α
3487 4960 3562 5007 et.

1805 5211 2054 5269 NOTAE.

376 5381 403 5410 ι
433 5367 478 5441 C_
486 5369 552 5424 ad
581 5385 751 5441 marg.
777 5369 952 5425 adscr.
978 5371 1016 5424 i.
1047 5386 1093 5441 e_.
1110 5367 1429 5441 ponderalis,
1451 5375 1505 5421 et
1524 5366 1590 5422 ad
1615 5381 1785 5441 marg.
1807 5366 1881 5420 in.

310 5437 390 5490 ira
418 5439 616 5494 adscr.:
635 5437 814 5494 Glosa.
829 5437 1162 5492 statherale’m
1185 5456 1245 5492 ac
1266 5437 1486 5507 fertilem
1503 5437 1879 5508 processionem

311 5508 431 5561 dicit
481 5509 743 5575 obliquum
795 5518 1030 5571 motum,
1090 5508 1210 5577 quia
1265 5508 1456 5576 partim
1503 5507 1654 5561 rectis
1705 5507 1877 5577 lineis,

309 5578 496 5643 partim
529 5579 698 5632 curvis
720 5617 733 5642 ,
759 5595 890 5648 quas
922 5576 1118 5648 fertiles
1155 5588 1321 5644 vocat,
1351 5577 1694 5647 componitur.
1720 5576 1889 5631 Curva

1989 5373 2160 5419 autent
2204 5361 2342 5416 linea
2378 5371 2648 5432 prapterea
2685 5359 2870 5432 [ertilis
2899 5359 3112 5432 dicitur,
3124 5359 3380 5432 quoniam
3420 5357 3479 5411 iu
3504 5375 3568 5414 se

1987 5437 2151 5504 ipsam
2193 5429 2387 5504 fertur,
2411 5429 2509 5504 nec
2534 5433 2588 5504 in
2612 5431 2876 5504 iri/initum
2896 5429 3238 5504 progreditur.

2057 5504 2085 5542 ι)
2113 5497 2405 5576 C_'litteris
2441 5497 2731 5576 minimis”:
2762 5497 2955 5576 Incipit
3000 5497 3278 5576 secundus
3302 5513 3408 5576 ςῖιρι
3469 5503 3527 5561 pi)
3559 5528 3574 5534 -

1989 5595 2136 5635 erm,
2161 5573 2213 5625 in
2229 5589 2330 5640 quo
2350 5570 2510 5624 multa
2527 5570 2588 5624 tle
2607 5570 2774 5623 reditu
2791 5565 3146 5638 disputantur.
3165 5565 3207 5620 D
3225 5565 3432 5620 titulum
3451 5578 3540 5618 om
3556 5603 3574 5618 .
