3904 6148
337 241 448 301 525

1156 245 1246 303 DE
1284 242 1618 302 DIVISIONE
1655 240 2003 298 NATURAE.
2043 272 2112 284 --
2145 241 2348 304 LIBER
2385 247 2765 308 SECUNDUS.

3476 254 3578 309 5‘26

335 361 548 427 species
575 359 798 414 dicenda
834 367 915 415 est
954 360 1125 431 prima
1165 360 1404 415 omnium
1431 373 1592 414 causa
1617 400 1631 423 ,
1660 371 1799 428 quae
1829 369 1916 410 ευ·
1942 355 1997 418 Δ
2021 351 2191 425 deque
2226 357 2268 390 ⁸⁸
2295 357 2606 416 differentiis
2632 370 2714 416 est
2741 360 2962 425 dictum,
3000 359 3063 415 de
3089 361 3375 416 earundem
3406 362 3578 417 reditu

332 462 492 517 perat
518 466 731 506 onmem
755 451 982 507 formam
1009 463 1064 508 et
1085 454 1338 524 speciem,
1370 454 1494 507 dum
1521 451 1589 507 sit
1615 453 1909 504 formarum

330 548 385 593 et
441 544 744 610 specierum
800 544 1040 597 omnium
1092 543 1320 598 informe
1375 543 1724 614 principium,
1773 556 1913 611 quae

326 639 490 683 creat
515 640 569 685 et
591 645 696 685 non
725 642 963 688 creatur.
988 631 1218 687 lnforme
1240 641 1416 688 autem
1444 632 1763 702 principium
1790 646 1909 702 pro-

326 730 523 789 pterea
566 726 731 776 Deum
761 724 1017 788 dicimus,
1051 740 1117 779 ne
1142 726 1263 795 quis
1305 740 1425 780 eum
1473 724 1763 779 formarum
1812 740 1909 779 nu-

325 824 490 865 mero
519 813 767 867 aestimet
796 815 1001 869 censeri
1026 855 1041 880 ,
1081 815 1206 869 dum
1251 815 1322 869 sit
1348 814 1639 869 formarum
1667 815 1907 869 omnium

324 914 533 967 causa;
568 901 741 971 ipsum
770 904 967 958 etenim
1003 919 1162 960 omne
1199 905 1486 960 formatum
1522 906 1754 975 appetit,
1783 920 1906 961 cum

324 990 396 1042 sit
429 1005 529 1058 per
553 1007 611 1046 se
643 993 814 1062 ipsum
842 994 1078 1051 inﬁnitus
1103 1004 1156 1050 et
1190 995 1308 1066 plus
1334 1010 1493 1066 quam
1524 996 1795 1061 inﬁnitus;
1827 1005 1909 1051 est

322 1081 478 1133 enim
546 1081 783 1139 inﬁnitas
835 1086 1074 1140 omnium
1132 1086 1475 1141 inﬁnitatum.
1532 1086 1685 1154 Quod
1746 1087 1911 1157 igitur

324 1168 481 1223 nulla
510 1170 682 1226 forma
710 1184 985 1229 coartatur
1030 1175 1113 1229 vel
1136 1175 1405 1239 deﬁnitur,
1434 1176 1557 1247 quia
1584 1178 1730 1232 nullo
1756 1176 1911 1232 intel-

322 1260 476 1316 lectu
498 1266 860 1333 cognoscitur,
883 1267 1252 1322 rationabilius
1275 1268 1471 1322 dicitur
1495 1268 1723 1325 informe
1746 1285 1907 1339 quam

322 1349 506 1406 forma
542 1354 595 1418 ⁸,
648 1355 809 1424 quia,
840 1364 897 1411 ut
917 1372 1076 1429 saepe
1111 1358 1310 1413 dictum
1338 1366 1418 1413 est
1438 1398 1453 1423 ,
1483 1359 1661 1413 verius
1687 1374 1785 1430 per
1817 1374 1910 1415 ne-

319 1442 603 1511 gationem
629 1443 696 1499 de
725 1445 835 1501 Deo
857 1445 1055 1517 aliquid
1080 1448 1390 1518 praedicare
1413 1465 1717 1520 possumus,
1746 1466 1907 1521 quam

319 1546 420 1598 per
443 1531 882 1590 aﬂirmationem.
916 1536 1159 1592 Secunda
1200 1540 1252 1593 in
1281 1554 1426 1605 eam,
1451 1555 1587 1611 quae
1620 1549 1675 1597 ct
1702 1541 1723 1571 '
1749 1556 1902 1598 crea-

318 1631 410 1675 tur
460 1632 518 1677 et
560 1634 731 1680 creat.
779 1625 1034 1696 Sequitur
1081 1630 1269 1697 tertia,
1301 1647 1438 1700 «pate
1472 1642 1686 1688 creatur
1715 1643 1899 1690 etnon

2014 455 2176 517 atque
2203 449 2245 481 “
2271 449 2584 506 collectione
2605 465 2665 506 ea
2692 451 2968 520 disciplina
2987 492 3001 515 ,
3033 466 3189 520 quam
3216 452 3505 512 cii-ulvam
3535 456 3577 487 “

2013 539 2319 611 Philosophi
2368 550 2594 608 vocant,
2641 542 2875 597 breviter
2911 543 3195 597 dicendum
3229 542 3397 597 video.
3430 545 3574 597 DISC.

2012 628 2125 684 Hoc
2177 644 2390 699 quoque
2434 632 2568 686 ordo
2617 632 2812 699 poscit.
2853 630 3002 684 Nulla
3042 632 3185 685 enim
3247 633 3581 687 rationabilis

2010 718 2204 774 divisio
2230 730 2332 785 est,
2365 722 2477 776 sive
2504 724 2766 777 essentiae
2795 723 2845 776 in
2890 738 3083 792 genera
3101 764 3116 786 ,
3148 723 3261 777 sive
3282 725 3495 793 generis
3525 725 3576 779 in

2011 808 2214 867 formas
2240 821 2295 865 et
2322 828 2603 878 numeros,
2635 814 2749 869 sive
2782 815 2942 868 totius
2970 814 3023 868 in
3055 824 3264 883 partes.
3299 829 3434 883 quae
3455 830 3578 883 pro-

2007 898 2125 969 prie
2170 899 2388 968 partitio
2438 901 2775 965 nominatur,
2824 902 2937 955 sive
2985 902 3351 957 universitatis
3393 904 3445 958 in
3484 918 3569 967 ea,

2010 1003 2148 1059 quae
2173 1004 2300 1043 vera
2328 990 2463 1043 ratio
2492 990 2545 1044 in
2583 990 2694 1060 ipsa
2724 990 3134 1060 contemplatur,
3168 1007 3304 1061 quae
3340 1008 3445 1046 non
3471 993 3573 1049 ite-

2010 1095 2128 1135 rum
2154 1081 2324 1149 possit
2353 1081 2519 1150 redigi
2549 1095 2645 1150 per
2670 1081 2885 1136 eosdem
2915 1083 3128 1152 gradus,
3157 1098 3250 1153 per
3279 1098 3415 1153 quos
3436 1085 3574 1139 divi-

2010 1170 2091 1224 sio
2119 1171 2266 1239 prius
2296 1168 2470 1226 fuerat
2506 1171 2889 1240 multiplicata,
2936 1173 3104 1227 donec
3138 1173 3479 1241 perveniatur
3509 1175 3574 1226 ad

2010 1260 2139 1316 illud
2168 1262 2213 1294 ¹³
2253 1278 2416 1317 unum
2464 1264 2892 1334 inseparabiliter
2934 1264 2986 1317 in
3031 1265 3207 1333 seipso
3247 1281 3488 1328 manens,
3511 1280 3575 1320 ex

2008 1367 2117 1423 quo
2162 1353 2273 1424 ipsa
2307 1353 2497 1408 divisio
2536 1354 2885 1422 primordium
2917 1355 2961 1385 “
3001 1354 3245 1423 sumpsit.
3278 1353 3382 1409 Sed
3425 1356 3576 1424 prius

2008 1442 2073 1497 de
2105 1442 2150 1473 ”
2175 1442 2489 1513 etymologia
2508 1444 2673 1513 ipsius
2707 1445 2968 1507 nominis,
2998 1444 3136 1512 quod
3168 1451 3250 1499 est
3275 1446 3547 1505 ἀναὶυτική

2004 1548 2176 1604 pauca
2227 1535 2515 1597 edisseras,
2604 1549 2708 1589 non
2778 1535 2920 1590 enim
2987 1534 3114 1587 mihi
3185 1532 3341 1603 plane
3404 1544 3573 1604 patet.

2010 1623 2535 1680 necessariumesse
2571 1624 2745 1679 video.
2799 1622 2938 1678 ΜΑο.
2981 1622 3273 1683 Ἀναλυτική
3321 1637 3351 1675 a
3409 1622 3573 1677 verbo

315 1722 496 1767 creat.
529 1714 733 1771 Dehinc
757 1728 970 1787 quarta,
995 1736 1132 1790 quae
1160 1739 1262 1778 nec
1293 1724 1313 1755 ³
1340 1736 1489 1780 creat
1538 1742 1636 1783 nec
1662 1738 1897 1784 creatur.

2006 1717 2201 1773 ἀναλύω
2245 1714 2288 1746 ¹⁶
2332 1715 2624 1779 derivatur,
2656 1714 2705 1769 id
2736 1724 2818 1771 est
2847 1715 3054 1770 resolvo
3078 1714 3159 1770 vel
3205 1715 3390 1779 redeo;
3420 1715 3513 1771 ἆνᾶ
3538 1717 3576 1745 ⁷⁷

315 1803 471 1859 DISC.
505 1804 585 1859 Ita
608 1822 738 1862 sane
765 1809 993 1865 divisum
1024 1809 1126 1867 cst.
1160 1813 1297 1871 MAG.
1329 1816 1590 1884 Quoniam
1635 1820 1800 1889 igitur
1837 1824 1902 1879 de

313 1894 758 1961 oppositionibus
786 1900 1180 1966 praedictarum
1213 1914 1435 1961 naturae
1458 1906 1749 1965 formarum
1781 1913 1903 1968 bre-

315 1984 464 2037 viter
494 1986 548 2039 in
590 1987 753 2056 priori
796 1989 1155 2061 diSpntatione
1195 1994 1302 2065 jam
1334 1999 1533 2055 dictum
1581 2012 1662 2059 est
1681 2035 1752 2045 --—
1775 2020 1902 2062 con-

312 2074 681 2133 sideravimus
718 2080 883 2145 enim,
909 2085 1179 2152 quomodo
1217 2087 1440 2143 resultat
1475 2092 1662 2152 tertia:
1692 2097 1901 2165 primae

313 2166 517 2221 ambae
542 2168 806 2238 siquidem
837 2174 995 2230 veluti
1022 2178 1253 2246 quodam
1290 2180 1553 2239 diametro
1576 2186 1642 2240 ad
1675 2202 1735 2242 se
1764 2188 1901 2245 invi-

313 2269 438 2309 cem
484 2272 519 2308 θ
570 2261 788 2328 regione
827 2266 1068 2334 Opposita
1111 2270 1432 2338 respiciunt;
1483 2284 1666 2330 creata
1718 2279 1897 2346 enim,

314 2353 375 2399 ut
424 2346 690 2413 diximus,
716 2359 770 2404 et
798 2368 901 2408 non
930 2369 1122 2411 creans
1146 2360 1435 2430 opponitur
1462 2367 1664 2420 creanti
1696 2376 1749 2422 et
1795 2385 1898 2425 non

316 2448 576 2495 creatae:
608 2441 858 2498 similiter
890 2449 1125 2503 secunda
1158 2448 1327 2505 forma
1379 2467 1411 2507 e
1443 2454 1656 2511 diverso
1686 2460 1902 2529 respicit

315 2538 608 2597 quartam;
655 2547 943 2602 opponitur
986 2539 1128 2593 enim
1178 2550 1359 2597 creata
1404 2551 1459 2599 et
1501 2560 1693 2602 creans
1729 2562 1901 2619 neque

314 2627 543 2673 creatae
590 2634 766 2692 neque
803 2626 1040 2680 creanti:
1071 2629 1435 2687 universalem
1479 2650 1606 2690 vero
1652 2645 1899 2694 naturam

316 2705 532 2762 formas
580 2708 782 2766 habere
824 2724 1104 2784 propterea
1151 2718 1407 2787 dicimus,
1456 2724 1710 2792 quoniam
1742 2742 1806 2783 ex
1834 2743 1898 2784 ea

315 2807 508 2853 nostra
559 2800 908 2876 intelligentia
948 2809 1340 2879 quodammodo
1371 2810 1631 2870 formatur
1670 2815 1726 2883 ³,
1775 2819 1901 2875 dum

314 2887 385 2942 de
430 2889 539 2946 bac
587 2892 702 2962 ipsa
729 2894 751 2925 '
779 2905 1013 2952 tractare
1059 2899 1277 2965 nititur;
1326 2917 1453 2958 nam
1504 2920 1599 2974 per
1644 2921 1703 2962 se
1732 2908 1898 2979 ipsam

2000 1806 2144 1860 enim
2177 1822 2251 1870 re,
2272 1806 2437 1860 λύω¹⁸
2467 1819 2594 1859 vero
2621 1803 2761 1858 solvo
2784 1805 3178 1875 interpretatur.
3198 1803 3322 1870 Inde
3350 1805 3511 1859 etiam
3532 1806 3573 1837 "

2003 1912 2198 1952 nomen
2247 1896 2489 1951 nascitur
2518 1897 2785 1959 ἀνάλυσις,
2814 1894 2956 1966 quod
2984 1896 3037 1950 in
3070 1895 3452 1950 resolutionem
3494 1896 3576 1950 vel

2002 1989 2233 2045 reditum
2259 1989 2505 2045 similiter
2524 1988 2773 2045 vertitur.
2792 1986 2895 2043 Sed
2918 1989 3153 2049 ἀνάλυσις
3176 1987 3387 2057 proprie
3408 1984 3474 2040 de
3488 2002 3576 2040 so-

2000 2080 2203 2136 lutione
2235 2081 2280 2112 ²⁶
2319 2081 2712 2151 pr0positarum
2739 2080 3109 2149 quaestionum
3146 2078 3370 2141 dicitur;
3400 2078 3583 2133 ἀναλυ-

2001 2177 2112 2232 rixari
2147 2186 2275 2226 vero
2303 2172 2345 2202 ²¹
2378 2172 2443 2227 de
2474 2170 2645 2227 reditu
2678 2170 2956 2225 divisionis
3000 2168 3293 2223 formarum
3337 2168 3402 2221 ad
3432 2169 3577 2238 prin-

2001 2262 2200 2332 cipium
2258 2260 2496 2332 ejusdem
2561 2260 2857 2315 divisionis.
2914 2257 3101 2313 Omnis
3151 2258 3295 2313 enim
3359 2256 3571 2319 divisio.

2002 2368 2142 2423 quae
2176 2368 2206 2406 a
2231 2351 2454 2407 Graecis
2476 2353 2721 2428 μερισμός
2760 2350 2977 2414 dicitur,
3016 2349 3166 2418 quasi
3197 2350 3446 2404 deorsum
3476 2347 3569 2402 de-

2004 2444 2266 2499 scendens
2295 2444 2362 2499 ab
2393 2457 2500 2498 uno
2542 2441 2773 2513 quodam
2814 2440 3032 2496 deﬁnito
3071 2441 3139 2494 ad
3189 2438 3428 2494 inﬁnitos
3470 2455 3571 2492 nu-

2003 2550 2185 2591 meros
2242 2534 2486 2602 videtur,
2536 2535 2641 2590 hoc
2696 2541 2782 2589 est
2827 2531 3232 2605 generalissimo
3285 2545 3455 2601 usque
3507 2531 3572 2582 ad

2003 2625 2468 2697 specialissimum.
2512 2623 2699 2680 Omnis
2738 2638 2867 2678 vero
2912 2621 3215 2677 recollectio
3251 2619 3414 2703 veluti
3454 2620 3577 2689 qui-

2003 2716 2127 2772 dam
2154 2716 2358 2771 reditus
2384 2715 2580 2770 iterum
2608 2730 2637 2769 a
2670 2712 3056 2784 specialissimo
3090 2712 3370 2777 inclioans,
3403 2720 3457 2767 et
3480 2726 3571 2765 us—

2005 2820 2110 2874 que
2133 2804 2196 2860 ad
2216 2803 2677 2876 generalissimum
2702 2803 3016 2868 ascendens,
3043 2802 3307 2861 ἀναλυτικὴ
3329 2808 3569 2855 vocatur.

2007 2892 2099 2949 Est
2158 2894 2320 2964 igitur
2372 2893 2574 2947 reditus
2630 2900 2685 2947 et
2746 2890 3000 2946 resolutio
3063 2890 3456 2944 individuorum
3519 2888 3570 2942 in

315 2979 579 3037 universa
618 2993 810 3040 natura
859 3003 965 3042 non
1020 2989 1218 3060 ubique
1262 2991 1463 3050 formas
1507 2996 1729 3067 recipit;
1779 3014 1898 3054 eam
1926 3019 1975 3083 α
2006 2983 2229 3046 formas,
2278 2982 2570 3036 formarum
2614 2981 2665 3035 in
2698 2995 2924 3051 genera’
2963 2994 3219 3083 “faucium
3265 2979 3318 3031 in
3361 2979 3571 3083 ﬁeri?"

316 3071 592 3142 siquidem
625 3073 735 3130 Deo
773 3084 828 3131 et
874 3088 1122 3134 creatura
1163 3081 1423 3139 contineri
1463 3100 1568 3140 non
1607 3086 1899 3157 incongrue

315 3164 578 3230 dicimus,
601 3181 665 3220 ac
703 3181 801 3236 per
841 3168 973 3234 hoc,
1019 3170 1072 3225 in
1111 3184 1368 3242 quantum
1395 3178 1626 3232 creatrix
1654 3187 1753 3241 est,
1784 3181 1899 3235 nul-

314 3255 424 3310 lam
473 3254 704 3312 formam
748 3262 942 3331 accipit
984 3262 1037 3316 in
1076 3264 1286 3334 seipsa,
1314 3264 1577 3323 formatae
1618 3285 1748 3325 vero
1784 3287 1814 3327 a
1840 3288 1900 3329 se

315 3354 549 3400 naturae
593 3347 1075 3406 multiformitatem
1121 3363 1452 3424 praestat—
1477 3356 1591 3424 jam
1639 3376 1783 3416 nunc
1830 3363 1898 3418 de

313 3438 676 3495 similitudine
705 3454 889 3495 earnm
922 3442 1094 3513 deque
1121 3443 1418 3503 diﬁerentia
1450 3451 1896 3509 considerandum

313 3543 435 3583 esse
484 3530 742 3587 arbitror.
791 3533 934 3591 Dtsc.
984 3534 1100 3590 Non
1151 3536 1307 3593 aliter
1365 3540 1498 3596 ordo
1551 3555 1730 3597 rerum
1784 3545 1901 3599 exi-

314 3619 410 3689 git.

384 3711 534 3767 Mm.
577 3712 832 3779 Secunda
875 3716 1046 3775 forma
1095 3723 1299 3791 primae
1345 3724 1536 3781 similis
1580 3734 1666 3781 est
1698 3726 1719 3758 ⁸
1746 3727 1798 3781 in
1829 3742 1896 3784 eo

317 3802 462 3870 quod
504 3813 679 3869 creat,
721 3807 790 3861 ab
828 3822 891 3862 ea
915 3825 1044 3865 vero
1084 3812 1250 3867 distat
1291 3813 1344 3868 in
1384 3828 1449 3869 eo
1487 3815 1629 3884 quod
1655 3824 1890 3873 creatur.

2005 3076 2272 3129 ausiarum
2321 3075 2373 3128 in
2420 3073 2735 3145 sapientiam
2782 3079 2838 3127 et
2879 3070 3249 3143 prudentiam,
3278 3085 3343 3124 ex
3377 3071 3573 3139 quibus

2002 3164 2177 3220 omnis
2207 3163 2396 3220 divisio
2430 3164 2622 3229 oritur,
2656 3164 2708 3217 in
2744 3163 3068 3231 easdemque
3107 3162 3154 3195 ”
3180 3161 3380 3215 ﬁnitur.
3424 3162 3568 3215 DISC.

2000 3252 2144 3310 Satis
2170 3254 2367 3310 dictum
2394 3263 2477 3309 est
2495 3251 2541 3285 "
2564 3253 2629 3309 de
2655 3254 2926 3329 ἀναλυτικῇ
2947 3252 3297 3323 etymologia;
3320 3266 3481 3323 perge
3507 3254 3573 3306 ad

1999 3355 2202 3402 cetera.

2066 3438 2121 3495 2.
2163 3437 2301 3495 Mite.
2326 3438 2717 3509 Quaternarum
2758 3439 2937 3509 itaque
2956 3436 3349 3506 praedictarum
3377 3433 3576 3490 forma-

1997 3546 2119 3587 rum
2169 3531 2309 3587 binis
2353 3531 2410 3585 in
2457 3546 2620 3586 unum
2670 3529 2988 3585 coeuntibus
3040 3527 3135 3582 ﬁat
3180 3527 3466 3597 analytica,
3520 3526 3568 3579 id

1996 3633 2100 3689 est,
2172 3622 2394 3679 reditiva
2434 3621 2700 3677 collectio.
2751 3618 2931 3675 Prima
2993 3633 3224 3688 namque
3268 3626 3324 3672 et
3372 3626 3567 3686 quarti.

1996 3729 2162 3769 unum
2202 3721 2347 3780 sunt,
2377 3713 2629 3785 quoniam
2655 3714 2719 3768 de
2749 3714 2857 3768 Deo
2896 3709 3229 3767 solummodo
3264 3708 3544 3778 intelligua

1997 3813 2116 3869 tur;
2145 3812 2228 3859 est
2247 3804 2389 3859 enim
2416 3804 2738 3874 principium
2766 3802 3182 3870 omnium,qnae
3207 3814 3236 3853 a
3268 3813 3326 3854 se
3351 3799 3563 3854 condita

315 3891 448 3947 Nam
474 3895 651 3964 prima
691 3906 841 3954 creat
874 3907 929 3954 et
963 3917 1067 3957 non
1091 3914 1339 3969 creatur,
1371 3908 1602 3963 secunda
1640 3922 1769 3964 vero
1789 3910 1809 3942 "
1840 3918 1895 3965 et

2004 3903 2139 3961 sunt,
2177 3903 2232 3952 et
2268 3896 2392 3951 ﬁnis
2437 3895 2698 3957 omnium,
2726 3907 2863 3963 quae
2888 3908 3009 3949 eum
3038 3900 3316 3963 appetunt,
3361 3898 3417 3944 ut
3442 3890 3489 3922 ”
3518 3891 3567 3944 ia

315 3992 467 4039 creat
509 3992 567 4039 et
605 3997 839 4042 creatur.
868 3987 1049 4046 Tertia
1078 3995 1344 4050 secundae
1372 3995 1777 4053 similitudinem
1812 4008 1892 4053 at-

317 4073 484 4126 trahit
504 4088 570 4128 eo
604 4077 748 4143 quod
770 4088 1004 4145 creatur,
1030 4081 1098 4134 ab
1118 4097 1180 4137 ea
1224 4091 1400 4139 tamen
1422 4086 1445 4118 ⁸
1473 4084 1650 4141 diﬁ‘ert
1665 4103 1731 4143 eo
1749 4088 1892 4157 quod

315 4158 386 4211 nil
426 4169 598 4215 creat.
630 4161 765 4218 Nam
807 4169 1041 4223 secunda
1082 4178 1137 4224 et
1174 4181 1392 4227 creatur
1432 4183 1487 4230 et
1532 4184 1703 4240 creat,
1733 4180 1888 4233 tertia

316 4263 441 4302 vero
472 4261 690 4308 creatur
716 4266 771 4310 et
795 4273 899 4312 non
923 4269 1091 4315 creat.
1125 4262 1307 4318 Tertia
1335 4276 1561 4335 quartae
1592 4268 1781 4325 similis
1806 4279 1889 4326 est

1992 4006 2058 4046 eo
2108 3988 2456 4045 aeternaliter
2502 3986 3012 4054 immutabiliterque
3048 3970 3346 4053 quiescant.
3395 3981 3567 4036 Causa

1996 4080 2261 4150 siquidem
2287 4077 2526 4132 omnium
2553 4086 2838 4147 propterea
2862 4073 3061 4129 dicitur
3080 4086 3285 4135 creare,
3314 4072 3566 4141 quoniam

1993 4172 2060 4227 ab
2109 4185 2174 4225 ea
2227 4168 2553 4224 universitas
2607 4180 2818 4230 eorum,
2872 4179 3013 4234 quae
3066 4171 3188 4234 post
3232 4177 3349 4216 eam
3396 4175 3462 4217 an
3512 4179 3573 4216 ca

1989 4270 2171 4317 creata
2199 4268 2346 4323 sunt,
2371 4259 2425 4313 in
2472 4271 2667 4329 genera
2698 4263 2755 4310 et
2797 4255 3005 4325 species
3055 4262 3109 4307 et
3153 4267 3431 4316 numeros,
3475 4250 3575 4307 dii-

316 4338 363 4390 in
396 4354 464 4393 eo
505 4343 649 4409 quod
698 4360 802 4400 non
834 4357 1000 4415 creat,
1044 4350 1322 4408 dissimilis
1365 4370 1492 4410 vero
1539 4356 1591 4411 in
1636 4372 1702 4414 eo
1747 4361 1887 4427 quod
1914 4361 1970 4423 ι)
1998 4352 2252 4408 ferentias
2275 4361 2509 4421 quoque,
2539 4355 2845 4414 ceteraque,
2889 4359 3028 4414 quae
3057 4344 3110 4397 in
3136 4350 3325 4396 natura
3355 4343 3568 4397 condita

316 4438 556 4484 creatur.
587 4431 782 4490 Tertia-
808 4438 951 4493 enim
981 4450 1199 4497 creatur
1238 4453 1294 4500 et
1335 4460 1441 4501 non
1484 4457 1671 4514 creat,
1697 4460 1889 4520 quarta

317 4532 446 4571 vero
513 4536 689 4590 neque
738 4536 955 4581 creatur
1001 4545 1173 4603 neque
1237 4545 1384 4590 creat
1426 4539 1466 4590 ’.
1510 4537 1642 4595 Item
1697 4550 1890 4610 quarta

316 4609 507 4664 similis
554 4623 639 4668 est
686 4618 923 4684 primae,
966 4622 1089 4690 quia
1125 4638 1233 4680 non
1282 4636 1531 4693 creatur,
1562 4631 1628 4686 ab
1667 4609 1730 4687 ea
1762 4649 1893 4692 vero

318 4694 514 4749 distare
555 4699 796 4765 videtur,
845 4705 971 4772 quia
1022 4722 1126 4763 non
1179 4719 1347 4767 creat.
1402 4712 1581 4769 Prima
1629 4718 1894 4788 siquidem

319 4795 464 4838 (τοίη
490 4796 546 4840 ει
710 4803 947 4858 creatur,
981 4809 1172 4866 quarta
1196 4817 1323 4857 vero
1346 4819 1518 4873 neque
1540 4818 1690 4862 creat
1722 4825 1896 4881 neque

320 4885 553 4934 creatur.
586 4879 649 4935 Et
680 4885 803 4952 quia
839 4886 906 4941 de
932 4890 1359 4963 oppositionibus
1382 4905 1434 4951 et
1455 4879 1896 4959 similitudinibus

1999 4441 2435 4503 considerantur,
2468 4435 2699 4492 mirabili
2732 4433 2964 4505 quadam
2992 4434 3278 4502 divinaque
3316 4433 3572 4502 multipli-

1999 4533 2209 4589 catione
2254 4528 2515 4601 procedit.
2549 4525 2814 4594 Quoniam
2860 4538 2987 4579 vero
3010 4523 3074 4577 ad
3103 4522 3328 4578 eandem
3356 4536 3573 4576 causam

1998 4622 2199 4688 omnia,
2226 4634 2366 4690 quae
2408 4620 2476 4673 ab
2507 4633 2569 4672 ea
2595 4616 2917 4687 procedunt,
2946 4613 3072 4668 dum
3103 4612 3170 4667 ad
3199 4611 3359 4667 ﬁnem
3386 4627 3574 4683 perve—

2001 4714 2172 4777 nient,
2208 4722 2492 4765 reversura
2523 4714 2670 4772 sunt,
2711 4714 2993 4776 propterea
3025 4703 3148 4758 ﬁnis
3176 4704 3416 4758 omnium
3442 4702 3578 4757 dici-

2003 4814 2111 4868 tur,
2140 4811 2197 4857 et
2237 4812 2413 4871 neque
2435 4811 2620 4852 creare
2658 4808 2830 4865 neque
2868 4793 3039 4848 creari
3066 4793 3397 4863 perhibetur.
3437 4789 3573 4845 Nam

2000 4902 2282 4967 postquam
2320 4891 2375 4946 in
2415 4902 2535 4945 eam
2569 4898 2852 4942 reversura
2878 4882 2925 4916 "
2949 4891 3075 4939 sunt
3102 4882 3302 4944 omnia,
3332 4878 3405 4935 nil
3432 4880 3571 4936 ulte-

1626 5089 1888 5174 vmus
1922 5110 2323 5174 LECTIONES.

398 5273 414 5305 ⁸
441 5274 532 5334 Sic
561 5276 684 5342 CD;
716 5274 758 5330 Α
817 5278 1118 5348 (amatum.

327 5344 455 5410 ipsa,
479 5349 522 5403 C
549 5349 613 5401 de
640 5344 828 5416 seipse.
930 5349 951 5380 ⁸
980 5348 1071 5403 Sic
1126 5350 1244 5415 CD;
1273 5362 1348 5405 est
1387 5344 1497 5407 om.
1540 5356 1607 5408 A.

401 5480 667 5556 ,δῑεηίῖῡς
695 5488 739 5540 Δ
768 5488 1075 5554 primordia.
1175 5490 1219 5522 "
1268 5480 1358 5545 Sic
1403 5491 1521 5556 CD;
1553 5493 1597 5546 A
1617 5480 1682 5547 'ut
1726 5492 1812 5547 de.

1196 5281 1218 5314 ³
1243 5278 1335 5338 Sic
1361 5282 1435 5349 C;
1478 5296 1527 5339 et
1552 5299 1662 5340 om.
1716 5283 1828 5341 AD.
1903 5284 1926 5317 ³
1964 5284 2010 5339 D
2042 5301 2165 5338 non.

1704 5355 1725 5387 ⁷
1755 5354 1845 5409 Sic
1870 5352 1990 5420 CD;
2044 5370 2160 5408 vero
2200 5368 2291 5411 om
2320 5354 2388 5407 A.

329 5427 468 5493 {Arear-
506 5434 668 5493 uagae
705 5427 931 5493 creatur.
992 5420 1052 5493 Αξο
1106 5419 1216 5493 Pro
1255 5421 1499 5493 deque!)
1544 5440 1753 5493 neque.
1801 5424 1843 5461 “
1883 5419 1981 5479 Sic
2020 5423 2138 5489 CD;
2183 5425 2227 5479 Α
2266 5431 2335 5477 et.

1914 5494 2027 5565 ‘fﬁA
2070 5493 2280 5565 analyo.

2448 5280 2630 5383 ore
2684 5279 3054 5383 armat.
3125 5276 3465 5383 ηιξ
3508 5279 3572 5383 αξξ

2488 5352 2511 5383 ⁸
2546 5346 2651 5407 Sic
2684 5346 2804 5416 CD;
2849 5350 2895 5403 Δ
2938 5365 3071 5403 vero.
3168 5346 3189 5377 '
3219 5346 3306 5400 Sic
3350 5347 3467 5415 CD;
3523 5351 3568 5402 Α

2414 5422 2458 5455 ¹¹
2506 5419 2597 5477 Sic
2622 5420 2737 5486 CD;
2766 5421 2810 5472 Δ
2839 5417 3189 5487 analyticam.
3249 5414 3368 5487 ιῘᾈΙ)
3402 5416 3569 5472 illum.

2371 5492 2412 5524 "
2461 5492 2507 5546 Α
2537 5506 2659 5546 ana.
2723 5484 2784 5520 ⁷⁷⁸
2813 5489 2854 5542 A
2890 5484 2994 5556 lyo.
3070 5485 3114 5517 "
3140 5485 3229 5540 Sic
3254 5484 3375 5550 CD;
3429 5488 3473 5541 A
3502 5502 3570 5541 et.

334 5550 375 5581 "
397 5551 482 5609 Sic
506 5555 588 5631 C;_
608 5557 649 5631 ᾼ
668 5550 1146 5631 prodissilutioae;
1171 5561 1213 5615 D
1237 5550 1651 5631 dissolutionem.
1727 5563 1771 5594 ¹¹¹
1799 5562 1889 5619 Sic
1913 5562 2032 5631 CD;
2062 5580 2178 5618 vero
2196 5550 2311 5621 om.
2338 5560 2405 5616 Δ.
2474 5561 2522 5593 ’⁸
2551 5560 2639 5617 Sic
2688 5557 2811 5623 CD;
2842 5557 2884 5610 Δ
2908 5550 2969 5610 in
2997 5556 3221 5610 easdem.
3298 5555 3343 5588 ³³
3374 5556 3465 5614 Sic
3496 5557 3535 5614 D
3557 5600 3570 5623 ,

333 5632 402 5674 ut
426 5638 533 5680 om.
563 5626 669 5679 AC.
712 5626 793 5709 ³⁷⁷⁵
816 5625 905 5680 Sic
928 5628 1050 5691 AD;
1079 5628 1119 5683 C
1148 5639 1214 5682 et.
1292 5630 1338 5669 ’³
1370 5629 1459 5685 Sic
1489 5630 1606 5698 CD;
1637 5632 1677 5687 Α
1712 5648 1929 5688 reversa.
