3912 6154
369 194 472 251 ερπ

1729 209 2015 270 JOANNIS
2053 209 2248 268 SCOTI

3489 264 3492 267 -
3512 223 3626 280 5Ξ8

369 305 482 360 tius
517 308 584 360 ab
611 321 670 360 ca
713 326 807 380 per
845 314 1244 384 generationem
1274 317 1389 373 loco
1424 327 1478 373 et
1518 328 1753 391 tempore
1783 337 1948 392 gene-
1971 327 2021 384 Α
2046 332 2216 390 creat,
2238 339 2372 394 quas
2399 323 2591 382 iterum
2616 326 2671 382 in
2699 343 2858 385 unam
2889 330 3114 388 formam
3141 334 3378 391 tlieoriae
3402 339 3627 393 videtur

367 405 514 460 ribus
556 416 604 460 el
663 407 852 467 iormis
909 417 1180 482 procedet,
1238 418 1489 486 quoniam
1540 419 1592 473 in
1646 437 1707 476 ea
1759 423 1939 476 omnia

367 503 552 570 quieta
575 519 753 572 erunt,
783 517 837 564 et
861 525 1022 563 unum
1065 512 1394 568 individuum
1421 525 1580 584 atque
1609 517 1940 574 immutabile

367 607 680 660 manebunt.
722 606 855 660 Nam
893 623 1029 676 quae
1073 610 1123 662 in
1166 613 1596 679 processionibus
1628 625 1935 670 naturarum

371 706 734 774 multipliciter
773 707 944 762 divisa
992 718 1155 778 atque
1198 714 1394 780 partita
1428 729 1548 769 esse
1589 717 1853 780 videntur,
1881 717 1932 771 in

369 798 804 865 primordialibus
849 802 1027 856 causis
1065 803 1210 858 unita
1261 813 1421 873 atque
1461 821 1622 859 unum
1667 817 1812 861 sunt.
1852 808 1933 861 Ad

366 909 525 960 quam
561 897 816 951 unitatem
861 914 1160 964 reversum,
1200 902 1254 954 in
1281 916 1344 955 ea
1387 904 1729 958 aeternaliter
1773 914 1933 972 atque

364 991 772 1047 itnmutabiliter
798 996 1106 1051 manebunt.
1140 996 1243 1052 Sed
1274 999 1338 1054 de
1370 1001 1470 1054 hac
1499 1010 1689 1070 quarta
1720 1002 1935 1056 univer-

361 1089 534 1142 sitatis
563 1092 1012 1158 consideratione,
1043 1109 1182 1164 quae
1221 1096 1273 1150 in
1310 1097 1424 1152 solo
1449 1099 1558 1152 Deo
1588 1099 1928 1168 intelligitur,

361 1188 809 1254 quemadmodum
840 1201 894 1245 et
929 1193 1122 1262 prima,
1153 1210 1250 1249 suo
1291 1195 1406 1250 loco
1449 1195 1607 1250 latius
1637 1198 1930 1267 disputabi-

361 1298 468 1354 tur,
502 1300 760 1359 quantum
798 1293 889 1347 lux
930 1297 1188 1351 mentium
1227 1299 1520 1353 donaverit.
1565 1299 1715 1367 Quod
1749 1309 1926 1354 autem

357 1380 422 1433 de
460 1381 631 1450 prima
662 1391 714 1437 et
753 1383 819 1438 de
850 1394 1040 1455 quarta
1065 1388 1278 1450 dicitur,
1313 1390 1416 1445 hoc
1443 1400 1547 1455 est,
1580 1405 1680 1444 nec
1708 1391 1796 1444 illa
1827 1405 1927 1446 nec

355 1469 455 1522 ista
506 1478 739 1536 creatur,
787 1487 908 1528 cum
963 1476 1065 1528 et'
1116 1476 1203 1530 illa
1249 1486 1304 1533 et
1353 1478 1450 1532 ista
1517 1494 1681 1533 unum
1734 1479 1924 1545 sint’,

354 1567 613 1626 utraeque
658 1561 803 1614 enim
866 1561 931 1616 de
976 1562 1085 1618 Deo
1136 1567 1544 1634 praedicantur,
1595 1567 1722 1622 nulli
1778 1579 1923 1624 recte

2042 414 2303 484 redigere,
2345 416 2472 470 dum
2505 417 2572 472 de
2616 418 2842 490 simplici
2885 423 3095 478 divinae
3135 435 3357 480 naturae
3405 429 3624 482 unitate

2041 502 2226 573 incipit
2267 513 2519 561 tractare.
2571 506 2898 579 Principium
2944 513 3086 567 enim
3137 521 3193 568 et
3237 515 3358 570 finis
3395 518 3620 574 divinae

2038 602 2262 648 naturae
2305 597 2518 664 propria
2564 598 2779 660 nomina
2831 615 2935 670 non
2977 611 3118 666 sunt,
3151 604 3242 657 sed
3278 604 3620 663 habitudinis

2035 681 2151 750 ejus
2181 685 2247 738 ad
2286 699 2370 750 ea,
2416 701 2555 754 quae
2589 689 2803 742 condita
2845 699 2987 744 sunt.
3031 691 3111 746 Ab
3147 693 3258 762 ipsa
3302 697 3445 750 enim
3477 698 3618 752 inci-

2033 775 2206 843 piunt,
2259 783 2419 846 atque
2469 777 2590 831 ideo
2629 780 2944 850 principium
2989 783 3202 849 dicitur,
3251 795 3303 840 et
3348 790 3613 856 quoniam

2033 865 2088 919 in
2149 881 2266 920 eam
2296 865 2730 933 ‘terminantur,
2783 879 2841 924 ut
2892 873 2943 925 in
2997 887 3059 926 ea
3091 874 3112 904 '
3143 875 3408 939 desinant,
3479 878 3611 933 finis

2032 954 2291 1008 vocabulo
2319 958 2513 1011 meruit
2552 956 2842 1028 appellari;
2872 961 3009 1016 aliae
3033 978 3161 1018 vero
3199 965 3336 1021 duae
3369 967 3608 1032 formae,

2030 1043 2318 1097 secundam
2347 1045 2466 1100 dico
2491 1053 2544 1100 et
2570 1046 2802 1113 tertiam,
2835 1065 2941 1103 non
2980 1049 3150 1104 solum
3177 1052 3230 1106 in
3259 1064 3441 1108 nostra
3469 1072 3614 1110 con-

2031 1131 2373 1200 templatione
2433 1135 2743 1204 gignuntur,
2796 1137 2887 1191 sed
2937 1140 3098 1194 etiam
3145 1141 3196 1194 in
3241 1143 3352 1212 ipsa
3415 1161 3606 1198 rerum

2027 1230 2331 1275 creatarum
2369 1234 2556 1276 natura
2613 1227 2968 1294 reperiuntur,
3023 1231 3077 1284 in
3120 1247 3223 1300 qua
3276 1249 3470 1287 causae
3531 1237 3606 1290 ab

2025 1307 2300 1365 eﬂ'ectibus
2329 1319 2665 1381 separantur,
2700 1323 2754 1368 et
2790 1315 3010 1373 cﬂ'ectus
3051 1321 3230 1374 causis
3267 1323 3600 1385 adunantur,

2023 1400 2277 1467 quoniam
2330 1401 2382 1454 in
2437 1417 2543 1456 uno
2591 1417 2811 1472 genere,
2850 1407 2904 1458 in
2953 1418 3196 1463 creatura
3235 1409 3374 1474 dico,
3425 1428 3598 1466 unum

2022 1499 2166 1543 sunt.
2197 1490 2333 1544 MAG.
2371 1491 2446 1547 De
2473 1503 2726 1561 quattuor
2759 1497 2919 1568 igitur
2942 1497 3076 1552 fiunt
3111 1501 3264 1554 duae.
3298 1502 3440 1558 Disc.
3475 1503 3597 1558 Non

2022 1580 2236 1635 resisto.
2261 1581 2399 1637 MAG.
2427 1581 2586 1650 Quid,
2605 1586 2648 1640 si
2677 1596 2978 1644 creaturam
2995 1589 3237 1646 Creatori
3260 1592 3598 1661 adjunxeris,

357 1646 760 1716 intclligentium
790 1649 1076 1706 obscurum
1106 1668 1226 1710 esse
1258 1658 1520 1724 arbitror;
1550 1675 1579 1713 a
1614 1659 1758 1713 nullo
1779 1661 1919 1714 enim
1953 1650 1996 1710 Β
2025 1668 2097 1722 ita
2121 1679 2179 1724 ιιι
2201 1670 2274 1723 ni]
2308 1646 2520 1726 aliud'in
2552 1646 2613 1728 ea
2645 1674 2929 1746 intelligas,
2960 1679 3064 1732 nisi
3094 1680 3287 1748 ipsum,
3318 1646 3592 1752 qui—"531";

355 1747 589 1804 creatur,
629 1740 769 1810 quod
798 1757 957 1797 causa
999 1747 1260 1815 superiori
1300 1763 1357 1802 se
1395 1749 1479 1802 vel
1518 1749 1618 1804 sibi
1646 1750 1918 1820 coaequali

351 1838 498 1883 caret
522 1841 568 1882 α.
609 1829 706 1884 Est
739 1831 882 1885 enim
926 1833 1098 1902 prima
1129 1835 1364 1889 omnium
1396 1852 1554 1891 causa
1582 1837 1738 1901 Deus,
1761 1853 1918 1908 quem

283 1919 287 1978 ;
350 1916 480 1971 nihil
515 1919 816 1986 praecedit;
847 1921 918 1975 nil
959 1922 1007 1975 ei
1039 1924 1436 1996 eointclligilur,
1469 1927 1607 1996 quod
1634 1928 1732 1982 sibi
1767 1943 1922 1984 coes-

347 2004 570 2058 sentiale
596 2022 700 2060 non
736 2008 823 2061 sit.
844 2009 1074 2065 Videsne
1104 2014 1302 2081 itaque,
1335 2016 1560 2083 primam
1589 2023 1643 2070 et
1667 2025 1915 2085 quartam

347 2101 569 2148 naturae
588 2092 812 2150 formam
838 2097 889 2151 in
913 2114 1077 2154 unum
1100 2099 1119 2131 ³
1139 2115 1256 2157 esse
1280 2104 1588 2158 revocatas?
1613 2105 1756 2160 Disc.
1774 2105 1916 2160 Satis

345 2183 523 2248 video,
561 2201 799 2256 pureque
845 2188 1100 2260 intelligo.
1143 2191 1256 2246 Non
1301 2194 1441 2247 enim
1483 2194 1537 2248 in
1586 2193 1696 2249 Deo
1738 2196 1912 2265 prima

343 2274 517 2330 forma
566 2293 596 2331 a
637 2289 824 2347 quarta
865 2281 1200 2336 discernitur.
1241 2283 1294 2337 ln
1347 2285 1460 2354 ipso
1501 2286 1763 2356 siquidem
1806 2304 1911 2342 non

343 2367 449 2420 duo
474 2369 758 2436 quaedam,
790 2370 884 2424 sed
907 2387 1068 2426 unum
1098 2382 1241 2438 sunt,
1277 2374 1326 2428 in
1356 2383 1537 2430 nostra
1555 2391 1682 2431 vero
1706 2379 1911 2435 theoria

342 2458 466 2512 dum
505 2458 662 2514 aliam
706 2462 967 2516 rationem
1011 2465 1076 2519 de
1117 2465 1227 2520 Deo
1253 2467 1582 2537 concipimus
1620 2472 1907 2527 secundum

341 2549 822 2606 considerationem
877 2553 1147 2624 principii,
1202 2557 1360 2610 aliam
1407 2572 1537 2612 vero
1579 2557 1733 2626 juxta
1787 2560 1909 2615 ﬁnis

340 2641 865 2712 contemplationem,
903 2644 1039 2700 duae
1067 2647 1228 2700 veluti
1257 2648 1522 2718 quaedam
1552 2648 1756 2705 formae
1790 2665 1908 2706 esse

339 2731 609 2797 videntur,
659 2747 725 2787 ex
785 2750 890 2789 una
944 2737 1237 2807 eademque
1300 2739 1640 2808 simplicitate
1696 2742 1905 2796 divinae

341 2831 566 2878 naturae
610 2833 830 2894 propter
871 2825 1136 2897 duplicem
1181 2837 1395 2886 nostrae
1437 2832 1904 2904 contemplationis

335 2910 683 2967 intentionem
708 2913 990 2970 formatae.

402 3023 540 3081 Msa.
571 3025 735 3083 Recte
748 3029 912 3085 vides.
933 3027 1072 3097 Quid
1088 3032 1283 3104 igitur?
1305 3033 1442 3090 Num
1463 3043 1518 3090 et
1538 3038 1822 3093 secundam
1849 3049 1903 3094 et

332 3117 546 3171 tertiam
576 3119 626 3172 in
673 3135 835 3174 unum
877 3122 1124 3178 similiter
1161 3125 1414 3182 debemus
1459 3130 1739 3200 redigere?
1783 3131 1898 3188 Non

329 3208 470 3262 enim
500 3216 552 3264 te
575 3209 724 3274 latet,
740 3214 1062 3279 utaestimo,
1081 3217 1246 3286 quod,
1273 3219 1410 3272 sicut
1433 3221 1602 3288 prima
1627 3231 1680 3276 et
1707 3232 1896 3290 quarta

331 3296 385 3350 in
415 3297 688 3364 Creatore,
718 3302 789 3355 ita
823 3305 1053 3358 secunda
1081 3315 1136 3360 et
1178 3309 1332 3362 tertia
1369 3309 1421 3362 in
1456 3319 1699 3364 creatura
1730 3315 1898 3368 ratio-

332 3386 580 3442 nabiliter
617 3403 1031 3458 cognoscuntur.
1072 3394 1314 3450 Secunda
1361 3399 1529 3463 enim,
1584 3409 1642 3454 ut
1686 3404 1896 3471 praedi-

329 3488 478 3532 ctum
504 3489 605 3543 est,
633 3488 689 3533 et
728 3490 945 3536 creatur
983 3493 1038 3538 et
1074 3495 1244 3550 creat,
1285 3496 1338 3541 et
1383 3489 1433 3542 in
1461 3489 1895 3558 primordialibus

328 3568 508 3623 causis
555 3569 889 3624 conditarum
946 3588 1124 3639 rerum
1173 3576 1518 3648 intelligitur;
1565 3581 1718 3634 tertia
1769 3597 1896 3638 vero

325 3656 499 3712 forma
526 3669 741 3714 creatur
769 3670 823 3715 et
852 3678 955 3718 non
995 3672 1162 3730 creat,
1201 3674 1360 3737 atque
1390 3668 1442 3720 in
1483 3667 1758 3724 effectibus
1780 3671 1892 3740 pri-

322 3747 662 3804 mordialium
712 3765 996 3806 causarum
1027 3755 1309 3824 reperitur.
1343 3756 1588 3812 Secunda
1635 3759 1812 3829 itaque
1841 3768 1894 3816 et

324 3837 483 3893 tertia
508 3853 614 3893 uno
641 3841 934 3910 eodemque
971 3858 1189 3913 genere,
1220 3854 1436 3901 creatae
1467 3847 1711 3904 videlicet
1739 3859 1894 3904 natu-

318 3945 430 3994 rae,
465 3929 826 3996 continentur,
871 3941 1034 4002 atque
1073 3933 1127 3988 in
1171 3949 1234 3989 ea
1274 3951 1438 3989 unum
1480 3945 1622 3992 sunt.
1665 3937 1891 3994 Formae

317 4021 581 4091 siquidem
622 4024 676 4078 in
710 4038 905 4094 genere
941 4040 1105 4079 unum
1153 4034 1296 4080 sunt.
1341 4025 1476 4080 Num
1505 4027 1683 4097 itaque
1716 4029 1886 4095 vides,

315 4122 572 4182 quattuor
605 4111 900 4170 formarum
938 4115 1330 4184 praedictarum
1368 4117 1500 4172 duas
1522 4118 1755 4188 quidem,
1784 4120 1891 4189 pri-

317 4221 460 4260 mam
512 4207 758 4262 videlicet
806 4216 860 4262 et
911 4217 1180 4277 quartam,
1230 4209 1284 4263 in
1337 4208 1668 4275 Creatorem,
1729 4211 1882 4275 duas,

315 4295 605 4351 secundam
629 4297 748 4352 dico
774 4306 826 4353 et
850 4299 1086 4364 tertiam,
1116 4299 1169 4352 in
1199 4307 1500 4354 creaturam
1533 4301 1888 4356 reconcctas?

2020 1773 2148 1814 vere
2165 1768 2276 1826 est;
2296 1760 2370 1814 nil
2395 1761 2539 1816 enim
2560 1771 2711 1818 extra
2737 1764 2907 1834 ipsum
2923 1781 3049 1821 vere
3069 1769 3351 1823 cssentiale
3369 1769 3536 1824 dicitu
3546 1787 3592 1835 r,

2019 1848 2143 1918 quia
2190 1849 2389 1915 omnia,
2437 1864 2575 1918 quae
2621 1851 2687 1907 ab
2727 1867 2792 1906 eo
2842 1862 2990 1918 sunt,
3027 1855 3100 1909 nil
3139 1857 3279 1911 aliud
3331 1867 3472 1922 sunt,
3538 1859 3592 1912 in

2018 1946 2275 2007 quantum
2307 1949 2453 2008 sunt,
2494 1942 2595 1997 nisi
2638 1945 2978 2014 participatio
3017 1947 3202 2017 ipsius,
3234 1950 3324 2018 qui
3355 1965 3383 2004 a
3407 1951 3592 2019 seipso

2016 2030 2277 2100 solus’per
2300 2032 2531 2101 scipsum
2545 2034 2788 2089 subsistit
2816 2052 2830 2091 :
2864 2052 2988 2090 num
3012 2039 3250 2108 negabis,
3271 2037 3586 2094 Creatorem

2015 2129 2070 2176 et
2105 2129 2406 2176 creaturam
2437 2139 2600 2177 unum
2627 2125 2788 2180 esse?
2820 2124 2962 2181 DISC.
2989 2125 3104 2181 Non
3128 2127 3281 2182 facile
3307 2130 3582 2198 negarim;

2014 2209 2140 2264 huic
2169 2211 2312 2265 enim
2341 2211 2636 2268 collectioni
2670 2214 2920 2271 resistere
2939 2216 3149 2271 videtur
3175 2218 3306 2272 mibi
3331 2219 3585 2274 ridiculo-

2013 2317 2129 2356 sum
2159 2317 2299 2356 esse.

2081 2391 2218 2446 MAG.
2248 2392 2788 2465 Universitasitaque,
2806 2412 2942 2466 quae
2970 2397 3078 2454 Deo
3105 2405 3159 2453 et
3184 2408 3426 2453 creatura
3455 2414 3582 2453 con-

2011 2483 2228 2548 tinetur,
2272 2485 2420 2554 prius
2478 2486 2528 2540 in
2579 2495 2831 2556 quattuor
2886 2487 3048 2542 veluti
3121 2489 3322 2543 formas
3384 2490 3614 2554 divisa,

2009 2573 2200 2628 iterum
2225 2576 2292 2629 ad
2324 2591 2485 2630 unum
2515 2576 2863 2642 individuum,
2889 2579 3211 2646 principium
3233 2579 3427 2649 quippe
3447 2596 3574 2634 cau-
3608 2569 3614 2578 ’

2008 2679 2227 2733 samquc
2248 2665 2849 2735 finemque,revocatur.
2877 2668 3018 2723 DISC.
3046 2668 3119 2722 De
3141 2669 3427 2723 universali
3458 2670 3568 2723 nni~

2007 2755 2230 2811 versalis
2255 2765 2476 2811 naturae
2497 2757 2755 2812 divisione
2776 2767 2830 2813 et
2855 2759 3174 2813 adunatione
3196 2759 3412 2812 interim
3437 2759 3575 2812 satis

2005 2851 2206 2907 dictum
2241 2853 2416 2907 video.
2460 2851 2592 2906 Nam
2637 2853 2703 2906 de
2751 2851 3202 2907 subdivisionibus
3240 2850 3573 2921 singularum

2006 2939 2299 2995 formarum
2331 2941 2442 2996 suis
2477 2941 2608 2996 locis
2649 2942 3126 3007 considerabimus,
3165 2943 3427 2996 secundae
3449 2942 3573 2995 dico

2006 3042 2060 3088 et
2083 3032 2297 3097 tertiae;
2331 3031 2556 3102 primam
2586 3031 2779 3102 quippe
2813 3039 2868 3086 et
2905 3042 3151 3101 quartam
3181 3032 3574 3087 subdivisiones

2005 3125 2243 3194 recipere
2274 3140 2378 3177 non
2420 3123 2575 3179 facile
2615 3125 2861 3180 dixerim.
2899 3125 3127 3194 Ideoque
3168 3125 3233 3178 ad
3279 3124 3405 3189 alia,
3435 3140 3574 3193 quae

1993 3213 2106 3283 jam
2146 3215 2368 3268 dicenda
2409 3223 2552 3279 sunt,
2575 3215 2953 3268 transeundum
2976 3215 3229 3268 arbitror.
3260 3213 3397 3268 Msa.
3432 3214 3571 3279 Quid

2003 3305 2097 3359 tibi
2128 3305 2379 3359 videtur?
2415 3303 2550 3358 Num
2578 3305 2680 3358 alia
2711 3305 2937 3360 tenenda
2967 3315 3047 3360 cst
3077 3306 3267 3360 semita
3291 3306 3354 3359 ad
3394 3307 3572 3360 inves-

2001 3395 2310 3466 tigationcm
2336 3397 2726 3465 propositarmn
2751 3397 3142 3466 quaestionum,
3163 3412 3322 3465 quam
3349 3405 3408 3450 ut
3429 3413 3572 3450 nunc

1999 3487 2290 3541 secundam
2319 3496 2544 3540 naturae
2585 3486 2809 3540 formam
2851 3501 3191 3556 quaeramus,
3220 3485 3472 3554 quoniam
3505 3487 3572 3540 dc

1997 3577 2167 3647 prima
2198 3576 2248 3630 in
2274 3576 2436 3646 priori
2468 3575 2626 3640 libro,
2655 3587 2914 3644 quantum
2957 3575 3183 3630 facultas
3227 3577 3565 3645 suppetebat,

1997 3665 2470 3728 consideravimus,
2496 3665 2548 3718 in
2581 3680 2688 3733 quo
2723 3666 2891 3732 magis
2933 3665 2999 3720 de
3027 3666 3211 3720 decem
3242 3680 3420 3719 rerum
3449 3679 3568 3718 om-

1994 3755 2140 3809 nium
2177 3756 2479 3826 generibus,
2511 3757 2654 3826 quod
2693 3758 2908 3826 pr0prie
2939 3757 3003 3812 de
3031 3757 3562 3812 creatrice-omnium

1993 3861 2152 3901 causa
2204 3846 2308 3901 dici
2370 3862 2478 3900 non
2530 3856 2754 3917 possunt
2781 3847 2821 3912 ⁸,
2873 3847 3196 3916 disputatum
3244 3857 3344 3911 est,
3399 3861 3565 3916 quam

1992 3937 2060 3991 de
2113 3936 2226 4006 ipsa
2275 3937 2512 3990 omnium
2556 3935 2909 3991 causa?Nam
2950 3951 3088 4004 quae
3129 3936 3194 3990 de
3229 3950 3290 3989 ea
3333 3933 3560 3988 dicenda

1992 4035 2137 4092 sunt,
2175 4026 2242 4080 ad
2271 4035 2494 4095 quartae
2523 4025 2726 4080 formae
2763 4025 3246 4081 considerationem
3277 4039 3563 4080 reservan-

1991 4113 2058 4168 da
2109 4129 2227 4169 esse
2269 4113 2648 4182 judicavimus,
2698 4129 2802 4169 non
2851 4115 2993 4183 quod
3046 4123 3102 4168 et
3140 4114 3212 4168 ibi
3263 4113 3328 4167 de
3378 4113 3556 4168 divina

1990 4213 2179 4258 natura
2221 4203 2434 4273 proprie
2462 4203 2587 4272 quid
2617 4212 2707 4258 aut
2727 4203 2884 4273 digne
2908 4218 3004 4258 nos
3025 4203 3264 4258 dicturos
3290 4217 3411 4256 esse
3439 4216 3560 4270 pro-

1989 4295 2288 4359 mittamus,
2320 4295 2412 4349 sed
2441 4295 2580 4364 quod
2608 4295 2672 4350 de
2720 4296 2890 4350 reditu
2938 4295 3177 4349 omnium
3203 4295 3254 4347 in
3296 4309 3414 4348 eam
3463 4306 3558 4360 per

310 4384 457 4440 Disc.
477 4384 639 4440 Plane
674 4386 850 4451 video,
870 4363 1265 4456 admodumque
1292 4389 1530 4444 admiror
1551 4405 1731 4443 rerum
1761 4391 1890 4444 sub-
1916 4363 1966 4422 θ
1989 4383 2361 4456 primordiales
2393 4400 2603 4449 causas.
2638 4394 2896 4453 quantum
2940 4384 3052 4452 ipsa
3085 4382 3329 4449 .dederi‘:
3362 4381 3556 4436 ἀίεῑυτί

309 4475 577 4529 tilitatem.
606 4475 740 4529 Nam
780 4477 918 4532 duae
943 4480 1249 4548 praedictae
1277 4480 1480 4536 formae
1520 4497 1624 4535 non
1660 4481 1711 4535 in
1753 4480 1884 4545 Deo,

309 4569 403 4621 sed
444 4566 496 4620 in
535 4575 716 4621 nostra
757 4571 1205 4638 contemplatione
1242 4571 1643 4636 discernuntur,
1680 4580 1734 4626 ct
1779 4588 1882 4627 non

308 4659 427 4723 Dei,
454 4660 548 4714 sed
578 4659 801 4714 rationis
826 4670 1042 4716 nostrae
1067 4663 1266 4716 formae
1297 4672 1441 4727 sunt,
1469 4673 1688 4733 propter
1711 4664 1884 4733 dupli-

306 4765 423 4805 cem
458 4751 704 4820 principii
733 4759 895 4819 atque
916 4751 1036 4806 finis
1064 4753 1585 4820 considerationem;
1616 4768 1787 4824 neque
1824 4756 1875 4808 in

307 4840 420 4895 Deo
472 4840 528 4894 in
575 4855 738 4894 uuam
786 4839 1010 4895 formam
1057 4842 1392 4913 rediguntur,
1446 4843 1539 4896 sed
1589 4843 1640 4896 in
1692 4851 1874 4896 nostra

303 4929 536 4995 theoria,
565 4943 705 4999 quae
733 4930 857 4984 dum
900 4931 1221 5000 principium
1255 4941 1310 4986 et
1353 4931 1512 4985 finem
1547 4932 1872 4997 considerat,

303 5017 438 5074 duas
494 5019 751 5089 quasdam
805 5017 1007 5075 formas
1064 5020 1530 5090 contemplationis
1592 5021 1645 5074 in
1700 5022 1872 5090 seipsa

1990 4491 2196 4530 sumus.
2248 4476 2439 4528 Sicnt'
2467 4476 2517 4529 in
2551 4476 2657 4530 hac
2699 4476 2930 4528 secunda
2973 4471 3348 4542 inquisitione‘I
3379 4471 3554 4524 maxi«

1987 4582 2074 4621 me
2121 4567 2432 4621 intentionis
2469 4575 2704 4634 nostrae,
2731 4567 3082 4636 propositum,
3114 4565 3224 4619 Deo
3271 4563 3552 4634 largiente,

1985 4659 2330 4715 constitutum
2380 4667 2477 4722 est,
2534 4659 2796 4728 quaedam
2844 4659 3022 4711 dicere
3085 4657 3149 4710 de
3211 4654 3553 4724 processione

1983 4760 2352 4806 creaturarum
2399 4749 2467 4802 ab
2525 4763 2631 4802 una
2676 4747 2772 4802 et“
2819 4749 2991 4816 prima
3040 4747 3278 4799 omnium
3327 4759 3491 4799 causa
3511 4742 3552 4773 ¹⁶

1983 4856 2078 4911 per
2103 4839 2475 4911 primordiales
2493 4840 2755 4894 essentias
2770 4839 2835 4903 “,
2860 4847 2987 4892 ante
3003 4837 3180 4891 omnia
3203 4837 3270 4888 ab
3292 4850 3379 4898 ea,
3394 4835 3446 4887 in
3467 4848 3549 4893 ea.

1965 4948 2078 5002 Aper
2116 4947 2234 4986 eam
2267 4933 2528 4995 conditas,
2561 4931 2612 4984 in
2666 4931 2876 4984 diversa
2925 4943 3106 4982 rerum
3140 4940 3337 4997 genera
3384 4925 3551 4978 diver-

1984 5023 2250 5076 humanus
2277 5020 2489 5075 animus
2536 5019 2602 5075 ad
2633 5021 2799 5074 Deum
2839 5019 3136 5088 perveniet,
3167 5027 3278 5070 tum
3319 5014 3545 5069 divinam

1578 5110 1829 5166 VARIAE
1869 5109 2266 5165 LECTIONES.

1057 5202 1077 5233 ⁸
1109 5199 1200 5256 Sic
1221 5201 1338 5267 CD;
1367 5200 1405 5254 Α
1433 5212 1573 5255 sunt.

372 5204 392 5282 ξ
419 5203 509 5258 Sic
534 5203 574 5258 C
599 5219 613 5268 ;
658 5212 840 5282 from.
1014 5271 1028 5282 Δ
1057 5202 1077 5233 ⁸
1109 5201 1455 5282 Sic.CD;_Ans

1107 5272 1285 5324 assint.
1355 5271 1375 5302 "
1401 5271 1491 5326 Sic
1523 5272 1640 5335 CD;
1674 5271 1716 5324 A
1746 5273 1856 5325 sed.

300 5273 578 5328 Cineam.
657 5273 795 5328 ‘Sic
854 5271 1103 5341 CD;Ap

299 5359 407 5399 om.
442 5344 506 5397 Α.

1675 5202 1695 5233 ³
1726 5202 1816 5256 Sic
1838 5201 1963 5263 CD;
1997 5201 2036 5254 A
2060 5217 2240 5254 unam.

1933 5272 1954 5303 ⁸
1989 5270 2080 5326 Sic
2111 5271 2228 5336 CD;
2281 5269 2326 5324 A
2352 5269 2670 5340 quaestione.

583 5344 626 5375 ¹¹
657 5341 748 5398 Sic
773 5342 888 5407 CD;
920 5343 966 5395 A
991 5340 1363 5411 primordiales
1401 5358 1676 5394 causarum
1705 5341 1981 5396 essentias.

2314 5199 2335 5230 ⁸
2362 5198 2452 5255 Sic
2475 5197 2516 5253 C
2546 5207 2601 5254 et
2629 5213 2768 5254 corr.
2803 5197 2880 5262 A;
2910 5197 2955 5251 D
2982 5196 3034 5250 in
3056 5211 3134 5248 eo.
3237 5193 3260 5226 ⁸
3284 5192 3376 5247 Sic
3421 5191 3542 5255 AD;

2745 5267 2766 5298 ’
2792 5266 2835 5321 D
2887 5283 2973 5322 ac.
3055 5265 3098 5298 ‘°
3123 5263 3216 5320 Sic
3240 5263 3359 5328 CD;
3388 5279 3548 5315 causa

369 5516 394 5544 ⁸
432 5504 472 5556 C
526 5507 593 5560 ad
651 5521 818 5576 marg.
880 5504 1054 5560 adscr.
1109 5499 1284 5557 Glosa.
1343 5502 1454 5556 Hoc
1528 5502 1719 5556 dictum
1776 5430 2126 5572 “1:93:31.”
2169 5497 2372 5555 divinae
2436 5498 2677 5554 bonitatis
2739 5506 2841 5550 tres
2890 5492 3249 5550 consentiam
3304 5489 3545 5545 substano

301 5574 425 5626 tias.
