3912 6154
263 231 354 288 529

1034 221 1123 279 DE
1160 221 1501 280 DIVISIONE
1541 223 1890 282 NATURAE.
1925 256 1996 268 —
2031 227 2233 282 LIBER
2271 228 2654 287 SECUNDUS.

3389 231 3494 289 550

259 356 436 412 usque
467 338 672 396 formas
706 350 1065 406 numerosque
1104 337 1157 390 in
1204 336 1494 390 inﬁnitum.
1525 337 1591 390 Et
1620 351 1688 390 ne
1718 337 1820 391 mi-
1849 345 1896 404 Α
1922 342 2047 395 tiam
2069 359 2161 413 per
2183 345 2554 399 successionem
2585 362 2676 413 per
2695 361 2803 410 eos,
2827 345 2916 414 qui
2937 353 3056 398 ante
3083 361 3138 400 se
3160 355 3330 411 erant,
3359 351 3413 402 in
3439 368 3496 406 se

258 436 393 497 reris,
424 433 472 487 si
519 429 782 500 quaedam
827 428 880 482 in
923 427 1027 482 hoc
1064 427 1200 481 libro
1227 430 1242 459 ⁸
1291 429 1357 484 de
1398 429 1572 483 reditu
1613 438 1821 483 creatu-

255 539 419 578 rarum
463 522 529 576 ad
581 518 906 590 principium
961 518 1044 572 sui
1091 517 1361 587 ﬁnemque
1420 518 1560 573 dicta
1597 518 1818 572 videris.

251 613 516 670 Processio
559 626 791 679 namque
819 617 1192 664 creaturarum
1222 607 1643 676 earumdcmque
1679 608 1822 662 redi-

249 714 324 758 tus
348 704 420 756 ita
460 703 480 732 ¹
509 699 668 756 simul
719 699 916 753 rationi
957 704 1250 750 occurrunt
1277 711 1371 750 eas
1426 696 1734 766 inquirenti,
1763 702 1822 749 ut

247 813 270 850 a
311 810 362 848 se
394 792 628 848 invicem
655 789 1041 860 inseparabiles
1070 803 1189 842 esse
1219 787 1532 854 vidcantur,
1563 797 1614 842 et
1661 803 1820 843 nemo

245 887 302 940 de
325 899 428 938 una
459 882 707 938 absolute
730 882 847 936 sine
876 881 1103 933 alterius
1128 879 1448 943 insertione,
1487 879 1589 934 hoc
1618 887 1722 943 est,
1751 879 1817 934 de

242 975 580 1042 pmcessione
610 972 728 1044 sine
754 971 928 1025 reditu
956 978 1012 1024 et
1039 968 1379 1033 collectione,
1411 978 1468 1023 et
1489 969 1816 1036 eonversim,

242 1064 447 1134 dignum
465 1062 593 1132 quid
625 1070 907 1130 ratumque
933 1069 1103 1129 potest
1121 1059 1433 1130 explanare.
1462 1059 1608 1114 Dtsc.
1629 1060 1818 1129 Dispu-

243 1156 450 1209 tationis
473 1156 644 1208 series
669 1153 741 1206 nil
771 1152 913 1206 aliud
945 1152 1135 1221 exigit,
1172 1167 1334 1220 quam
1371 1161 1430 1204 ut
1456 1161 1578 1220 post
1607 1152 1817 1221 primae

239 1245 565 1315 quaestionis
599 1243 1086 1298 considerationem
1134 1243 1202 1296 ad
1239 1242 1530 1296 secundam
1573 1250 1816 1296 transea-

237 1353 362 1391 mus.
391 1336 534 1390 Msc.
566 1333 897 1390 Universalis
925 1335 1105 1404 itaque
1138 1341 1384 1396 naturae,
1400 1341 1458 1386 ut
1467 1332 1580 1400 jam
1609 1331 1811 1387 dictum

235 1433 323 1490 est,
351 1441 420 1479 ea
451 1425 625 1478 forma
660 1423 896 1479 secunda
923 1424 1114 1488 enitet,
1139 1437 1279 1492 quae
1307 1431 1525 1477 creatur
1545 1432 1604 1477 et
1638 1431 1808 1488 creat,

235 1525 282 1571 et
321 1533 430 1571 non
483 1517 588 1570 nisi
648 1517 701 1571 in
755 1515 1196 1586 primordialibus
1251 1516 1432 1572 causis
1493 1533 1693 1582 rerum,
1753 1527 1814 1573 ut

235 1606 468 1670 aestimo,
495 1606 839 1678 intelligenda
860 1615 961 1660 est.
985 1607 1136 1676 ipsae
1178 1615 1358 1662 autem
1388 1607 1409 1638 ³
1438 1609 1812 1676 primordiales

234 1709 402 1749 rerum
457 1711 656 1751 causae
702 1711 733 1749 a
787 1696 1010 1752 Graecis
1045 1698 1382 1773 πρωτὸτυπα,
1427 1699 1531 1753 hoc
1583 1708 1667 1753 est
1703 1701 1813 1770 pri-
1846 1691 1891 1750 Β
1918 1703 2108 1756 tionem
2146 1719 2256 1756 esse
2301 1702 2632 1772 accipientem
2674 1700 2856 1753 dividit
2902 1700 2979 1765 ¹³;

1891 1791 2083 1846 -Βεαηι
2103 1808 2196 1863 per
2220 1791 2496 1845 bonitatem
2519 1791 2700 1858 fecisse
2723 1791 3053 1844 existentium
3075 1789 3232 1843 simul
3259 1791 3492 1843 omnium

233 1784 504 1839 mordialia
549 1785 819 1854 exempla,
843 1785 928 1840 vel
960 1789 1340 1864 προορίσματα,
1372 1788 1475 1843 hoc
1500 1797 1584 1843 est
1609 1829 1624 1854 ,
1659 1803 1817 1859 prae-

233 1875 612 1930 destinationes
663 1876 748 1930 vel
810 1875 1155 1931 deﬁnitiones
1214 1886 1518 1944 vocantur;
1567 1879 1697 1934 item
1746 1880 1814 1935 ab

231 1963 423 2019 eisdem
465 1967 582 2021 Θιῖα
624 1966 880 2036 Θελήματα
907 2005 922 2031 ,
957 1966 1060 2021 hoc
1100 1975 1216 2032 est,
1257 1967 1472 2022 divinae
1509 1968 1814 2026 voluntates

230 2051 505 2121 dicuntur;
552 2055 680 2112 ἰδέαι
719 2070 950 2126 quoque,
1001 2057 1054 2113 id
1079 2066 1183 2123 est,
1227 2059 1438 2127 species
1465 2061 1551 2114 vel
1582 2060 1809 2128 formae,

232 2144 279 2199 in
326 2146 535 2220 quibus
591 2146 833 2202 omnium
901 2163 1086 2202 rerum
1113 2148 1135 2180 δ
1177 2147 1546 2205 faciendarum
1577 2190 1593 2215 ,
1635 2152 1813 2220 prius-

230 2219 377 2302 quam
428 2244 612 2290 essent
641 2276 657 2301 ,
698 2237 1166 2292 incommutabiles
1210 2237 1232 2270 ³
1276 2240 1514 2295 rationes
1559 2219 1810 2296 conditae

229 2335 360 2391 sunt,
399 2327 577 2381 solent
624 2327 830 2382 vocari.
864 2329 940 2383 De
979 2328 1177 2398 quibus
1205 2329 1368 2385 latius
1411 2331 1466 2385 in
1505 2347 1762 2400 processu
1786 2335 1808 2366 ⁸

229 2423 397 2492 operis
443 2424 712 2488 dicemus,
751 2425 1185 2495 testimoniisque
1224 2436 1535 2482 sanctorum
1585 2427 1806 2484 Patrum

226 2514 617 2570 roborabimus.
651 2515 719 2570 Et
749 2531 851 2571 nec
885 2517 1158 2572 immerito
1189 2517 1268 2572 sic
1289 2518 1648 2588 appellantur,
1673 2535 1806 2589 quo-

227 2604 359 2658 niam
387 2605 573 2668 Pater,
625 2606 728 2661 hoc
763 2616 846 2661 est
885 2607 1210 2677 principium
1236 2609 1499 2676 omnium,
1549 2610 1600 2664 in
1627 2611 1804 2668 Verbo

227 2708 335 2759 suo,
370 2696 652 2765 unigenito
679 2697 931 2751 videlicet
957 2695 1116 2762 Filio,
1141 2700 1379 2752 omnium
1416 2715 1595 2754 rerum
1637 2701 1803 2755 ratio-

226 2800 333 2851 nes,
385 2803 523 2856 quas
576 2788 850 2843 faciendas
896 2804 1017 2844 esse
1078 2789 1270 2856 voluit,
1317 2792 1468 2861 prius
1523 2807 1688 2861 quam
1742 2793 1797 2848 in

223 2891 410 2946 genera
459 2887 514 2933 et
572 2880 782 2949 species
826 2895 1188 2949 numerosque
1233 2889 1395 2950 atque
1441 2880 1794 2947 diﬂerentias,

223 2983 522 3040 ceteraque,
549 2988 688 3042 quae
712 2974 765 3028 in
811 2975 1023 3029 condita
1051 2983 1302 3030 creatura
1333 2984 1426 3029 aut
1458 2977 1790 3032 considerari

222 3070 435 3128 possunt
504 3072 559 3117 et
611 3063 1050 3129 considerantur,
1116 3075 1211 3119 aut
1290 3066 1623 3122 considerari
1688 3085 1792 3123 non

222 3159 436 3216 possunt
474 3165 602 3219 prae
630 3153 712 3205 sui
743 3153 1044 3219 altitudine,
1081 3165 1134 3208 et
1163 3169 1268 3209 non
1303 3157 1714 3212 considerantur
1741 3167 1797 3214 et

225 3246 392 3292 tamen
420 3251 563 3305 sunt,
593 3242 1004 3309 praeformavit.

284 3329 337 3382 3.
379 3329 481 3384 Sed
537 3333 856 3401 priusquam
911 3335 978 3389 ad
1025 3335 1457 3404 primordialium
1506 3353 1794 3394 causarum

223 3418 470 3473 themiam
510 3425 915 3491 perveniamus,
953 3425 1125 3480 visum
1170 3437 1254 3482 εει
1284 3429 1438 3492 mihi,
1467 3431 1793 3485 sententiam

223 3512 531 3566 venerabilis
560 3512 777 3568 Maximi
805 3515 871 3569 de
898 3515 1162 3572 divisione
1187 3519 1450 3584 omnium,
1481 3536 1620 3590 quae
1653 3520 1795 3576 facta

223 3612 362 3666 sunt,
410 3605 535 3660 huic
581 3607 932 3676 disputationi
977 3618 1223 3675 nostrae,
1263 3611 1309 3665 si
1363 3612 1458 3666 tibi
1520 3613 1698 3682 placet
1747 3613 1794 3681 ⁷,

223 3691 465 3750 inserere.
493 3695 548 3750 Si
582 3698 726 3750 enim
760 3698 1036 3769 multiplex
1081 3717 1259 3756 rerum
1290 3703 1532 3757 omnium
1574 3704 1789 3772 divisio,

224 3780 507 3855 iterumque
529 3787 808 3854 adunatio,
838 3789 1205 3859 multipliciter
1225 3792 1591 3846 demonstrata
1606 3793 1792 3860 fuerit,

223 3871 286 3924 ad
309 3875 661 3944 cognitionem
686 3878 1064 3948 priuetpalium
1095 3896 1398 3944 causarum,
1433 3898 1572 3952 quae
1593 3884 1793 3953 princi-

222 3959 399 4028 paliter
439 3979 468 4016 a
511 3964 622 4018 Deo
663 3967 912 4022 conditae
941 3977 1088 4033 sunt,
1135 3971 1402 4039 patefacta
1455 3973 1539 4025 via
1582 3971 1795 4030 facilius

224 4052 520 4117 apparebit;
573 4056 897 4123 praesertim
943 4072 1062 4110 cum
1109 4060 1276 4127 ipsius
1303 4061 1496 4117 divisio
1532 4078 1562 4116 a
1607 4074 1792 4120 nostra

223 4141 482 4207 praedicta
517 4146 540 4176 ⁸
567 4146 830 4200 divisione
874 4146 927 4200 in
984 4148 1130 4204 nullo
1176 4150 1484 4222 discrepare
1527 4155 1791 4222 videatur,

227 4241 434 4300 excepto
498 4235 640 4302 quod
701 4235 791 4288 ille
851 4236 1162 4290 sensibilem
1227 4250 1561 4306 creaturam,
1627 4258 1790 4314 quam

226 4321 421 4374 tertiam
467 4321 697 4377 formam
729 4334 954 4380 naturae
1000 4329 1297 4396 posuimus,
1329 4333 1580 4400 quoniam
1625 4335 1676 4388 in
1720 4350 1784 4391 ea

227 4409 435 4464 maxime
464 4428 750 4467 causarum
788 4413 1009 4471 etl'ectus
1047 4431 1330 4487 apparent,
1385 4423 1437 4476 in
1500 4433 1609 4479 tres
1662 4441 1786 4497 spe-

226 4496 322 4585 cies
341 4503 652 4570 subdividit,
685 4515 1042 4576 quartamque
1087 4522 1330 4565 nostram
1383 4530 1412 4567 a
1456 4517 1626 4585 prima
1674 4496 1781 4572 non

229 4584 474 4656 discernit,
532 4595 674 4648 sicut
727 4599 1004 4664 sequentia
1072 4584 1781 4673 demonstrabuut.Quam3

230 4678 617 4738 subdivisionem
645 4687 916 4741 sensibilis
945 4700 1224 4748 creaturae
1271 4697 1334 4749 ad
1368 4699 1648 4754 materiem
1680 4717 1780 4755 no-

228 4775 350 4824 strae
388 4777 719 4842 quaestionis
747 4780 956 4843 tertiae,
986 4792 1143 4850 prout
1180 4785 1319 4839 Deus
1347 4788 1573 4852 dederit,
1607 4806 1785 4845 rescr-

227 4859 462 4916 Vabimus.
500 4865 800 4920 Trieesitno
846 4881 902 4922 et
938 4872 1168 4940 septimo
1215 4875 1448 4943 capitulo
1498 4879 1564 4932 de
1602 4879 1787 4934 Ambi-

229 4949 365 5012 suis:
406 4953 610 5020 Sancti,
664 4958 854 5026 inquit,
901 4962 989 5029 qui
1040 4962 1204 5014 multa
1253 4965 1544 5020 divinorum
1595 4977 1786 5036 myste-

230 5039 398 5095 riorum
420 5061 482 5098 ea:
507 5048 611 5110 Itis,
635 5050 722 5116 qui
748 5050 1011 5119 pedisequi
1041 5063 1085 5105 et
1114 5055 1336 5106 ministri
1361 5056 1571 5124 fuerunt
1615 5055 1789 5124 Verbi,

226 5139 267 5181 ει
303 5134 410 5190 inde
442 5138 480 5169 ¹⁰
517 5139 816 5194 immediate
849 5158 1050 5206 eorum,
1077 5159 1210 5214 quae
1241 5157 1385 5211 sunt,
1414 5148 1604 5200 eruditi
1627 5149 1804 5203 scien-

1921 431 2060 498 ipsos
2111 432 2444 487 distributum
2493 436 2773 503 accipiunt,
2826 435 3006 488 dicunt
3061 437 3311 498 ontnium.
3362 455 3498 512 quae

1921 523 2060 590 facta
2103 532 2245 585 sum,
2288 523 2514 593 quinque
2553 523 2891 576 divisionibus
2941 527 3202 594 segregari
3250 528 3491 582 substan-

1920 615 2068 667 tiam.
2125 613 2391 677 Videsne,
2445 623 2646 684 quanta
2698 615 2986 668 autoritate
3035 615 3313 671 divisionis
3347 633 3492 688 quae

1917 704 2178 774 originem
2217 706 2592 758 commendat?
2622 705 2702 759 Ab
2732 705 2846 774 ipso
2873 706 3014 759 enim
3047 706 3232 770 verba,
3258 707 3359 762 hoc
3385 720 3492 776 est,

1917 794 2011 850 Dei
2041 795 2195 859 Filio,
2226 795 2316 864 qui
2357 805 2439 848 est
2467 794 2584 848 fons
2627 797 2786 849 totius
2827 795 3097 864 perfectae
3135 797 3492 853 doctrinae—

1916 885 2135 949 merito,
2165 886 2287 953 quia
2315 886 2426 955 ipse
2464 893 2548 938 est
2575 886 2853 952 sapientia,
2881 901 3036 953 quam
3065 902 3249 940 omnes
3277 887 3490 956 sapien-

1917 983 2000 1030 tes
2038 977 2362 1046 participant
2405 991 2501 1046 per
2533 977 2849 1046 pedisequos
2892 992 3037 1040 suos,
3073 977 3174 1031 hoc
3200 985 3302 1041 est,
3336 978 3494 1032 disci.

1914 1066 2090 1136 pulos,
2121 1068 2210 1136 qui
2235 1083 2355 1120 eum
2385 1077 2440 1120 et
2474 1068 2514 1098 “
2557 1068 2607 1120 in
2645 1082 2805 1120 carne
2850 1068 3113 1120 viventem
3139 1070 3408 1135 \‘Idel‘lllll,
3438 1079 3492 1124 ct

1915 1160 2198 1211 docentem
2247 1158 2622 1211 audierunt—
2650 1157 2932 1210 inchoasse
2983 1169 3390 1223 commemorat,
3437 1169 3492 1213 et

1915 1263 2010 1317 per
2031 1248 2395 1317 apostolorum
2432 1263 2773 1301 successores
2796 1248 2846 1299 in
2881 1249 3124 1302 doctrina
3153 1256 3204 1300 ct
3228 1250 3488 1318 sapientia

1915 1339 2243 1403 immediate,
2269 1340 2369 1394 ltoc
2389 1349 2495 1403 est,
2520 1339 2661 1392 nulla
2686 1338 2785 1391 alia
2819 1339 3106 1391 antoritate
3153 1339 3489 1408 interposita,

1913 1443 2083 1497 usque
2108 1429 2174 1482 ad
2212 1443 2306 1482 sua
2337 1437 2574 1496 tempora
2607 1428 2856 1481 traditam
2895 1427 3078 1482 luisse.
3109 1427 3344 1492 Quarum
3384 1431 3493 1498 pri-

1911 1535 2070 1583 mam,
2127 1520 2318 1588 inquit,
2351 1537 2459 1574 esse
2493 1520 2638 1571 aiunt
2665 1535 2800 1583 eam,
2828 1535 2960 1588 quae
2987 1536 3018 1571 a
3061 1536 3162 1572 non
3201 1530 3372 1572 creata
3398 1536 3494 1572 na—

1913 1621 2032 1664 tura
2073 1622 2304 1664 creatam
2330 1611 2372 1641 ¹¹
2409 1609 2772 1663 universaliter
2804 1621 3069 1674 naturam,
3098 1618 3144 1662 et
3166 1625 3257 1679 per
3277 1626 3493 1680 genera-

3032 1700 3210 1753 dicunt
3249 1716 3490 1770 namque,

1915 1883 2114 1938 claram
2143 1883 2554 1951 dispositionem.
2577 1882 2643 1935 Et
2662 1881 2819 1950 paulo
2839 1890 2992 1950 post:
3026 1878 3318 1934 Secundam
3347 1896 3492 1944 vero,

1911 1993 2004 2047 per
2037 1993 2196 2046 quam
2234 1976 2348 2045 ipsa
2376 1975 2534 2029 simul
2573 1975 2740 2029 omnis
2777 1985 2989 2037 natura,
3017 1991 3048 2026 a
3079 1972 3188 2026 Deo
3229 1989 3321 2040 per
3348 1990 3491 2026 crea-

1913 2069 2104 2122 tionem
2150 2083 2260 2121 esse
2309 2066 2587 2136 accipiens,
2631 2064 2884 2118 dividitur
2929 2064 2985 2116 in
3039 2061 3388 2132 intelligibilia
3441 2070 3492 2115 et

1910 2155 2212 2220 sensibilia;
2253 2155 2458 2208 tertiam
2489 2154 2750 2223 deinceps,
2786 2169 2879 2222 per
2905 2168 3058 2223 quam
3085 2153 3198 2220 ipsa
3230 2151 3491 2206 sensibilis

1913 2256 2103 2299 natura
2126 2244 2378 2298 dividitur
2396 2244 2450 2296 in
2471 2243 2670 2296 caelum
2693 2258 2755 2294 ac
2776 2251 3004 2306 terram;
3023 2253 3263 2310 quartam
3285 2240 3491 2299 itidem.

1907 2351 2000 2406 per
2041 2349 2198 2404 quam
2246 2343 2386 2386 terra
2434 2331 2686 2386 dividitur
2733 2331 2787 2385 in
2837 2329 3157 2384 Paradisum
3220 2339 3267 2383 et
3315 2331 3490 2384 orbem

1908 2434 2203 2489 terrarum;
2254 2433 2303 2478 et
2345 2425 2580 2494 quintam
2607 2463 2622 2486 ,
2663 2439 2756 2492 per
2798 2438 2953 2492 quam
2994 2422 3102 2490 ipse
3147 2422 3202 2473 in
3249 2421 3487 2475 omnibus

1905 2514 2060 2569 relati
2111 2514 2370 2585 quaedam
2429 2524 2732 2568 cunctorum
2775 2513 3226 2567 continuatissima
3259 2513 3491 2583 officina.

1905 2605 2242 2675 omnibusque
2281 2621 2374 2675 per
2419 2621 2621 2658 onmem
2674 2604 3022 2672 diﬂerentiam
3077 2603 3488 2656 extremitatibus

1897 2711 1993 2765 per
2012 2697 2236 2764 seipsnm
2256 2694 2567 2748 naturaliter
2594 2694 2917 2747 medietatem
2948 2692 3142 2761 faciens
3183 2693 3306 2746 bene
3347 2709 3408 2746 ac
3441 2695 3484 2724 "

1900 2785 2116 2856 pulchre
2170 2785 2454 2838 secundum
2521 2784 2921 2853 generationem.
2999 2783 3116 2848 His,
3166 2801 3298 2854 quae
3341 2795 3484 2852 sunt,

1898 2877 2266 2945 superadditus
2284 2877 2438 2928 homo
2459 2876 2513 2928 in
2534 2875 2821 2928 masculum
2848 2875 3194 2944 feminamque
3215 2877 3483 2941 dividitur,

1899 2983 2101 3020 omnem
2139 2967 2330 3020 habens
2367 2967 2598 3035 profecto
2636 2965 2948 3019 naturaliter
2981 2978 3332 3019 extremorum
3381 2984 3484 3020 om-

1900 3061 2044 3112 nium
2069 3059 2429 3112 medietatibus
2456 3074 2549 3127 per
2569 3060 2735 3128 ipsam
2769 3058 2836 3110 ad
2863 3066 3092 3111 extrema
3115 3059 3288 3110 omnia
3326 3075 3483 3125 copu-

1897 3151 2106 3203 lativant
2130 3150 2461 3220 propriarum
2487 3149 2714 3218 partium
2741 3149 3106 3219 praprietatem
3147 3149 3486 3201 adunationts

1897 3241 2158 3294 virtutem.
2195 3239 2408 3293 Partem
2445 3239 2700 3308 siquidem
2747 3242 2862 3303 sui,
2926 3249 2985 3292 ut
3036 3240 3175 3293 ilem
3226 3241 3477 3308 magister

1897 3331 2022 3386 alibi
2049 3331 2148 3395 ait,
2187 3347 2305 3383 cum
2335 3328 2662 3383 sensibilibus
2706 3329 2955 3396 possidet,
2992 3330 3047 3382 in
3073 3339 3326 3399 quantum
3368 3346 3481 3382 cor-

1895 3439 1992 3493 pus
2025 3431 2135 3487 est;
2170 3431 2370 3491 partem
2401 3436 2517 3473 cum
2551 3417 2981 3488 intelligibilibus,
3007 3421 3059 3471 in
3081 3429 3334 3488 quantum
3366 3421 3481 3472 ani-

1893 3526 2024 3564 ma:
2061 3509 2277 3579 ideoque
2309 3510 2605 3561 universam
2639 3518 2933 3560 creaturam
2963 3509 3014 3560 in
3053 3524 3106 3561 se
3132 3509 3376 3562 continet.
3415 3508 3481 3562 Et

1895 3602 2056 3673 paulo
2076 3611 2232 3671 post:
2269 3600 2444 3670 Hujus
2477 3602 2550 3653 rei
2582 3601 2752 3669 gratia
2785 3601 3091 3653 novissimus
3129 3601 3483 3653 introducitur

1896 3695 1950 3748 in
1999 3695 2101 3755 liis,
2133 3708 2266 3763 quae
2297 3702 2436 3755 sunt,
2467 3693 2643 3754 homo,
2686 3691 2844 3745 veluti
2887 3691 3183 3759 conjunctio
3223 3693 3479 3761 quaedam

1896 3783 2156 3838 naturalis
2185 3783 2552 3836 unieersaliter
2578 3799 2670 3851 per
2685 3781 2926 3851 proprias
2949 3791 3122 3850 partes
3152 3782 3479 3834 medietatem

1895 3873 2092 3942 faciens
2122 3871 2551 3934 extremitatibus,
2599 3879 2645 3922 et
2679 3870 2732 3922 in
2769 3885 2930 3922 unum
2957 3868 3151 3922 ducens
3183 3870 3237 3921 in
3285 3871 3478 3937 seipso,

1893 3962 2056 4015 multo
2083 3960 2369 4014 secundum
2391 3970 2635 4012 naturam
2661 3974 2692 4010 a
2714 3957 2986 4010 seinvicem
3014 3957 3264 4012 distantia
3287 3959 3474 4016 spatio.

1895 4053 2287 4108 Extremitates
2335 4051 2423 4105 hic
2474 4058 2631 4102 vocat
2688 4046 3007 4101 invisibilcm
3063 4047 3480 4115 sensibilemth

1894 4156 2218 4207 creaturam,
2243 4156 2381 4211 quae
2408 4155 2438 4193 a
2465 4155 2523 4194 se
2548 4137 2772 4192 invicem
2797 4135 2958 4190 veluti
2983 4135 3290 4204 longissimo
3305 4138 3479 4205 Spatia

1894 4237 2122 4292 naturali
2174 4233 2474 4290 diil'erentia
2529 4233 2855 4300 discrepant.
2903 4229 3039 4283 Sunt
3072 4231 3211 4283 enim
3258 4241 3478 4284 natura-

1896 4343 2013 4382 rum
2042 4325 2382 4381 conditarum
2415 4323 2520 4377 duo
2553 4321 2780 4375 extremi
2821 4320 3032 4372 termini
3068 4320 3282 4374 sibimet
3311 4336 3476 4390 Oppo-

1891 4420 2001 4483 siti,
2051 4419 2145 4471 sed
2190 4417 2424 4469 humana
2466 4421 2655 4467 natura
2705 4412 3050 4465 medietatem
3092 4427 3170 4465 eis
3202 4423 3470 4481 praestat;

1891 4512 1943 4566 in
1983 4525 2045 4564 ea
2092 4509 2234 4562 enim
2267 4497 2368 4560 sibi
2413 4505 2641 4559 invicem
2688 4502 3031 4574 copulantur.
3076 4512 3131 4558 et
3175 4505 3240 4559 de
3291 4507 3474 4560 multis

1888 4615 2051 4654 unum
2084 4599 2236 4652 ﬂuut.

1957 4689 2010 4744 4.
2046 4689 2214 4744 Nulla
2252 4688 2388 4742 enim
2417 4696 2658 4740 creatura
2680 4694 2772 4746 est,
2809 4702 2840 4737 a
2884 4702 3087 4738 summa
3123 4703 3282 4756 usque
3319 4688 3472 4741 deor-

1886 4800 2020 4844 sum,
2056 4797 2188 4852 quae
2214 4782 2267 4833 in
2297 4780 2504 4832 nomine
2532 4794 2635 4830 non
2667 4777 2970 4844 reperiatur.
2999 4777 3225 4848 Ideoque
3253 4780 3468 4848 ofﬁcina

1883 4875 2115 4928 omnium
2166 4873 2290 4942 jure
2347 4871 2682 4933 nominatur;
2747 4869 2802 4920 in
2849 4883 2908 4920 ea
2968 4868 3221 4936 siquidem
3292 4874 3468 4924 omnia

1886 4968 2175 5036 conﬂuunt,
2203 4980 2334 5034 quae
2363 4979 2394 5014 a
2420 4961 2524 5014 Deo
2547 4960 2754 5013 condita
2787 4968 2933 5023 sunt,
2965 4975 3223 5030 unamque
3252 4961 3467 5012 harmo-

1889 5059 2029 5110 niam
2059 5072 2122 5108 ex
2148 5054 2365 5107 diversis
2406 5052 2628 5114 naturis,
2665 5051 2823 5102 ueluti
2867 5051 3174 5118 quibusdam
3225 5051 3467 5103 distanti-

1892 5148 1986 5200 bus
2017 5147 2180 5210 sonis,
2206 5153 2542 5213 componunt.
2573 5141 2639 5196 Ut
2665 5142 2732 5194 ad
2783 5140 2969 5203 Deum,
3001 5152 3172 5209 utpote
3201 5141 3460 5193 causalem

1445 5287 1700 5342 VARIAE
1734 5285 2136 5343 LECTIONES.

232 5451 243 5461 ο
287 5389 302 5420 ¹
330 5388 415 5446 Sic
444 5393 560 5457 CD;
610 5392 652 5446 A
683 5392 814 5447 loro.

228 5463 569 5516 inmutabiles.

227 5523 260 5575 Α
285 5535 540 5596 quoniam.
624 5532 666 5563 ³⁸
693 5532 783 5586 Sic
805 5523 929 5597 CD';
958 5536 994 5587 A
1025 5523 1179 5592 unde.

223 5598 408 5653 ttditur.
498 5603 537 5634 “
567 5601 657 5656 Sic
707 5601 794 5657 CD
826 5619 839 5662 :
875 5605 913 5655 A
939 5615 1004 5658 et.
1137 5617 1149 5623 "

892 5395 912 5425 ’
944 5396 1016 5447 ita
1047 5413 1154 5450 om.
1183 5399 1248 5453 Α.

1330 5397 1350 5430 ³
1380 5398 1470 5454 Sic
1495 5400 1566 5461 C;
1601 5411 1771 5455 autem
1821 5419 1929 5455 om.
1963 5401 2075 5454 AD.

647 5463 668 5494 ⁸
698 5462 788 5517 Sic
808 5462 913 5526 CD;
954 5467 993 5518 Α
1025 5484 1318 5538 progressu.
1378 5471 1398 5501 "
1450 5469 1539 5523 Sic
1559 5470 1681 5533 CD;
1715 5474 1754 5522 si
1783 5472 1872 5524 tibi
1887 5471 2050 5539 placet
2073 5469 2262 5523 om.A.

647 5532 783 5586 “Sic
805 5533 929 5596 CD;
958 5536 994 5587 A
1028 5542 1179 5592 unde.
1297 5540 1332 5572 "
1374 5539 1462 5595 Sic
1489 5542 1612 5596 (Il):
1666 5552 1713 5594 et
1767 5557 1876 5596 om.
1935 5543 2000 5594 A.
2080 5543 2120 5572 "
2168 5540 2258 5595 Sic

2150 5401 2171 5429 δ
2217 5398 2305 5451 Sic
2329 5397 2450 5456 CD;
2485 5395 2523 5450 Α
2551 5413 2718 5447 rerum
2753 5397 3002 5449 ninnium.
3091 5395 3111 5426 '
3140 5396 3228 5448 {Sic
3269 5395 3385 5455 (TD;
3422 5398 3458 5449 Α

2342 5468 2468 5525 “Sic.
2488 5468 2593 5528 Cl);
2623 5466 2886 5533 praedicta
2913 5481 3019 5517 nm.
3047 5467 3105 5516 Α.
3166 5465 3186 5494 ⁸
3233 5467 3323 5516 Sic
3353 5469 3460 5529 LI};

2080 5543 2120 5572 "
2168 5540 2258 5595 Sic
2305 5540 2422 5607 CD;
2457 5541 2498 5593 Α
2535 5539 2586 5588 in
2619 5544 2876 5588 creatam.
2970 5535 3008 5564 ⁸³
3041 5535 3129 5590 Sic
3157 5535 3276 5599 CD;
3318 5537 3356 5590 Α
3389 5539 3466 5592 αξ.
