  <div class='ocr_page' id='page_1' title='image "/cluster/home/n/w/nwhite01/storage/ocr_20150623/122/hvd.32044054759840/303.png"; bbox 0 0 3912 6154; ppageno 0'>
   <div class='ocr_carea' id='block_1_1' title="bbox 395 275 492 330">
    <p class='ocr_par' dir='ltr' id='par_1_1' title="bbox 395 275 492 330">
     <span class='ocr_line' id='line_1_1' title="bbox 395 275 492 330; baseline 0 0"><span class='ocrx_word' id='word_1_1' title='bbox 395 275 492 330; x_wconf 77' lang='grc'><strong>531</strong></span> 
     </span>
    </p>
   </div>
   <div class='ocr_carea' id='block_1_2' title="bbox 1780 277 2283 338">
    <p class='ocr_par' dir='ltr' id='par_1_2' title="bbox 1780 277 2283 338">
     <span class='ocr_line' id='line_1_2' title="bbox 1780 277 2283 338; baseline -0.008 0"><span class='ocrx_word' id='word_1_2' title='bbox 1780 278 2054 338; x_wconf 75' lang='lat' dir='ltr'><strong>IOANNIS</strong></span> <span class='ocrx_word' id='word_1_3' title='bbox 2089 277 2283 337; x_wconf 83' lang='lat' dir='ltr'><strong>SCOTI</strong></span> 
     </span>
    </p>
   </div>
   <div class='ocr_carea' id='block_1_3' title="bbox 2810 261 3076 272">
    <p class='ocr_par' dir='ltr' id='par_1_3' title="bbox 2810 261 3076 272">
     <span class='ocr_line' id='line_1_3' title="bbox 2810 261 3076 272; baseline 0.004 -4"><span class='ocrx_word' id='word_1_4' title='bbox 2810 261 2869 271; x_wconf 61' lang='grc' dir='ltr'><strong>-νσ</strong></span> <span class='ocrx_word' id='word_1_5' title='bbox 2881 264 2898 269; x_wconf 63' lang='grc' dir='ltr'>α</span> <span class='ocrx_word' id='word_1_6' title='bbox 2912 262 2997 272; x_wconf 58' lang='grc' dir='ltr'><strong>..ναι-</strong></span> <span class='ocrx_word' id='word_1_7' title='bbox 3015 262 3076 269; x_wconf 67' lang='grc'><strong><em>---</em></strong></span> 
     </span>
    </p>
   </div>
   <div class='ocr_carea' id='block_1_4' title="bbox 3518 283 3621 341">
    <p class='ocr_par' dir='ltr' id='par_1_4' title="bbox 3518 283 3621 341">
     <span class='ocr_line' id='line_1_4' title="bbox 3518 283 3621 341; baseline 0 0"><span class='ocrx_word' id='word_1_8' title='bbox 3518 283 3621 341; x_wconf 66' lang='lat'><strong>531</strong></span> 
     </span>
    </p>
   </div>
   <div class='ocr_carea' id='block_1_5' title="bbox 394 388 3620 466">
    <p class='ocr_par' dir='ltr' id='par_1_5' title="bbox 394 388 3620 466">
     <span class='ocr_line' id='line_1_5' title="bbox 394 388 3620 466; baseline 0.003 -22"><span class='ocrx_word' id='word_1_9' title='bbox 394 406 568 444; x_wconf 74' lang='lat' dir='ltr'><strong>omnia</strong></span> <span class='ocrx_word' id='word_1_10' title='bbox 589 388 784 443; x_wconf 81' lang='lat' dir='ltr'><strong>unitate</strong></span> <span class='ocrx_word' id='word_1_11' title='bbox 796 400 1134 460; x_wconf 82' lang='lat' dir='ltr'><strong>congregante</strong></span> <span class='ocrx_word' id='word_1_12' title='bbox 1165 389 1179 421; x_wconf 80' lang='lat'>&#39;</span> <span class='ocrx_word' id='word_1_13' title='bbox 1210 407 1274 446; x_wconf 69' lang='lat' dir='ltr'><strong>ex</strong></span> <span class='ocrx_word' id='word_1_14' title='bbox 1300 393 1509 462; x_wconf 86' lang='lat' dir='ltr'><strong>propria</strong></span> <span class='ocrx_word' id='word_1_15' title='bbox 1534 393 1678 463; x_wconf 86' lang='lat' dir='ltr'><strong>prius</strong></span> <span class='ocrx_word' id='word_1_16' title='bbox 1702 394 1954 449; x_wconf 80' lang='lat' dir='ltr'><strong>divisione</strong></span> <span class='ocrx_word' id='word_1_17' title='bbox 1982 398 2030 456; x_wconf 77' lang='grc' dir='ltr'>Α</span> <span class='ocrx_word' id='word_1_18' title='bbox 2056 393 2374 465; x_wconf 79' lang='lat' dir='ltr'><strong>principium</strong></span> <span class='ocrx_word' id='word_1_19' title='bbox 2399 432 2413 457; x_wconf 93' lang='lat'><strong>,</strong></span> <span class='ocrx_word' id='word_1_20' title='bbox 2458 392 2727 464; x_wconf 88' lang='lat' dir='ltr'><strong>totiusque</strong></span> <span class='ocrx_word' id='word_1_21' title='bbox 2762 391 3101 450; x_wconf 88' lang='lat' dir='ltr'><strong>adunationis</strong></span> <span class='ocrx_word' id='word_1_22' title='bbox 3153 393 3273 450; x_wconf 88' lang='lat' dir='ltr'><strong>linis</strong></span> <span class='ocrx_word' id='word_1_23' title='bbox 3296 435 3311 461; x_wconf 96' lang='lat'><strong>,</strong></span> <span class='ocrx_word' id='word_1_24' title='bbox 3363 397 3620 466; x_wconf 76' lang='lat' dir='ltr'><strong>praedicti</strong></span> 
     </span>
    </p>
   </div>
   <div class='ocr_carea' id='block_1_6' title="bbox 395 477 1960 556">
    <p class='ocr_par' dir='ltr' id='par_1_6' title="bbox 395 477 1960 556">
     <span class='ocr_line' id='line_1_6' title="bbox 395 477 1960 556; baseline 0.004 -24"><span class='ocrx_word' id='word_1_25' title='bbox 395 477 665 541; x_wconf 85' lang='lat' dir='ltr'><strong>inchoans,</strong></span> <span class='ocrx_word' id='word_1_26' title='bbox 689 494 751 531; x_wconf 90' lang='lat' dir='ltr'><strong>ac</strong></span> <span class='ocrx_word' id='word_1_27' title='bbox 785 477 969 531; x_wconf 85' lang='lat' dir='ltr'><strong>deinde</strong></span> <span class='ocrx_word' id='word_1_28' title='bbox 985 493 1077 547; x_wconf 87' lang='lat' dir='ltr'><strong>per</strong></span> <span class='ocrx_word' id='word_1_29' title='bbox 1114 479 1283 532; x_wconf 87' lang='lat' dir='ltr'><strong>media</strong></span> <span class='ocrx_word' id='word_1_30' title='bbox 1325 482 1641 556; x_wconf 77' lang='lat' dir='ltr'><strong>connexione</strong></span> <span class='ocrx_word' id='word_1_31' title='bbox 1683 483 1960 554; x_wconf 84' lang='lat' dir='ltr'><strong>ordineque</strong></span> 
     </span>
    </p>
   </div>
   <div class='ocr_carea' id='block_1_7' title="bbox 395 564 1963 639">
    <p class='ocr_par' dir='ltr' id='par_1_7' title="bbox 395 564 1963 639">
     <span class='ocr_line' id='line_1_7' title="bbox 395 564 1963 639; baseline 0.005 -21"><span class='ocrx_word' id='word_1_32' title='bbox 395 567 741 636; x_wconf 86' lang='lat' dir='ltr'><strong>progrediens,</strong></span> <span class='ocrx_word' id='word_1_33' title='bbox 768 564 821 618; x_wconf 84' lang='lat' dir='ltr'><strong>in</strong></span> <span class='ocrx_word' id='word_1_34' title='bbox 842 565 1008 623; x_wconf 86' lang='lat' dir='ltr'><strong>Deum</strong></span> <span class='ocrx_word' id='word_1_35' title='bbox 1038 567 1290 636; x_wconf 84' lang='lat' dir='ltr'><strong>acciperet</strong></span> <span class='ocrx_word' id='word_1_36' title='bbox 1338 567 1493 636; x_wconf 81' lang='lat' dir='ltr'><strong>ﬁnem</strong></span> <span class='ocrx_word' id='word_1_37' title='bbox 1524 570 1686 639; x_wconf 91' lang='lat' dir='ltr'><strong>ipsius</strong></span> <span class='ocrx_word' id='word_1_38' title='bbox 1712 587 1778 625; x_wconf 78' lang='lat' dir='ltr'><strong>ea:</strong></span> <span class='ocrx_word' id='word_1_39' title='bbox 1797 574 1963 626; x_wconf 88' lang='lat' dir='ltr'><strong>omni-</strong></span> 
     </span>
    </p>
   </div>
   <div class='ocr_carea' id='block_1_8' title="bbox 398 655 1960 731">
    <p class='ocr_par' dir='ltr' id='par_1_8' title="bbox 398 655 1960 731">
     <span class='ocr_line' id='line_1_8' title="bbox 398 655 1960 731; baseline 0.003 -22"><span class='ocrx_word' id='word_1_40' title='bbox 398 656 490 709; x_wconf 90' lang='lat' dir='ltr'><strong>bus</strong></span> <span class='ocrx_word' id='word_1_41' title='bbox 535 655 705 723; x_wconf 77' lang='lat' dir='ltr'><strong>factae</strong></span> <span class='ocrx_word' id='word_1_42' title='bbox 740 669 831 722; x_wconf 88' lang='lat' dir='ltr'><strong>per</strong></span> <span class='ocrx_word' id='word_1_43' title='bbox 861 655 1109 707; x_wconf 88' lang='lat' dir='ltr'><strong>unitatem</strong></span> <span class='ocrx_word' id='word_1_44' title='bbox 1138 657 1454 710; x_wconf 77' lang='lat' dir='ltr'><strong>ascensionis</strong></span> <span class='ocrx_word' id='word_1_45' title='bbox 1485 658 1734 721; x_wconf 71' lang='lat' dir='ltr'><strong>excelsae,</strong></span> <span class='ocrx_word' id='word_1_46' title='bbox 1773 661 1827 713; x_wconf 85' lang='lat' dir='ltr'><strong>in</strong></span> <span class='ocrx_word' id='word_1_47' title='bbox 1860 676 1960 731; x_wconf 84' lang='lat' dir='ltr'><strong>quo</strong></span> 
     </span>
    </p>
   </div>
   <div class='ocr_carea' id='block_1_9' title="bbox 397 742 1959 814">
    <p class='ocr_par' dir='ltr' id='par_1_9' title="bbox 397 742 1959 814">
     <span class='ocr_line' id='line_1_9' title="bbox 397 742 1959 814; baseline 0.003 -17"><span class='ocrx_word' id='word_1_48' title='bbox 397 760 499 798; x_wconf 87' lang='lat' dir='ltr'><strong>non</strong></span> <span class='ocrx_word' id='word_1_49' title='bbox 528 754 600 796; x_wconf 84' lang='lat' dir='ltr'><strong>est</strong></span> <span class='ocrx_word' id='word_1_50' title='bbox 630 743 833 796; x_wconf 77' lang='lat' dir='ltr'><strong>divisio.</strong></span> <span class='ocrx_word' id='word_1_51' title='bbox 875 742 1160 813; x_wconf 74' lang='lat' dir='ltr'><strong>[lucusque</strong></span> <span class='ocrx_word' id='word_1_52' title='bbox 1196 745 1455 814; x_wconf 72' lang='lat' dir='ltr'><strong>praedicti</strong></span> <span class='ocrx_word' id='word_1_53' title='bbox 1490 748 1813 804; x_wconf 81' lang='lat' dir='ltr'><strong>venerabilis</strong></span> <span class='ocrx_word' id='word_1_54' title='bbox 1846 764 1959 802; x_wconf 81' lang='lat' dir='ltr'><strong>ma-</strong></span> 
     </span>
    </p>
   </div>
   <div class='ocr_carea' id='block_1_10' title="bbox 397 832 1960 904">
    <p class='ocr_par' dir='ltr' id='par_1_10' title="bbox 397 832 1960 904">
     <span class='ocr_line' id='line_1_10' title="bbox 397 832 1960 904; baseline 0.005 -19"><span class='ocrx_word' id='word_1_55' title='bbox 397 833 548 902; x_wconf 75' lang='lat' dir='ltr'><strong>gistri</strong></span> <span class='ocrx_word' id='word_1_56' title='bbox 573 848 677 886; x_wconf 88' lang='lat' dir='ltr'><strong>non</strong></span> <span class='ocrx_word' id='word_1_57' title='bbox 705 832 1059 887; x_wconf 89' lang='lat' dir='ltr'><strong>continuatim</strong></span> <span class='ocrx_word' id='word_1_58' title='bbox 1081 833 1123 896; x_wconf 81' lang='lat'><strong>’,</strong></span> <span class='ocrx_word' id='word_1_59' title='bbox 1155 835 1247 888; x_wconf 91' lang='lat' dir='ltr'><strong>sed</strong></span> <span class='ocrx_word' id='word_1_60' title='bbox 1271 835 1591 904; x_wconf 89' lang='lat' dir='ltr'><strong>quibusdam</strong></span> <span class='ocrx_word' id='word_1_61' title='bbox 1617 838 1960 902; x_wconf 82' lang='lat' dir='ltr'><strong>intermissis.</strong></span> 
     </span>
    </p>
   </div>
   <div class='ocr_carea' id='block_1_11' title="bbox 397 922 1961 997">
    <p class='ocr_par' dir='ltr' id='par_1_11' title="bbox 397 922 1961 997">
     <span class='ocr_line' id='line_1_11' title="bbox 397 922 1961 997; baseline 0.008 -26"><span class='ocrx_word' id='word_1_62' title='bbox 397 924 559 976; x_wconf 81' lang='lat' dir='ltr'><strong>verba</strong></span> <span class='ocrx_word' id='word_1_63' title='bbox 614 922 1049 988; x_wconf 87' lang='lat' dir='ltr'><strong>introduximus,</strong></span> <span class='ocrx_word' id='word_1_64' title='bbox 1101 923 1408 992; x_wconf 85' lang='lat' dir='ltr'><strong>incipientis</strong></span> <span class='ocrx_word' id='word_1_65' title='bbox 1468 926 1684 997; x_wconf 77' lang='lat' dir='ltr'><strong>quidem</strong></span> <span class='ocrx_word' id='word_1_66' title='bbox 1743 942 1961 992; x_wconf 91' lang='lat' dir='ltr'><strong>eorum,</strong></span> 
     </span>
    </p>
   </div>
   <div class='ocr_carea' id='block_1_12' title="bbox 396 1010 1967 1082">
    <p class='ocr_par' dir='ltr' id='par_1_12' title="bbox 396 1010 1967 1082">
     <span class='ocr_line' id='line_1_12' title="bbox 396 1010 1967 1082; baseline 0.005 -18"><span class='ocrx_word' id='word_1_67' title='bbox 396 1027 534 1082; x_wconf 85' lang='lat' dir='ltr'><strong>quae</strong></span> <span class='ocrx_word' id='word_1_68' title='bbox 570 1010 712 1067; x_wconf 80' lang='lat' dir='ltr'><strong>facta</strong></span> <span class='ocrx_word' id='word_1_69' title='bbox 757 1021 902 1077; x_wconf 89' lang='lat' dir='ltr'><strong>sunt,</strong></span> <span class='ocrx_word' id='word_1_70' title='bbox 941 1012 1271 1068; x_wconf 70' lang='lat' dir='ltr'><strong>substantiae</strong></span> <span class='ocrx_word' id='word_1_71' title='bbox 1319 1014 1633 1070; x_wconf 83' lang='lat' dir='ltr'><strong>divisionem</strong></span> <span class='ocrx_word' id='word_1_72' title='bbox 1679 1032 1709 1070; x_wconf 90' lang='lat' dir='ltr'><strong>a</strong></span> <span class='ocrx_word' id='word_1_73' title='bbox 1757 1032 1967 1072; x_wconf 86' lang='lat' dir='ltr'><strong>summa</strong></span> 
     </span>
    </p>
   </div>
   <div class='ocr_carea' id='block_1_13' title="bbox 396 1102 1967 1179">
    <p class='ocr_par' dir='ltr' id='par_1_13' title="bbox 396 1102 1967 1179">
     <span class='ocr_line' id='line_1_13' title="bbox 396 1102 1967 1179; baseline 0.005 -24"><span class='ocrx_word' id='word_1_74' title='bbox 396 1102 636 1155; x_wconf 89' lang='lat' dir='ltr'><strong>omnium</strong></span> <span class='ocrx_word' id='word_1_75' title='bbox 681 1116 864 1164; x_wconf 86' lang='lat' dir='ltr'><strong>causa,</strong></span> <span class='ocrx_word' id='word_1_76' title='bbox 912 1110 966 1156; x_wconf 89' lang='lat' dir='ltr'><strong>et</strong></span> <span class='ocrx_word' id='word_1_77' title='bbox 1011 1102 1064 1156; x_wconf 91' lang='lat' dir='ltr'><strong>in</strong></span> <span class='ocrx_word' id='word_1_78' title='bbox 1108 1103 1344 1169; x_wconf 77' lang='lat' dir='ltr'><strong>homine,</strong></span> <span class='ocrx_word' id='word_1_79' title='bbox 1370 1106 1460 1174; x_wconf 90' lang='lat' dir='ltr'><strong>qui</strong></span> <span class='ocrx_word' id='word_1_80' title='bbox 1499 1107 1564 1160; x_wconf 88' lang='lat' dir='ltr'><strong>ad</strong></span> <span class='ocrx_word' id='word_1_81' title='bbox 1602 1107 1885 1179; x_wconf 80' lang='lat' dir='ltr'><strong>imaginem</strong></span> <span class='ocrx_word' id='word_1_82' title='bbox 1912 1118 1967 1165; x_wconf 85' lang='lat' dir='ltr'><strong>et</strong></span> 
     </span>
    </p>
   </div>
   <div class='ocr_carea' id='block_1_14' title="bbox 397 1188 1967 1257">
    <p class='ocr_par' dir='ltr' id='par_1_14' title="bbox 397 1188 1967 1257">
     <span class='ocr_line' id='line_1_14' title="bbox 397 1188 1967 1257; baseline 0.004 -13"><span class='ocrx_word' id='word_1_83' title='bbox 397 1189 795 1244; x_wconf 84' lang='lat' dir='ltr'><strong>similitudinem</strong></span> <span class='ocrx_word' id='word_1_84' title='bbox 832 1189 924 1243; x_wconf 85' lang='lat' dir='ltr'><strong>Dei</strong></span> <span class='ocrx_word' id='word_1_85' title='bbox 952 1188 1125 1244; x_wconf 77' lang='lat' dir='ltr'><strong>factus</strong></span> <span class='ocrx_word' id='word_1_86' title='bbox 1150 1199 1254 1257; x_wconf 89' lang='lat' dir='ltr'><strong>est,</strong></span> <span class='ocrx_word' id='word_1_87' title='bbox 1280 1192 1601 1248; x_wconf 75' lang='lat' dir='ltr'><strong>universalis</strong></span> <span class='ocrx_word' id='word_1_88' title='bbox 1634 1196 1967 1251; x_wconf 79' lang='lat' dir='ltr'><strong>substantiae</strong></span> 
     </span>
    </p>
   </div>
   <div class='ocr_carea' id='block_1_15' title="bbox 399 1277 1965 1352">
    <p class='ocr_par' dir='ltr' id='par_1_15' title="bbox 399 1277 1965 1352">
     <span class='ocr_line' id='line_1_15' title="bbox 399 1277 1965 1352; baseline 0.004 -18"><span class='ocrx_word' id='word_1_89' title='bbox 399 1277 725 1334; x_wconf 82' lang='lat' dir='ltr'><strong>dillerentias</strong></span> <span class='ocrx_word' id='word_1_90' title='bbox 753 1279 1108 1334; x_wconf 88' lang='lat' dir='ltr'><strong>terminantis.</strong></span> <span class='ocrx_word' id='word_1_91' title='bbox 1135 1279 1304 1335; x_wconf 83' lang='lat' dir='ltr'><strong>Homo</strong></span> <span class='ocrx_word' id='word_1_92' title='bbox 1322 1283 1604 1352; x_wconf 83' lang='lat' dir='ltr'><strong>siquidem,</strong></span> <span class='ocrx_word' id='word_1_93' title='bbox 1632 1294 1691 1339; x_wconf 88' lang='lat' dir='ltr'><strong>ut</strong></span> <span class='ocrx_word' id='word_1_94' title='bbox 1711 1285 1965 1351; x_wconf 79' lang='lat' dir='ltr'><strong>diximus,</strong></span> 
     </span>
    </p>
   </div>
   <div class='ocr_carea' id='block_1_16' title="bbox 403 1367 1966 1439">
    <p class='ocr_par' dir='ltr' id='par_1_16' title="bbox 403 1367 1966 1439">
     <span class='ocr_line' id='line_1_16' title="bbox 403 1367 1966 1439; baseline 0.006 -18"><span class='ocrx_word' id='word_1_95' title='bbox 403 1370 705 1439; x_wconf 88' lang='lat' dir='ltr'><strong>iterumque</strong></span> <span class='ocrx_word' id='word_1_96' title='bbox 735 1367 1045 1436; x_wconf 78' lang='lat' dir='ltr'><strong>saepissime</strong></span> <span class='ocrx_word' id='word_1_97' title='bbox 1069 1379 1370 1438; x_wconf 86' lang='lat' dir='ltr'><strong>repetemus</strong></span> <span class='ocrx_word' id='word_1_98' title='bbox 1399 1370 1442 1438; x_wconf 86' lang='grc'><em>³,</em></span> <span class='ocrx_word' id='word_1_99' title='bbox 1488 1372 1541 1426; x_wconf 92' lang='lat' dir='ltr'><strong>in</strong></span> <span class='ocrx_word' id='word_1_100' title='bbox 1575 1381 1719 1427; x_wconf 86' lang='lat' dir='ltr'><strong>tanta</strong></span> <span class='ocrx_word' id='word_1_101' title='bbox 1744 1386 1966 1430; x_wconf 84' lang='lat' dir='ltr'><strong>naturae</strong></span> 
     </span>
    </p>
   </div>
   <div class='ocr_carea' id='block_1_17' title="bbox 402 1458 1964 1530">
    <p class='ocr_par' dir='ltr' id='par_1_17' title="bbox 402 1458 1964 1530">
     <span class='ocr_line' id='line_1_17' title="bbox 402 1458 1964 1530; baseline 0.003 -16"><span class='ocrx_word' id='word_1_102' title='bbox 402 1459 647 1514; x_wconf 84' lang='lat' dir='ltr'><strong>conditae</strong></span> <span class='ocrx_word' id='word_1_103' title='bbox 688 1458 942 1528; x_wconf 82' lang='lat' dir='ltr'><strong>dignitate</strong></span> <span class='ocrx_word' id='word_1_104' title='bbox 984 1467 1197 1514; x_wconf 88' lang='lat' dir='ltr'><strong>creatus</strong></span> <span class='ocrx_word' id='word_1_105' title='bbox 1245 1469 1351 1523; x_wconf 86' lang='lat' dir='ltr'><strong>est,</strong></span> <span class='ocrx_word' id='word_1_106' title='bbox 1391 1471 1449 1515; x_wconf 92' lang='lat' dir='ltr'><strong>ut</strong></span> <span class='ocrx_word' id='word_1_107' title='bbox 1499 1462 1641 1515; x_wconf 86' lang='lat' dir='ltr'><strong>nulla</strong></span> <span class='ocrx_word' id='word_1_108' title='bbox 1697 1474 1964 1530; x_wconf 83' lang='lat' dir='ltr'><strong>creatura,</strong></span> 
     </span>
    </p>
   </div>
   <div class='ocr_carea' id='block_1_18' title="bbox 403 1549 1969 1625">
    <p class='ocr_par' dir='ltr' id='par_1_18' title="bbox 403 1549 1969 1625">
     <span class='ocr_line' id='line_1_18' title="bbox 403 1549 1969 1625; baseline 0.003 -20"><span class='ocrx_word' id='word_1_109' title='bbox 403 1552 515 1605; x_wconf 85' lang='lat' dir='ltr'><strong>sive</strong></span> <span class='ocrx_word' id='word_1_110' title='bbox 541 1549 762 1605; x_wconf 86' lang='lat' dir='ltr'><strong>visibilis</strong></span> <span class='ocrx_word' id='word_1_111' title='bbox 802 1550 914 1604; x_wconf 84' lang='lat' dir='ltr'><strong>sive</strong></span> <span class='ocrx_word' id='word_1_112' title='bbox 951 1550 1235 1605; x_wconf 86' lang='lat' dir='ltr'><strong>invisibilis</strong></span> <span class='ocrx_word' id='word_1_113' title='bbox 1275 1552 1297 1582; x_wconf 68' lang='grc' dir='ltr'>δ</span> <span class='ocrx_word' id='word_1_114' title='bbox 1334 1552 1425 1618; x_wconf 87' lang='lat' dir='ltr'><strong>sit,</strong></span> <span class='ocrx_word' id='word_1_115' title='bbox 1475 1568 1615 1623; x_wconf 91' lang='lat' dir='ltr'><strong>quae</strong></span> <span class='ocrx_word' id='word_1_116' title='bbox 1646 1553 1699 1608; x_wconf 88' lang='lat' dir='ltr'><strong>in</strong></span> <span class='ocrx_word' id='word_1_117' title='bbox 1727 1567 1790 1609; x_wconf 90' lang='lat' dir='ltr'><strong>eo</strong></span> <span class='ocrx_word' id='word_1_118' title='bbox 1816 1569 1969 1625; x_wconf 88' lang='lat' dir='ltr'><strong>repe-</strong></span> 
     </span>
    </p>
   </div>
   <div class='ocr_carea' id='block_1_19' title="bbox 406 1640 897 1710">
    <p class='ocr_par' dir='ltr' id='par_1_19' title="bbox 406 1640 897 1710">
     <span class='ocr_line' id='line_1_19' title="bbox 406 1640 897 1710; baseline -0.004 -15"><span class='ocrx_word' id='word_1_119' title='bbox 406 1640 499 1695; x_wconf 88' lang='lat' dir='ltr'><strong>riri</strong></span> <span class='ocrx_word' id='word_1_120' title='bbox 525 1655 629 1695; x_wconf 90' lang='lat' dir='ltr'><strong>non</strong></span> <span class='ocrx_word' id='word_1_121' title='bbox 655 1641 827 1710; x_wconf 87' lang='lat' dir='ltr'><strong>possit</strong></span> <span class='ocrx_word' id='word_1_122' title='bbox 856 1640 897 1693; x_wconf 84' lang='grc'><strong>⁸.</strong></span> 
     </span>
    </p>
   </div>
   <div class='ocr_carea' id='block_1_20' title="bbox 2061 482 3412 554">
    <p class='ocr_par' dir='ltr' id='par_1_20' title="bbox 2061 482 3412 554">
     <span class='ocr_line' id='line_1_20' title="bbox 2061 482 3412 554; baseline 0.002 -18"><span class='ocrx_word' id='word_1_123' title='bbox 2061 483 2231 554; x_wconf 86' lang='lat' dir='ltr'><strong>patris</strong></span> <span class='ocrx_word' id='word_1_124' title='bbox 2257 482 2470 538; x_wconf 80' lang='lat' dir='ltr'><strong>Maximi</strong></span> <span class='ocrx_word' id='word_1_125' title='bbox 2498 482 2659 538; x_wconf 86' lang='lat' dir='ltr'><strong>verba</strong></span> <span class='ocrx_word' id='word_1_126' title='bbox 2685 483 3089 539; x_wconf 86' lang='lat' dir='ltr'><strong>considerantes</strong></span> <span class='ocrx_word' id='word_1_127' title='bbox 3116 484 3412 540; x_wconf 80' lang='lat' dir='ltr'><strong>videamus.</strong></span> 
     </span>
    </p>
   </div>
   <div class='ocr_carea' id='block_1_21' title="bbox 2133 574 3630 645">
    <p class='ocr_par' dir='ltr' id='par_1_21' title="bbox 2133 574 3630 645">
     <span class='ocr_line' id='line_1_21' title="bbox 2133 574 3630 645; baseline 0 -15"><span class='ocrx_word' id='word_1_128' title='bbox 2133 576 2185 631; x_wconf 82' lang='grc' dir='ltr'><strong>ϐ.</strong></span> <span class='ocrx_word' id='word_1_129' title='bbox 2217 575 2331 630; x_wconf 78' lang='lat' dir='ltr'><strong>Non</strong></span> <span class='ocrx_word' id='word_1_130' title='bbox 2359 576 2523 640; x_wconf 91' lang='lat' dir='ltr'><strong>enim,</strong></span> <span class='ocrx_word' id='word_1_131' title='bbox 2552 585 2613 629; x_wconf 89' lang='lat' dir='ltr'><strong>ut</strong></span> <span class='ocrx_word' id='word_1_132' title='bbox 2650 574 3036 645; x_wconf 82' lang='lat' dir='ltr'><strong>praediximus,</strong></span> <span class='ocrx_word' id='word_1_133' title='bbox 3066 584 3211 630; x_wconf 89' lang='lat' dir='ltr'><strong>recta</strong></span> <span class='ocrx_word' id='word_1_134' title='bbox 3235 576 3373 631; x_wconf 85' lang='lat' dir='ltr'><strong>ratio</strong></span> <span class='ocrx_word' id='word_1_135' title='bbox 3400 577 3465 632; x_wconf 85' lang='lat' dir='ltr'><strong>de</strong></span> <span class='ocrx_word' id='word_1_136' title='bbox 3491 578 3630 632; x_wconf 82' lang='lat' dir='ltr'><strong>divi-</strong></span> 
     </span>
    </p>
   </div>
   <div class='ocr_carea' id='block_1_22' title="bbox 2062 663 3626 735">
    <p class='ocr_par' dir='ltr' id='par_1_22' title="bbox 2062 663 3626 735">
     <span class='ocr_line' id='line_1_22' title="bbox 2062 663 3626 735; baseline 0 -15"><span class='ocrx_word' id='word_1_137' title='bbox 2062 666 2212 721; x_wconf 87' lang='lat' dir='ltr'><strong>sione</strong></span> <span class='ocrx_word' id='word_1_138' title='bbox 2240 665 2501 734; x_wconf 89' lang='lat' dir='ltr'><strong>permittit</strong></span> <span class='ocrx_word' id='word_1_139' title='bbox 2527 663 2769 719; x_wconf 84' lang='lat' dir='ltr'><strong>absolute</strong></span> <span class='ocrx_word' id='word_1_140' title='bbox 2806 671 3056 728; x_wconf 85' lang='lat' dir='ltr'><strong>tractare,</strong></span> <span class='ocrx_word' id='word_1_141' title='bbox 3102 672 3160 718; x_wconf 90' lang='lat' dir='ltr'><strong>et</strong></span> <span class='ocrx_word' id='word_1_142' title='bbox 3196 665 3514 735; x_wconf 84' lang='lat' dir='ltr'><strong>analyticam</strong></span> <span class='ocrx_word' id='word_1_143' title='bbox 3539 667 3626 719; x_wconf 89' lang='lat' dir='ltr'><strong>in-</strong></span> 
     </span>
    </p>
   </div>
   <div class='ocr_carea' id='block_1_23' title="bbox 2065 753 3626 817">
    <p class='ocr_par' dir='ltr' id='par_1_23' title="bbox 2065 753 3626 817">
     <span class='ocr_line' id='line_1_23' title="bbox 2065 753 3626 817; baseline -0.002 -8"><span class='ocrx_word' id='word_1_144' title='bbox 2065 755 2378 817; x_wconf 83' lang='lat' dir='ltr'><strong>termittere,</strong></span> <span class='ocrx_word' id='word_1_145' title='bbox 2423 753 2517 808; x_wconf 88' lang='lat' dir='ltr'><strong>sed</strong></span> <span class='ocrx_word' id='word_1_146' title='bbox 2560 753 2628 808; x_wconf 92' lang='lat' dir='ltr'><strong>de</strong></span> <span class='ocrx_word' id='word_1_147' title='bbox 2669 753 2714 786; x_wconf 80' lang='lat'>&quot;</span> <span class='ocrx_word' id='word_1_148' title='bbox 2741 753 3000 808; x_wconf 89' lang='lat' dir='ltr'><strong>ambobus</strong></span> <span class='ocrx_word' id='word_1_149' title='bbox 3020 754 3304 808; x_wconf 90' lang='lat' dir='ltr'><strong>connexim</strong></span> <span class='ocrx_word' id='word_1_150' title='bbox 3350 755 3626 808; x_wconf 87' lang='lat' dir='ltr'><strong>veritatem</strong></span> 
     </span>
    </p>
   </div>
   <div class='ocr_carea' id='block_1_24' title="bbox 2059 843 3631 914">
    <p class='ocr_par' dir='ltr' id='par_1_24' title="bbox 2059 843 3631 914">
     <span class='ocr_line' id='line_1_24' title="bbox 2059 843 3631 914; baseline -0.004 -14"><span class='ocrx_word' id='word_1_151' title='bbox 2059 844 2211 914; x_wconf 86' lang='lat' dir='ltr'><strong>jubet</strong></span> <span class='ocrx_word' id='word_1_152' title='bbox 2247 844 2547 900; x_wconf 85' lang='lat' dir='ltr'><strong>consulere.</strong></span> <span class='ocrx_word' id='word_1_153' title='bbox 2592 843 2683 898; x_wconf 83' lang='lat' dir='ltr'><strong>Ait</strong></span> <span class='ocrx_word' id='word_1_154' title='bbox 2721 858 2848 912; x_wconf 88' lang='lat' dir='ltr'><strong>ergo</strong></span> <span class='ocrx_word' id='word_1_155' title='bbox 2889 857 2955 897; x_wconf 84' lang='lat' dir='ltr'><strong>ex</strong></span> <span class='ocrx_word' id='word_1_156' title='bbox 2984 844 3199 913; x_wconf 89' lang='lat' dir='ltr'><strong>propria</strong></span> <span class='ocrx_word' id='word_1_157' title='bbox 3246 844 3507 899; x_wconf 89' lang='lat' dir='ltr'><strong>divisione</strong></span> <span class='ocrx_word' id='word_1_158' title='bbox 3548 845 3631 898; x_wconf 83' lang='lat' dir='ltr'><strong>iu-</strong></span> 
     </span>
    </p>
   </div>
   <div class='ocr_carea' id='block_1_25' title="bbox 2063 931 3629 1001">
    <p class='ocr_par' dir='ltr' id='par_1_25' title="bbox 2063 931 3629 1001">
     <span class='ocr_line' id='line_1_25' title="bbox 2063 931 3629 1001; baseline -0.003 -13"><span class='ocrx_word' id='word_1_159' title='bbox 2063 933 2287 997; x_wconf 80' lang='lat' dir='ltr'><strong>clioans,</strong></span> <span class='ocrx_word' id='word_1_160' title='bbox 2311 946 2374 986; x_wconf 86' lang='lat' dir='ltr'><strong>ac</strong></span> <span class='ocrx_word' id='word_1_161' title='bbox 2398 932 2442 985; x_wconf 91' lang='lat' dir='ltr'><strong>si</strong></span> <span class='ocrx_word' id='word_1_162' title='bbox 2468 941 2652 1000; x_wconf 86' lang='lat' dir='ltr'><strong>aperte</strong></span> <span class='ocrx_word' id='word_1_163' title='bbox 2676 931 2907 987; x_wconf 89' lang='lat' dir='ltr'><strong>diceret:</strong></span> <span class='ocrx_word' id='word_1_164' title='bbox 2933 931 3184 1001; x_wconf 85' lang='lat' dir='ltr'><strong>quoniam</strong></span> <span class='ocrx_word' id='word_1_165' title='bbox 3211 933 3629 988; x_wconf 82' lang='lat' dir='ltr'><strong>substantiamm</strong></span> 
     </span>
    </p>
   </div>
   <div class='ocr_carea' id='block_1_26' title="bbox 2065 1022 3628 1095">
    <p class='ocr_par' dir='ltr' id='par_1_26' title="bbox 2065 1022 3628 1095">
     <span class='ocr_line' id='line_1_26' title="bbox 2065 1022 3628 1095; baseline 0 -18"><span class='ocrx_word' id='word_1_166' title='bbox 2065 1023 2278 1085; x_wconf 88' lang='lat' dir='ltr'><strong>divisio,</strong></span> <span class='ocrx_word' id='word_1_167' title='bbox 2305 1036 2444 1091; x_wconf 83' lang='lat' dir='ltr'><strong>quae</strong></span> <span class='ocrx_word' id='word_1_168' title='bbox 2483 1038 2512 1076; x_wconf 89' lang='lat' dir='ltr'><strong>a</strong></span> <span class='ocrx_word' id='word_1_169' title='bbox 2541 1022 2653 1077; x_wconf 90' lang='lat' dir='ltr'><strong>Deo</strong></span> <span class='ocrx_word' id='word_1_170' title='bbox 2698 1023 3250 1091; x_wconf 85' lang='lat' dir='ltr'><strong>sumpsitexordium,</strong></span> <span class='ocrx_word' id='word_1_171' title='bbox 3289 1032 3343 1079; x_wconf 89' lang='lat' dir='ltr'><strong>et</strong></span> <span class='ocrx_word' id='word_1_172' title='bbox 3366 1026 3628 1095; x_wconf 81' lang='lat' dir='ltr'><strong>gradatim</strong></span> 
     </span>
    </p>
   </div>
   <div class='ocr_carea' id='block_1_27' title="bbox 2067 1111 3634 1177">
    <p class='ocr_par' dir='ltr' id='par_1_27' title="bbox 2067 1111 3634 1177">
     <span class='ocr_line' id='line_1_27' title="bbox 2067 1111 3634 1177; baseline -0.001 -10"><span class='ocrx_word' id='word_1_173' title='bbox 2067 1113 2414 1177; x_wconf 85' lang='lat' dir='ltr'><strong>descendens,</strong></span> <span class='ocrx_word' id='word_1_174' title='bbox 2462 1112 2516 1165; x_wconf 92' lang='lat' dir='ltr'><strong>in</strong></span> <span class='ocrx_word' id='word_1_175' title='bbox 2562 1111 2825 1166; x_wconf 90' lang='lat' dir='ltr'><strong>divisione</strong></span> <span class='ocrx_word' id='word_1_176' title='bbox 2852 1111 3084 1166; x_wconf 81' lang='lat' dir='ltr'><strong>hominis</strong></span> <span class='ocrx_word' id='word_1_177' title='bbox 3130 1113 3183 1167; x_wconf 89' lang='lat' dir='ltr'><strong>in</strong></span> <span class='ocrx_word' id='word_1_178' title='bbox 3232 1114 3527 1170; x_wconf 82' lang='lat' dir='ltr'><strong>masculum</strong></span> <span class='ocrx_word' id='word_1_179' title='bbox 3577 1124 3634 1166; x_wconf 81' lang='lat' dir='ltr'><strong>et</strong></span> 
     </span>
    </p>
   </div>
   <div class='ocr_carea' id='block_1_28' title="bbox 2066 1198 3633 1265">
    <p class='ocr_par' dir='ltr' id='par_1_28' title="bbox 2066 1198 3633 1265">
     <span class='ocr_line' id='line_1_28' title="bbox 2066 1198 3633 1265; baseline 0.001 -10"><span class='ocrx_word' id='word_1_180' title='bbox 2066 1200 2319 1255; x_wconf 78' lang='lat' dir='ltr'><strong>feminam</strong></span> <span class='ocrx_word' id='word_1_181' title='bbox 2349 1199 2509 1254; x_wconf 82' lang='lat' dir='ltr'><strong>linem</strong></span> <span class='ocrx_word' id='word_1_182' title='bbox 2530 1198 2835 1265; x_wconf 82' lang='lat' dir='ltr'><strong>constituit;</strong></span> <span class='ocrx_word' id='word_1_183' title='bbox 2860 1200 3051 1254; x_wconf 87' lang='lat' dir='ltr'><strong>iterum</strong></span> <span class='ocrx_word' id='word_1_184' title='bbox 3073 1203 3362 1257; x_wconf 86' lang='lat' dir='ltr'><strong>earundem</strong></span> <span class='ocrx_word' id='word_1_185' title='bbox 3383 1204 3633 1258; x_wconf 80' lang='lat' dir='ltr'><strong>substan-</strong></span> 
     </span>
    </p>
   </div>
   <div class='ocr_carea' id='block_1_29' title="bbox 2069 1287 3635 1360">
    <p class='ocr_par' dir='ltr' id='par_1_29' title="bbox 2069 1287 3635 1360">
     <span class='ocr_line' id='line_1_29' title="bbox 2069 1287 3635 1360; baseline 0 -17"><span class='ocrx_word' id='word_1_186' title='bbox 2069 1288 2264 1343; x_wconf 86' lang='lat' dir='ltr'><strong>tiarum</strong></span> <span class='ocrx_word' id='word_1_187' title='bbox 2296 1287 2551 1342; x_wconf 89' lang='lat' dir='ltr'><strong>adunatio</strong></span> <span class='ocrx_word' id='word_1_188' title='bbox 2577 1287 2645 1341; x_wconf 88' lang='lat' dir='ltr'><strong>ab</strong></span> <span class='ocrx_word' id='word_1_189' title='bbox 2689 1287 2905 1342; x_wconf 84' lang='lat' dir='ltr'><strong>homine</strong></span> <span class='ocrx_word' id='word_1_190' title='bbox 2927 1287 3109 1342; x_wconf 86' lang='lat' dir='ltr'><strong>debuit</strong></span> <span class='ocrx_word' id='word_1_191' title='bbox 3152 1290 3425 1355; x_wconf 86' lang='lat' dir='ltr'><strong>inchoare,</strong></span> <span class='ocrx_word' id='word_1_192' title='bbox 3457 1299 3513 1345; x_wconf 90' lang='lat' dir='ltr'><strong>et</strong></span> <span class='ocrx_word' id='word_1_193' title='bbox 3534 1306 3635 1360; x_wconf 86' lang='lat' dir='ltr'><strong>per</strong></span> 
     </span>
    </p>
   </div>
   <div class='ocr_carea' id='block_1_30' title="bbox 2067 1376 3633 1449">
    <p class='ocr_par' dir='ltr' id='par_1_30' title="bbox 2067 1376 3633 1449">
     <span class='ocr_line' id='line_1_30' title="bbox 2067 1376 3633 1449; baseline 0.001 -14"><span class='ocrx_word' id='word_1_194' title='bbox 2067 1378 2285 1435; x_wconf 80' lang='lat' dir='ltr'><strong>eosdem</strong></span> <span class='ocrx_word' id='word_1_195' title='bbox 2330 1378 2527 1449; x_wconf 88' lang='lat' dir='ltr'><strong>gradus</strong></span> <span class='ocrx_word' id='word_1_196' title='bbox 2574 1393 2745 1448; x_wconf 86' lang='lat' dir='ltr'><strong>usque</strong></span> <span class='ocrx_word' id='word_1_197' title='bbox 2777 1376 2845 1432; x_wconf 90' lang='lat' dir='ltr'><strong>ad</strong></span> <span class='ocrx_word' id='word_1_198' title='bbox 2874 1379 3045 1447; x_wconf 90' lang='lat' dir='ltr'><strong>ipsum</strong></span> <span class='ocrx_word' id='word_1_199' title='bbox 3093 1379 3261 1434; x_wconf 88' lang='lat' dir='ltr'><strong>Deum</strong></span> <span class='ocrx_word' id='word_1_200' title='bbox 3304 1381 3633 1443; x_wconf 85' lang='lat' dir='ltr'><strong>ascendere;</strong></span> 
     </span>
    </p>
   </div>
   <div class='ocr_carea' id='block_1_31' title="bbox 2070 1469 3636 1540">
    <p class='ocr_par' dir='ltr' id='par_1_31' title="bbox 2070 1469 3636 1540">
     <span class='ocr_line' id='line_1_31' title="bbox 2070 1469 3636 1540; baseline 0.001 -16"><span class='ocrx_word' id='word_1_201' title='bbox 2070 1471 2123 1525; x_wconf 88' lang='lat' dir='ltr'><strong>in</strong></span> <span class='ocrx_word' id='word_1_202' title='bbox 2150 1483 2277 1539; x_wconf 90' lang='lat' dir='ltr'><strong>quo,</strong></span> <span class='ocrx_word' id='word_1_203' title='bbox 2303 1478 2362 1524; x_wconf 90' lang='lat' dir='ltr'><strong>ut</strong></span> <span class='ocrx_word' id='word_1_204' title='bbox 2398 1469 2514 1538; x_wconf 91' lang='lat' dir='ltr'><strong>ipse</strong></span> <span class='ocrx_word' id='word_1_205' title='bbox 2539 1469 2635 1534; x_wconf 87' lang='lat' dir='ltr'><strong>ait,</strong></span> <span class='ocrx_word' id='word_1_206' title='bbox 2677 1484 2784 1524; x_wconf 90' lang='lat' dir='ltr'><strong>non</strong></span> <span class='ocrx_word' id='word_1_207' title='bbox 2831 1477 2914 1525; x_wconf 90' lang='lat' dir='ltr'><strong>est</strong></span> <span class='ocrx_word' id='word_1_208' title='bbox 2954 1470 3165 1537; x_wconf 84' lang='lat' dir='ltr'><strong>divisio,</strong></span> <span class='ocrx_word' id='word_1_209' title='bbox 3190 1472 3442 1540; x_wconf 89' lang='lat' dir='ltr'><strong>quoniam</strong></span> <span class='ocrx_word' id='word_1_210' title='bbox 3484 1473 3539 1525; x_wconf 88' lang='lat' dir='ltr'><strong>in</strong></span> <span class='ocrx_word' id='word_1_211' title='bbox 3568 1487 3636 1526; x_wconf 90' lang='lat' dir='ltr'><strong>eo</strong></span> 
     </span>
    </p>
   </div>
   <div class='ocr_carea' id='block_1_32' title="bbox 2070 1556 3639 1628">
    <p class='ocr_par' dir='ltr' id='par_1_32' title="bbox 2070 1556 3639 1628">
     <span class='ocr_line' id='line_1_32' title="bbox 2070 1556 3639 1628; baseline -0.001 -15"><span class='ocrx_word' id='word_1_212' title='bbox 2070 1558 2251 1613; x_wconf 83' lang='lat' dir='ltr'><strong>omnia</strong></span> <span class='ocrx_word' id='word_1_213' title='bbox 2276 1573 2441 1612; x_wconf 85' lang='lat' dir='ltr'><strong>unum</strong></span> <span class='ocrx_word' id='word_1_214' title='bbox 2479 1566 2623 1613; x_wconf 90' lang='lat' dir='ltr'><strong>sunt.</strong></span> <span class='ocrx_word' id='word_1_215' title='bbox 2652 1556 2876 1628; x_wconf 87' lang='lat' dir='ltr'><strong>lncipiet</strong></span> <span class='ocrx_word' id='word_1_216' title='bbox 2898 1573 3026 1628; x_wconf 83' lang='lat' dir='ltr'><strong>ergo</strong></span> <span class='ocrx_word' id='word_1_217' title='bbox 3052 1559 3121 1614; x_wconf 89' lang='lat' dir='ltr'><strong>ab</strong></span> <span class='ocrx_word' id='word_1_218' title='bbox 3164 1559 3382 1615; x_wconf 82' lang='lat' dir='ltr'><strong>homine</strong></span> <span class='ocrx_word' id='word_1_219' title='bbox 3422 1568 3639 1614; x_wconf 77' lang='lat' dir='ltr'><strong>natura-</strong></span> 
     </span>
    </p>
   </div>
   <div class='ocr_carea' id='block_1_33' title="bbox 2071 1646 3639 1719">
    <p class='ocr_par' dir='ltr' id='par_1_33' title="bbox 2071 1646 3639 1719">
     <span class='ocr_line' id='line_1_33' title="bbox 2071 1646 3639 1719; baseline 0 -16"><span class='ocrx_word' id='word_1_220' title='bbox 2071 1660 2192 1704; x_wconf 86' lang='lat' dir='ltr'><strong>rum</strong></span> <span class='ocrx_word' id='word_1_221' title='bbox 2221 1647 2496 1713; x_wconf 86' lang='lat' dir='ltr'><strong>adunatio,</strong></span> <span class='ocrx_word' id='word_1_222' title='bbox 2543 1662 2643 1717; x_wconf 91' lang='lat' dir='ltr'><strong>per</strong></span> <span class='ocrx_word' id='word_1_223' title='bbox 2684 1646 2981 1703; x_wconf 84' lang='lat' dir='ltr'><strong>Salvatoris</strong></span> <span class='ocrx_word' id='word_1_224' title='bbox 3024 1649 3276 1718; x_wconf 87' lang='lat' dir='ltr'><strong>gratiam,</strong></span> <span class='ocrx_word' id='word_1_225' title='bbox 3316 1650 3371 1704; x_wconf 90' lang='lat' dir='ltr'><strong>in</strong></span> <span class='ocrx_word' id='word_1_226' title='bbox 3408 1664 3538 1719; x_wconf 86' lang='lat' dir='ltr'><strong>quo,</strong></span> <span class='ocrx_word' id='word_1_227' title='bbox 3584 1658 3639 1703; x_wconf 89' lang='lat' dir='ltr'><strong>ut</strong></span> 
     </span>
    </p>
   </div>
   <div class='ocr_carea' id='block_1_34' title="bbox 476 1727 3639 1808">
    <p class='ocr_par' dir='ltr' id='par_1_34' title="bbox 476 1727 3639 1808">
     <span class='ocr_line' id='line_1_34' title="bbox 476 1727 3639 1808; baseline 0.003 -24"><span class='ocrx_word' id='word_1_228' title='bbox 476 1731 529 1784; x_wconf 81' lang='lat'><strong>5.</strong></span> <span class='ocrx_word' id='word_1_229' title='bbox 560 1731 655 1786; x_wconf 87' lang='lat' dir='ltr'><strong>Est</strong></span> <span class='ocrx_word' id='word_1_230' title='bbox 675 1732 816 1786; x_wconf 91' lang='lat' dir='ltr'><strong>enim</strong></span> <span class='ocrx_word' id='word_1_231' title='bbox 842 1747 906 1787; x_wconf 91' lang='lat' dir='ltr'><strong>ex</strong></span> <span class='ocrx_word' id='word_1_232' title='bbox 934 1732 1142 1787; x_wconf 89' lang='lat' dir='ltr'><strong>duabus</strong></span> <span class='ocrx_word' id='word_1_233' title='bbox 1173 1733 1417 1789; x_wconf 89' lang='lat' dir='ltr'><strong>conditae</strong></span> <span class='ocrx_word' id='word_1_234' title='bbox 1445 1743 1670 1791; x_wconf 89' lang='lat' dir='ltr'><strong>naturae</strong></span> <span class='ocrx_word' id='word_1_235' title='bbox 1696 1737 1973 1793; x_wconf 84' lang='lat' dir='ltr'><strong>universa-</strong></span> <span class='ocrx_word' id='word_1_236' title='bbox 2001 1727 2046 1789; x_wconf 80' lang='grc' dir='ltr'>Β</span> <span class='ocrx_word' id='word_1_237' title='bbox 2073 1737 2152 1793; x_wconf 86' lang='lat' dir='ltr'><strong>ait</strong></span> <span class='ocrx_word' id='word_1_238' title='bbox 2195 1736 2482 1808; x_wconf 79' lang='lat' dir='ltr'><strong>Apostolus</strong></span> <span class='ocrx_word' id='word_1_239' title='bbox 2507 1736 2575 1803; x_wconf 71' lang='grc' dir='ltr'><strong>ιι,</strong></span> <span class='ocrx_word' id='word_1_240' title='bbox 2629 1752 2734 1791; x_wconf 89' lang='lat' dir='ltr'><strong>non</strong></span> <span class='ocrx_word' id='word_1_241' title='bbox 2782 1745 2859 1791; x_wconf 86' lang='lat' dir='ltr'><strong>est</strong></span> <span class='ocrx_word' id='word_1_242' title='bbox 2902 1736 3167 1791; x_wconf 73' lang='lat' dir='ltr'><strong>masculus</strong></span> <span class='ocrx_word' id='word_1_243' title='bbox 3223 1752 3382 1806; x_wconf 83' lang='lat' dir='ltr'><strong>neque</strong></span> <span class='ocrx_word' id='word_1_244' title='bbox 3425 1737 3639 1806; x_wconf 79' lang='lat' dir='ltr'><strong>femine.</strong></span> 
     </span>
    </p>
   </div>
   <div class='ocr_carea' id='block_1_35' title="bbox 406 1822 1977 1899">
    <p class='ocr_par' dir='ltr' id='par_1_35' title="bbox 406 1822 1977 1899">
     <span class='ocr_line' id='line_1_35' title="bbox 406 1822 1977 1899; baseline 0.006 -23"><span class='ocrx_word' id='word_1_245' title='bbox 406 1823 544 1878; x_wconf 87' lang='lat' dir='ltr'><strong>libus</strong></span> <span class='ocrx_word' id='word_1_246' title='bbox 589 1822 830 1893; x_wconf 87' lang='lat' dir='ltr'><strong>partibus</strong></span> <span class='ocrx_word' id='word_1_247' title='bbox 868 1824 1098 1879; x_wconf 82' lang='lat' dir='ltr'><strong>mirabili</strong></span> <span class='ocrx_word' id='word_1_248' title='bbox 1128 1826 1355 1893; x_wconf 88' lang='lat' dir='ltr'><strong>quadam</strong></span> <span class='ocrx_word' id='word_1_249' title='bbox 1398 1827 1723 1883; x_wconf 89' lang='lat' dir='ltr'><strong>adunatione</strong></span> <span class='ocrx_word' id='word_1_250' title='bbox 1759 1843 1977 1899; x_wconf 82' lang='lat' dir='ltr'><strong>compo-</strong></span> 
     </span>
    </p>
   </div>
   <div class='ocr_carea' id='block_1_36' title="bbox 408 1913 1975 1987">
    <p class='ocr_par' dir='ltr' id='par_1_36' title="bbox 408 1913 1975 1987">
     <span class='ocr_line' id='line_1_36' title="bbox 408 1913 1975 1987; baseline 0.004 -21"><span class='ocrx_word' id='word_1_251' title='bbox 408 1913 561 1976; x_wconf 89' lang='lat' dir='ltr'><strong>situs,</strong></span> <span class='ocrx_word' id='word_1_252' title='bbox 612 1926 679 1966; x_wconf 84' lang='lat' dir='ltr'><strong>ex</strong></span> <span class='ocrx_word' id='word_1_253' title='bbox 719 1913 961 1968; x_wconf 88' lang='lat' dir='ltr'><strong>sensibili</strong></span> <span class='ocrx_word' id='word_1_254' title='bbox 990 1929 1220 1984; x_wconf 88' lang='lat' dir='ltr'><strong>namque</strong></span> <span class='ocrx_word' id='word_1_255' title='bbox 1260 1925 1314 1970; x_wconf 86' lang='lat' dir='ltr'><strong>et</strong></span> <span class='ocrx_word' id='word_1_256' title='bbox 1349 1916 1689 1987; x_wconf 89' lang='lat' dir='ltr'><strong>intelligibili,</strong></span> <span class='ocrx_word' id='word_1_257' title='bbox 1725 1919 1828 1974; x_wconf 87' lang='lat' dir='ltr'><strong>hoc</strong></span> <span class='ocrx_word' id='word_1_258' title='bbox 1870 1926 1975 1983; x_wconf 90' lang='lat' dir='ltr'><strong>est,</strong></span> 
     </span>
    </p>
   </div>
   <div class='ocr_carea' id='block_1_37' title="bbox 409 2003 1978 2076">
    <p class='ocr_par' dir='ltr' id='par_1_37' title="bbox 409 2003 1978 2076">
     <span class='ocr_line' id='line_1_37' title="bbox 409 2003 1978 2076; baseline 0.003 -18"><span class='ocrx_word' id='word_1_259' title='bbox 409 2018 477 2058; x_wconf 84' lang='lat' dir='ltr'><strong>ex</strong></span> <span class='ocrx_word' id='word_1_260' title='bbox 527 2003 690 2057; x_wconf 91' lang='lat' dir='ltr'><strong>totius</strong></span> <span class='ocrx_word' id='word_1_261' title='bbox 736 2012 1013 2058; x_wconf 86' lang='lat' dir='ltr'><strong>creaturae</strong></span> <span class='ocrx_word' id='word_1_262' title='bbox 1054 2006 1482 2062; x_wconf 83' lang='lat' dir='ltr'><strong>extremitatibus</strong></span> <span class='ocrx_word' id='word_1_263' title='bbox 1522 2007 1854 2076; x_wconf 88' lang='lat' dir='ltr'><strong>conjunctus.</strong></span> <span class='ocrx_word' id='word_1_264' title='bbox 1892 2007 1978 2063; x_wconf 86' lang='lat' dir='ltr'><strong>Nil</strong></span> 
     </span>
    </p>
   </div>
   <div class='ocr_carea' id='block_1_38' title="bbox 410 2093 1974 2169">
    <p class='ocr_par' dir='ltr' id='par_1_38' title="bbox 410 2093 1974 2169">
     <span class='ocr_line' id='line_1_38' title="bbox 410 2093 1974 2169; baseline 0.006 -23"><span class='ocrx_word' id='word_1_265' title='bbox 410 2095 624 2164; x_wconf 86' lang='lat' dir='ltr'><strong>quidem</strong></span> <span class='ocrx_word' id='word_1_266' title='bbox 652 2093 873 2149; x_wconf 81' lang='lat' dir='ltr'><strong>inferius</strong></span> <span class='ocrx_word' id='word_1_267' title='bbox 915 2103 999 2149; x_wconf 90' lang='lat' dir='ltr'><strong>est</strong></span> <span class='ocrx_word' id='word_1_268' title='bbox 1025 2095 1078 2149; x_wconf 91' lang='lat' dir='ltr'><strong>in</strong></span> <span class='ocrx_word' id='word_1_269' title='bbox 1121 2104 1311 2149; x_wconf 89' lang='lat' dir='ltr'><strong>natura</strong></span> <span class='ocrx_word' id='word_1_270' title='bbox 1342 2113 1543 2161; x_wconf 88' lang='lat' dir='ltr'><strong>rerum,</strong></span> <span class='ocrx_word' id='word_1_271' title='bbox 1573 2113 1733 2166; x_wconf 87' lang='lat' dir='ltr'><strong>quam</strong></span> <span class='ocrx_word' id='word_1_272' title='bbox 1759 2114 1974 2169; x_wconf 89' lang='lat' dir='ltr'><strong>corpus,</strong></span> 
     </span>
    </p>
   </div>
   <div class='ocr_carea' id='block_1_39' title="bbox 409 2185 1979 2256">
    <p class='ocr_par' dir='ltr' id='par_1_39' title="bbox 409 2185 1979 2256">
     <span class='ocr_line' id='line_1_39' title="bbox 409 2185 1979 2256; baseline 0.003 -17"><span class='ocrx_word' id='word_1_273' title='bbox 409 2194 466 2239; x_wconf 90' lang='lat' dir='ltr'><strong>et</strong></span> <span class='ocrx_word' id='word_1_274' title='bbox 492 2185 567 2241; x_wconf 86' lang='lat' dir='ltr'><strong>nil</strong></span> <span class='ocrx_word' id='word_1_275' title='bbox 594 2185 859 2255; x_wconf 88' lang='lat' dir='ltr'><strong>superius,</strong></span> <span class='ocrx_word' id='word_1_276' title='bbox 902 2200 1060 2256; x_wconf 89' lang='lat' dir='ltr'><strong>quam</strong></span> <span class='ocrx_word' id='word_1_277' title='bbox 1109 2186 1427 2253; x_wconf 88' lang='lat' dir='ltr'><strong>intellectus,</strong></span> <span class='ocrx_word' id='word_1_278' title='bbox 1471 2196 1606 2244; x_wconf 89' lang='lat' dir='ltr'><strong>teste</strong></span> <span class='ocrx_word' id='word_1_279' title='bbox 1652 2200 1838 2245; x_wconf 82' lang='lat' dir='ltr'><strong>saneto</strong></span> <span class='ocrx_word' id='word_1_280' title='bbox 1871 2190 1979 2244; x_wconf 86' lang='lat' dir='ltr'><strong>Au-</strong></span> 
     </span>
    </p>
   </div>
   <div class='ocr_carea' id='block_1_40' title="bbox 413 2274 1975 2347">
    <p class='ocr_par' dir='ltr' id='par_1_40' title="bbox 413 2274 1975 2347">
     <span class='ocr_line' id='line_1_40' title="bbox 413 2274 1975 2347; baseline 0.004 -21"><span class='ocrx_word' id='word_1_281' title='bbox 413 2274 626 2344; x_wconf 79' lang='lat' dir='ltr'><strong>gustino</strong></span> <span class='ocrx_word' id='word_1_282' title='bbox 671 2274 725 2328; x_wconf 88' lang='lat' dir='ltr'><strong>in</strong></span> <span class='ocrx_word' id='word_1_283' title='bbox 774 2275 908 2329; x_wconf 86' lang='lat' dir='ltr'><strong>libro</strong></span> <span class='ocrx_word' id='word_1_284' title='bbox 959 2277 1024 2330; x_wconf 88' lang='lat' dir='ltr'><strong>de</strong></span> <span class='ocrx_word' id='word_1_285' title='bbox 1071 2275 1210 2332; x_wconf 81' lang='lat' dir='ltr'><strong>Vera</strong></span> <span class='ocrx_word' id='word_1_286' title='bbox 1253 2276 1529 2347; x_wconf 78' lang='lat' dir='ltr'><strong>religione,</strong></span> <span class='ocrx_word' id='word_1_287' title='bbox 1571 2279 1652 2333; x_wconf 86' lang='lat' dir='ltr'><strong>sic</strong></span> <span class='ocrx_word' id='word_1_288' title='bbox 1672 2278 1880 2334; x_wconf 89' lang='lat' dir='ltr'><strong>dicente</strong></span> <span class='ocrx_word' id='word_1_289' title='bbox 1924 2278 1975 2333; x_wconf 80' lang='lat' dir='ltr'><strong>‘z</strong></span> 
     </span>
    </p>
   </div>
   <div class='ocr_carea' id='block_1_41' title="bbox 411 2364 1977 2439">
    <p class='ocr_par' dir='ltr' id='par_1_41' title="bbox 411 2364 1977 2439">
     <span class='ocr_line' id='line_1_41' title="bbox 411 2364 1977 2439; baseline 0.004 -21"><span class='ocrx_word' id='word_1_290' title='bbox 411 2364 559 2419; x_wconf 83' lang='lat' dir='ltr'><strong>Inter</strong></span> <span class='ocrx_word' id='word_1_291' title='bbox 580 2374 795 2420; x_wconf 79' lang='lat' dir='ltr'><strong>mentem</strong></span> <span class='ocrx_word' id='word_1_292' title='bbox 816 2375 1065 2431; x_wconf 90' lang='lat' dir='ltr'><strong>nostram,</strong></span> <span class='ocrx_word' id='word_1_293' title='bbox 1079 2383 1184 2438; x_wconf 87' lang='lat' dir='ltr'><strong>qua</strong></span> <span class='ocrx_word' id='word_1_294' title='bbox 1199 2368 1365 2437; x_wconf 83' lang='lat' dir='ltr'><strong>ipsum</strong></span> <span class='ocrx_word' id='word_1_295' title='bbox 1389 2368 1723 2439; x_wconf 85' lang='lat' dir='ltr'><strong>intelligimus</strong></span> <span class='ocrx_word' id='word_1_296' title='bbox 1746 2368 1977 2436; x_wconf 82' lang='lat' dir='ltr'><strong>Patrem,</strong></span> 
     </span>
    </p>
   </div>
   <div class='ocr_carea' id='block_1_42' title="bbox 412 2457 1981 2529">
    <p class='ocr_par' dir='ltr' id='par_1_42' title="bbox 412 2457 1981 2529">
     <span class='ocr_line' id='line_1_42' title="bbox 412 2457 1981 2529; baseline 0.003 -20"><span class='ocrx_word' id='word_1_297' title='bbox 412 2467 458 2510; x_wconf 87' lang='lat' dir='ltr'><strong>et</strong></span> <span class='ocrx_word' id='word_1_298' title='bbox 491 2457 776 2521; x_wconf 80' lang='lat' dir='ltr'><strong>veritatem,</strong></span> <span class='ocrx_word' id='word_1_299' title='bbox 799 2473 891 2526; x_wconf 88' lang='lat' dir='ltr'><strong>per</strong></span> <span class='ocrx_word' id='word_1_300' title='bbox 936 2473 1090 2527; x_wconf 89' lang='lat' dir='ltr'><strong>quam</strong></span> <span class='ocrx_word' id='word_1_301' title='bbox 1130 2457 1300 2527; x_wconf 80' lang='lat' dir='ltr'><strong>ipsum</strong></span> <span class='ocrx_word' id='word_1_302' title='bbox 1324 2457 1684 2529; x_wconf 80' lang='lat' dir='ltr'><strong>intelligimus,</strong></span> <span class='ocrx_word' id='word_1_303' title='bbox 1721 2458 1867 2512; x_wconf 91' lang='lat' dir='ltr'><strong>nulla</strong></span> <span class='ocrx_word' id='word_1_304' title='bbox 1898 2460 1981 2513; x_wconf 90' lang='lat' dir='ltr'><strong>in-</strong></span> 
     </span>
    </p>
   </div>
   <div class='ocr_carea' id='block_1_43' title="bbox 414 2546 1981 2616">
    <p class='ocr_par' dir='ltr' id='par_1_43' title="bbox 414 2546 1981 2616">
     <span class='ocr_line' id='line_1_43' title="bbox 414 2546 1981 2616; baseline 0.003 -17"><span class='ocrx_word' id='word_1_305' title='bbox 414 2547 657 2616; x_wconf 77' lang='lat' dir='ltr'><strong>terposita</strong></span> <span class='ocrx_word' id='word_1_306' title='bbox 682 2556 921 2601; x_wconf 87' lang='lat' dir='ltr'><strong>creatura</strong></span> <span class='ocrx_word' id='word_1_307' title='bbox 948 2559 1042 2602; x_wconf 87' lang='lat' dir='ltr'><strong>est.</strong></span> <span class='ocrx_word' id='word_1_308' title='bbox 1085 2546 1289 2615; x_wconf 85' lang='lat' dir='ltr'><strong>Quibus</strong></span> <span class='ocrx_word' id='word_1_309' title='bbox 1326 2549 1507 2603; x_wconf 78' lang='lat' dir='ltr'><strong>verbis</strong></span> <span class='ocrx_word' id='word_1_310' title='bbox 1531 2550 1852 2604; x_wconf 81' lang='lat' dir='ltr'><strong>sanctissimi</strong></span> <span class='ocrx_word' id='word_1_311' title='bbox 1877 2548 1981 2604; x_wconf 80' lang='lat' dir='ltr'><strong>Pa-</strong></span> 
     </span>
    </p>
   </div>
   <div class='ocr_carea' id='block_1_44' title="bbox 417 2634 1983 2709">
    <p class='ocr_par' dir='ltr' id='par_1_44' title="bbox 417 2634 1983 2709">
     <span class='ocr_line' id='line_1_44' title="bbox 417 2634 1983 2709; baseline 0.003 -21"><span class='ocrx_word' id='word_1_312' title='bbox 417 2637 515 2689; x_wconf 90' lang='lat' dir='ltr'><strong>tris</strong></span> <span class='ocrx_word' id='word_1_313' title='bbox 545 2635 702 2689; x_wconf 87' lang='lat' dir='ltr'><strong>datur</strong></span> <span class='ocrx_word' id='word_1_314' title='bbox 741 2634 979 2707; x_wconf 73' lang='lat' dir='ltr'><strong>intelligi,</strong></span> <span class='ocrx_word' id='word_1_315' title='bbox 1026 2635 1312 2690; x_wconf 85' lang='lat' dir='ltr'><strong>humanam</strong></span> <span class='ocrx_word' id='word_1_316' title='bbox 1358 2646 1605 2692; x_wconf 86' lang='lat' dir='ltr'><strong>naturam</strong></span> <span class='ocrx_word' id='word_1_317' title='bbox 1648 2637 1812 2693; x_wconf 87' lang='lat' dir='ltr'><strong>etiam</strong></span> <span class='ocrx_word' id='word_1_318' title='bbox 1860 2645 1983 2709; x_wconf 72' lang='lat' dir='ltr'><strong>pust</strong></span> 
     </span>
    </p>
   </div>
   <div class='ocr_carea' id='block_1_45' title="bbox 416 2725 1982 2799">
    <p class='ocr_par' dir='ltr' id='par_1_45' title="bbox 416 2725 1982 2799">
     <span class='ocr_line' id='line_1_45' title="bbox 416 2725 1982 2799; baseline 0.004 -22"><span class='ocrx_word' id='word_1_319' title='bbox 416 2725 930 2795; x_wconf 83' lang='lat' dir='ltr'><strong>praevaricationem</strong></span> <span class='ocrx_word' id='word_1_320' title='bbox 957 2726 1269 2796; x_wconf 86' lang='lat' dir='ltr'><strong>dignitatem</strong></span> <span class='ocrx_word' id='word_1_321' title='bbox 1317 2742 1466 2782; x_wconf 87' lang='lat' dir='ltr'><strong>suam</strong></span> <span class='ocrx_word' id='word_1_322' title='bbox 1496 2742 1603 2782; x_wconf 90' lang='lat' dir='ltr'><strong>non</strong></span> <span class='ocrx_word' id='word_1_323' title='bbox 1622 2729 1837 2798; x_wconf 88' lang='lat' dir='ltr'><strong>penitus</strong></span> <span class='ocrx_word' id='word_1_324' title='bbox 1860 2745 1982 2799; x_wconf 86' lang='lat' dir='ltr'><strong>per-</strong></span> 
     </span>
    </p>
   </div>
   <div class='ocr_carea' id='block_1_46' title="bbox 416 2815 1984 2891">
    <p class='ocr_par' dir='ltr' id='par_1_46' title="bbox 416 2815 1984 2891">
     <span class='ocr_line' id='line_1_46' title="bbox 416 2815 1984 2891; baseline 0.006 -24"><span class='ocrx_word' id='word_1_325' title='bbox 416 2816 634 2880; x_wconf 84' lang='lat' dir='ltr'><strong>didisse,</strong></span> <span class='ocrx_word' id='word_1_326' title='bbox 665 2817 757 2871; x_wconf 87' lang='lat' dir='ltr'><strong>sed</strong></span> <span class='ocrx_word' id='word_1_327' title='bbox 795 2816 973 2871; x_wconf 89' lang='lat' dir='ltr'><strong>adhuc</strong></span> <span class='ocrx_word' id='word_1_328' title='bbox 998 2817 1265 2872; x_wconf 88' lang='lat' dir='ltr'><strong>obtinere.</strong></span> <span class='ocrx_word' id='word_1_329' title='bbox 1310 2815 1424 2873; x_wconf 85' lang='lat' dir='ltr'><strong>Non</strong></span> <span class='ocrx_word' id='word_1_330' title='bbox 1450 2819 1595 2873; x_wconf 90' lang='lat' dir='ltr'><strong>enim</strong></span> <span class='ocrx_word' id='word_1_331' title='bbox 1624 2820 1763 2874; x_wconf 82' lang='lat' dir='ltr'><strong>dixit</strong></span> <span class='ocrx_word' id='word_1_332' title='bbox 1789 2822 1984 2891; x_wconf 54' lang='lat' dir='ltr'><strong>magis</strong></span> 
     </span>
    </p>
   </div>
   <div class='ocr_carea' id='block_1_47' title="bbox 419 2906 1985 2977">
    <p class='ocr_par' dir='ltr' id='par_1_47' title="bbox 419 2906 1985 2977">
     <span class='ocr_line' id='line_1_47' title="bbox 419 2906 1985 2977; baseline 0.006 -19"><span class='ocrx_word' id='word_1_333' title='bbox 419 2916 521 2970; x_wconf 90' lang='lat' dir='ltr'><strong>ter,</strong></span> <span class='ocrx_word' id='word_1_334' title='bbox 548 2906 691 2961; x_wconf 88' lang='lat' dir='ltr'><strong>nulla</strong></span> <span class='ocrx_word' id='word_1_335' title='bbox 735 2907 1049 2977; x_wconf 89' lang='lat' dir='ltr'><strong>interposita</strong></span> <span class='ocrx_word' id='word_1_336' title='bbox 1075 2917 1320 2963; x_wconf 88' lang='lat' dir='ltr'><strong>creatura</strong></span> <span class='ocrx_word' id='word_1_337' title='bbox 1349 2917 1467 2964; x_wconf 89' lang='lat' dir='ltr'><strong>erat</strong></span> <span class='ocrx_word' id='word_1_338' title='bbox 1488 2948 1505 2974; x_wconf 90' lang='lat'><strong>,</strong></span> <span class='ocrx_word' id='word_1_339' title='bbox 1536 2910 1628 2964; x_wconf 87' lang='lat' dir='ltr'><strong>sed</strong></span> <span class='ocrx_word' id='word_1_340' title='bbox 1658 2910 1802 2966; x_wconf 86' lang='lat' dir='ltr'><strong>nulla</strong></span> <span class='ocrx_word' id='word_1_341' title='bbox 1825 2913 1985 2967; x_wconf 82' lang='lat' dir='ltr'><strong>inter—</strong></span> 
     </span>
    </p>
   </div>
   <div class='ocr_carea' id='block_1_48' title="bbox 415 2997 1985 3070">
    <p class='ocr_par' dir='ltr' id='par_1_48' title="bbox 415 2997 1985 3070">
     <span class='ocr_line' id='line_1_48' title="bbox 415 2997 1985 3070; baseline 0.004 -19"><span class='ocrx_word' id='word_1_342' title='bbox 415 3000 584 3067; x_wconf 84' lang='lat' dir='ltr'><strong>posita</strong></span> <span class='ocrx_word' id='word_1_343' title='bbox 626 3009 722 3052; x_wconf 88' lang='lat' dir='ltr'><strong>est.</strong></span> <span class='ocrx_word' id='word_1_344' title='bbox 764 2997 879 3052; x_wconf 89' lang='lat' dir='ltr'><strong>Non</strong></span> <span class='ocrx_word' id='word_1_345' title='bbox 925 3014 1052 3070; x_wconf 91' lang='lat' dir='ltr'><strong>ergo</strong></span> <span class='ocrx_word' id='word_1_346' title='bbox 1096 2999 1256 3055; x_wconf 87' lang='lat' dir='ltr'><strong>etiam</strong></span> <span class='ocrx_word' id='word_1_347' title='bbox 1298 3001 1350 3054; x_wconf 92' lang='lat' dir='ltr'><strong>in</strong></span> <span class='ocrx_word' id='word_1_348' title='bbox 1398 3000 1746 3069; x_wconf 78' lang='lat' dir='ltr'><strong>languoribus</strong></span> <span class='ocrx_word' id='word_1_349' title='bbox 1786 3002 1985 3058; x_wconf 83' lang='lat' dir='ltr'><strong>nostris</strong></span> 
     </span>
    </p>
   </div>
   <div class='ocr_carea' id='block_1_49' title="bbox 2075 1825 3643 1900">
    <p class='ocr_par' dir='ltr' id='par_1_49' title="bbox 2075 1825 3643 1900">
     <span class='ocr_line' id='line_1_49' title="bbox 2075 1825 3643 1900; baseline -0.002 -18"><span class='ocrx_word' id='word_1_350' title='bbox 2075 1829 2291 1900; x_wconf 86' lang='lat' dir='ltr'><strong>quando</strong></span> <span class='ocrx_word' id='word_1_351' title='bbox 2314 1828 2549 1883; x_wconf 84' lang='lat' dir='ltr'><strong>humana</strong></span> <span class='ocrx_word' id='word_1_352' title='bbox 2572 1835 2762 1882; x_wconf 79' lang='lat' dir='ltr'><strong>natura</strong></span> <span class='ocrx_word' id='word_1_353' title='bbox 2784 1826 2838 1880; x_wconf 87' lang='lat' dir='ltr'><strong>in</strong></span> <span class='ocrx_word' id='word_1_354' title='bbox 2867 1825 3152 1898; x_wconf 86' lang='lat' dir='ltr'><strong>pristinum</strong></span> <span class='ocrx_word' id='word_1_355' title='bbox 3181 1825 3571 1880; x_wconf 77' lang='lat' dir='ltr'><strong>restant-abitat</strong></span> <span class='ocrx_word' id='word_1_356' title='bbox 3598 1826 3643 1857; x_wconf 80' lang='lat'><strong>&quot;</strong></span> 
     </span>
    </p>
   </div>
   <div class='ocr_carea' id='block_1_50' title="bbox 2075 1914 3644 1995">
    <p class='ocr_par' dir='ltr' id='par_1_50' title="bbox 2075 1914 3644 1995">
     <span class='ocr_line' id='line_1_50' title="bbox 2075 1914 3644 1995; baseline -0.004 -21"><span class='ocrx_word' id='word_1_357' title='bbox 2075 1926 2293 1975; x_wconf 89' lang='lat' dir='ltr'><strong>statum.</strong></span> <span class='ocrx_word' id='word_1_358' title='bbox 2325 1915 2460 1970; x_wconf 87' lang='lat' dir='ltr'><strong>Nam</strong></span> <span class='ocrx_word' id='word_1_359' title='bbox 2496 1916 2540 1971; x_wconf 92' lang='lat' dir='ltr'><strong>si</strong></span> <span class='ocrx_word' id='word_1_360' title='bbox 2570 1915 2777 1995; x_wconf 82' lang='lat' dir='ltr'><strong>primus</strong></span> <span class='ocrx_word' id='word_1_361' title='bbox 2796 1914 2958 1969; x_wconf 85' lang='lat' dir='ltr'><strong>homo</strong></span> <span class='ocrx_word' id='word_1_362' title='bbox 2989 1929 3096 1969; x_wconf 86' lang='lat' dir='ltr'><strong>non</strong></span> <span class='ocrx_word' id='word_1_363' title='bbox 3130 1923 3395 1983; x_wconf 84' lang='lat' dir='ltr'><strong>peccaret,</strong></span> <span class='ocrx_word' id='word_1_364' title='bbox 3419 1922 3644 1969; x_wconf 79' lang='lat' dir='ltr'><strong>naturae</strong></span> 
     </span>
    </p>
   </div>
   <div class='ocr_carea' id='block_1_51' title="bbox 2076 2012 3640 2083">
    <p class='ocr_par' dir='ltr' id='par_1_51' title="bbox 2076 2012 3640 2083">
     <span class='ocr_line' id='line_1_51' title="bbox 2076 2012 3640 2083; baseline -0.003 -13"><span class='ocrx_word' id='word_1_365' title='bbox 2076 2028 2208 2070; x_wconf 85' lang='lat' dir='ltr'><strong>suae</strong></span> <span class='ocrx_word' id='word_1_366' title='bbox 2229 2012 2571 2083; x_wconf 84' lang='lat' dir='ltr'><strong>partitionem</strong></span> <span class='ocrx_word' id='word_1_367' title='bbox 2602 2012 2656 2067; x_wconf 89' lang='lat' dir='ltr'><strong>in</strong></span> <span class='ocrx_word' id='word_1_368' title='bbox 2687 2012 2953 2082; x_wconf 89' lang='lat' dir='ltr'><strong>duplicem</strong></span> <span class='ocrx_word' id='word_1_369' title='bbox 2988 2026 3174 2067; x_wconf 82' lang='lat' dir='ltr'><strong>sexum</strong></span> <span class='ocrx_word' id='word_1_370' title='bbox 3223 2026 3328 2066; x_wconf 89' lang='lat' dir='ltr'><strong>non</strong></span> <span class='ocrx_word' id='word_1_371' title='bbox 3352 2021 3640 2082; x_wconf 84' lang='lat' dir='ltr'><strong>pateretur.</strong></span> 
     </span>
    </p>
   </div>
   <div class='ocr_carea' id='block_1_52' title="bbox 2062 2100 3646 2173">
    <p class='ocr_par' dir='ltr' id='par_1_52' title="bbox 2062 2100 3646 2173">
     <span class='ocr_line' id='line_1_52' title="bbox 2062 2100 3646 2173; baseline -0.003 -14"><span class='ocrx_word' id='word_1_372' title='bbox 2062 2102 2172 2159; x_wconf 76' lang='lat' dir='ltr'><strong>sed</strong></span> <span class='ocrx_word' id='word_1_373' title='bbox 2198 2104 2252 2157; x_wconf 87' lang='lat' dir='ltr'><strong>in</strong></span> <span class='ocrx_word' id='word_1_374' title='bbox 2296 2100 2730 2173; x_wconf 88' lang='lat' dir='ltr'><strong>primordialibus</strong></span> <span class='ocrx_word' id='word_1_375' title='bbox 2771 2102 2882 2156; x_wconf 90' lang='lat' dir='ltr'><strong>suis</strong></span> <span class='ocrx_word' id='word_1_376' title='bbox 2913 2101 3228 2167; x_wconf 85' lang='lat' dir='ltr'><strong>rationibus,</strong></span> <span class='ocrx_word' id='word_1_377' title='bbox 3255 2100 3309 2156; x_wconf 88' lang='lat' dir='ltr'><strong>in</strong></span> <span class='ocrx_word' id='word_1_378' title='bbox 3350 2102 3546 2171; x_wconf 84' lang='lat' dir='ltr'><strong>quibus</strong></span> <span class='ocrx_word' id='word_1_379' title='bbox 3578 2104 3646 2155; x_wconf 79' lang='lat' dir='ltr'><strong>ad</strong></span> 
     </span>
    </p>
   </div>
   <div class='ocr_carea' id='block_1_53' title="bbox 2076 2191 3652 2262">
    <p class='ocr_par' dir='ltr' id='par_1_53' title="bbox 2076 2191 3652 2262">
     <span class='ocr_line' id='line_1_53' title="bbox 2076 2191 3652 2262; baseline -0.001 -15"><span class='ocrx_word' id='word_1_380' title='bbox 2076 2193 2353 2262; x_wconf 80' lang='lat' dir='ltr'><strong>imaginem</strong></span> <span class='ocrx_word' id='word_1_381' title='bbox 2407 2192 2501 2246; x_wconf 89' lang='lat' dir='ltr'><strong>Dei</strong></span> <span class='ocrx_word' id='word_1_382' title='bbox 2533 2192 2781 2247; x_wconf 89' lang='lat' dir='ltr'><strong>conditus</strong></span> <span class='ocrx_word' id='word_1_383' title='bbox 2831 2200 2936 2257; x_wconf 91' lang='lat' dir='ltr'><strong>est,</strong></span> <span class='ocrx_word' id='word_1_384' title='bbox 2980 2191 3387 2247; x_wconf 84' lang='lat' dir='ltr'><strong>immutabiliter</strong></span> <span class='ocrx_word' id='word_1_385' title='bbox 3438 2206 3652 2262; x_wconf 82' lang='lat' dir='ltr'><strong>perma-</strong></span> 
     </span>
    </p>
   </div>
   <div class='ocr_carea' id='block_1_54' title="bbox 2077 2279 3647 2351">
    <p class='ocr_par' dir='ltr' id='par_1_54' title="bbox 2077 2279 3647 2351">
     <span class='ocr_line' id='line_1_54' title="bbox 2077 2279 3647 2351; baseline -0.001 -15"><span class='ocrx_word' id='word_1_386' title='bbox 2077 2291 2299 2336; x_wconf 58' lang='lat' dir='ltr'><strong>nere“.</strong></span> <span class='ocrx_word' id='word_1_387' title='bbox 2337 2280 2487 2347; x_wconf 84' lang='lat' dir='ltr'><strong>Quod</strong></span> <span class='ocrx_word' id='word_1_388' title='bbox 2536 2280 2622 2335; x_wconf 90' lang='lat' dir='ltr'><strong>bis</strong></span> <span class='ocrx_word' id='word_1_389' title='bbox 2664 2280 2845 2336; x_wconf 86' lang='lat' dir='ltr'><strong>verbis</strong></span> <span class='ocrx_word' id='word_1_390' title='bbox 2886 2281 3192 2351; x_wconf 84' lang='lat' dir='ltr'><strong>praedictus</strong></span> <span class='ocrx_word' id='word_1_391' title='bbox 3239 2279 3497 2351; x_wconf 73' lang='lat' dir='ltr'><strong>Magister</strong></span> <span class='ocrx_word' id='word_1_392' title='bbox 3521 2293 3647 2351; x_wconf 85' lang='lat' dir='ltr'><strong>ape-</strong></span> 
     </span>
    </p>
   </div>
   <div class='ocr_carea' id='block_1_55' title="bbox 2077 2371 3649 2443">
    <p class='ocr_par' dir='ltr' id='par_1_55' title="bbox 2077 2371 3649 2443">
     <span class='ocr_line' id='line_1_55' title="bbox 2077 2371 3649 2443; baseline -0.002 -15"><span class='ocrx_word' id='word_1_393' title='bbox 2077 2373 2179 2439; x_wconf 89' lang='lat' dir='ltr'><strong>rit;</strong></span> <span class='ocrx_word' id='word_1_394' title='bbox 2245 2372 2377 2428; x_wconf 89' lang='lat' dir='ltr'><strong>dicit</strong></span> <span class='ocrx_word' id='word_1_395' title='bbox 2413 2373 2558 2427; x_wconf 84' lang='lat' dir='ltr'><strong>enim</strong></span> <span class='ocrx_word' id='word_1_396' title='bbox 2615 2371 2839 2443; x_wconf 87' lang='lat' dir='ltr'><strong>:Hujus</strong></span> <span class='ocrx_word' id='word_1_397' title='bbox 2879 2374 2954 2427; x_wconf 88' lang='lat' dir='ltr'><strong>rei</strong></span> <span class='ocrx_word' id='word_1_398' title='bbox 2992 2373 3164 2443; x_wconf 84' lang='lat' dir='ltr'><strong>gratia</strong></span> <span class='ocrx_word' id='word_1_399' title='bbox 3212 2374 3522 2428; x_wconf 72' lang='lat' dir='ltr'><strong>novissimus</strong></span> <span class='ocrx_word' id='word_1_400' title='bbox 3566 2373 3649 2425; x_wconf 57' lang='lat' dir='ltr'><strong>in-</strong></span> 
     </span>
    </p>
   </div>
   <div class='ocr_carea' id='block_1_56' title="bbox 2079 2463 3653 2534">
    <p class='ocr_par' dir='ltr' id='par_1_56' title="bbox 2079 2463 3653 2534">
     <span class='ocr_line' id='line_1_56' title="bbox 2079 2463 3653 2534; baseline -0.001 -16"><span class='ocrx_word' id='word_1_401' title='bbox 2079 2464 2434 2518; x_wconf 86' lang='lat' dir='ltr'><strong>troduciturin</strong></span> <span class='ocrx_word' id='word_1_402' title='bbox 2445 2464 2548 2528; x_wconf 77' lang='lat' dir='ltr'><strong>Itis,</strong></span> <span class='ocrx_word' id='word_1_403' title='bbox 2558 2480 2691 2534; x_wconf 80' lang='lat' dir='ltr'><strong>quae</strong></span> <span class='ocrx_word' id='word_1_404' title='bbox 2701 2463 3018 2528; x_wconf 77' lang='lat' dir='ltr'><strong>suntJtomo,</strong></span> <span class='ocrx_word' id='word_1_405' title='bbox 3032 2464 3184 2518; x_wconf 80' lang='lat' dir='ltr'><strong>veluti</strong></span> <span class='ocrx_word' id='word_1_406' title='bbox 3195 2463 3490 2533; x_wconf 86' lang='lat' dir='ltr'><strong>conjunctio</strong></span> <span class='ocrx_word' id='word_1_407' title='bbox 3503 2478 3653 2533; x_wconf 76' lang='lat' dir='ltr'><strong>quae-</strong></span> 
     </span>
    </p>
   </div>
   <div class='ocr_carea' id='block_1_57' title="bbox 2079 2551 3653 2623">
    <p class='ocr_par' dir='ltr' id='par_1_57' title="bbox 2079 2551 3653 2623">
     <span class='ocr_line' id='line_1_57' title="bbox 2079 2551 3653 2623; baseline -0.001 -15"><span class='ocrx_word' id='word_1_408' title='bbox 2079 2554 2201 2608; x_wconf 78' lang='lat' dir='ltr'><strong>dam</strong></span> <span class='ocrx_word' id='word_1_409' title='bbox 2218 2551 2474 2606; x_wconf 85' lang='lat' dir='ltr'><strong>naturalis</strong></span> <span class='ocrx_word' id='word_1_410' title='bbox 2495 2552 2850 2607; x_wconf 82' lang='lat' dir='ltr'><strong>universaliter</strong></span> <span class='ocrx_word' id='word_1_411' title='bbox 2870 2569 2962 2623; x_wconf 88' lang='lat' dir='ltr'><strong>per</strong></span> <span class='ocrx_word' id='word_1_412' title='bbox 2971 2554 3208 2623; x_wconf 87' lang='lat' dir='ltr'><strong>proprias</strong></span> <span class='ocrx_word' id='word_1_413' title='bbox 3217 2564 3389 2622; x_wconf 87' lang='lat' dir='ltr'><strong>partes</strong></span> <span class='ocrx_word' id='word_1_414' title='bbox 3405 2554 3653 2607; x_wconf 50' lang='lat' dir='ltr'><strong>medieta.</strong></span> 
     </span>
    </p>
   </div>
   <div class='ocr_carea' id='block_1_58' title="bbox 2070 2643 3651 2712">
    <p class='ocr_par' dir='ltr' id='par_1_58' title="bbox 2070 2643 3651 2712">
     <span class='ocr_line' id='line_1_58' title="bbox 2070 2643 3651 2712; baseline -0.003 -13"><span class='ocrx_word' id='word_1_415' title='bbox 2070 2653 2181 2699; x_wconf 14' lang='lat' dir='ltr'><strong>stem</strong></span> <span class='ocrx_word' id='word_1_416' title='bbox 2201 2644 2394 2712; x_wconf 61' lang='lat' dir='ltr'><strong>ﬁniens</strong></span> <span class='ocrx_word' id='word_1_417' title='bbox 2413 2643 2846 2707; x_wconf 73' lang='lat' dir='ltr'><strong>extremitatibus,</strong></span> <span class='ocrx_word' id='word_1_418' title='bbox 2864 2650 2912 2699; x_wconf 84' lang='lat' dir='ltr'><strong>et</strong></span> <span class='ocrx_word' id='word_1_419' title='bbox 2926 2643 2979 2698; x_wconf 87' lang='lat' dir='ltr'><strong>in</strong></span> <span class='ocrx_word' id='word_1_420' title='bbox 2992 2659 3152 2697; x_wconf 83' lang='lat' dir='ltr'><strong>unum</strong></span> <span class='ocrx_word' id='word_1_421' title='bbox 3167 2645 3358 2697; x_wconf 80' lang='lat' dir='ltr'><strong>ducens</strong></span> <span class='ocrx_word' id='word_1_422' title='bbox 3378 2643 3436 2696; x_wconf 83' lang='lat' dir='ltr'><strong>in</strong></span> <span class='ocrx_word' id='word_1_423' title='bbox 3462 2644 3651 2712; x_wconf 80' lang='lat' dir='ltr'><strong>seipso.</strong></span> 
     </span>
    </p>
   </div>
   <div class='ocr_carea' id='block_1_59' title="bbox 2078 2731 3656 2787">
    <p class='ocr_par' dir='ltr' id='par_1_59' title="bbox 2078 2731 3656 2787">
     <span class='ocr_line' id='line_1_59' title="bbox 2078 2731 3656 2787; baseline -0.003 -1"><span class='ocrx_word' id='word_1_424' title='bbox 2078 2732 2243 2787; x_wconf 88' lang='lat' dir='ltr'><strong>multo</strong></span> <span class='ocrx_word' id='word_1_425' title='bbox 2295 2732 2576 2786; x_wconf 88' lang='lat' dir='ltr'><strong>secundum</strong></span> <span class='ocrx_word' id='word_1_426' title='bbox 2627 2740 2871 2785; x_wconf 85' lang='lat' dir='ltr'><strong>naturam</strong></span> <span class='ocrx_word' id='word_1_427' title='bbox 2933 2747 2967 2784; x_wconf 89' lang='lat' dir='ltr'><strong>a</strong></span> <span class='ocrx_word' id='word_1_428' title='bbox 3018 2747 3075 2786; x_wconf 90' lang='lat' dir='ltr'><strong>se</strong></span> <span class='ocrx_word' id='word_1_429' title='bbox 3124 2731 3337 2785; x_wconf 60' lang='lat' dir='ltr'><strong>imvicem</strong></span> <span class='ocrx_word' id='word_1_430' title='bbox 3401 2731 3656 2784; x_wconf 73' lang='lat' dir='ltr'><strong>distantia</strong></span> 
     </span>
    </p>
   </div>
   <div class='ocr_carea' id='block_1_60' title="bbox 2078 2819 3657 2893">
    <p class='ocr_par' dir='ltr' id='par_1_60' title="bbox 2078 2819 3657 2893">
     <span class='ocr_line' id='line_1_60' title="bbox 2078 2819 3657 2893; baseline -0.006 -15"><span class='ocrx_word' id='word_1_431' title='bbox 2078 2822 2285 2893; x_wconf 84' lang='lat' dir='ltr'><strong>spatio;</strong></span> <span class='ocrx_word' id='word_1_432' title='bbox 2314 2831 2367 2875; x_wconf 92' lang='lat' dir='ltr'><strong>ut</strong></span> <span class='ocrx_word' id='word_1_433' title='bbox 2397 2821 2465 2875; x_wconf 86' lang='lat' dir='ltr'><strong>ad</strong></span> <span class='ocrx_word' id='word_1_434' title='bbox 2492 2820 2681 2885; x_wconf 86' lang='lat' dir='ltr'><strong>Deum,</strong></span> <span class='ocrx_word' id='word_1_435' title='bbox 2709 2829 2881 2889; x_wconf 81' lang='lat' dir='ltr'><strong>utpote</strong></span> <span class='ocrx_word' id='word_1_436' title='bbox 2905 2819 3167 2874; x_wconf 86' lang='lat' dir='ltr'><strong>causalem</strong></span> <span class='ocrx_word' id='word_1_437' title='bbox 3195 2819 3371 2873; x_wconf 85' lang='lat' dir='ltr'><strong>omnia</strong></span> <span class='ocrx_word' id='word_1_438' title='bbox 3399 2820 3657 2873; x_wconf 74' lang='lat' dir='ltr'><strong>unitatem</strong></span> 
     </span>
    </p>
   </div>
   <div class='ocr_carea' id='block_1_61' title="bbox 2084 2897 3662 2982">
    <p class='ocr_par' dir='ltr' id='par_1_61' title="bbox 2084 2897 3662 2982">
     <span class='ocr_line' id='line_1_61' title="bbox 2084 2897 3662 2982; baseline -0.004 -16"><span class='ocrx_word' id='word_1_439' title='bbox 2084 2897 2447 2982; x_wconf 73' lang='lat' dir='ltr'><strong>congregatae,</strong></span> <span class='ocrx_word' id='word_1_440' title='bbox 2497 2925 2563 2964; x_wconf 77' lang='lat' dir='ltr'><strong>ea:</strong></span> <span class='ocrx_word' id='word_1_441' title='bbox 2588 2910 2799 2978; x_wconf 85' lang='lat' dir='ltr'><strong>propria</strong></span> <span class='ocrx_word' id='word_1_442' title='bbox 2833 2908 2976 2978; x_wconf 90' lang='lat' dir='ltr'><strong>prius</strong></span> <span class='ocrx_word' id='word_1_443' title='bbox 3016 2908 3265 2963; x_wconf 81' lang='lat' dir='ltr'><strong>divisione</strong></span> <span class='ocrx_word' id='word_1_444' title='bbox 3290 2909 3569 2973; x_wconf 79' lang='lat' dir='ltr'><strong>inchoans,</strong></span> <span class='ocrx_word' id='word_1_445' title='bbox 3597 2924 3662 2961; x_wconf 87' lang='lat' dir='ltr'><strong>ac</strong></span> 
     </span>
    </p>
   </div>
   <div class='ocr_carea' id='block_1_62' title="bbox 2085 2997 3661 3070">
    <p class='ocr_par' dir='ltr' id='par_1_62' title="bbox 2085 2997 3661 3070">
     <span class='ocr_line' id='line_1_62' title="bbox 2085 2997 3661 3070; baseline -0.004 -16"><span class='ocrx_word' id='word_1_446' title='bbox 2085 2999 2270 3054; x_wconf 85' lang='lat' dir='ltr'><strong>deinde</strong></span> <span class='ocrx_word' id='word_1_447' title='bbox 2292 3015 2383 3070; x_wconf 90' lang='lat' dir='ltr'><strong>per</strong></span> <span class='ocrx_word' id='word_1_448' title='bbox 2405 2998 2575 3053; x_wconf 88' lang='lat' dir='ltr'><strong>media</strong></span> <span class='ocrx_word' id='word_1_449' title='bbox 2594 2998 2913 3052; x_wconf 76' lang='lat' dir='ltr'><strong>connexione</strong></span> <span class='ocrx_word' id='word_1_450' title='bbox 2929 2997 3209 3068; x_wconf 87' lang='lat' dir='ltr'><strong>ordineque</strong></span> <span class='ocrx_word' id='word_1_451' title='bbox 3234 2997 3574 3066; x_wconf 83' lang='lat' dir='ltr'><strong>progrediens</strong></span> <span class='ocrx_word' id='word_1_452' title='bbox 3607 2999 3661 3049; x_wconf 83' lang='lat' dir='ltr'><strong>in</strong></span> 
     </span>
    </p>
   </div>
   <div class='ocr_carea' id='block_1_63' title="bbox 423 3066 3669 3159">
    <p class='ocr_par' dir='ltr' id='par_1_63' title="bbox 423 3066 3669 3159">
     <span class='ocr_line' id='line_1_63' title="bbox 423 3066 3669 3159; baseline -0.001 -19"><span class='ocrx_word' id='word_1_453' title='bbox 423 3087 585 3142; x_wconf 79' lang='lat' dir='ltr'><strong>Deum</strong></span> <span class='ocrx_word' id='word_1_454' title='bbox 631 3089 844 3158; x_wconf 88' lang='lat' dir='ltr'><strong>penitus</strong></span> <span class='ocrx_word' id='word_1_455' title='bbox 890 3066 1189 3145; x_wconf 75' lang='lat' dir='ltr'><strong>deserimus</strong></span> <span class='ocrx_word' id='word_1_456' title='bbox 1215 3090 1259 3155; x_wconf 81' lang='lat'><strong>&#39;,</strong></span> <span class='ocrx_word' id='word_1_457' title='bbox 1293 3104 1395 3145; x_wconf 85' lang='lat' dir='ltr'><strong>nec</strong></span> <span class='ocrx_word' id='word_1_458' title='bbox 1429 3066 1643 3159; x_wconf 35' lang='lat' dir='ltr'><strong>abwipso</strong></span> <span class='ocrx_word' id='word_1_459' title='bbox 1678 3091 1874 3146; x_wconf 91' lang='lat' dir='ltr'><strong>deserti</strong></span> <span class='ocrx_word' id='word_1_460' title='bbox 1900 3107 1986 3147; x_wconf 86' lang='lat' dir='ltr'><strong>su-</strong></span> <span class='ocrx_word' id='word_1_461' title='bbox 2010 3066 2056 3128; x_wconf 75' lang='lat' dir='ltr'>c</span> <span class='ocrx_word' id='word_1_462' title='bbox 2086 3088 2255 3144; x_wconf 88' lang='lat' dir='ltr'><strong>Deum</strong></span> <span class='ocrx_word' id='word_1_463' title='bbox 2292 3066 2545 3157; x_wconf 81' lang='lat' dir='ltr'><strong>acciperet</strong></span> <span class='ocrx_word' id='word_1_464' title='bbox 2590 3086 2746 3154; x_wconf 84' lang='lat' dir='ltr'><strong>ﬁnem</strong></span> <span class='ocrx_word' id='word_1_465' title='bbox 2790 3087 2953 3156; x_wconf 81' lang='lat' dir='ltr'><strong>ipsius</strong></span> <span class='ocrx_word' id='word_1_466' title='bbox 2980 3103 3044 3141; x_wconf 73' lang='lat' dir='ltr'><strong>ea:</strong></span> <span class='ocrx_word' id='word_1_467' title='bbox 3071 3066 3305 3141; x_wconf 82' lang='lat' dir='ltr'><strong>omnibus</strong></span> <span class='ocrx_word' id='word_1_468' title='bbox 3350 3087 3524 3155; x_wconf 77' lang='lat' dir='ltr'><strong>factae</strong></span> <span class='ocrx_word' id='word_1_469' title='bbox 3572 3102 3669 3154; x_wconf 80' lang='lat' dir='ltr'><strong>per</strong></span> 
     </span>
    </p>
   </div>
   <div class='ocr_carea' id='block_1_64' title="bbox 423 3179 1990 3243">
    <p class='ocr_par' dir='ltr' id='par_1_64' title="bbox 423 3179 1990 3243">
     <span class='ocr_line' id='line_1_64' title="bbox 423 3179 1990 3243; baseline 0.003 -11"><span class='ocrx_word' id='word_1_470' title='bbox 423 3194 560 3243; x_wconf 75' lang='lat' dir='ltr'><strong>nius,</strong></span> <span class='ocrx_word' id='word_1_471' title='bbox 601 3180 725 3233; x_wconf 92' lang='lat' dir='ltr'><strong>dum</strong></span> <span class='ocrx_word' id='word_1_472' title='bbox 754 3179 895 3233; x_wconf 89' lang='lat' dir='ltr'><strong>inter</strong></span> <span class='ocrx_word' id='word_1_473' title='bbox 930 3187 1158 3235; x_wconf 91' lang='lat' dir='ltr'><strong>mentem</strong></span> <span class='ocrx_word' id='word_1_474' title='bbox 1198 3191 1438 3235; x_wconf 76' lang='lat' dir='ltr'><strong>nOStram</strong></span> <span class='ocrx_word' id='word_1_475' title='bbox 1462 3189 1517 3234; x_wconf 94' lang='lat' dir='ltr'><strong>et</strong></span> <span class='ocrx_word' id='word_1_476' title='bbox 1544 3180 1691 3235; x_wconf 91' lang='lat' dir='ltr'><strong>illum</strong></span> <span class='ocrx_word' id='word_1_477' title='bbox 1737 3181 1878 3236; x_wconf 92' lang='lat' dir='ltr'><strong>nulla</strong></span> <span class='ocrx_word' id='word_1_478' title='bbox 1911 3183 1990 3236; x_wconf 85' lang='lat' dir='ltr'><strong>in-</strong></span> 
     </span>
    </p>
   </div>
   <div class='ocr_carea' id='block_1_65' title="bbox 425 3270 1989 3341">
    <p class='ocr_par' dir='ltr' id='par_1_65' title="bbox 425 3270 1989 3341">
     <span class='ocr_line' id='line_1_65' title="bbox 425 3270 1989 3341; baseline 0.002 -17"><span class='ocrx_word' id='word_1_479' title='bbox 425 3271 679 3341; x_wconf 89' lang='lat' dir='ltr'><strong>terposita</strong></span> <span class='ocrx_word' id='word_1_480' title='bbox 728 3280 920 3325; x_wconf 89' lang='lat' dir='ltr'><strong>natura</strong></span> <span class='ocrx_word' id='word_1_481' title='bbox 965 3279 1067 3326; x_wconf 86' lang='lat' dir='ltr'><strong>est.</strong></span> <span class='ocrx_word' id='word_1_482' title='bbox 1119 3271 1291 3341; x_wconf 90' lang='lat' dir='ltr'><strong>Lepra</strong></span> <span class='ocrx_word' id='word_1_483' title='bbox 1343 3270 1603 3341; x_wconf 89' lang='lat' dir='ltr'><strong>siquidem</strong></span> <span class='ocrx_word' id='word_1_484' title='bbox 1645 3271 1857 3326; x_wconf 87' lang='lat' dir='ltr'><strong>animae</strong></span> <span class='ocrx_word' id='word_1_485' title='bbox 1904 3271 1989 3327; x_wconf 85' lang='lat' dir='ltr'><strong>vel</strong></span> 
     </span>
    </p>
   </div>
   <div class='ocr_carea' id='block_1_66' title="bbox 422 3358 1990 3431">
    <p class='ocr_par' dir='ltr' id='par_1_66' title="bbox 422 3358 1990 3431">
     <span class='ocr_line' id='line_1_66' title="bbox 422 3358 1990 3431; baseline 0.001 -17"><span class='ocrx_word' id='word_1_486' title='bbox 422 3360 665 3429; x_wconf 88' lang='lat' dir='ltr'><strong>corporis</strong></span> <span class='ocrx_word' id='word_1_487' title='bbox 686 3374 792 3414; x_wconf 91' lang='lat' dir='ltr'><strong>non</strong></span> <span class='ocrx_word' id='word_1_488' title='bbox 821 3358 996 3414; x_wconf 78' lang='lat' dir='ltr'><strong>aufert</strong></span> <span class='ocrx_word' id='word_1_489' title='bbox 1020 3359 1190 3414; x_wconf 90' lang='lat' dir='ltr'><strong>aciem</strong></span> <span class='ocrx_word' id='word_1_490' title='bbox 1215 3358 1430 3424; x_wconf 90' lang='lat' dir='ltr'><strong>mentis,</strong></span> <span class='ocrx_word' id='word_1_491' title='bbox 1447 3373 1550 3427; x_wconf 90' lang='lat' dir='ltr'><strong>qua</strong></span> <span class='ocrx_word' id='word_1_492' title='bbox 1575 3359 1720 3413; x_wconf 91' lang='lat' dir='ltr'><strong>illum</strong></span> <span class='ocrx_word' id='word_1_493' title='bbox 1741 3359 1990 3431; x_wconf 83' lang='lat' dir='ltr'><strong>intelligi-</strong></span> 
     </span>
    </p>
   </div>
   <div class='ocr_carea' id='block_1_67' title="bbox 430 3455 1984 3527">
    <p class='ocr_par' dir='ltr' id='par_1_67' title="bbox 430 3455 1984 3527">
     <span class='ocr_line' id='line_1_67' title="bbox 430 3455 1984 3527; baseline -0.002 -14"><span class='ocrx_word' id='word_1_494' title='bbox 430 3470 570 3519; x_wconf 90' lang='lat' dir='ltr'><strong>mus,</strong></span> <span class='ocrx_word' id='word_1_495' title='bbox 592 3465 647 3510; x_wconf 93' lang='lat' dir='ltr'><strong>et</strong></span> <span class='ocrx_word' id='word_1_496' title='bbox 672 3455 726 3509; x_wconf 90' lang='lat' dir='ltr'><strong>in</strong></span> <span class='ocrx_word' id='word_1_497' title='bbox 756 3470 857 3523; x_wconf 90' lang='lat' dir='ltr'><strong>qua</strong></span> <span class='ocrx_word' id='word_1_498' title='bbox 880 3456 1113 3510; x_wconf 79' lang='lat' dir='ltr'><strong>maxime</strong></span> <span class='ocrx_word' id='word_1_499' title='bbox 1146 3457 1320 3527; x_wconf 85' lang='lat' dir='ltr'><strong>imago</strong></span> <span class='ocrx_word' id='word_1_500' title='bbox 1348 3457 1621 3515; x_wconf 83' lang='lat' dir='ltr'><strong>Creatoris</strong></span> <span class='ocrx_word' id='word_1_501' title='bbox 1647 3457 1860 3514; x_wconf 88' lang='lat' dir='ltr'><strong>condita</strong></span> <span class='ocrx_word' id='word_1_502' title='bbox 1883 3465 1984 3511; x_wconf 88' lang='lat' dir='ltr'><strong>est.</strong></span> 
     </span>
    </p>
   </div>
   <div class='ocr_carea' id='block_1_68' title="bbox 426 3546 1990 3617">
    <p class='ocr_par' dir='ltr' id='par_1_68' title="bbox 426 3546 1990 3617">
     <span class='ocr_line' id='line_1_68' title="bbox 426 3546 1990 3617; baseline -0.001 -16"><span class='ocrx_word' id='word_1_503' title='bbox 426 3547 659 3601; x_wconf 77' lang='lat' dir='ltr'><strong>Videsne</strong></span> <span class='ocrx_word' id='word_1_504' title='bbox 710 3546 890 3617; x_wconf 88' lang='lat' dir='ltr'><strong>igitur,</strong></span> <span class='ocrx_word' id='word_1_505' title='bbox 949 3546 1216 3616; x_wconf 87' lang='lat' dir='ltr'><strong>quomodo</strong></span> <span class='ocrx_word' id='word_1_506' title='bbox 1266 3547 1506 3603; x_wconf 90' lang='lat' dir='ltr'><strong>omnium</strong></span> <span class='ocrx_word' id='word_1_507' title='bbox 1570 3547 1990 3602; x_wconf 84' lang='lat' dir='ltr'><strong>substantiarum</strong></span> 
     </span>
    </p>
   </div>
   <div class='ocr_carea' id='block_1_69' title="bbox 425 3637 1993 3695">
    <p class='ocr_par' dir='ltr' id='par_1_69' title="bbox 425 3637 1993 3695">
     <span class='ocr_line' id='line_1_69' title="bbox 425 3637 1993 3695; baseline 0.003 -5"><span class='ocrx_word' id='word_1_508' title='bbox 425 3637 620 3692; x_wconf 88' lang='lat' dir='ltr'><strong>divisio</strong></span> <span class='ocrx_word' id='word_1_509' title='bbox 661 3637 715 3692; x_wconf 93' lang='lat' dir='ltr'><strong>in</strong></span> <span class='ocrx_word' id='word_1_510' title='bbox 754 3638 988 3692; x_wconf 90' lang='lat' dir='ltr'><strong>humana</strong></span> <span class='ocrx_word' id='word_1_511' title='bbox 1014 3646 1206 3692; x_wconf 88' lang='lat' dir='ltr'><strong>natura</strong></span> <span class='ocrx_word' id='word_1_512' title='bbox 1249 3638 1607 3693; x_wconf 76' lang='lat' dir='ltr'><strong>terminatur?</strong></span> <span class='ocrx_word' id='word_1_513' title='bbox 1655 3638 1799 3695; x_wconf 79' lang='lat' dir='ltr'><strong><em>DISC.</em></strong></span> <span class='ocrx_word' id='word_1_514' title='bbox 1825 3637 1993 3694; x_wconf 80' lang='lat' dir='ltr'><strong>Plane</strong></span> 
     </span>
    </p>
   </div>
   <div class='ocr_carea' id='block_1_70' title="bbox 426 3727 1993 3799">
    <p class='ocr_par' dir='ltr' id='par_1_70' title="bbox 426 3727 1993 3799">
     <span class='ocr_line' id='line_1_70' title="bbox 426 3727 1993 3799; baseline 0.004 -19"><span class='ocrx_word' id='word_1_515' title='bbox 426 3728 603 3793; x_wconf 87' lang='lat' dir='ltr'><strong>video,</strong></span> <span class='ocrx_word' id='word_1_516' title='bbox 626 3727 957 3797; x_wconf 89' lang='lat' dir='ltr'><strong>multumque</strong></span> <span class='ocrx_word' id='word_1_517' title='bbox 976 3736 1191 3784; x_wconf 90' lang='lat' dir='ltr'><strong>nostrae</strong></span> <span class='ocrx_word' id='word_1_518' title='bbox 1220 3737 1442 3785; x_wconf 85' lang='lat' dir='ltr'><strong>naturae</strong></span> <span class='ocrx_word' id='word_1_519' title='bbox 1466 3729 1608 3786; x_wconf 89' lang='lat' dir='ltr'><strong>inter</strong></span> <span class='ocrx_word' id='word_1_520' title='bbox 1634 3730 1835 3795; x_wconf 83' lang='lat' dir='ltr'><strong>omnia,</strong></span> <span class='ocrx_word' id='word_1_521' title='bbox 1854 3745 1993 3799; x_wconf 81' lang='lat' dir='ltr'><strong>quae</strong></span> 
     </span>
    </p>
   </div>
   <div class='ocr_carea' id='block_1_71' title="bbox 427 3816 1993 3887">
    <p class='ocr_par' dir='ltr' id='par_1_71' title="bbox 427 3816 1993 3887">
     <span class='ocr_line' id='line_1_71' title="bbox 427 3816 1993 3887; baseline 0.002 -17"><span class='ocrx_word' id='word_1_522' title='bbox 427 3816 567 3872; x_wconf 75' lang='lat' dir='ltr'><strong>facta</strong></span> <span class='ocrx_word' id='word_1_523' title='bbox 609 3823 756 3883; x_wconf 89' lang='lat' dir='ltr'><strong>sunt,</strong></span> <span class='ocrx_word' id='word_1_524' title='bbox 801 3816 1113 3887; x_wconf 86' lang='lat' dir='ltr'><strong>dignitatem</strong></span> <span class='ocrx_word' id='word_1_525' title='bbox 1155 3817 1413 3884; x_wconf 87' lang='lat' dir='ltr'><strong>admiror,</strong></span> <span class='ocrx_word' id='word_1_526' title='bbox 1461 3819 1585 3873; x_wconf 89' lang='lat' dir='ltr'><strong>dum</strong></span> <span class='ocrx_word' id='word_1_527' title='bbox 1625 3818 1680 3874; x_wconf 94' lang='lat' dir='ltr'><strong>in</strong></span> <span class='ocrx_word' id='word_1_528' title='bbox 1721 3833 1784 3873; x_wconf 89' lang='lat' dir='ltr'><strong>ea</strong></span> <span class='ocrx_word' id='word_1_529' title='bbox 1830 3818 1993 3873; x_wconf 86' lang='lat' dir='ltr'><strong>veluti</strong></span> 
     </span>
    </p>
   </div>
   <div class='ocr_carea' id='block_1_72' title="bbox 429 3904 1996 3974">
    <p class='ocr_par' dir='ltr' id='par_1_72' title="bbox 429 3904 1996 3974">
     <span class='ocr_line' id='line_1_72' title="bbox 429 3904 1996 3974; baseline 0 -15"><span class='ocrx_word' id='word_1_530' title='bbox 429 3904 699 3974; x_wconf 84' lang='lat' dir='ltr'><strong>quandam</strong></span> <span class='ocrx_word' id='word_1_531' title='bbox 745 3905 985 3960; x_wconf 88' lang='lat' dir='ltr'><strong>omnium</strong></span> <span class='ocrx_word' id='word_1_532' title='bbox 1024 3914 1327 3960; x_wconf 88' lang='lat' dir='ltr'><strong>creatarum</strong></span> <span class='ocrx_word' id='word_1_533' title='bbox 1378 3906 1799 3961; x_wconf 85' lang='lat' dir='ltr'><strong>substantiarum</strong></span> <span class='ocrx_word' id='word_1_534' title='bbox 1846 3906 1868 3939; x_wconf 82' lang='lat'><strong>&#39;</strong></span> <span class='ocrx_word' id='word_1_535' title='bbox 1896 3905 1996 3959; x_wconf 91' lang='lat' dir='ltr'><strong>mi-</strong></span> 
     </span>
    </p>
   </div>
   <div class='ocr_carea' id='block_1_73' title="bbox 432 3994 1996 4065">
    <p class='ocr_par' dir='ltr' id='par_1_73' title="bbox 432 3994 1996 4065">
     <span class='ocr_line' id='line_1_73' title="bbox 432 3994 1996 4065; baseline 0.002 -18"><span class='ocrx_word' id='word_1_536' title='bbox 432 3994 652 4049; x_wconf 85' lang='lat' dir='ltr'><strong>rabilem</strong></span> <span class='ocrx_word' id='word_1_537' title='bbox 690 3994 1160 4065; x_wconf 87' lang='lat' dir='ltr'><strong>compositionem,</strong></span> <span class='ocrx_word' id='word_1_538' title='bbox 1208 3995 1494 4064; x_wconf 87' lang='lat' dir='ltr'><strong>praedictis</strong></span> <span class='ocrx_word' id='word_1_539' title='bbox 1542 3995 1840 4050; x_wconf 88' lang='lat' dir='ltr'><strong>rationibus</strong></span> <span class='ocrx_word' id='word_1_540' title='bbox 1873 4010 1996 4050; x_wconf 89' lang='lat' dir='ltr'><strong>sua-</strong></span> 
     </span>
    </p>
   </div>
   <div class='ocr_carea' id='block_1_74' title="bbox 429 4083 1998 4154">
    <p class='ocr_par' dir='ltr' id='par_1_74' title="bbox 429 4083 1998 4154">
     <span class='ocr_line' id='line_1_74' title="bbox 429 4083 1998 4154; baseline 0.003 -17"><span class='ocrx_word' id='word_1_541' title='bbox 429 4100 542 4147; x_wconf 90' lang='lat' dir='ltr'><strong>sus,</strong></span> <span class='ocrx_word' id='word_1_542' title='bbox 590 4084 876 4154; x_wconf 91' lang='lat' dir='ltr'><strong>perspicio.</strong></span> <span class='ocrx_word' id='word_1_543' title='bbox 918 4084 1058 4145; x_wconf 70' lang='lat' dir='ltr'><strong>Msa.</strong></span> <span class='ocrx_word' id='word_1_544' title='bbox 1111 4084 1294 4154; x_wconf 85' lang='lat' dir='ltr'><strong>Itaque</strong></span> <span class='ocrx_word' id='word_1_545' title='bbox 1346 4085 1600 4154; x_wconf 89' lang='lat' dir='ltr'><strong>quoniam</strong></span> <span class='ocrx_word' id='word_1_546' title='bbox 1654 4083 1800 4139; x_wconf 89' lang='lat' dir='ltr'><strong>clare</strong></span> <span class='ocrx_word' id='word_1_547' title='bbox 1847 4084 1998 4141; x_wconf 87' lang='lat' dir='ltr'><strong>vides</strong></span> 
     </span>
    </p>
   </div>
   <div class='ocr_carea' id='block_1_75' title="bbox 432 4172 1997 4239">
    <p class='ocr_par' dir='ltr' id='par_1_75' title="bbox 432 4172 1997 4239">
     <span class='ocr_line' id='line_1_75' title="bbox 432 4172 1997 4239; baseline 0.002 -13"><span class='ocrx_word' id='word_1_548' title='bbox 432 4173 747 4235; x_wconf 80' lang='lat' dir='ltr'><strong>divisionem</strong></span> <span class='ocrx_word' id='word_1_549' title='bbox 772 4174 1066 4239; x_wconf 81' lang='lat' dir='ltr'><strong>naturalem</strong></span> <span class='ocrx_word' id='word_1_550' title='bbox 1088 4174 1348 4238; x_wconf 86' lang='lat' dir='ltr'><strong>omnium,</strong></span> <span class='ocrx_word' id='word_1_551' title='bbox 1377 4190 1407 4228; x_wconf 88' lang='lat' dir='ltr'><strong>a</strong></span> <span class='ocrx_word' id='word_1_552' title='bbox 1431 4172 1687 4230; x_wconf 84' lang='lat' dir='ltr'><strong>Creatore</strong></span> <span class='ocrx_word' id='word_1_553' title='bbox 1706 4184 1761 4229; x_wconf 90' lang='lat' dir='ltr'><strong>et</strong></span> <span class='ocrx_word' id='word_1_554' title='bbox 1782 4183 1997 4229; x_wconf 87' lang='lat' dir='ltr'><strong>creatu-</strong></span> 
     </span>
    </p>
   </div>
   <div class='ocr_carea' id='block_1_76' title="bbox 433 4263 1999 4334">
    <p class='ocr_par' dir='ltr' id='par_1_76' title="bbox 433 4263 1999 4334">
     <span class='ocr_line' id='line_1_76' title="bbox 433 4263 1999 4334; baseline 0.001 -17"><span class='ocrx_word' id='word_1_555' title='bbox 433 4278 492 4327; x_wconf 79' lang='lat' dir='ltr'><strong>ra</strong></span> <span class='ocrx_word' id='word_1_556' title='bbox 537 4263 898 4328; x_wconf 90' lang='lat' dir='ltr'><strong>inchoantem,</strong></span> <span class='ocrx_word' id='word_1_557' title='bbox 953 4272 1009 4316; x_wconf 83' lang='lat' dir='ltr'><strong>et</strong></span> <span class='ocrx_word' id='word_1_558' title='bbox 1060 4264 1112 4317; x_wconf 90' lang='lat' dir='ltr'><strong>in</strong></span> <span class='ocrx_word' id='word_1_559' title='bbox 1169 4264 1408 4329; x_wconf 88' lang='lat' dir='ltr'><strong>homine,</strong></span> <span class='ocrx_word' id='word_1_560' title='bbox 1453 4264 1545 4334; x_wconf 88' lang='lat' dir='ltr'><strong>qui</strong></span> <span class='ocrx_word' id='word_1_561' title='bbox 1594 4263 1649 4318; x_wconf 93' lang='lat' dir='ltr'><strong>in</strong></span> <span class='ocrx_word' id='word_1_562' title='bbox 1691 4264 1999 4319; x_wconf 83' lang='lat' dir='ltr'><strong>summitate</strong></span> 
     </span>
    </p>
   </div>
   <div class='ocr_carea' id='block_1_77' title="bbox 430 4350 1999 4423">
    <p class='ocr_par' dir='ltr' id='par_1_77' title="bbox 430 4350 1999 4423">
     <span class='ocr_line' id='line_1_77' title="bbox 430 4350 1999 4423; baseline 0.001 -19"><span class='ocrx_word' id='word_1_563' title='bbox 430 4352 643 4411; x_wconf 81' lang='lat' dir='ltr'><strong>divinae</strong></span> <span class='ocrx_word' id='word_1_564' title='bbox 686 4352 1014 4423; x_wconf 84' lang='lat' dir='ltr'><strong>operationis</strong></span> <span class='ocrx_word' id='word_1_565' title='bbox 1060 4351 1223 4407; x_wconf 88' lang='lat' dir='ltr'><strong>veluti</strong></span> <span class='ocrx_word' id='word_1_566' title='bbox 1258 4352 1312 4406; x_wconf 93' lang='lat' dir='ltr'><strong>in</strong></span> <span class='ocrx_word' id='word_1_567' title='bbox 1357 4352 1567 4408; x_wconf 88' lang='lat' dir='ltr'><strong>senaria</strong></span> <span class='ocrx_word' id='word_1_568' title='bbox 1604 4350 1834 4421; x_wconf 87' lang='lat' dir='ltr'><strong>quadam</strong></span> <span class='ocrx_word' id='word_1_569' title='bbox 1875 4366 1999 4422; x_wconf 80' lang='lat' dir='ltr'><strong>per~</strong></span> 
     </span>
    </p>
   </div>
   <div class='ocr_carea' id='block_1_78' title="bbox 434 4440 2004 4512">
    <p class='ocr_par' dir='ltr' id='par_1_78' title="bbox 434 4440 2004 4512">
     <span class='ocr_line' id='line_1_78' title="bbox 434 4440 2004 4512; baseline 0 -17"><span class='ocrx_word' id='word_1_570' title='bbox 434 4441 663 4504; x_wconf 72' lang='lat' dir='ltr'><strong>lectione</strong></span> <span class='ocrx_word' id='word_1_571' title='bbox 707 4442 952 4499; x_wconf 87' lang='lat' dir='ltr'><strong>conditus</strong></span> <span class='ocrx_word' id='word_1_572' title='bbox 1021 4450 1105 4496; x_wconf 91' lang='lat' dir='ltr'><strong>est</strong></span> <span class='ocrx_word' id='word_1_573' title='bbox 1134 4441 1190 4507; x_wconf 83' lang='lat'><strong>&#39;,</strong></span> <span class='ocrx_word' id='word_1_574' title='bbox 1263 4440 1641 4507; x_wconf 89' lang='lat' dir='ltr'><strong>desinentem;</strong></span> <span class='ocrx_word' id='word_1_575' title='bbox 1694 4441 1805 4512; x_wconf 77' lang='lat' dir='ltr'><strong>jam</strong></span> <span class='ocrx_word' id='word_1_576' title='bbox 1862 4455 2004 4496; x_wconf 91' lang='lat' dir='ltr'><strong>nunc</strong></span> 
     </span>
    </p>
   </div>
   <div class='ocr_carea' id='block_1_79' title="bbox 432 4529 2003 4593">
    <p class='ocr_par' dir='ltr' id='par_1_79' title="bbox 432 4529 2003 4593">
     <span class='ocr_line' id='line_1_79' title="bbox 432 4529 2003 4593; baseline 0 -9"><span class='ocrx_word' id='word_1_577' title='bbox 432 4532 853 4593; x_wconf 83' lang='lat' dir='ltr'><strong>substantiarum</strong></span> <span class='ocrx_word' id='word_1_578' title='bbox 896 4533 1137 4587; x_wconf 89' lang='lat' dir='ltr'><strong>omnium</strong></span> <span class='ocrx_word' id='word_1_579' title='bbox 1177 4531 1465 4586; x_wconf 89' lang='lat' dir='ltr'><strong>adunatam</strong></span> <span class='ocrx_word' id='word_1_580' title='bbox 1510 4531 1876 4587; x_wconf 90' lang='lat' dir='ltr'><strong>collectionem</strong></span> <span class='ocrx_word' id='word_1_581' title='bbox 1933 4529 2003 4584; x_wconf 85' lang='lat' dir='ltr'><strong>ab</strong></span> 
     </span>
    </p>
   </div>
   <div class='ocr_carea' id='block_1_80' title="bbox 436 4620 2001 4690">
    <p class='ocr_par' dir='ltr' id='par_1_80' title="bbox 436 4620 2001 4690">
     <span class='ocr_line' id='line_1_80' title="bbox 436 4620 2001 4690; baseline 0.001 -18"><span class='ocrx_word' id='word_1_582' title='bbox 436 4621 651 4679; x_wconf 79' lang='lat' dir='ltr'><strong>homine</strong></span> <span class='ocrx_word' id='word_1_583' title='bbox 688 4620 1046 4685; x_wconf 89' lang='lat' dir='ltr'><strong>inchoantem,</strong></span> <span class='ocrx_word' id='word_1_584' title='bbox 1073 4629 1127 4676; x_wconf 91' lang='lat' dir='ltr'><strong>et</strong></span> <span class='ocrx_word' id='word_1_585' title='bbox 1165 4635 1258 4690; x_wconf 89' lang='lat' dir='ltr'><strong>per</strong></span> <span class='ocrx_word' id='word_1_586' title='bbox 1303 4622 1573 4677; x_wconf 88' lang='lat' dir='ltr'><strong>hominem</strong></span> <span class='ocrx_word' id='word_1_587' title='bbox 1625 4621 2001 4676; x_wconf 83' lang='lat' dir='ltr'><strong>ascendentem</strong></span> 
     </span>
    </p>
   </div>
   <div class='ocr_carea' id='block_1_81' title="bbox 438 4711 2002 4783">
    <p class='ocr_par' dir='ltr' id='par_1_81' title="bbox 438 4711 2002 4783">
     <span class='ocr_line' id='line_1_81' title="bbox 438 4711 2002 4783; baseline 0.001 -19"><span class='ocrx_word' id='word_1_588' title='bbox 438 4725 609 4780; x_wconf 91' lang='lat' dir='ltr'><strong>usque</strong></span> <span class='ocrx_word' id='word_1_589' title='bbox 654 4711 722 4765; x_wconf 89' lang='lat' dir='ltr'><strong>ad</strong></span> <span class='ocrx_word' id='word_1_590' title='bbox 766 4711 939 4781; x_wconf 90' lang='lat' dir='ltr'><strong>ipsum</strong></span> <span class='ocrx_word' id='word_1_591' title='bbox 993 4711 1181 4780; x_wconf 90' lang='lat' dir='ltr'><strong>Deum,</strong></span> <span class='ocrx_word' id='word_1_592' title='bbox 1223 4712 1316 4783; x_wconf 86' lang='lat' dir='ltr'><strong>qui</strong></span> <span class='ocrx_word' id='word_1_593' title='bbox 1364 4720 1448 4768; x_wconf 90' lang='lat' dir='ltr'><strong>est</strong></span> <span class='ocrx_word' id='word_1_594' title='bbox 1500 4712 1665 4768; x_wconf 85' lang='lat' dir='ltr'><strong>totius</strong></span> <span class='ocrx_word' id='word_1_595' title='bbox 1723 4711 2002 4766; x_wconf 89' lang='lat' dir='ltr'><strong>divisionis</strong></span> 
     </span>
    </p>
   </div>
   <div class='ocr_carea' id='block_1_82' title="bbox 2086 3176 3665 3247">
    <p class='ocr_par' dir='ltr' id='par_1_82' title="bbox 2086 3176 3665 3247">
     <span class='ocr_line' id='line_1_82' title="bbox 2086 3176 3665 3247; baseline -0.003 -13"><span class='ocrx_word' id='word_1_596' title='bbox 2086 3179 2336 3234; x_wconf 88' lang='lat' dir='ltr'><strong>unitatem</strong></span> <span class='ocrx_word' id='word_1_597' title='bbox 2349 3176 2663 3233; x_wconf 83' lang='lat' dir='ltr'><strong>ascensionis</strong></span> <span class='ocrx_word' id='word_1_598' title='bbox 2680 3176 2911 3232; x_wconf 68' lang='lat' dir='ltr'><strong>excelsae</strong></span> <span class='ocrx_word' id='word_1_599' title='bbox 2930 3217 2946 3242; x_wconf 94' lang='lat'><strong>,</strong></span> <span class='ocrx_word' id='word_1_600' title='bbox 2966 3177 3020 3232; x_wconf 91' lang='lat' dir='ltr'><strong>in</strong></span> <span class='ocrx_word' id='word_1_601' title='bbox 3044 3194 3143 3247; x_wconf 84' lang='lat' dir='ltr'><strong>quo</strong></span> <span class='ocrx_word' id='word_1_602' title='bbox 3169 3194 3270 3232; x_wconf 90' lang='lat' dir='ltr'><strong>non</strong></span> <span class='ocrx_word' id='word_1_603' title='bbox 3290 3187 3364 3232; x_wconf 88' lang='lat' dir='ltr'><strong>est</strong></span> <span class='ocrx_word' id='word_1_604' title='bbox 3388 3176 3577 3230; x_wconf 78' lang='lat' dir='ltr'><strong>divisio</strong></span> <span class='ocrx_word' id='word_1_605' title='bbox 3596 3176 3665 3230; x_wconf 72' lang='grc' dir='ltr'><strong>υ.</strong></span> 
     </span>
    </p>
   </div>
   <div class='ocr_carea' id='block_1_83' title="bbox 2088 3264 3668 3338">
    <p class='ocr_par' dir='ltr' id='par_1_83' title="bbox 2088 3264 3668 3338">
     <span class='ocr_line' id='line_1_83' title="bbox 2088 3264 3668 3338; baseline -0.003 -15"><span class='ocrx_word' id='word_1_606' title='bbox 2088 3268 2268 3338; x_wconf 86' lang='lat' dir='ltr'><strong>Ipsam</strong></span> <span class='ocrx_word' id='word_1_607' title='bbox 2320 3264 2465 3321; x_wconf 89' lang='lat' dir='ltr'><strong>nullo</strong></span> <span class='ocrx_word' id='word_1_608' title='bbox 2504 3265 2657 3319; x_wconf 89' lang='lat' dir='ltr'><strong>modo</strong></span> <span class='ocrx_word' id='word_1_609' title='bbox 2699 3265 3000 3335; x_wconf 86' lang='lat' dir='ltr'><strong>pendentem</strong></span> <span class='ocrx_word' id='word_1_610' title='bbox 3048 3265 3275 3319; x_wconf 81' lang='lat' dir='ltr'><strong>videlicet</strong></span> <span class='ocrx_word' id='word_1_611' title='bbox 3315 3265 3361 3296; x_wconf 79' lang='lat'><em>“</em></span> <span class='ocrx_word' id='word_1_612' title='bbox 3412 3266 3668 3319; x_wconf 78' lang='lat' dir='ltr'><strong>adversus</strong></span> 
     </span>
    </p>
   </div>
   <div class='ocr_carea' id='block_1_84' title="bbox 2086 3353 3671 3428">
    <p class='ocr_par' dir='ltr' id='par_1_84' title="bbox 2086 3353 3671 3428">
     <span class='ocr_line' id='line_1_84' title="bbox 2086 3353 3671 3428; baseline -0.002 -19"><span class='ocrx_word' id='word_1_613' title='bbox 2086 3354 2479 3428; x_wconf 83' lang='lat' dir='ltr'><strong>primordialem</strong></span> <span class='ocrx_word' id='word_1_614' title='bbox 2504 3353 2756 3408; x_wconf 89' lang='lat' dir='ltr'><strong>rationem</strong></span> <span class='ocrx_word' id='word_1_615' title='bbox 2793 3353 2955 3423; x_wconf 86' lang='lat' dir='ltr'><strong>ipsius</strong></span> <span class='ocrx_word' id='word_1_616' title='bbox 2995 3355 3133 3407; x_wconf 89' lang='lat' dir='ltr'><strong>circa</strong></span> <span class='ocrx_word' id='word_1_617' title='bbox 3157 3353 3539 3424; x_wconf 79' lang='lat' dir='ltr'><strong>generationem</strong></span> <span class='ocrx_word' id='word_1_618' title='bbox 3569 3353 3671 3406; x_wconf 80' lang='lat' dir='ltr'><strong>Ito-</strong></span> 
     </span>
    </p>
   </div>
   <div class='ocr_carea' id='block_1_85' title="bbox 2088 3441 3671 3515">
    <p class='ocr_par' dir='ltr' id='par_1_85' title="bbox 2088 3441 3671 3515">
     <span class='ocr_line' id='line_1_85' title="bbox 2088 3441 3671 3515; baseline -0.003 -15"><span class='ocrx_word' id='word_1_619' title='bbox 2088 3446 2243 3500; x_wconf 88' lang='lat' dir='ltr'><strong>minis</strong></span> <span class='ocrx_word' id='word_1_620' title='bbox 2261 3444 2422 3498; x_wconf 86' lang='lat' dir='ltr'><strong>divini</strong></span> <span class='ocrx_word' id='word_1_621' title='bbox 2445 3443 2695 3515; x_wconf 88' lang='lat' dir='ltr'><strong>propositi</strong></span> <span class='ocrx_word' id='word_1_622' title='bbox 2713 3442 2994 3497; x_wconf 88' lang='lat' dir='ltr'><strong>secundum</strong></span> <span class='ocrx_word' id='word_1_623' title='bbox 3009 3441 3295 3497; x_wconf 89' lang='lat' dir='ltr'><strong>masculum</strong></span> <span class='ocrx_word' id='word_1_624' title='bbox 3316 3441 3671 3513; x_wconf 77' lang='lat' dir='ltr'><strong>feminamque</strong></span> 
     </span>
    </p>
   </div>
   <div class='ocr_carea' id='block_1_86' title="bbox 2088 3532 3675 3604">
    <p class='ocr_par' dir='ltr' id='par_1_86' title="bbox 2088 3532 3675 3604">
     <span class='ocr_line' id='line_1_86' title="bbox 2088 3532 3675 3604; baseline -0.003 -16"><span class='ocrx_word' id='word_1_625' title='bbox 2088 3536 2472 3604; x_wconf 86' lang='lat' dir='ltr'><strong>proprietatem.</strong></span> <span class='ocrx_word' id='word_1_626' title='bbox 2501 3532 2570 3586; x_wconf 85' lang='lat' dir='ltr'><strong>In</strong></span> <span class='ocrx_word' id='word_1_627' title='bbox 2610 3534 2723 3602; x_wconf 90' lang='lat' dir='ltr'><strong>ipsa</strong></span> <span class='ocrx_word' id='word_1_628' title='bbox 2749 3533 2888 3587; x_wconf 87' lang='lat' dir='ltr'><strong>circa</strong></span> <span class='ocrx_word' id='word_1_629' title='bbox 2911 3532 3140 3586; x_wconf 82' lang='lat' dir='ltr'><strong>divinam</strong></span> <span class='ocrx_word' id='word_1_630' title='bbox 3168 3532 3405 3586; x_wconf 84' lang='lat' dir='ltr'><strong>virtutem</strong></span> <span class='ocrx_word' id='word_1_631' title='bbox 3423 3532 3675 3601; x_wconf 64' lang='lat' dir='ltr'><strong>itnpassio</strong></span> 
     </span>
    </p>
   </div>
   <div class='ocr_carea' id='block_1_87' title="bbox 2091 3622 3675 3693">
    <p class='ocr_par' dir='ltr' id='par_1_87' title="bbox 2091 3622 3675 3693">
     <span class='ocr_line' id='line_1_87' title="bbox 2091 3622 3675 3693; baseline -0.003 -15"><span class='ocrx_word' id='word_1_632' title='bbox 2091 3625 2343 3679; x_wconf 86' lang='lat' dir='ltr'><strong>bilissima</strong></span> <span class='ocrx_word' id='word_1_633' title='bbox 2387 3622 2572 3692; x_wconf 89' lang='lat' dir='ltr'><strong>copula</strong></span> <span class='ocrx_word' id='word_1_634' title='bbox 2626 3624 2811 3693; x_wconf 83' lang='lat' dir='ltr'><strong>ubique</strong></span> <span class='ocrx_word' id='word_1_635' title='bbox 2851 3631 3071 3678; x_wconf 88' lang='lat' dir='ltr'><strong>naturae</strong></span> <span class='ocrx_word' id='word_1_636' title='bbox 3111 3631 3436 3684; x_wconf 68' lang='lat' dir='ltr'><strong>extenturus,</strong></span> <span class='ocrx_word' id='word_1_637' title='bbox 3491 3623 3569 3676; x_wconf 87' lang='lat' dir='ltr'><strong>ita</strong></span> <span class='ocrx_word' id='word_1_638' title='bbox 3616 3632 3675 3675; x_wconf 86' lang='lat' dir='ltr'><strong>ut</strong></span> 
     </span>
    </p>
   </div>
   <div class='ocr_carea' id='block_1_88' title="bbox 2093 3711 3677 3783">
    <p class='ocr_par' dir='ltr' id='par_1_88' title="bbox 2093 3711 3677 3783">
     <span class='ocr_line' id='line_1_88' title="bbox 2093 3711 3677 3783; baseline -0.003 -15"><span class='ocrx_word' id='word_1_639' title='bbox 2093 3714 2378 3769; x_wconf 85' lang='lat' dir='ltr'><strong>ostenderet</strong></span> <span class='ocrx_word' id='word_1_640' title='bbox 2410 3713 2478 3780; x_wconf 76' lang='lat'><strong>&quot;,</strong></span> <span class='ocrx_word' id='word_1_641' title='bbox 2533 3712 2768 3783; x_wconf 80' lang='lat' dir='ltr'><strong>futurum</strong></span> <span class='ocrx_word' id='word_1_642' title='bbox 2812 3711 3067 3767; x_wconf 82' lang='lat' dir='ltr'><strong>hominem</strong></span> <span class='ocrx_word' id='word_1_643' title='bbox 3111 3711 3394 3766; x_wconf 78' lang='lat' dir='ltr'><strong>secundum</strong></span> <span class='ocrx_word' id='word_1_644' title='bbox 3432 3711 3677 3765; x_wconf 73' lang='lat' dir='ltr'><strong>divinum</strong></span> 
     </span>
    </p>
   </div>
   <div class='ocr_carea' id='block_1_89' title="bbox 2093 3801 3682 3876">
    <p class='ocr_par' dir='ltr' id='par_1_89' title="bbox 2093 3801 3682 3876">
     <span class='ocr_line' id='line_1_89' title="bbox 2093 3801 3682 3876; baseline -0.001 -19"><span class='ocrx_word' id='word_1_645' title='bbox 2093 3805 2414 3876; x_wconf 87' lang='lat' dir='ltr'><strong>propositum</strong></span> <span class='ocrx_word' id='word_1_646' title='bbox 2440 3802 2762 3858; x_wconf 87' lang='lat' dir='ltr'><strong>solummodo</strong></span> <span class='ocrx_word' id='word_1_647' title='bbox 2799 3802 3084 3856; x_wconf 85' lang='lat' dir='ltr'><strong>secundum</strong></span> <span class='ocrx_word' id='word_1_648' title='bbox 3111 3801 3401 3856; x_wconf 85' lang='lat' dir='ltr'><strong>masculum</strong></span> <span class='ocrx_word' id='word_1_649' title='bbox 3424 3812 3475 3856; x_wconf 89' lang='lat' dir='ltr'><strong>et</strong></span> <span class='ocrx_word' id='word_1_650' title='bbox 3520 3801 3682 3869; x_wconf 77' lang='lat' dir='ltr'><strong>femi-</strong></span> 
     </span>
    </p>
   </div>
   <div class='ocr_carea' id='block_1_90' title="bbox 2096 3894 3678 3967">
    <p class='ocr_par' dir='ltr' id='par_1_90' title="bbox 2096 3894 3678 3967">
     <span class='ocr_line' id='line_1_90' title="bbox 2096 3894 3678 3967; baseline -0.002 -17"><span class='ocrx_word' id='word_1_651' title='bbox 2096 3913 2217 3950; x_wconf 90' lang='lat' dir='ltr'><strong>nam</strong></span> <span class='ocrx_word' id='word_1_652' title='bbox 2236 3894 2683 3967; x_wconf 67' lang='lat' dir='ltr'><strong>l“appellationem</strong></span> <span class='ocrx_word' id='word_1_653' title='bbox 2701 3894 2741 3925; x_wconf 81' lang='lat'><strong>&quot;</strong></span> <span class='ocrx_word' id='word_1_654' title='bbox 2758 3910 2862 3948; x_wconf 90' lang='lat' dir='ltr'><strong>non</strong></span> <span class='ocrx_word' id='word_1_655' title='bbox 2891 3894 3254 3959; x_wconf 86' lang='lat' dir='ltr'><strong>dividendum;</strong></span> <span class='ocrx_word' id='word_1_656' title='bbox 3276 3909 3365 3963; x_wconf 89' lang='lat' dir='ltr'><strong>per</strong></span> <span class='ocrx_word' id='word_1_657' title='bbox 3387 3909 3549 3963; x_wconf 82' lang='lat' dir='ltr'><strong>quam</strong></span> <span class='ocrx_word' id='word_1_658' title='bbox 3582 3910 3678 3947; x_wconf 69' lang='grc' dir='ltr'><strong>ης</strong></span> 
     </span>
    </p>
   </div>
   <div class='ocr_carea' id='block_1_91' title="bbox 2096 3982 3681 4056">
    <p class='ocr_par' dir='ltr' id='par_1_91' title="bbox 2096 3982 3681 4056">
     <span class='ocr_line' id='line_1_91' title="bbox 2096 3982 3681 4056; baseline -0.002 -15"><span class='ocrx_word' id='word_1_659' title='bbox 2096 3982 2288 4041; x_wconf 88' lang='lat' dir='ltr'><strong>tionem</strong></span> <span class='ocrx_word' id='word_1_660' title='bbox 2346 3984 2585 4056; x_wconf 89' lang='lat' dir='ltr'><strong>primitus</strong></span> <span class='ocrx_word' id='word_1_661' title='bbox 2636 3985 2794 4038; x_wconf 87' lang='lat' dir='ltr'><strong>etiam</strong></span> <span class='ocrx_word' id='word_1_662' title='bbox 2837 3984 3007 4053; x_wconf 79' lang='lat' dir='ltr'><strong>factus</strong></span> <span class='ocrx_word' id='word_1_663' title='bbox 3056 3994 3183 4049; x_wconf 86' lang='lat' dir='ltr'><strong>est;</strong></span> <span class='ocrx_word' id='word_1_664' title='bbox 3242 3984 3300 4037; x_wconf 86' lang='lat' dir='ltr'><strong>in</strong></span> <span class='ocrx_word' id='word_1_665' title='bbox 3347 3984 3475 4052; x_wconf 87' lang='lat' dir='ltr'><strong>ipsis</strong></span> <span class='ocrx_word' id='word_1_666' title='bbox 3532 3999 3681 4038; x_wconf 75' lang='lat' dir='ltr'><strong>nunc</strong></span> 
     </span>
    </p>
   </div>
   <div class='ocr_carea' id='block_1_92' title="bbox 2095 4072 3685 4141">
    <p class='ocr_par' dir='ltr' id='par_1_92' title="bbox 2095 4072 3685 4141">
     <span class='ocr_line' id='line_1_92' title="bbox 2095 4072 3685 4141; baseline -0.003 -11"><span class='ocrx_word' id='word_1_667' title='bbox 2095 4072 2432 4130; x_wconf 72' lang='lat' dir='ltr'><strong>existentibus</strong></span> <span class='ocrx_word' id='word_1_668' title='bbox 2470 4073 2608 4127; x_wconf 88' lang='lat' dir='ltr'><strong>circa</strong></span> <span class='ocrx_word' id='word_1_669' title='bbox 2628 4088 2747 4126; x_wconf 88' lang='lat' dir='ltr'><strong>eum</strong></span> <span class='ocrx_word' id='word_1_670' title='bbox 2768 4073 3079 4127; x_wconf 87' lang='lat' dir='ltr'><strong>sectionibus</strong></span> <span class='ocrx_word' id='word_1_671' title='bbox 3117 4089 3220 4127; x_wconf 89' lang='lat' dir='ltr'><strong>non</strong></span> <span class='ocrx_word' id='word_1_672' title='bbox 3242 4072 3441 4126; x_wconf 84' lang='lat' dir='ltr'><strong>divisus</strong></span> <span class='ocrx_word' id='word_1_673' title='bbox 3462 4082 3685 4141; x_wconf 85' lang='lat' dir='ltr'><strong>propter</strong></span> 
     </span>
    </p>
   </div>
   <div class='ocr_carea' id='block_1_93' title="bbox 2096 4161 3679 4237">
    <p class='ocr_par' dir='ltr' id='par_1_93' title="bbox 2096 4161 3679 4237">
     <span class='ocr_line' id='line_1_93' title="bbox 2096 4161 3679 4237; baseline -0.004 -17"><span class='ocrx_word' id='word_1_674' title='bbox 2096 4164 2561 4237; x_wconf 78' lang='lat' dir='ltr'><strong>ipsamperfectam</strong></span> <span class='ocrx_word' id='word_1_675' title='bbox 2590 4164 2959 4220; x_wconf 87' lang='lat' dir='ltr'><strong>adunationent</strong></span> <span class='ocrx_word' id='word_1_676' title='bbox 2977 4163 3045 4217; x_wconf 87' lang='lat' dir='ltr'><strong>ad</strong></span> <span class='ocrx_word' id='word_1_677' title='bbox 3080 4162 3347 4233; x_wconf 89' lang='lat' dir='ltr'><strong>propriam</strong></span> <span class='ocrx_word' id='word_1_678' title='bbox 3386 4161 3679 4225; x_wconf 77' lang='lat' dir='ltr'><strong>rationem,</strong></span> 
     </span>
    </p>
   </div>
   <div class='ocr_carea' id='block_1_94' title="bbox 2097 4252 3690 4329">
    <p class='ocr_par' dir='ltr' id='par_1_94' title="bbox 2097 4252 3690 4329">
     <span class='ocr_line' id='line_1_94' title="bbox 2097 4252 3690 4329; baseline -0.004 -18"><span class='ocrx_word' id='word_1_679' title='bbox 2097 4273 2191 4329; x_wconf 89' lang='lat' dir='ltr'><strong>per</strong></span> <span class='ocrx_word' id='word_1_680' title='bbox 2213 4273 2368 4328; x_wconf 87' lang='lat' dir='ltr'><strong>quam</strong></span> <span class='ocrx_word' id='word_1_681' title='bbox 2389 4256 2642 4310; x_wconf 87' lang='lat' dir='ltr'><strong>subsistit.</strong></span> <span class='ocrx_word' id='word_1_682' title='bbox 2674 4254 2731 4309; x_wconf 86' lang='lat' dir='ltr'><strong>lo</strong></span> <span class='ocrx_word' id='word_1_683' title='bbox 2774 4255 2859 4309; x_wconf 88' lang='lat' dir='ltr'><strong>his</strong></span> <span class='ocrx_word' id='word_1_684' title='bbox 2881 4254 3059 4311; x_wconf 88' lang='lat' dir='ltr'><strong>verbis</strong></span> <span class='ocrx_word' id='word_1_685' title='bbox 3080 4252 3416 4322; x_wconf 87' lang='lat' dir='ltr'><strong>apertissime</strong></span> <span class='ocrx_word' id='word_1_686' title='bbox 3439 4252 3690 4305; x_wconf 87' lang='lat' dir='ltr'><strong>insinuat</strong></span> 
     </span>
    </p>
   </div>
   <div class='ocr_carea' id='block_1_95' title="bbox 2102 4339 3687 4414">
    <p class='ocr_par' dir='ltr' id='par_1_95' title="bbox 2102 4339 3687 4414">
     <span class='ocr_line' id='line_1_95' title="bbox 2102 4339 3687 4414; baseline -0.004 -15"><span class='ocrx_word' id='word_1_687' title='bbox 2102 4345 2269 4400; x_wconf 88' lang='lat' dir='ltr'><strong>divini</strong></span> <span class='ocrx_word' id='word_1_688' title='bbox 2296 4344 2507 4400; x_wconf 92' lang='lat' dir='ltr'><strong>consilii</strong></span> <span class='ocrx_word' id='word_1_689' title='bbox 2533 4343 2864 4414; x_wconf 85' lang='lat' dir='ltr'><strong>propositum</strong></span> <span class='ocrx_word' id='word_1_690' title='bbox 2885 4356 3012 4413; x_wconf 87' lang='lat' dir='ltr'><strong>erga</strong></span> <span class='ocrx_word' id='word_1_691' title='bbox 3032 4341 3268 4403; x_wconf 84' lang='lat' dir='ltr'><strong>hominis</strong></span> <span class='ocrx_word' id='word_1_692' title='bbox 3289 4339 3687 4402; x_wconf 79' lang='lat' dir='ltr'><strong>conditionem,</strong></span> 
     </span>
    </p>
   </div>
   <div class='ocr_carea' id='block_1_96' title="bbox 2107 4429 3692 4505">
    <p class='ocr_par' dir='ltr' id='par_1_96' title="bbox 2107 4429 3692 4505">
     <span class='ocr_line' id='line_1_96' title="bbox 2107 4429 3692 4505; baseline -0.006 -14"><span class='ocrx_word' id='word_1_693' title='bbox 2107 4436 2151 4491; x_wconf 85' lang='lat' dir='ltr'><strong>si</strong></span> <span class='ocrx_word' id='word_1_694' title='bbox 2182 4450 2302 4491; x_wconf 91' lang='lat' dir='ltr'><strong>eum</strong></span> <span class='ocrx_word' id='word_1_695' title='bbox 2333 4442 2676 4504; x_wconf 90' lang='lat' dir='ltr'><strong>peccaturum</strong></span> <span class='ocrx_word' id='word_1_696' title='bbox 2704 4447 2809 4489; x_wconf 89' lang='lat' dir='ltr'><strong>non</strong></span> <span class='ocrx_word' id='word_1_697' title='bbox 2824 4440 3224 4505; x_wconf 84' lang='lat' dir='ltr'><strong>praenosceret.</strong></span> <span class='ocrx_word' id='word_1_698' title='bbox 3253 4429 3424 4485; x_wconf 81' lang='lat' dir='ltr'><strong>Homo</strong></span> <span class='ocrx_word' id='word_1_699' title='bbox 3445 4442 3692 4499; x_wconf 84' lang='lat' dir='ltr'><strong>namque</strong></span> 
     </span>
    </p>
   </div>
   <div class='ocr_carea' id='block_1_97' title="bbox 2107 4522 3692 4594">
    <p class='ocr_par' dir='ltr' id='par_1_97' title="bbox 2107 4522 3692 4594">
     <span class='ocr_line' id='line_1_97' title="bbox 2107 4522 3692 4594; baseline -0.006 -12"><span class='ocrx_word' id='word_1_700' title='bbox 2107 4525 2444 4582; x_wconf 89' lang='lat' dir='ltr'><strong>solummodo</strong></span> <span class='ocrx_word' id='word_1_701' title='bbox 2462 4533 2608 4581; x_wconf 87' lang='lat' dir='ltr'><strong>esset</strong></span> <span class='ocrx_word' id='word_1_702' title='bbox 2640 4524 2693 4579; x_wconf 90' lang='lat' dir='ltr'><strong>in</strong></span> <span class='ocrx_word' id='word_1_703' title='bbox 2722 4522 3067 4594; x_wconf 88' lang='lat' dir='ltr'><strong>simplicitate</strong></span> <span class='ocrx_word' id='word_1_704' title='bbox 3107 4533 3239 4576; x_wconf 88' lang='lat' dir='ltr'><strong>suae</strong></span> <span class='ocrx_word' id='word_1_705' title='bbox 3272 4527 3503 4575; x_wconf 88' lang='lat' dir='ltr'><strong>naturae</strong></span> <span class='ocrx_word' id='word_1_706' title='bbox 3530 4533 3692 4573; x_wconf 82' lang='lat' dir='ltr'><strong>crea-</strong></span> 
     </span>
    </p>
   </div>
   <div class='ocr_carea' id='block_1_98' title="bbox 2108 4608 3693 4684">
    <p class='ocr_par' dir='ltr' id='par_1_98' title="bbox 2108 4608 3693 4684">
     <span class='ocr_line' id='line_1_98' title="bbox 2108 4608 3693 4684; baseline -0.006 -13"><span class='ocrx_word' id='word_1_707' title='bbox 2108 4625 2216 4680; x_wconf 87' lang='lat' dir='ltr'><strong>tus,</strong></span> <span class='ocrx_word' id='word_1_708' title='bbox 2265 4630 2437 4684; x_wconf 86' lang='lat' dir='ltr'><strong>eoque</strong></span> <span class='ocrx_word' id='word_1_709' title='bbox 2483 4615 2675 4680; x_wconf 88' lang='lat' dir='ltr'><strong>modo,</strong></span> <span class='ocrx_word' id='word_1_710' title='bbox 2729 4628 2837 4684; x_wconf 92' lang='lat' dir='ltr'><strong>quo</strong></span> <span class='ocrx_word' id='word_1_711' title='bbox 2887 4611 3058 4668; x_wconf 89' lang='lat' dir='ltr'><strong>sancti</strong></span> <span class='ocrx_word' id='word_1_712' title='bbox 3105 4609 3294 4681; x_wconf 84' lang='lat' dir='ltr'><strong>Angeli</strong></span> <span class='ocrx_word' id='word_1_713' title='bbox 3341 4608 3693 4678; x_wconf 85' lang='lat' dir='ltr'><strong>multiplicati</strong></span> 
     </span>
    </p>
   </div>
   <div class='ocr_carea' id='block_1_99' title="bbox 2106 4698 3695 4773">
    <p class='ocr_par' dir='ltr' id='par_1_99' title="bbox 2106 4698 3695 4773">
     <span class='ocr_line' id='line_1_99' title="bbox 2106 4698 3695 4773; baseline -0.007 -10"><span class='ocrx_word' id='word_1_714' title='bbox 2106 4718 2252 4773; x_wconf 88' lang='lat' dir='ltr'><strong>sunt,</strong></span> <span class='ocrx_word' id='word_1_715' title='bbox 2284 4707 2731 4765; x_wconf 87' lang='lat' dir='ltr'><strong>intellectualibus</strong></span> <span class='ocrx_word' id='word_1_716' title='bbox 2764 4705 3004 4764; x_wconf 85' lang='lat' dir='ltr'><strong>numeris</strong></span> <span class='ocrx_word' id='word_1_717' title='bbox 3049 4701 3435 4772; x_wconf 87' lang='lat' dir='ltr'><strong>multiplicatus</strong></span> <span class='ocrx_word' id='word_1_718' title='bbox 3458 4699 3527 4752; x_wconf 78' lang='lat'><strong>“.</strong></span> <span class='ocrx_word' id='word_1_719' title='bbox 3580 4698 3695 4753; x_wconf 82' lang='lat' dir='ltr'><strong>Sed</strong></span> 
     </span>
    </p>
   </div>
   <div class='ocr_carea' id='block_1_100' title="bbox 1705 4820 2399 4879">
    <p class='ocr_par' dir='ltr' id='par_1_100' title="bbox 1705 4820 2399 4879">
     <span class='ocr_line' id='line_1_100' title="bbox 1705 4820 2399 4879; baseline -0.004 -1"><span class='ocrx_word' id='word_1_720' title='bbox 1705 4823 1958 4878; x_wconf 79' lang='lat' dir='ltr'><strong>VARIAE</strong></span> <span class='ocrx_word' id='word_1_721' title='bbox 1996 4820 2399 4879; x_wconf 82' lang='lat' dir='ltr'><strong>LECTIONES.</strong></span> 
     </span>
    </p>
   </div>
   <div class='ocr_carea' id='block_1_101' title="bbox 514 4910 1326 4982">
    <p class='ocr_par' dir='ltr' id='par_1_101' title="bbox 514 4910 1326 4982">
     <span class='ocr_line' id='line_1_101' title="bbox 514 4910 1326 4982; baseline -0.004 -12"><span class='ocrx_word' id='word_1_722' title='bbox 514 4910 652 4982; x_wconf 33' lang='lat' dir='ltr'><strong>{Sic</strong></span> <span class='ocrx_word' id='word_1_723' title='bbox 682 4910 800 4975; x_wconf 88' lang='lat' dir='ltr'><strong>CD;</strong></span> <span class='ocrx_word' id='word_1_724' title='bbox 828 4912 873 4966; x_wconf 79' lang='grc' dir='ltr'><strong>Α</strong></span> <span class='ocrx_word' id='word_1_725' title='bbox 914 4921 1326 4982; x_wconf 87' lang='lat' dir='ltr'><strong>congregantem.</strong></span> 
     </span>
    </p>
   </div>
   <div class='ocr_carea' id='block_1_102' title="bbox 441 4980 2004 5052">
    <p class='ocr_par' dir='ltr' id='par_1_102' title="bbox 441 4980 2004 5052">
     <span class='ocr_line' id='line_1_102' title="bbox 441 4980 2004 5052; baseline 0.001 -20"><span class='ocrx_word' id='word_1_726' title='bbox 441 4980 808 5052; x_wconf 71' lang='lat' dir='ltr'><strong>visibilis_sive</strong></span> <span class='ocrx_word' id='word_1_727' title='bbox 854 4980 1209 5052; x_wconf 78' lang='lat' dir='ltr'><strong>intelligibilis.</strong></span> <span class='ocrx_word' id='word_1_728' title='bbox 1331 4983 1353 5016; x_wconf 81' lang='grc'><strong>⁸</strong></span> <span class='ocrx_word' id='word_1_729' title='bbox 1399 4982 1488 5037; x_wconf 92' lang='lat' dir='ltr'><strong>Sic</strong></span> <span class='ocrx_word' id='word_1_730' title='bbox 1536 4981 1660 5052; x_wconf 78' lang='lat' dir='ltr'><strong><em>CD;</em></strong></span> <span class='ocrx_word' id='word_1_731' title='bbox 1722 4981 1766 5035; x_wconf 86' lang='lat' dir='ltr'><strong>A</strong></span> <span class='ocrx_word' id='word_1_732' title='bbox 1806 4991 2004 5052; x_wconf 82' lang='lat' dir='ltr'><strong>posset.</strong></span> 
     </span>
    </p>
   </div>
   <div class='ocr_carea' id='block_1_103' title="bbox 445 5050 1749 5117">
    <p class='ocr_par' dir='ltr' id='par_1_103' title="bbox 445 5050 1749 5117">
     <span class='ocr_line' id='line_1_103' title="bbox 445 5050 1749 5117; baseline -0.001 -13"><span class='ocrx_word' id='word_1_733' title='bbox 445 5051 467 5083; x_wconf 82' lang='grc'><em>³</em></span> <span class='ocrx_word' id='word_1_734' title='bbox 518 5050 610 5105; x_wconf 91' lang='lat' dir='ltr'><strong>Sic</strong></span> <span class='ocrx_word' id='word_1_735' title='bbox 657 5050 741 5117; x_wconf 90' lang='lat' dir='ltr'><strong><em>C;</em></strong></span> <span class='ocrx_word' id='word_1_736' title='bbox 783 5051 825 5104; x_wconf 84' lang='lat' dir='ltr'><strong>A</strong></span> <span class='ocrx_word' id='word_1_737' title='bbox 876 5050 1237 5108; x_wconf 79' lang='lat' dir='ltr'><strong>creaturarum</strong></span> <span class='ocrx_word' id='word_1_738' title='bbox 1297 5050 1749 5114; x_wconf 87' lang='lat' dir='ltr'><strong>substantialium;</strong></span> 
     </span>
    </p>
   </div>
   <div class='ocr_carea' id='block_1_104' title="bbox 444 5120 1104 5186">
    <p class='ocr_par' dir='ltr' id='par_1_104' title="bbox 444 5120 1104 5186">
     <span class='ocr_line' id='line_1_104' title="bbox 444 5120 1104 5186; baseline -0.006 -9"><span class='ocrx_word' id='word_1_739' title='bbox 444 5120 489 5154; x_wconf 82' lang='lat'>“</span> <span class='ocrx_word' id='word_1_740' title='bbox 517 5120 608 5176; x_wconf 88' lang='lat' dir='ltr'><strong>Sic</strong></span> <span class='ocrx_word' id='word_1_741' title='bbox 635 5120 759 5186; x_wconf 89' lang='lat' dir='ltr'><strong>CD;</strong></span> <span class='ocrx_word' id='word_1_742' title='bbox 809 5121 874 5174; x_wconf 84' lang='lat' dir='ltr'><strong>de</strong></span> <span class='ocrx_word' id='word_1_743' title='bbox 900 5135 1009 5177; x_wconf 91' lang='lat' dir='ltr'><strong>om.</strong></span> <span class='ocrx_word' id='word_1_744' title='bbox 1038 5122 1104 5175; x_wconf 87' lang='lat' dir='ltr'><strong>A.</strong></span> 
     </span>
    </p>
   </div>
   <div class='ocr_carea' id='block_1_105' title="bbox 1437 4910 2274 4977">
    <p class='ocr_par' dir='ltr' id='par_1_105' title="bbox 1437 4910 2274 4977">
     <span class='ocr_line' id='line_1_105' title="bbox 1437 4910 2274 4977; baseline -0.001 -10"><span class='ocrx_word' id='word_1_745' title='bbox 1437 4915 1459 4946; x_wconf 73' lang='grc'>⁸</span> <span class='ocrx_word' id='word_1_746' title='bbox 1511 4911 1603 4967; x_wconf 91' lang='lat' dir='ltr'><strong>Sic</strong></span> <span class='ocrx_word' id='word_1_747' title='bbox 1629 4910 1756 4977; x_wconf 90' lang='lat' dir='ltr'><strong><em>CD;</em></strong></span> <span class='ocrx_word' id='word_1_748' title='bbox 1782 4911 1825 4966; x_wconf 77' lang='grc' dir='ltr'>Α</span> <span class='ocrx_word' id='word_1_749' title='bbox 1862 4913 2274 4966; x_wconf 86' lang='lat' dir='ltr'><strong>continuitatem.</strong></span> 
     </span>
    </p>
   </div>
   <div class='ocr_carea' id='block_1_106' title="bbox 1917 5049 2748 5104">
    <p class='ocr_par' dir='ltr' id='par_1_106' title="bbox 1917 5049 2748 5104">
     <span class='ocr_line' id='line_1_106' title="bbox 1917 5049 2748 5104; baseline -0.001 -1"><span class='ocrx_word' id='word_1_750' title='bbox 1917 5058 2278 5103; x_wconf 83' lang='lat' dir='ltr'><strong>creaturarum</strong></span> <span class='ocrx_word' id='word_1_751' title='bbox 2321 5049 2748 5104; x_wconf 87' lang='lat' dir='ltr'><strong>substantiarum.</strong></span> 
     </span>
    </p>
   </div>
   <div class='ocr_carea' id='block_1_107' title="bbox 1208 5118 2930 5187">
    <p class='ocr_par' dir='ltr' id='par_1_107' title="bbox 1208 5118 2930 5187">
     <span class='ocr_line' id='line_1_107' title="bbox 1208 5118 2930 5187; baseline -0.003 -11"><span class='ocrx_word' id='word_1_752' title='bbox 1208 5124 1247 5155; x_wconf 83' lang='lat'>“</span> <span class='ocrx_word' id='word_1_753' title='bbox 1279 5122 1368 5176; x_wconf 92' lang='lat' dir='ltr'><strong>Sic</strong></span> <span class='ocrx_word' id='word_1_754' title='bbox 1402 5121 1527 5183; x_wconf 91' lang='lat' dir='ltr'><strong><em>CD;</em></strong></span> <span class='ocrx_word' id='word_1_755' title='bbox 1557 5120 1601 5172; x_wconf 84' lang='lat' dir='ltr'><strong>A</strong></span> <span class='ocrx_word' id='word_1_756' title='bbox 1636 5128 1695 5172; x_wconf 91' lang='lat' dir='ltr'><strong>ut</strong></span> <span class='ocrx_word' id='word_1_757' title='bbox 1719 5119 1794 5172; x_wconf 89' lang='lat' dir='ltr'><strong>ait</strong></span> <span class='ocrx_word' id='word_1_758' title='bbox 1817 5118 2061 5187; x_wconf 84' lang='lat' dir='ltr'><strong>amplius.</strong></span> <span class='ocrx_word' id='word_1_759' title='bbox 2138 5120 2181 5151; x_wconf 79' lang='lat'>&quot;</span> <span class='ocrx_word' id='word_1_760' title='bbox 2229 5118 2319 5173; x_wconf 90' lang='lat' dir='ltr'><strong>Sic</strong></span> <span class='ocrx_word' id='word_1_761' title='bbox 2347 5120 2463 5185; x_wconf 89' lang='lat' dir='ltr'><strong><em>CD;</em></strong></span> <span class='ocrx_word' id='word_1_762' title='bbox 2499 5118 2562 5171; x_wconf 82' lang='lat' dir='ltr'><strong>&#39;A</strong></span> <span class='ocrx_word' id='word_1_763' title='bbox 2588 5127 2930 5187; x_wconf 78' lang='lat' dir='ltr'><strong>restauratur.</strong></span> 
     </span>
    </p>
   </div>
   <div class='ocr_carea' id='block_1_108' title="bbox 2368 4899 3703 4980">
    <p class='ocr_par' dir='ltr' id='par_1_108' title="bbox 2368 4899 3703 4980">
     <span class='ocr_line' id='line_1_108' title="bbox 2368 4899 3703 4980; baseline -0.009 -15"><span class='ocrx_word' id='word_1_764' title='bbox 2368 4911 2391 4943; x_wconf 86' lang='grc'>⁸</span> <span class='ocrx_word' id='word_1_765' title='bbox 2420 4910 2513 4966; x_wconf 86' lang='lat' dir='ltr'><strong>Sic</strong></span> <span class='ocrx_word' id='word_1_766' title='bbox 2538 4909 2659 4975; x_wconf 81' lang='lat' dir='ltr'><strong>AC;</strong></span> <span class='ocrx_word' id='word_1_767' title='bbox 2690 4910 2734 4964; x_wconf 92' lang='lat' dir='ltr'><strong>D</strong></span> <span class='ocrx_word' id='word_1_768' title='bbox 2770 4917 3153 4980; x_wconf 55' lang='lat' dir='ltr'><strong>repetamus.“</strong></span> <span class='ocrx_word' id='word_1_769' title='bbox 3230 4904 3323 4980; x_wconf 85' lang='lat' dir='ltr'><strong>Sic</strong></span> <span class='ocrx_word' id='word_1_770' title='bbox 3341 4902 3472 4980; x_wconf 51' lang='lat' dir='ltr'><strong>AD;</strong></span> <span class='ocrx_word' id='word_1_771' title='bbox 3584 4901 3703 4954; x_wconf 75' lang='lat' dir='ltr'><strong>sise</strong></span> 
     </span>
    </p>
   </div>
   <div class='ocr_carea' id='block_1_109' title="bbox 2106 4972 3699 5046">
    <p class='ocr_par' dir='ltr' id='par_1_109' title="bbox 2106 4972 3699 5046">
     <span class='ocr_line' id='line_1_109' title="bbox 2106 4972 3699 5046; baseline -0.009 -11"><span class='ocrx_word' id='word_1_772' title='bbox 2106 4980 2128 5013; x_wconf 80' lang='grc'><strong><em>⁵</em></strong></span> <span class='ocrx_word' id='word_1_773' title='bbox 2168 4983 2258 5035; x_wconf 86' lang='lat' dir='ltr'><strong>Sic</strong></span> <span class='ocrx_word' id='word_1_774' title='bbox 2300 4982 2386 5046; x_wconf 85' lang='lat' dir='ltr'><strong>A;</strong></span> <span class='ocrx_word' id='word_1_775' title='bbox 2429 4981 2515 5035; x_wconf 89' lang='lat' dir='ltr'><strong>CD</strong></span> <span class='ocrx_word' id='word_1_776' title='bbox 2562 4972 2758 5035; x_wconf 78' lang='lat' dir='ltr'><strong>dicens.</strong></span> <span class='ocrx_word' id='word_1_777' title='bbox 2822 4972 2833 4980; x_wconf 83' lang='grc'><em>’</em></span> <span class='ocrx_word' id='word_1_778' title='bbox 2879 4978 2901 5011; x_wconf 84' lang='lat'>&#39;</span> <span class='ocrx_word' id='word_1_779' title='bbox 2942 4976 3041 5046; x_wconf 88' lang='lat' dir='ltr'><strong>Sic</strong></span> <span class='ocrx_word' id='word_1_780' title='bbox 3076 4975 3202 5046; x_wconf 80' lang='lat' dir='ltr'><strong><em>CD;</em></strong></span> <span class='ocrx_word' id='word_1_781' title='bbox 3246 4976 3292 5046; x_wconf 69' lang='grc' dir='ltr'><strong>ᾼ</strong></span> <span class='ocrx_word' id='word_1_782' title='bbox 3335 4972 3699 5046; x_wconf 63' lang='lat' dir='ltr'><strong>deseruimus.</strong></span> 
     </span>
    </p>
   </div>
   <div class='ocr_carea' id='block_1_110' title="bbox 2858 5037 3701 5108">
    <p class='ocr_par' dir='ltr' id='par_1_110' title="bbox 2858 5037 3701 5108">
     <span class='ocr_line' id='line_1_110' title="bbox 2858 5037 3701 5108; baseline -0.017 -5"><span class='ocrx_word' id='word_1_783' title='bbox 2858 5046 2880 5079; x_wconf 84' lang='lat'><strong>’</strong></span> <span class='ocrx_word' id='word_1_784' title='bbox 2931 5045 3023 5101; x_wconf 80' lang='lat' dir='ltr'><strong>Sic</strong></span> <span class='ocrx_word' id='word_1_785' title='bbox 3073 5037 3199 5108; x_wconf 60' lang='lat' dir='ltr'><strong><em>CDi</em></strong></span> <span class='ocrx_word' id='word_1_786' title='bbox 3238 5043 3282 5096; x_wconf 74' lang='grc' dir='ltr'><strong>Α</strong></span> <span class='ocrx_word' id='word_1_787' title='bbox 3317 5050 3393 5096; x_wconf 89' lang='lat' dir='ltr'><strong>est</strong></span> <span class='ocrx_word' id='word_1_788' title='bbox 3439 5037 3701 5108; x_wconf 82' lang='lat' dir='ltr'><strong>conditus</strong></span> 
     </span>
    </p>
   </div>
   <div class='ocr_carea' id='block_1_111' title="bbox 3021 5107 3707 5179">
    <p class='ocr_par' dir='ltr' id='par_1_111' title="bbox 3021 5107 3707 5179">
     <span class='ocr_line' id='line_1_111' title="bbox 3021 5107 3707 5179; baseline 0.054 -34"><span class='ocrx_word' id='word_1_789' title='bbox 3021 5114 3068 5147; x_wconf 75' lang='grc' dir='ltr'><strong>ω</strong></span> <span class='ocrx_word' id='word_1_790' title='bbox 3099 5107 3270 5169; x_wconf 66' lang='lat' dir='ltr'><strong>Veturi</strong></span> <span class='ocrx_word' id='word_1_791' title='bbox 3313 5107 3707 5179; x_wconf 38' lang='lat' dir='ltr'><strong>eorum???&quot;</strong></span> 
     </span>
    </p>
   </div>
   <div class='ocr_carea' id='block_1_112' title="bbox 2907 4923 3077 4962">
    <p class='ocr_par' dir='ltr' id='par_1_112' title="bbox 2907 4923 3077 4962">
     <span class='ocr_line' id='line_1_112' title="bbox 2907 4923 3077 4962; baseline 0 -1"><span class='ocrx_word' id='word_1_792' title='bbox 2907 4923 3077 4962; x_wconf 80' lang='lat' dir='ltr'><strong>amns.</strong></span> 
     </span>
    </p>
   </div>
   <div class='ocr_carea' id='block_1_113' title="bbox 443 5175 3709 5261">
    <p class='ocr_par' dir='ltr' id='par_1_113' title="bbox 443 5175 3709 5261">
     <span class='ocr_line' id='line_1_113' title="bbox 443 5175 3709 5261; baseline -0.002 -15"><span class='ocrx_word' id='word_1_793' title='bbox 443 5175 627 5253; x_wconf 76' lang='lat' dir='ltr'><strong>divisio</strong></span> <span class='ocrx_word' id='word_1_794' title='bbox 649 5175 758 5246; x_wconf 57' lang='lat' dir='ltr'><strong>om:</strong></span> <span class='ocrx_word' id='word_1_795' title='bbox 808 5175 1023 5256; x_wconf 20' lang='lat' dir='ltr'><strong>ABCD&#39;;</strong></span> <span class='ocrx_word' id='word_1_796' title='bbox 1055 5190 1232 5246; x_wconf 85' lang='lat' dir='ltr'><strong>addidi</strong></span> <span class='ocrx_word' id='word_1_797' title='bbox 1263 5175 1328 5246; x_wconf 89' lang='lat' dir='ltr'><strong>ex</strong></span> <span class='ocrx_word' id='word_1_798' title='bbox 1357 5175 1608 5261; x_wconf 70' lang='lat' dir='ltr'><strong>Joannis_</strong></span> <span class='ocrx_word' id='word_1_799' title='bbox 1622 5187 1769 5261; x_wconf 74' lang='lat' dir='ltr'><strong>chtj</strong></span> <span class='ocrx_word' id='word_1_800' title='bbox 1799 5175 2043 5261; x_wconf 79' lang='lat' dir='ltr'><strong>versione</strong></span> <span class='ocrx_word' id='word_1_801' title='bbox 2071 5175 2462 5261; x_wconf 75' lang='lat' dir='ltr'><strong>Ambiguorum</strong></span> <span class='ocrx_word' id='word_1_802' title='bbox 2484 5184 2812 5261; x_wconf 25' lang='lat' dir='ltr'><strong>thia‘ximi.</strong></span> <span class='ocrx_word' id='word_1_803' title='bbox 2889 5184 2935 5217; x_wconf 72' lang='lat'>“</span> <span class='ocrx_word' id='word_1_804' title='bbox 2972 5184 3076 5261; x_wconf 84' lang='lat' dir='ltr'><strong>Pro</strong></span> <span class='ocrx_word' id='word_1_805' title='bbox 3107 5175 3419 5261; x_wconf 59' lang='lat' dir='ltr'><strong>pendentem</strong></span> <span class='ocrx_word' id='word_1_806' title='bbox 3453 5175 3709 5230; x_wconf 63' lang='grc' dir='ltr'><strong>υίάεηεα</strong></span> 
     </span>
    </p>
   </div>
   <div class='ocr_carea' id='block_1_114' title="bbox 442 5251 3709 5338">
    <p class='ocr_par' dir='ltr' id='par_1_114' title="bbox 442 5251 3709 5338">
     <span class='ocr_line' id='line_1_114' title="bbox 442 5251 3709 5338; baseline -0.006 -23"><span class='ocrx_word' id='word_1_807' title='bbox 442 5261 485 5338; x_wconf 77' lang='lat' dir='ltr'><strong>C</strong></span> <span class='ocrx_word' id='word_1_808' title='bbox 503 5260 685 5330; x_wconf 87' lang='lat' dir='ltr'><strong>pendet</strong></span> <span class='ocrx_word' id='word_1_809' title='bbox 715 5261 921 5338; x_wconf 69' lang='lat' dir='ltr'><strong>quippe,</strong></span> <span class='ocrx_word' id='word_1_810' title='bbox 943 5251 1193 5338; x_wconf 58' lang='lat' dir='ltr'><strong>pendit</strong></span> <span class='ocrx_word' id='word_1_811' title='bbox 1223 5262 1425 5338; x_wconf 66' lang='lat' dir='ltr'><strong>quippe.</strong></span> <span class='ocrx_word' id='word_1_812' title='bbox 1503 5256 1896 5338; x_wconf 35' lang='lat' dir='ltr'><strong>&quot;mSire&#39;CDihA</strong></span> <span class='ocrx_word' id='word_1_813' title='bbox 1918 5272 2055 5338; x_wconf 72' lang='lat' dir='ltr'><strong>corr.</strong></span> <span class='ocrx_word' id='word_1_814' title='bbox 2080 5251 2453 5338; x_wconf 68' lang='lat' dir='ltr'><strong>ostenderetur.</strong></span> <span class='ocrx_word' id='word_1_815' title='bbox 2529 5256 2573 5290; x_wconf 84' lang='lat'>&quot;</span> <span class='ocrx_word' id='word_1_816' title='bbox 2614 5254 2706 5312; x_wconf 89' lang='lat' dir='ltr'><strong>Sic</strong></span> <span class='ocrx_word' id='word_1_817' title='bbox 2733 5255 2807 5321; x_wconf 88' lang='lat' dir='ltr'><strong><em>D;</em></strong></span> <span class='ocrx_word' id='word_1_818' title='bbox 2854 5262 2911 5311; x_wconf 87' lang='lat' dir='ltr'><strong>et</strong></span> <span class='ocrx_word' id='word_1_819' title='bbox 2932 5251 3115 5310; x_wconf 24' lang='lat' dir='ltr'><strong>versio‘</strong></span> <span class='ocrx_word' id='word_1_820' title='bbox 3133 5252 3174 5308; x_wconf 92' lang='lat' dir='ltr'><strong>C</strong></span> <span class='ocrx_word' id='word_1_821' title='bbox 3201 5251 3448 5325; x_wconf 67' lang='lat' dir='ltr'><strong>feminam</strong></span> <span class='ocrx_word' id='word_1_822' title='bbox 3481 5260 3709 5299; x_wconf 86' lang='lat' dir='ltr'><strong>muscu-</strong></span> 
     </span>
    </p>
   </div>
   <div class='ocr_carea' id='block_1_115' title="bbox 443 5330 669 5402">
    <p class='ocr_par' dir='ltr' id='par_1_115' title="bbox 443 5330 669 5402">
     <span class='ocr_line' id='line_1_115' title="bbox 443 5330 669 5402; baseline -0.004 -17"><span class='ocrx_word' id='word_1_823' title='bbox 443 5330 669 5402; x_wconf 73' lang='lat' dir='ltr'><strong>(umque.</strong></span> 
     </span>
    </p>
   </div>
   <div class='ocr_carea' id='block_1_116' title="bbox 756 5325 2444 5399">
    <p class='ocr_par' dir='ltr' id='par_1_116' title="bbox 756 5325 2444 5399">
     <span class='ocr_line' id='line_1_116' title="bbox 756 5325 2444 5399; baseline 0.003 -16"><span class='ocrx_word' id='word_1_824' title='bbox 756 5325 811 5366; x_wconf 58' lang='grc' dir='ltr'><strong><em>ιτ</em></strong></span> <span class='ocrx_word' id='word_1_825' title='bbox 831 5325 921 5384; x_wconf 88' lang='lat' dir='ltr'><strong>Sic</strong></span> <span class='ocrx_word' id='word_1_826' title='bbox 944 5325 1089 5394; x_wconf 46' lang='lat' dir='ltr'><strong><em>D;&#39;C</em></strong></span> <span class='ocrx_word' id='word_1_827' title='bbox 1116 5325 1477 5399; x_wconf 77' lang='lat' dir='ltr'><strong>appellatione.</strong></span> <span class='ocrx_word' id='word_1_828' title='bbox 1554 5327 1599 5361; x_wconf 71' lang='grc'><strong>⁸⁸</strong></span> <span class='ocrx_word' id='word_1_829' title='bbox 1630 5325 1720 5383; x_wconf 87' lang='lat' dir='ltr'><strong>Sic</strong></span> <span class='ocrx_word' id='word_1_830' title='bbox 1771 5326 1891 5391; x_wconf 86' lang='lat' dir='ltr'><strong><em>CD;</em></strong></span> <span class='ocrx_word' id='word_1_831' title='bbox 1920 5327 1965 5379; x_wconf 83' lang='lat' dir='ltr'><strong>A</strong></span> <span class='ocrx_word' id='word_1_832' title='bbox 1995 5326 2444 5397; x_wconf 70' lang='lat' dir='ltr'><strong>multiplicareturo,</strong></span> 
     </span>
    </p>
   </div>
   <div class='ocr_carea' id='block_1_117' title="bbox 517 5419 3721 5588">
    <p class='ocr_par' dir='ltr' id='par_1_117' title="bbox 517 5419 3721 5588">
     <span class='ocr_line' id='line_1_117' title="bbox 1960 5419 2593 5474; baseline -0.003 0"><span class='ocrx_word' id='word_1_833' title='bbox 1960 5419 2004 5474; x_wconf 82' lang='lat' dir='ltr'><strong>N</strong></span> <span class='ocrx_word' id='word_1_834' title='bbox 2056 5420 2096 5474; x_wconf 88' lang='grc' dir='ltr'><strong>Τ</strong></span> <span class='ocrx_word' id='word_1_835' title='bbox 2195 5433 2224 5474; x_wconf 92' lang='grc'><strong>.·</strong></span> <span class='ocrx_word' id='word_1_836' title='bbox 2579 5438 2593 5455; x_wconf 77' lang='grc' dir='ltr'><strong>ο</strong></span> 
     </span>
     <span class='ocr_line' id='line_1_118' title="bbox 517 5420 3721 5588; baseline -0.005 -14"><span class='ocrx_word' id='word_1_837' title='bbox 517 5531 544 5561; x_wconf 75' lang='grc' dir='ltr'>ι</span> <span class='ocrx_word' id='word_1_838' title='bbox 573 5519 672 5583; x_wconf 87' lang='lat' dir='ltr'><strong>Ea,</strong></span> <span class='ocrx_word' id='word_1_839' title='bbox 698 5533 835 5588; x_wconf 88' lang='lat' dir='ltr'><strong>quae</strong></span> <span class='ocrx_word' id='word_1_840' title='bbox 851 5516 963 5586; x_wconf 87' lang='lat' dir='ltr'><strong>jam</strong></span> <span class='ocrx_word' id='word_1_841' title='bbox 989 5517 1057 5572; x_wconf 88' lang='lat' dir='ltr'><strong>de</strong></span> <span class='ocrx_word' id='word_1_842' title='bbox 1083 5516 1332 5588; x_wconf 82' lang='lat' dir='ltr'><strong>divisione</strong></span> <span class='ocrx_word' id='word_1_843' title='bbox 1356 5520 1751 5588; x_wconf 63' lang='lat' dir='ltr'><strong>seauum_cet.,</strong></span> <span class='ocrx_word' id='word_1_844' title='bbox 1781 5420 2052 5588; x_wconf 76' lang='lat' dir='ltr'><strong>Maximo0</strong></span> <span class='ocrx_word' id='word_1_845' title='bbox 2099 5420 2439 5588; x_wconf 38' lang='lat' dir='ltr'><strong>inlinamus.</strong></span> <span class='ocrx_word' id='word_1_846' title='bbox 2472 5508 2652 5588; x_wconf 69' lang='lat' dir='ltr'><strong>Cf.__de</strong></span> <span class='ocrx_word' id='word_1_847' title='bbox 2668 5507 2874 5588; x_wconf 64' lang='lat' dir='ltr'><strong>Joappe</strong></span> <span class='ocrx_word' id='word_1_848' title='bbox 2901 5507 3065 5564; x_wconf 87' lang='lat' dir='ltr'><strong>Scoto</strong></span> <span class='ocrx_word' id='word_1_849' title='bbox 3100 5499 3485 5562; x_wconf 79' lang='lat' dir='ltr'><strong>commentatio</strong></span> <span class='ocrx_word' id='word_1_850' title='bbox 3527 5511 3721 5573; x_wconf 72' lang='lat' dir='ltr'><strong>supra</strong></span> 
     </span>
    </p>
   </div>
   <div class='ocr_carea' id='block_1_118' title="bbox 447 5580 2012 5660">
    <p class='ocr_par' dir='ltr' id='par_1_118' title="bbox 447 5580 2012 5660">
     <span class='ocr_line' id='line_1_119' title="bbox 447 5580 2012 5660; baseline -0.005 -20"><span class='ocrx_word' id='word_1_851' title='bbox 447 5590 604 5660; x_wconf 84' lang='lat' dir='ltr'><strong>duce,</strong></span> <span class='ocrx_word' id='word_1_852' title='bbox 622 5580 978 5660; x_wconf 66' lang='lat' dir='ltr'><strong>disputantur,</strong></span> <span class='ocrx_word' id='word_1_853' title='bbox 1000 5585 1695 5660; x_wconf 26' lang='lat' dir='ltr'><strong>averitate‘recederetjam</strong></span> <span class='ocrx_word' id='word_1_854' title='bbox 1722 5598 1881 5649; x_wconf 85' lang='lat' dir='ltr'><strong>supra</strong></span> <span class='ocrx_word' id='word_1_855' title='bbox 1909 5580 2012 5660; x_wconf 81' lang='lat' dir='ltr'><strong>col.</strong></span> 
     </span>
    </p>
   </div>
   <div class='ocr_carea' id='block_1_119' title="bbox 450 5655 2014 5738">
    <p class='ocr_par' dir='ltr' id='par_1_119' title="bbox 450 5655 2014 5738">
     <span class='ocr_line' id='line_1_120' title="bbox 450 5655 2014 5738; baseline -0.008 -26"><span class='ocrx_word' id='word_1_856' title='bbox 450 5658 552 5724; x_wconf 64' lang='lat'><strong>509</strong></span> <span class='ocrx_word' id='word_1_857' title='bbox 579 5655 725 5738; x_wconf 77' lang='lat' dir='ltr'><strong>sqq.,</strong></span> <span class='ocrx_word' id='word_1_858' title='bbox 762 5658 851 5713; x_wconf 89' lang='lat' dir='ltr'><strong>ubi</strong></span> <span class='ocrx_word' id='word_1_859' title='bbox 875 5656 923 5712; x_wconf 85' lang='lat' dir='ltr'><strong>J.</strong></span> <span class='ocrx_word' id='word_1_860' title='bbox 948 5657 1140 5714; x_wconf 76' lang='lat' dir='ltr'><strong>Scottis</strong></span> <span class='ocrx_word' id='word_1_861' title='bbox 1161 5656 1387 5717; x_wconf 86' lang='lat' dir='ltr'><strong>eandem</strong></span> <span class='ocrx_word' id='word_1_862' title='bbox 1418 5655 1713 5710; x_wconf 66' lang='lat' dir='ltr'><strong>tht&#39;ll‘ilialtt</strong></span> <span class='ocrx_word' id='word_1_863' title='bbox 1750 5655 2014 5720; x_wconf 72' lang='lat' dir='ltr'><strong>exposuit,</strong></span> 
     </span>
    </p>
   </div>
   <div class='ocr_carea' id='block_1_120' title="bbox 2115 5577 2849 5653">
    <p class='ocr_par' dir='ltr' id='par_1_120' title="bbox 2115 5577 2849 5653">
     <span class='ocr_line' id='line_1_121' title="bbox 2115 5577 2849 5653; baseline -0.004 -19"><span class='ocrx_word' id='word_1_864' title='bbox 2115 5583 2255 5653; x_wconf 88' lang='lat' dir='ltr'><strong>typis</strong></span> <span class='ocrx_word' id='word_1_865' title='bbox 2283 5596 2466 5636; x_wconf 69' lang='lat' dir='ltr'><strong>escas.</strong></span> <span class='ocrx_word' id='word_1_866' title='bbox 2498 5579 2525 5653; x_wconf 64' lang='grc' dir='ltr'>ᾗ</span> <span class='ocrx_word' id='word_1_867' title='bbox 2552 5578 2621 5632; x_wconf 80' lang='lat'><strong>50</strong></span> <span class='ocrx_word' id='word_1_868' title='bbox 2641 5577 2849 5638; x_wconf 81' lang='lat' dir='ltr'><strong>col.75.</strong></span> 
     </span>
    </p>
   </div>
  </div>
