3912 6154
225 258 311 316 553

1014 255 1100 312 DE
1139 253 1475 312 DlVlSlONE
1511 255 1858 314 NATURAE.
1906 292 1974 302 ——
2008 261 2208 318 LIBER
2245 264 2604 322 SECUNDUS

3337 272 3440 327 551

226 379 348 426 reatu
393 382 517 423 suae
561 366 1042 437 praevaricationis
1083 369 1328 432 obrutus,
1371 376 1596 424 naturae
1640 385 1768 425 suae
1797 380 1843 436 Α
1873 374 1926 428 iu
1942 374 2020 430 eis
2046 375 2157 442 fiat,
2183 377 2274 430 sed
2301 386 2444 433 totus
2469 381 2905 447 paradisuscriul
2955 398 3133 437 ~-nam
3159 383 3209 438 in
3236 386 3441 442 ratione

221 466 505 521 divisionem
545 463 600 516 in
637 463 928 518 masculum
972 473 1026 517 ct
1073 463 1328 516 feminam
1355 473 1437 518 est
1464 480 1673 533 passus.
1705 466 1772 520 Et

219 555 444 624 quoniam
483 553 570 606 ille
591 553 828 607 divinum
877 553 1090 605 modum
1140 551 1599 622 multiplicationis
1642 570 1772 610 suae

217 646 481 700 observare
515 643 704 707 noluit,
735 644 787 697 in
817 644 1126 712 pecoriuam
1158 645 1675 715 corruptibilemque
1703 663 1767 702 es

216 733 427 787 masculo
449 741 503 786 et
533 732 731 786 femina
781 732 1222 786 numerositatem
1261 733 1410 801 justo
1453 733 1658 800 judicio
1689 750 1771 789 re-

215 823 377 876 dactus
401 831 504 874 est.
531 821 678 886 Quae
704 820 894 874 divisio
943 821 993 872 in
1025 819 1242 874 Christo
1290 821 1418 875 Jesu
1445 822 1458 851 ¹
1491 823 1772 878 adunatio-

215 914 285 968 nis
314 914 539 982 sumpsit
567 914 868 978 exordium,
897 914 984 982 qui
1019 914 1068 967 in
1119 928 1178 968 se
1223 914 1339 982 ipso
1367 915 1635 971 humanae
1676 934 1770 972 na-

216 1009 346 1056 turae
406 1002 814 1056 restaurationis
863 1003 1169 1070 exemplum
1204 1004 1472 1057 veraciter
1511 1007 1766 1072 ostendit,

210 1102 256 1146 et
273 1093 472 1146 futurae
504 1093 919 1148 resurrectionis
949 1094 1354 1148 similitudinem
1379 1096 1669 1164 praestitit.

266 1181 311 1235 7.
337 1180 407 1234 In
440 1183 589 1250 ipsis,
616 1182 808 1251 inquit,
833 1199 965 1252 quae
997 1199 1135 1236 nunc
1178 1186 1318 1237 circa
1354 1201 1491 1248 eum,
1521 1187 1766 1239 sectioni-

209 1271 286 1324 bus
306 1287 407 1325 non
450 1272 667 1325 diuisus.
695 1271 973 1326 Sectioues
1003 1273 1130 1326 dicit
1156 1273 1301 1327 circa
1333 1274 1603 1328 hominem
1647 1285 1768 1344 post

207 1373 465 1431 peccatum
529 1379 634 1418 non
675 1365 846 1418 solum
895 1366 1214 1419 divisionem
1264 1367 1316 1419 in
1368 1368 1662 1421 masculum
1711 1376 1768 1423 et

208 1451 438 1507 feminam
491 1469 679 1508 verum
705 1455 943 1510 etiamin
969 1456 1292 1525 multiplices
1319 1458 1607 1512 varietates
1631 1474 1766 1528 qua-

206 1543 390 1597 litatum
447 1553 504 1597 et
559 1547 923 1612 quantitatum
996 1546 1528 1616 diﬂ‘erentiarumque
1607 1551 1764 1605 unius

208 1631 409 1687 formae.
437 1631 716 1702 Siquidem
748 1635 1033 1690 diversitas
1057 1637 1334 1691 hominum
1357 1652 1387 1690 a
1414 1639 1625 1708 seipsis,
1657 1656 1761 1709 qua

1874 467 2213 521 adunatiouis
2253 469 2354 522 hoc
2380 484 2592 538 semper
2613 471 2888 524 observari
2937 476 3299 528 necessarium
3344 485 3445 541 est,

1874 557 2092 624 utquod
2132 558 2356 612 inferius
2398 575 2521 612 esse
2571 561 2800 624 videtur,
2835 562 2984 624 inid,
3009 565 3148 630 quod
3177 566 3444 632 superius,

1873 647 1976 701 hoc
1999 657 2104 711 est,
2137 649 2328 702 melius
2359 661 2658 713 moveatur,
2707 666 2810 704 non
2865 661 3042 705 autem
3072 655 3212 720 quod
3256 657 3447 710 melius

1871 747 1977 801 cst,
2005 739 2058 791 in
2101 739 2338 792 deterius
2371 742 2621 802 transire,
2652 743 2750 795 hoc
2798 752 2899 807 est,
2940 745 3114 798 redire
3143 745 3194 797 in
3225 761 3451 801 renova-

1874 828 2016 882 tione
2063 838 2398 892 naturarum,
2445 829 2676 896 alioquin
2702 830 2954 884 adunatio
2979 847 3079 885 non
3109 834 3211 886 erit
3251 836 3342 889 sed
3369 836 3450 889 di-

1869 919 2010 972 visio
2037 959 2052 981 ,
2104 934 2232 973 vera
2277 921 2405 974 sinit
2454 921 2593 973 ratio
2621 959 2636 982 ,
2688 920 2826 974 sicut
2861 921 2882 952 ⁸
2914 923 3180 976 humanae
3227 933 3449 979 naturae

1869 1009 2126 1065 adunatio
2153 1011 2382 1080 duplicis
2415 1025 2578 1066 sexus
2603 1009 2917 1066 divisionem
2949 1013 3002 1066 in
3048 1013 3446 1083 simplicitatem

1869 1102 2105 1157 hominis
2132 1111 2368 1164 revocat,
2397 1102 2522 1170 quia
2552 1102 2710 1155 homo
2737 1102 2926 1155 melior
2945 1111 3027 1156 est
3061 1119 3220 1172 quam
3253 1122 3443 1170 sexus;

1869 1191 2141 1246 masculus
2169 1191 2435 1258 siquidem
2478 1201 2532 1244 et
2557 1189 2755 1244 femina
2802 1207 2906 1244 non
2938 1202 3064 1246 sunt
3103 1194 3320 1248 nomina
3352 1210 3446 1248 na-

1870 1290 2040 1344 turae,
2084 1280 2178 1334 sed
2227 1280 2534 1348 partitionis
2582 1279 2698 1348 ejus
2746 1294 2841 1348 per
2885 1281 3444 1348 praevaricationem;

1867 1372 2028 1426 homo
2072 1387 2198 1425 vero
2247 1371 2496 1440 specialis
2540 1371 2710 1439 ipsius
2759 1378 2983 1424 naturae
3026 1371 3315 1440 appellatio
3367 1384 3448 1427 est

1864 1478 2018 1516 -—an
2043 1463 2121 1517 sic
2150 1462 2297 1516 orbis
2329 1472 2597 1514 terrarum
2625 1470 2680 1515 et
2704 1461 2987 1530 paradisus
3014 1461 3066 1514 in
3089 1476 3250 1515 unam
3301 1462 3446 1515 illam

1865 1565 2088 1619 terram,
2139 1567 2281 1622 quae
2315 1552 2484 1605 altera
2506 1551 2716 1620 species
2735 1561 2820 1605 est
2843 1551 3114 1606 sensibilis
3140 1561 3442 1616 creaturae,

1863 1639 1918 1699 in
1945 1645 2150 1700 caelum
2179 1650 2234 1697 et
2261 1651 2462 1697 terram
2509 1641 2734 1706 divisae,
2782 1642 3213 1711 applicabuntur,
3242 1651 3300 1697 ut
3331 1642 3445 1712 ipsa

206 1722 604 1793 uniuscujusque
642 1725 850 1794 species
893 1726 962 1780 ab
1000 1726 1121 1782 aliis
1164 1728 1511 1792 discernitur,
1567 1739 1620 1785 et
1649 1740 1759 1784 sta-
1792 1726 1833 1783 Β
1864 1745 2006 1790 terra
2037 1749 2141 1788 non
2174 1734 2346 1788 solum
2369 1735 2632 1786 varietate
2657 1733 2888 1802 partium
2928 1742 3132 1797 careat,
3163 1734 3256 1789 sed
3283 1734 3446 1789 etiam

208 1820 334 1866 turae
391 1813 585 1867 modus
624 1815 886 1876 variatur,
925 1829 1030 1868 non
1073 1831 1138 1869 ex
1201 1827 1391 1870 natura
1439 1821 1686 1887 provenit
1715 1830 1758 1888 ι,

205 1905 280 1958 sed
320 1920 382 1959 ex
431 1905 583 1969 vitio,
613 1915 667 1959 et
717 1906 1031 1961 diversitate
1073 1907 1311 1962 locorum
1354 1918 1408 1964 et
1458 1920 1758 1980 temporum

206 2003 472 2060 terrarum,
495 2010 782 2064 aquarum,
805 1998 1014 2061 aérum,
1049 2013 1315 2063 escarum,
1349 2010 1760 2072 ceterarumque

204 2083 460 2149 similium,
491 2085 545 2139 in
567 2086 764 2156 quibus
799 2097 1098 2142 nascuntur
1125 2096 1181 2140 ct
1212 2089 1543 2144 nutriuntur.
1573 2092 1647 2146 De
1673 2094 1760 2147 di-

204 2179 436 2232 versitate
486 2194 697 2232 morum
771 2180 1265 2250 c0gitationumque
1316 2181 1646 2251 superfluum
1676 2193 1762 2240 est

204 2268 382 2334 dicere,
421 2285 543 2323 cum
588 2270 841 2325 omnibus
887 2269 1230 2326 manifestum
1281 2273 1374 2337 sit,
1401 2289 1466 2328 ex
1499 2275 1761 2331 divisione

203 2359 417 2416 Naturae
461 2369 586 2431 post
623 2373 902 2432 peccatum
937 2363 1148 2417 initium
1181 2365 1494 2433 sumpsisse.
1536 2365 1762 2436 Propter

201 2451 370 2517 ipsam,
411 2452 605 2521 inquit,
649 2453 929 2522 perfectam
962 2454 1335 2508 adunationem
1377 2457 1447 2508 ad
1493 2459 1759 2526 propriam

199 2542 451 2605 rationm,
477 2558 572 2611 per
597 2559 752 2612 quam
765 2543 1018 2597 subsistit.
1043 2544 1119 2599 Ac
1142 2544 1185 2598 si
1204 2545 1435 2599 diceret:
1461 2546 1583 2601 ideo
1597 2548 1760 2604 homo

199 2641 409 2688 naturae
467 2648 598 2689 suae
657 2635 977 2690 divisionem
1037 2651 1142 2691 non
1201 2646 1497 2706 pateretur,
1552 2641 1596 2694 si
1650 2655 1757 2695 non

197 2733 447 2790 peccaret,
470 2726 595 2794 quia
626 2724 880 2793 perfectis
911 2726 931 2756 ³
985 2727 1286 2782 rationibus
1317 2729 1449 2791 suis,
1484 2730 1756 2798 inquibus

197 2815 470 2869 secundum
516 2815 800 2885 imaginem
843 2815 934 2870 Dei
985 2818 1232 2871 conditus
1257 2828 1361 2883 est,
1391 2820 1756 2888 primordiali-

195 2903 281 2957 has
312 2905 552 2960 videlicet
599 2907 779 2960 causis
809 2906 848 2970 ⁸,
908 2907 959 2960 in
1006 2909 1202 2976 quibus
1231 2909 1494 2971 subsistit,
1541 2910 1756 2980 insepao

199 2997 420 3051 rabiliter
441 2998 777 3061 adhaereret,
825 2999 869 3053 si
898 3009 1087 3067 sponte
1130 3016 1225 3055 sua
1273 3002 1342 3054 ab
1384 3001 1464 3055 eis
1490 3015 1549 3056 se
1579 3004 1750 3072 ipsum

1863 1823 1917 1876 iu
1953 1822 2354 1891 simplicitatem
2401 1821 2668 1889 quandam
2719 1828 2946 1874 naturae
2977 1821 3342 1886 revocabitur,
3388 1831 3448 1875 ut

1862 1913 1984 1983 plus
2005 1910 2300 1980 spiritualis
2322 1927 2482 1981 quam
2508 1911 2802 1981 corporalis
2828 1925 2948 1965 esse
2977 1911 3248 1974 credatur,
3273 1911 3447 1979 qualis

1862 2002 2041 2057 futura
2070 2010 2236 2066 esset,
2264 2002 2306 2056 si
2346 2003 2508 2057 homo
2530 2018 2634 2057 non
2662 2003 2950 2072 peccaret?
2990 2000 3058 2055 Et
3086 2001 3446 2070 intelligamus

1861 2093 2003 2162 quod
2032 2091 2204 2146 dixit:
2251 2108 2355 2146 non
2383 2101 2706 2161 segregatum
2746 2092 2802 2144 in
2834 2107 2917 2156 eo,
2967 2091 3018 2145 id
3048 2100 3151 2155 est,
3205 2093 3444 2146 homine.

1860 2183 1994 2238 Nam
2026 2184 2080 2237 in
2104 2183 2324 2238 homine
2346 2183 2524 2237 omnia
2553 2183 2859 2234 adunantur
2883 2182 3177 2236 secundum
3208 2181 3444 2250 partium

1859 2287 2102 2338 suarum,
2132 2282 2311 2327 terrae
2338 2272 2581 2326 videlicet
2607 2271 2650 2336 ⁷,
2673 2270 3062 2337 differentiam;
3093 2281 3151 2324 ut
3174 2272 3216 2336 ⁸,
3259 2286 3447 2341 quem-

1861 2362 2152 2417 admodum
2182 2360 2327 2415 nulla
2355 2361 2592 2429 partium
2622 2360 2909 2415 diversitas
2955 2360 3008 2413 in
3040 2361 3258 2414 homine
3312 2362 3443 2426 erit,

1859 2453 2116 2524 quoniam
2160 2452 2305 2506 nulla
2362 2451 2684 2520 compositio
2728 2451 2781 2505 in
2829 2464 2894 2504 eo
2943 2451 3306 2519 permanebit,
3370 2453 3443 2506 ita

1858 2544 2021 2598 etiam
2051 2551 2264 2596 terrena
2309 2551 2501 2595 natura
2544 2541 2646 2596 sibi
2691 2541 3049 2611 eopulabitur,
3081 2551 3142 2595 ut
3189 2557 3352 2596 unum
3387 2544 3440 2596 in

1857 2650 1922 2691 eo
1947 2641 1999 2689 et
2024 2649 2146 2688 cum
2168 2648 2234 2688 eo
2255 2649 2374 2689 esse
2399 2633 2666 2689 videatur.
2697 2633 2787 2687 Ait
2805 2634 2948 2688 enim
2974 2652 2988 2687 :
3016 2633 3106 2687 sed
3127 2634 3292 2703 magis
3322 2651 3448 2688 con-

1855 2734 2122 2794 gregatam
2153 2763 2169 2789 ,
2226 2732 2491 2794 quatenus
2567 2722 2769 2777 nullam
2821 2722 2928 2777 ulla
2974 2721 2996 2753 ⁹
3041 2723 3277 2792 partium
3325 2723 3443 2793 ejus

1855 2815 2288 2879 Subductiouem,
2328 2815 2433 2868 hoc
2460 2823 2565 2878 est,
2615 2815 3011 2883 separationem
3049 2815 3304 2884 patiatur.
3341 2813 3442 2868 Ubi

1857 2907 2053 2974 quippe
2081 2919 2207 2959 vera
2238 2913 2324 2960 est
2347 2905 2682 2974 simplicitas,
2717 2905 2789 2958 ibi
2819 2905 3016 2958 nullius
3045 2906 3440 2972 subductionis,

1858 2994 1909 3048 id
1939 3003 2022 3049 est
2046 2994 2088 3026 ⁸ο
2112 2994 2517 3065 segregationis,
2571 2993 2838 3063 reperitur
2879 2995 3132 3048 varietas.
3186 2993 3281 3048 Cui
3321 3011 3446 3049 sen-

199 3102 291 3140 non
313 3087 577 3143 evelleret.
607 3087 722 3143 Non
748 3089 892 3142 enim
929 3089 983 3142 in
1031 3089 1134 3154 his,
1169 3091 1221 3144 in
1270 3091 1467 3159 quibus
1497 3107 1640 3146 nunc
1667 3093 1750 3145 vi-

1861 3083 1940 3138 sui
1965 3085 2243 3152 sequentia
2272 3082 2454 3137 favere
2475 3083 2817 3154 apertissime
2841 3085 2881 3115 “
2925 3083 3212 3147 videntur;
3259 3083 3442 3152 sequi-

197 3179 341 3233 detur
379 3195 496 3236 esse
535 3181 720 3244 homo,
753 3183 1018 3245 subsistit,
1051 3184 1143 3237 sed
1181 3183 1233 3237 in
1274 3184 1500 3238 occultis
1527 3194 1754 3240 naturae

199 3271 380 3336 causis,
410 3273 704 3328 secundum
751 3288 886 3342 quas
915 3273 1170 3343 primitus
1201 3275 1450 3330 conditus
1478 3285 1585 3342 est,
1606 3285 1660 3331 et
1687 3277 1755 3331 ad

198 3376 318 3427 quas
344 3377 652 3416 reversurus
690 3370 793 3427 est,
820 3363 1141 3425 continetur,
1176 3365 1228 3418 iu
1259 3373 1516 3432 quantum
1544 3375 1647 3420 est.

259 3452 308 3506 8.
359 3453 420 3506 Et
455 3455 712 3522 quoniam
756 3463 876 3524 post
919 3455 1297 3511 adunationem
1346 3457 1606 3522 hominis,
1655 3459 1758 3513 hoc

200 3551 288 3604 est,
322 3543 540 3613 duplicis
568 3559 732 3598 sexus
771 3545 822 3598 in
865 3545 1144 3614 pristinam
1204 3554 1427 3600 naturae
1469 3547 1756 3612 unitatem,

203 3629 248 3680 in
274 3646 366 3699 qua
393 3647 566 3702 neque
595 3633 864 3687 masculus
886 3648 1059 3703 neque
1081 3633 1300 3699 femina,
1327 3635 1418 3690 sed
1437 3635 1759 3704 simpliciter

203 3719 345 3774 homo
383 3732 516 3787 erat,
566 3722 849 3776 confestim
899 3725 1048 3779 orbis
1084 3732 1346 3777 terrarum
1397 3725 1652 3778 adunatio
1689 3727 1756 3781 ad

203 3807 487 3865 l’amdisum
527 3822 787 3882 sequetur
828 3815 892 3868 δε
934 3815 1151 3878 deinde,
1200 3815 1391 3884 inquit,
1435 3814 1756 3870 Paradisum

200 3900 447 3969 orbemque
485 3911 750 3955 terrarum
777 3919 867 3971 per
899 3906 1162 3973 propriam
1206 3916 1440 3958 sanctam
1487 3922 1758 3960 conversa-

202 3990 372 4043 tionem
395 3992 706 4062 adjungens,
745 4010 904 4046 unam
945 3993 1137 4062 faceret
1173 4004 1366 4049 terram
1407 4013 1510 4050 non
1537 3997 1757 4051 diuisam

201 4080 251 4130 in
279 4097 331 4134 eo
351 4083 629 4136 secundum
661 4084 889 4152 partium
926 4083 1039 4153 ejus
1069 4084 1440 4153 differentiam,
1473 4087 1563 4140 sed
1590 4087 1758 4156 magis

201 4181 562 4239 congregatum,
595 4182 654 4224 ut
701 4171 846 4226 nulla
874 4174 1103 4240 partium
1153 4175 1270 4244 ejus
1315 4175 1480 4229 ullam
1522 4177 1759 4246 patiatur

201 4259 584 4315 subductionem.
604 4261 755 4329 Quae
784 4262 1053 4318 sententia
1083 4263 1238 4318 valde
1263 4265 1494 4319 obscura
1521 4265 1755 4320 videtur.

1859 3185 1948 3230 tur
1981 3176 2158 3230 enim:
2185 3177 2306 3231 inde
2321 3177 2522 3230 caelum
2553 3186 2600 3230 et
2624 3186 2816 3230 terram
2840 3175 3132 3245 adjungens
3157 3191 3248 3244 per
3274 3176 3441 3244 ipsam

1856 3270 2056 3340 angelis
2089 3269 2218 3323 vitae
2260 3271 2472 3324 omnino
2509 3268 2794 3322 secundum
2831 3269 2872 3299 ¹¹
2913 3268 3149 3320 virtutem
3183 3266 3251 3330 ",
3276 3283 3443 3336 quan-

1857 3366 1969 3410 tum
2029 3355 2324 3410 hominibus
2377 3355 2620 3425 possibile
2664 3365 2760 3419 est,
2810 3354 3224 3418 similitudinem,
3284 3371 3441 3406 unmn

1858 3447 2049 3514 faceret
2082 3446 2127 3478 ”
2169 3445 2566 3515 inseparabilem
2616 3446 2804 3514 ubique
2829 3445 2872 3476 ³⁵
2903 3461 2934 3496 a
2956 3444 3124 3512 seipsa
3147 3444 3442 3497 sensibilem

1857 3545 2175 3600 creaturam,
2207 3551 2310 3588 non
2347 3543 2645 3604 separatam
2681 3534 2735 3586 in
2779 3549 2862 3596 eo,
2909 3531 3156 3587 videlicet
3184 3531 3441 3598 homine;

1857 3624 2092 3680 localiter
2114 3627 2326 3679 omnino
2349 3626 2404 3678 in
2437 3624 2639 3694 spatiis,
2663 3623 2763 3677 leui
2804 3623 2942 3690 facta
2987 3622 3176 3692 spiritu
3204 3631 3250 3674 et
3295 3619 3442 3674 nulla

1856 3719 2108 3788 grauitate
2131 3716 2388 3786 corporali
2413 3717 2640 3779 detento,
2666 3730 2828 3783 neque
2850 3714 2920 3766 ad
2947 3712 3118 3766 caelos
3143 3711 3443 3765 ascensione

1854 3805 2112 3876 prohibito
2161 3805 2238 3869 “,
2293 3821 2386 3875 per
2433 3805 2601 3874 ipsam
2651 3803 2719 3856 ad
2771 3807 2898 3855 haec
2951 3801 3231 3871 perfectam
3279 3801 3442 3853 animi

1854 3899 2100 3972 ἀορασίαν
2129 3897 2176 3961 δ,
2229 3897 2332 3951 hoc
2367 3904 2490 3960 est,
2546 3895 2907 3950 exorbitatem
2951 3892 3036 3946 vel
3089 3892 3442 3956 caecitatem,

1855 3988 2054 4042 sincere
2073 3986 2142 4039 ad
2178 3985 2345 4040 Deum
2369 3983 2711 4054 pervenientis
2732 3984 2994 4052 sapienter
3017 3983 3086 4035 ad
3128 3998 3245 4036 eum
3273 3982 3444 4034 intenn

1855 4081 2014 4135 tione.
2047 4079 2148 4135 Ubi
2171 4079 2332 4135 datur
2352 4079 2599 4148 intelligi,
2627 4079 2768 4148 quod
2814 4077 2994 4140 homo,
3040 4077 3256 4146 quando
3288 4091 3444 4129 revoa

1857 4171 2069 4226 cabitur
2115 4171 2169 4224 in
2199 4168 2486 4239 pristinam
2535 4176 2764 4222 naturae
2809 4182 2939 4221 suae
2967 4167 3218 4236 gratiam,
3274 4181 3441 4234 quam

1854 4263 2282 4332 praevaricando
2323 4260 2586 4325 deseruit,
2617 4275 2834 4315 omnem
2877 4257 3188 4314 sensibilem
3220 4257 3445 4310 inferio:

202 4345 302 4400 Non
343 4353 478 4406 enim
523 4353 684 4409 facile
725 4363 892 4423 patet,
923 4355 1050 4423 quid
1095 4355 1323 4409 suadere
1371 4355 1528 4418 velit,
1570 4366 1754 4410 utrum
1789 4418 1818 4423 _
1858 4369 1973 4409 rem
2029 4370 2088 4411 se
2131 4356 2173 4386 "
2227 4363 2529 4410 creaturam
2581 4355 2636 4406 in
2683 4352 2944 4406 unitatem
2993 4350 3094 4404 sibi
3142 4348 3444 4417 recolliget,

202 4440 328 4494 orbis
360 4450 643 4509 terrarum,
684 4418 808 4498 dum
830 4418 1018 4498 omnes
1060 4445 1392 4500 substantiae
1437 4447 1746 4501 adunabun-
1784 4418 1830 4475 θ
1857 4445 2091 4500 mirabili
2137 4446 2370 4516 quadam
2397 4445 2610 4499 divinae
2638 4442 2856 4496 virtutis
2899 4441 3161 4511 potentia,
3191 4440 3245 4493 in
3280 4440 3439 4494 testi-

204 4537 292 4593 tur,
316 4533 558 4602 paradiso
581 4533 940 4604 eopulabitur,
969 4542 1027 4590 ut
1048 4533 1190 4588 nulla
1213 4534 1496 4590 diversitas
1511 4536 1742 4605 parti'um

1852 4536 2062 4592 tutione
2088 4537 2132 4569 ³⁸
2163 4535 2418 4591 hominis.
2444 4535 2583 4588 Dum
2621 4535 2766 4589 enim
2812 4533 3044 4597 sincere,
3085 4539 3144 4586 ut
3179 4531 3294 4602 ipse
3339 4531 3438 4597 ait,

1473 4688 1727 4744 VARIAE
1764 4688 2165 4746 LECTIONES.

266 4803 279 4832 '
314 4800 397 4856 Sic
443 4801 570 4866 CD;
601 4802 730 4857 Iesu
758 4819 868 4857 om.
906 4804 970 4856 Α.

206 4866 282 4942 ρ.-
321 4873 446 4927 “Sic
498 4873 626 4936 CD;
660 4874 703 4928 Α
729 4874 982 4942 sequitur.

205 4936 240 4966 “
264 4939 352 4994 Pro
397 4945 447 4995 id
473 4954 546 4996 est
581 4944 624 4996 A
657 4936 910 4997 videlicet.

205 5006 242 5078 f‘
275 5010 354 5065 Sic
396 5013 510 5078 CD;
543 5013 588 5065 A
620 5013 790 5078 facere
844 5022 911 5064 et.

202 5075 505 5146 inferiorem.
569 5075 732 5136 “'Sic
753 5081 840 5136 AC
865 5098 880 5147 ;
911 5081 952 5134 D
981 5075 1372 5138 resurrectione.

1047 4803 1068 4834 ⁸
1103 4802 1194 4857 Sic
1217 4802 1308 4856 AD
1334 4819 1348 4866 ;
1374 4802 1415 4858 C
1447 4806 1691 4870 pervenit.

1078 4872 1101 4905 ⁵
1131 4873 1220 4928 Sic
1247 4873 1366 4938 CD;
1423 4876 1462 4927 Α
1496 4875 1569 4928 sic
1597 4876 1753 4927 enim.

1768 4805 1789 4835 ³
1815 4803 1906 4858 Sic
1939 4802 2076 4866 CD;
2112 4803 2155 4856 Α
2177 4802 2420 4871 perfecte.

1045 4943 1086 4975 ¹¹
1121 4943 1210 4997 Sic
1236 4943 1353 5007 CD;
1412 4944 1452 4995 A
1489 4944 1772 5010 aptissime.

1019 5013 1060 5044 ¹³
1089 5012 1179 5067 Sic
1231 5012 1355 5085 CD;
1387 5015 1430 5066 A
1457 5029 1600 5068 corr.
1659 5022 1706 5067 et
1756 5030 1910 5085 quae.

2498 4802 2522 4834 ⁸
2548 4804 2592 4858 Α
2617 4805 2788 4856 causis
2823 4803 3055 4857 uidelicet
3078 4819 3096 4865 ;
3119 4802 3292 4856 causis
3321 4816 3434 4858 om.

2555 4873 2577 4903 ⁸
2627 4874 2718 4927 Sic
2764 4873 2918 4927 ACD.
2995 4874 3015 4903 °
3057 4872 3166 4925 ulla
3215 4889 3324 4927 om.
3362 4872 3430 4928 Α.

1893 4944 1936 4975 ¹²
1964 4943 2055 5012 Sic
2083 4943 2208 5007 CD;
2255 4959 2351 5012 pro
2395 4943 2679 4997 secundum
2718 4943 2760 4996 A
2791 4953 2858 4996 et.
2993 4943 3036 4972 ¹³
3073 4943 3114 4994 Α
3161 4944 3430 5002 virtutum.

2017 5011 2062 5050 "
2103 5013 2194 5067 Sic
2220 5011 2348 5077 CD;
2381 5013 2425 5068 A
2463 5013 2742 5084 prohibita.
2835 5014 2874 5045 ”
2911 5013 3002 5068 Sic
3029 5012 3148 5078 CD;
3195 5012 3240 5065 A
3292 5021 3339 5065 et
3377 5027 3432 5072 se,

1853 4874 1873 4906 "
1905 4873 1950 4927 A
1992 4873 2222 4927 uidelicet
2272 4882 2462 4928 terrae.

1654 5188 1904 5244 NOTAE.

259 5281 279 5312 ‘
306 5275 343 5329 C
372 5278 435 5330 ad
467 5293 639 5347 marg.
671 5277 846 5330 adscr.
881 5275 1062 5331 Glosa.
1099 5275 1199 5332 llic
1228 5276 1528 5346 ambiguum
1557 5278 1725 5345 ponit,

205 5353 352 5396 utrum
389 5348 674 5401 mutabitur
703 5348 840 5400 orbis
868 5357 1125 5400 terrarum
1172 5351 1378 5400 omnino
1428 5348 1482 5399 in
1526 5349 1742 5416 paradi-

203 5425 314 5488 tftm.
354 5417 480 5488 sicut
506 5433 662 5470 sexus
704 5417 759 5488 in
783 5418 1064 5488 hominem,
1110 5434 1172 5471 ea
1203 5417 1420 5480 ratione,
1457 5435 1558 5488 qua
1610 5417 1742 5485 infe-

205 5486 322 5534 riora
361 5486 655 5539 melioribus
701 5487 1059 5548 absorbentur,
1089 5504 1155 5539 an
1199 5489 1336 5540 orbis
1385 5486 1643 5540 terrarum
1696 5496 1743 5540 et

201 5553 448 5615 paradisus
471 5558 522 5609 in
534 5556 759 5610 eandem
779 5555 934 5610 ueluti
946 5557 1232 5627 spiritualis
1259 5565 1429 5611 terrae
1442 5556 1747 5632 qualitatem

1842 5275 2234 5339 adunabuntur,
2250 5291 2310 5328 ea
2328 5276 2546 5340 ratione,
2560 5293 2662 5345 qua
2674 5277 2874 5332 sibimet
2891 5280 3083 5332 similia
3099 5289 3431 5345 coaptantur,

1916 5347 1942 5386 δ
1969 5345 2009 5400 C
2047 5345 2131 5416 ad
2162 5361 2332 5415 marg.
2357 5347 2536 5401 adscr.
2559 5349 2766 5401 aorosia
2790 5349 3160 5416 interpretatur
3179 5350 3428 5413 caecitas,

1844 5417 1934 5471 sed
1962 5433 2064 5469 non
2095 5415 2188 5468 illa
2214 5433 2447 5486 quaeque
2491 5419 2714 5487 privatio
2744 5415 2953 5471 uisionis
2979 5419 3187 5487 dicitur,
3219 5418 3310 5470 sed
3334 5417 3431 5480 illa

1847 5487 2040 5555 caligo,
2084 5502 2216 5555 quae
2263 5485 2414 5540 rebus
2465 5485 2746 5542 visibilibus
2793 5485 3317 5555 circumvolvitur,ut
3349 5488 3434 5549 in.

1850 5556 2108 5612 tuentibus
2132 5571 2186 5610 se
2215 5573 2465 5628 apparere
2495 5574 2594 5614 non
2621 5557 2840 5629 possint.
