3912 6154
462 287 566 342 533

1830 285 2110 346 JOANNIS
2153 283 2350 347 SCOTI

2899 270 2907 273 --
2943 271 2992 278 ..ι

3588 283 3691 353 $36

456 396 724 476 ἆορασὶαν,
749 395 848 450 hoc
869 403 967 459 est,
1001 394 1236 449 omnium
1269 403 1659 461 creaturarum,
1685 411 1821 468 quas
1849 399 2022 453 omni-
2048 409 2093 462 Α
2124 402 2314 457 bitror.
2349 401 2416 455 Et
2435 385 2576 470 ﬁnis,
2606 402 2796 472 inquit,
2829 404 2882 456 in
2905 401 3140 456 omnibus
3167 399 3245 455 his
3275 411 3500 456 creatam
3532 417 3694 457 natu—

457 504 528 541 no
579 485 1012 555 superascendct,
1070 484 1423 553 ignorantiam
1462 487 1715 554 patietur,
1757 488 1822 541 ad
1851 488 2022 556 ipsum

457 581 623 634 Deum
671 577 1003 645 perveniens,
1055 575 1334 644 ipsumque
1381 577 1434 630 in
1489 577 1740 631 omnibus
1786 587 2026 632 contem-

455 669 625 737 plans.
656 667 820 720 Totus
842 680 1069 734 namque
1099 666 1282 732 homo,
1313 676 1373 721 ut
1409 668 1485 720 ait
1515 669 1649 738 ipse,
1687 669 1818 723 levis
1864 669 2024 738 spiri-

456 770 540 813 tus
567 759 779 811 futurus
802 765 904 821 est,
936 766 991 810 et
1019 758 1160 810 nulla
1185 760 1448 828 gravitate
1474 760 1741 829 corporali
1792 760 1844 812 in
1882 769 2025 814 terra

451 847 798 911 detinebitur,
853 862 1028 916 neque
1075 848 1142 901 ad
1191 849 1368 902 caelos
1410 849 1728 904 ascensione
1776 849 2026 919 prohibe-

452 943 614 994 hitur.
672 939 908 1004 Deinde,
962 940 1178 1010 inquit,
1237 940 1586 1009 intelligibilia
1654 949 1704 993 et
1761 939 2026 993 sensibilia

452 1046 568 1082 cum
615 1031 694 1082 liis
740 1028 1010 1097 copulans,
1069 1029 1172 1082 hoc
1201 1037 1305 1091 est,
1336 1043 1459 1082 cum
1490 1027 1782 1096 praedictis
1810 1035 2028 1080 natura-

456 1134 572 1172 rum
631 1119 1066 1182 adunationibus,
1120 1134 1211 1186 per
1263 1119 1431 1185 ipsam
1478 1120 1548 1170 ad
1598 1116 1808 1186 angelos
1861 1119 2029 1172 scien-

451 1211 553 1263 tiae
639 1208 1003 1279 aequalitatem
1099 1209 1367 1276 uni/icabit
1447 1219 1739 1263 creaturam
1769 1249 1784 1271 ,
1870 1209 2026 1264 simul

455 1317 654 1354 omnem
733 1309 1024 1352 creaturam
1109 1317 1212 1353 non
1291 1309 1587 1369 separatam
1675 1301 1731 1353 in
1811 1316 1872 1353 eo
1946 1316 2028 1353 se-

451 1389 680 1442 cundum
703 1389 970 1442 scientiam
993 1399 1040 1442 et
1066 1390 1436 1458 ignorantiam,
1477 1389 1683 1458 aequali
1716 1390 1813 1442 sibi
1833 1391 1901 1442 ad
1931 1407 2028 1444 an.

451 1478 590 1548 gelos
612 1479 970 1548 indi/ferenter
991 1479 1192 1548 futura,
1218 1479 1479 1533 rationum
1509 1481 1563 1534 in
1590 1481 1693 1544 liis,
1720 1497 1852 1550 quae
1884 1489 2022 1544 sunt,

449 1570 682 1637 gnostica
708 1570 952 1635 scientia,
981 1586 1073 1640 per
1095 1587 1251 1640 quam
1273 1572 1387 1640 ipsa
1415 1587 1565 1626 verae
1589 1571 1800 1640 sophiae
1819 1571 2026 1638 infinita

449 1662 704 1715 donorum
733 1662 918 1730 effusio
959 1663 1339 1731 superveniens,
1372 1672 1623 1732 quantum
1652 1661 1736 1730 fas
1777 1670 1872 1725 est,
1899 1677 2027 1730 pure

450 1752 513 1804 de
542 1761 706 1805 cetero
734 1753 898 1818 ipsam
917 1752 1055 1806 circa
1093 1752 1257 1806 Deum
1287 1761 1335 1805 et
1366 1751 1663 1805 immediate
1683 1751 1854 1821 dignis
1875 1767 2028 1820 prae-

449 1851 554 1894 stat
594 1843 908 1910 incognitam
931 1852 978 1895 et
1000 1841 1488 1913 ininterprctabilem
1513 1843 1530 1874 ί
1575 1843 1833 1896 notitiam.
1858 1838 2028 1909 Hujus

451 1929 752 1983 sententiae
781 1929 1006 1984 altitudo
1036 1929 1592 1999 incomprehensibilis
1622 1929 1752 1983 mihi
1793 1929 2026 1993 videtur,

449 2027 506 2072 et
533 2019 766 2072 maxime
800 2019 889 2072 ubi
920 2019 1014 2082 ait,
1048 2018 1332 2072 secundum
1401 2019 1672 2073 scientiam
1713 2027 1759 2072 et
1781 2017 2030 2088 ignoran-

450 2113 577 2165 tiam
604 2111 812 2182 aequali
829 2112 926 2165 sibi
954 2112 1024 2165 ad
1045 2111 1254 2182 angelos
1276 2113 1508 2181 gnostica
1531 2111 1765 2166 scientia.
1808 2111 1874 2165 Et
1917 2126 2026 2167 me.

452 2201 578 2256 rito.
604 2202 658 2255 lu
687 2202 958 2271 prioribus
980 2205 1124 2257 enim
1170 2202 1244 2256 nil
1289 2201 1432 2256 aliud
1460 2201 1744 2256 videbatur
1769 2203 2025 2267 suasisse,

452 2293 555 2346 nisi
583 2293 822 2347 omnium
850 2307 1028 2348 rerum
1057 2293 1389 2349 sensibilium
1423 2301 1478 2349 et
1521 2293 1930 2364 iutelligibilium
1972 2295 2026 2348 in

453 2382 714 2436 unitatem
743 2382 1010 2450 quandam
1053 2382 1430 2437 adunationem
1450 2422 1466 2447 ,
1502 2381 1577 2435 ita
1606 2390 1666 2435 ut
1695 2381 1770 2435 nil
1813 2396 2031 2453 separa—

454 2470 580 2535 bile,
614 2470 685 2524 nil
709 2485 1050 2540 corporeum,
1080 2471 1157 2526 nil
1187 2472 1394 2526 varium
1426 2472 1478 2526 in
1504 2471 1583 2526 eis
1611 2480 1904 2537 remaneat,
1935 2473 2029 2528 sed

454 2567 516 2612 ut
545 2559 774 2612 mirabili
797 2560 1029 2628 quadam
1064 2561 1400 2630 regressione
1443 2559 1697 2616 infcriora
1737 2577 1949 2633 semper
1974 2565 2029 2618 in

455 2649 730 2716 superiora
753 2658 1045 2703 transeant.
1062 2649 1212 2704 Nunc
1232 2665 1360 2704 vero
1382 2651 1561 2706 dicere
1583 2653 1816 2717 videtur,
1833 2654 2033 2708 aduna-

459 2737 655 2790 tionem
685 2737 1008 2790 naturalium
1038 2739 1456 2793 substantiarum
1486 2739 1507 2770 ⁸
1537 2739 1591 2794 in
1637 2740 1909 2796 intellectu
1946 2757 2033 2797 so-

459 2825 748 2892 lummodo,
781 2842 884 2881 non
916 2836 1094 2882 autem
1126 2829 1178 2882 in
1208 2830 1337 2898 ipsis
1366 2830 1526 2885 rebus
1554 2829 1578 2861 ⁸
1606 2846 1747 2896 esse,
1797 2831 1901 2889 hoc
1926 2843 2030 2899 est,

458 2931 563 2970 non
590 2931 682 2971 eas
707 2934 815 2983 res,
843 2935 983 2988 quae
1004 2935 1100 2989 per
1137 2923 1535 2990 generationem
1579 2925 1632 2978 in
1680 2925 1891 2980 diversa
1944 2940 2034 2995 ge.

458 3022 607 3070 nera,
633 3008 979 3078 diversasque
1007 3009 1226 3075 formas,
1254 3012 1596 3083 inﬁnitosque
1616 3014 2032 3084 numerosjuxta

458 3095 730 3152 Creatoris
759 3100 1186 3166 providentiam,
1229 3101 1614 3172 intelligibilem
1661 3105 2034 3162 scnsibilemve

458 3198 783 3258 acceperunt
807 3191 1142 3246 varietatem.
1172 3192 1286 3247 Non
1312 3196 1454 3249 enim
1479 3197 1634 3250 aliter
1657 3198 2035 3254 adunationem

459 3288 763 3333 crcatarnm
809 3281 1236 3336 substantiarum
1275 3283 1328 3337 in
1376 3284 1582 3354 angelis
1622 3301 1743 3341 esse
1785 3287 2038 3359 intelligi-

459 3386 602 3433 mus,
635 3371 734 3424 nisi
765 3371 876 3424 sola
905 3375 1144 3437 gnostica
1177 3374 1424 3440 scientia,
1450 3391 1552 3430 non
1584 3385 1765 3432 autem
1796 3378 2036 3448 ipsarum

459 3476 638 3515 rerum
654 3461 966 3517 collectione
984 3464 1034 3517 in
1051 3481 1234 3518 unum.
1249 3464 1568 3520 Naturarum
1589 3469 1784 3538 quippe
1798 3471 2034 3525 omnium

461 3551 797 3605 conditarum
824 3552 1060 3607 rationes
1089 3555 1141 3607 in
1176 3556 1478 3625 semetipsis
1506 3560 1605 3611 sub
1652 3575 1760 3613 uno
1801 3562 2035 3628 quodam

461 3641 843 3711 intelligentiae
883 3651 1066 3697 tenore
1101 3655 1450 3715 cognoscunt,
1501 3650 1946 3715 quemadmodum
1983 3651 2036 3704 in

460 3733 690 3802 quadam
745 3735 973 3788 humana
998 3738 1387 3804 sapientissima
1421 3739 1443 3770 ⁸
1468 3739 1646 3794 anima
1703 3741 2034 3796 diversarum

459 3826 655 3878 artium
677 3841 782 3879 una
813 3827 1108 3897 eademque
1145 3837 1202 3882 et
1228 3828 1249 3859 ⁸
1278 3829 1648 3898 inseparabilis
1675 3831 1910 3901 cognitio
1930 3839 2035 3896 est,

461 3917 537 3970 ita
568 3925 626 3969 nt
671 3918 989 3988 ignorantia,
1041 3922 1155 3975 sive
1192 3920 1243 3974 in
1285 3921 1576 3992 angelis—
1601 3938 1726 3976 nam
1770 3931 2034 3977 eteorum

458 4009 718 4077 quosdam
750 4011 981 4081 nondum
1010 4011 1156 4064 omni
1184 4022 1441 4082 purgatos
1476 4012 1777 4082 ignorantia
1808 4012 2036 4083 legimus

456 4130 528 4140 —
555 4100 667 4153 sive
695 4099 747 4153 in
787 4101 1116 4166 hominibus,
1141 4103 1338 4156 nullam
1384 4104 1808 4173 scgregationem
1854 4118 2034 4157 rerum

459 4190 642 4253 faciat,
674 4191 894 4244 scientia
918 4206 1047 4246 vero
1075 4193 1314 4261 gnostica
1345 4193 1684 4247 adunationis
1713 4207 1876 4247 causa
1916 4191 2029 4247 ﬁat.

457 4279 763 4335 Intellectus
785 4282 929 4335 enim
961 4295 1140 4335 rerum
1174 4283 1442 4337 veraciter
1468 4284 1612 4352 ipsae
1649 4296 1735 4336 res
1772 4291 1916 4344 sunt,
1944 4282 2031 4337 di-

457 4379 614 4424 cente
642 4379 827 4425 sancto
851 4371 1106 4441 Dionysio
1129 4390 1142 4425 :
1167 4372 1403 4442 Cognitio
1427 4389 1631 4437 eorum,
1655 4390 1788 4443 quae
1807 4381 1948 4437 sunt,
1968 4387 2030 4426 ea
2058 4397 2108 4456 Ι)

456 4476 592 4529 quae
614 4470 754 4524 sunt,
787 4473 893 4525 est;
941 4461 1035 4515 sed
1077 4461 1221 4530 ipsas
1249 4463 1624 4530 primordiales
1669 4479 1796 4518 suas
1839 4476 2032 4518 causas

460 4549 802 4618 rationesque
836 4553 888 4604 in
919 4551 1297 4607 adunationem
1348 4554 1617 4620 quandam
1645 4554 1853 4607 actione
1874 4551 2034 4612 intel-

460 4637 733 4707 ligentiac,
777 4653 881 4692 non
919 4648 1094 4696 autem
1127 4657 1185 4696 re
1223 4642 1335 4711 ipsa
1378 4643 1578 4711 colligi.
1627 4640 1823 4696 Verum
1852 4642 2031 4711 prius-

460 4741 621 4793 quam
661 4726 727 4780 ad
764 4726 922 4794 hujus
964 4731 1291 4797 quaestionis
1335 4732 1594 4788 theoriam
1632 4731 2028 4801 perveniamus,

461 4817 506 4871 si
537 4817 603 4872 de
636 4833 698 4872 ea
730 4819 858 4887 quid
893 4819 1208 4887 dicendum,
1236 4825 1542 4892 praedictae
1566 4823 1907 4878 adunationis
1947 4838 2033 4877 re-

462 4922 582 4961 rum
607 4909 898 4965 secundum
929 4909 1221 4968 Maximum
1261 4915 1475 4970 residua
1520 4915 1745 4970 dicenda
1785 4929 1907 4970 esse
1937 4929 2029 4968 ar-

2125 507 2239 546 ram
2280 509 2383 546 non
2413 502 2617 546 creatae
2659 511 2748 562 per
2783 493 3103 546 dilectionem
3149 494 3424 561 uniﬁcans.
3460 494 3505 546 0
3530 498 3692 548 mira-

2123 582 2298 636 culum
2332 599 2453 651 erga
2479 599 2571 636 nos
2611 584 2815 637 divinae
2839 583 3170 646 clementiae;
3207 600 3367 636 unum
3405 585 3455 635 id
3495 586 3687 652 ipsum-

2120 687 2220 742 que
2245 672 2471 725 ostendet
2496 671 2518 704 ⁷
2546 671 2827 724 secundum
2865 672 3097 723 habitum
3138 673 3338 740 gratiae
3375 683 3510 727 totus
3537 675 3693 727 homo

2123 771 2230 815 toto
2260 762 2618 815 universaliter
2635 764 2855 815 ambitus
2884 763 3016 826 Deo,
3045 773 3093 815 et
3120 764 3308 832 factus.
3344 765 3507 819 Omne
3529 767 3690 835 siqni-

2123 854 2238 906 dem
2267 853 2403 905 Deus
2445 853 2488 916 ⁸,
2516 862 2719 921 praeter
2753 853 3144 905 similitudinem
3189 855 3470 907 secundum
3516 871 3684 909 essen-

2125 940 2274 1002 tiam,
2291 957 2334 992 et
2351 949 2513 992 totum
2543 940 2709 1007 ipsum
2723 940 3010 1007 accipiens;
3025 940 3090 992 ab
3113 941 3223 1010 ipso
3239 940 3533 1002 ’,videlicet
3558 943 3687 1002 Deo,

2122 1025 2289 1080 Deum
2313 1026 2466 1078 veluti
2515 1027 2832 1078 ascensionis
2857 1029 3147 1093 praemium
3182 1030 3350 1095 ipsum
3384 1030 3692 1097 singularis-

2123 1114 2313 1167 simum
2345 1129 2676 1180 possessurus
2706 1114 2887 1176 Deum,
2942 1124 3113 1182 utpote
3139 1116 3295 1183 ﬁnem
3329 1132 3524 1179 eorum,
3560 1134 3697 1186 quae

2123 1213 2409 1263 moventur,
2462 1203 2736 1266 motionis,
2767 1211 2813 1255 et
2835 1212 3024 1255 statum
3051 1203 3262 1270 ﬁrmum
3282 1205 3693 1259 immutabilem-

2121 1307 2221 1359 que
2239 1307 2434 1351 eorum,
2456 1307 2588 1360 quae
2618 1291 2858 1358 feruntur
2880 1292 2934 1344 in
2964 1293 3162 1360 ipsum,
3195 1301 3243 1344 et
3278 1294 3445 1346 omnis
3475 1294 3620 1360 ﬁnis,
3648 1303 3698 1346 et

2122 1381 2322 1442 statuti,
2355 1390 2402 1432 et
2431 1379 2579 1448 legis,
2607 1380 2920 1450 rationisque
2946 1381 3352 1450 intellectusque,
3390 1392 3437 1436 et
3476 1393 3699 1438 iacturae

2121 1468 2278 1536 ﬁnem
2290 1470 2633 1521 acterminum
2647 1469 2906 1536 inﬁnitum
2917 1470 3362 1523 etinterminatum
3373 1471 3697 1530 existentem.

2193 1578 2245 1633 9.
2277 1578 2356 1631 Ad
2387 1578 2489 1632 hoc
2519 1579 2702 1647 igitur,
2738 1589 2994 1648 quantum
3033 1595 3098 1634 ex
3147 1582 3405 1650 praedicti
3448 1585 3694 1653 magistri

2127 1669 2466 1724 sermonibus
2487 1669 2646 1724 datur
2671 1671 2913 1741 intelligi,
2947 1672 3088 1726 inter
3112 1675 3484 1742 primordiales
3516 1693 3698 1732 rerum

2054 1731 2102 1790 Β
2129 1772 2320 1812 causas
2351 1759 2510 1812 homo
2541 1760 2607 1812 ad
2639 1759 2924 1829 imaginem
2950 1761 3045 1816 Dei
3074 1761 3248 1818 lactus
3279 1772 3381 1830 est,
3415 1774 3474 1819 ut
3503 1767 3555 1820 in
3585 1782 3706 1821 om-

2125 1849 2211 1902 nis
2243 1855 2488 1902 creatura
2521 1857 2576 1902 et
2601 1849 2946 1919 intelligibilis
2983 1860 3038 1906 et
3081 1853 3372 1920 sensibilis,
3413 1869 3478 1908 ex
3506 1855 3706 1926 quibus

2125 1937 2288 1992 veluti
2341 1938 2566 1993 diversis
2597 1938 2640 1970 ¹⁶
2681 1940 3110 1997 extremitatibus
3149 1947 3476 2014 compositus
3533 1963 3705 2002 unum

2127 2029 2482 2099 inseparabile
2533 2029 2704 2097 ﬁeret,
2751 2038 2805 2086 et
2851 2040 2911 2086 ut
2948 2041 3090 2088 esset
3139 2035 3395 2090 medietas
3449 2046 3615 2105 atque
3663 2040 3704 2069 "

2127 2120 2380 2174 adunatio
2412 2121 2651 2175 omnium
2680 2131 3068 2178 creaturarum.
3097 2123 3211 2179 Non
3240 2126 3385 2180 enim
3417 2126 3525 2180 ulla
3548 2143 3708 2182 cncu-

2129 2220 2248 2267 tura
2274 2220 2373 2275 est,
2401 2227 2541 2282 quae
2570 2214 2623 2268 in
2655 2215 2871 2270 homine
2899 2215 3119 2283 intelligi
3163 2233 3268 2272 non
3306 2219 3507 2288 possit;
3560 2221 3707 2272 unde

2128 2303 2288 2355 etiam
2320 2303 2374 2355 in
2411 2303 2580 2357 sacris
2635 2302 2929 2373 Scripturis
2959 2306 3134 2360 omnis
3162 2315 3408 2360 creatura
3435 2307 3704 2360 nominari

2129 2391 2282 2446 solet.
2336 2391 2391 2445 In
2434 2393 2722 2463 Evangelio
2769 2393 3033 2463 siquidem
3077 2395 3336 2464 scriptum
3367 2403 3492 2451 est:
3529 2393 3704 2448 Prae-

2129 2479 2302 2534 dicate
2323 2479 2664 2551 Evangelium
2686 2484 2824 2536 omni
2851 2492 3158 2548 creaturae;
3181 2484 3307 2539 item
3331 2484 3390 2538 in
3407 2485 3666 2553 Apostolo
3689 2503 3702 2536 :

2132 2572 2314 2628 Omnis
2339 2581 2576 2626 creatura
2610 2574 2936 2644 congemiscit
2965 2584 3009 2628 et
3042 2574 3179 2628 dolet
3225 2575 3266 2606 "
3296 2591 3455 2644 usque
3508 2575 3702 2627 adhuc.

2130 2659 2199 2715 Et
2228 2660 2271 2715 si
2307 2675 2413 2715 non
2443 2670 2707 2730 peccaret,
2737 2677 2841 2716 non
2872 2671 3017 2718 esset
3053 2664 3104 2717 in
3140 2678 3206 2718 eo
3235 2663 3424 2718 divisio
3450 2678 3704 2726 sexuum,

2132 2752 2226 2806 sed
2261 2751 2596 2808 solummodo
2625 2753 2785 2807 homo
2811 2762 2985 2818 esset;
3029 2768 3134 2808 non
3162 2762 3507 2822 separaretur
3549 2753 3604 2806 in
3645 2768 3711 2806 eo

2132 2843 2279 2898 orbis
2328 2852 2592 2898 terrarum
2622 2860 2652 2897 a
2679 2843 3088 2908 Paradiso,'sed
3116 2845 3290 2898 omnis
3333 2851 3551 2898 terrena
3609 2859 3709 2896 nas

2136 2939 2253 2986 tura
2277 2932 2329 2985 in
2359 2947 2424 2986 eo
2449 2939 2591 2986 esset
2617 2933 2914 3000 paradisus,
2945 2932 3048 2986 hoc
3075 2944 3185 2998 εει,
3230 2929 3526 3001 spiritualis
3563 2938 3708 2984 terra

2136 3031 2298 3090 atque
2327 3020 2372 3052 ¹⁸
2402 3020 2767 3085 conversatio;
2801 3019 3005 3074 caelum
3040 3027 3095 3074 et
3139 3029 3280 3074 terra
3306 3020 3357 3073 in
3393 3034 3458 3073 eo
3486 3033 3594 3073 non
3625 3035 3712 3073 se-

2135 3120 2503 3184 gregarentur,
2533 3119 2676 3165 totus
2700 3111 2843 3164 enim
2874 3111 3121 3166 caelestis
3153 3118 3311 3173 esset,
3344 3117 3398 3164 et
3423 3110 3501 3164 nil
3531 3119 3710 3164 terre-

2133 3218 2295 3267 num,
2328 3200 2403 3255 nil
2429 3215 2622 3271 grave,
2655 3199 2730 3252 nil
2757 3213 3072 3268 corporeum
3105 3200 3156 3252 in
3183 3212 3248 3253 eo
3281 3207 3601 3269 appareret;
3627 3212 3713 3251 es-

2133 3299 2216 3347 set
2234 3290 2376 3344 enim
2403 3297 2460 3343 et
2489 3287 2936 3358 multiplicaretur
2963 3289 3341 3352 innumerum,
3369 3303 3398 3340 a
3425 3287 3714 3340 conditore

2135 3382 2216 3436 sui
2243 3380 2612 3450 praeﬁnitum,
2639 3379 2777 3433 sicut
2805 3378 2979 3448 angeli
3008 3387 3230 3442 etsunt,
3264 3388 3319 3432 et
3366 3377 3712 3447 multiplicati

2133 3479 2290 3535 sunt;
2318 3469 2587 3524 sensibilis
2615 3476 2801 3522 natura
2843 3468 2908 3522 ab
2939 3468 3255 3537 intelligibili
3294 3469 3346 3522 in
3372 3481 3436 3520 eo
3461 3481 3569 3521 non
3597 3467 3712 3520 dis-

2134 3565 2400 3626 creparet,
2433 3565 2573 3612 totus
2601 3556 2742 3610 enim
2784 3565 2927 3611 esset
2960 3555 3288 3619 intellectus,
3333 3555 3576 3609 Creatori
3609 3569 3710 3607 suo

2133 3663 2346 3718 semper
2371 3657 2425 3703 et
2452 3648 2859 3703 immutabiliter
2881 3649 3200 3712 adhaerens,
3235 3656 3290 3703 et
3314 3647 3460 3702 nullo
3489 3648 3655 3702 modo
3681 3663 3711 3699 a

2131 3738 2567 3809 primordialibus
2592 3737 2704 3793 suis
2728 3737 2926 3802 causis,
2971 3738 3024 3790 in
3071 3736 3264 3805 quibus
3302 3736 3552 3791 conditus
3591 3744 3712 3796 est,

2134 3828 2438 3893 recederet;
2471 3827 2648 3881 omnis
2679 3835 2950 3890 creatura,
2983 3841 3120 3894 quae
3158 3825 3211 3879 in
3244 3840 3310 3880 eo
3338 3825 3556 3879 condita
3602 3833 3712 3885 est,

2132 3919 2333 3974 nullam
2381 3918 2696 3972 divisionem
2744 3917 2797 3971 in
2835 3932 2901 3972 eo
2945 3926 3238 3986 pateretur.
3295 3915 3400 3970 Sed
3446 3917 3713 3984 quoniam

2131 4011 2337 4079 primus
2362 4011 2523 4064 homo
2549 4009 2603 4063 in
2633 4007 2722 4062 tali
2747 4008 2999 4063 felicitate
3023 4022 3339 4078 permanere
3367 4007 3713 4076 neglexerat.

2132 4105 2188 4152 et
2214 4097 2280 4152 ab
2304 4112 2368 4151 ea
2402 4095 2759 4166 superbiendo
2802 4096 3027 4160 cecidit,
3076 4105 3131 4150 et
3170 4096 3226 4150 in
3255 4095 3494 4150 inﬁnitas
3536 4093 3687 4163 parti

2133 4189 2307 4244 tiones
2353 4188 2748 4256 varietatesque
2797 4195 3020 4241 naturae
3067 4187 3335 4240 humanae
3378 4185 3558 4239 unitas
3600 4185 3718 4237 dis-

2131 4293 2289 4349 persa
2307 4287 2412 4341 est,
2443 4277 2621 4331 divina
2648 4277 2932 4332 clementia
2955 4275 3511 4346 assumpsit“novum
3534 4276 3718 4329 homi-

2133 4382 2279 4430 nem,
2311 4365 2364 4420 in
2388 4380 2494 4434 quo
2523 4365 2638 4435 ipsa
2670 4374 2884 4430 natura,
2915 4381 3053 4434 quae
3075 4366 3128 4419 in
3157 4365 3324 4419 veteri
3355 4363 3574 4418 homine
3599 4363 3719 4417 dis-

2135 4461 2334 4532 pertita
2363 4467 2444 4514 est
2466 4498 2480 4521 ,
2527 4459 2594 4511 ad
2630 4457 2908 4526 pristinam
2940 4457 3200 4510 unitatem
3237 4462 3621 4510 revocaretur:
3659 4454 3717 4506 in

2135 4551 2334 4606 mundo
2361 4549 2428 4604 de
2455 4548 2675 4612 mundo,
2704 4549 2806 4602 hoc
2829 4556 2931 4612 est,
2961 4547 3122 4601 homo
3145 4561 3211 4601 ex
3239 4545 3550 4600 hominibus
3577 4559 3720 4610 pro-

2132 4649 2256 4711 pter;
2301 4639 2547 4695 homines
2609 4637 2758 4692 nasci
2822 4637 3118 4691 constituit.
3171 4635 3307 4689 Hinc
3353 4634 3496 4689 idem
3539 4633 3720 4686 Mari-

2133 4741 2294 4783 mus:
2327 4726 2586 4792 Quoniam
2610 4726 2804 4795 itaque,
2835 4725 3025 4793 inquit,
3059 4723 3389 4787 naturaliter,
3424 4731 3480 4775 ut
3503 4732 3721 4775 creatus

2131 4827 2230 4883 est,
2252 4817 2390 4871 circa
2411 4813 2731 4869 immutabile
2755 4814 3019 4884 praprium
3038 4814 3372 4883 principium,
3395 4812 3513 4864 dico
3533 4820 3719 4863 autem

2131 4910 2319 4972 Deum,
2349 4905 2502 4959 homo
2532 4920 2636 4958 non
2671 4912 2748 4958 est
2785 4913 2988 4968 motus;
3017 4903 3158 4956 circa
3185 4917 3304 4956 vero
3331 4917 3416 4966 ea,
3443 4914 3575 4969 quae
3616 4898 3725 4952 sub

1725 5023 1977 5081 VARIAE
2012 5015 2412 5078 LECTIONES.

537 5139 554 5170 ¹
659 5139 1233 5227 ξῃιενρτειςὺέζεωχείες
1337 5147 1386 5194 et
1400 5135 1868 5227 'interpretabilernn:

463 5208 809 5265 stantialium.

465 5349 584 5412 CD;
615 5349 659 5402 Α
700 5357 768 5401 ct.

881 5349 924 5381 ¹¹
957 5349 1047 5404 Sic
1069 5349 1185 5416 AC;
1217 5345 1260 5402 D
1301 5349 1586 5419 ingemiscit
1630 5355 1679 5400 et
1705 5345 1949 5415 parturit.

467 5433 577 5471 om.
610 5417 719 5472 CD.

909 5210 930 5240 ⁸
963 5210 1052 5264 Sic
1088 5199 1294 5273 CD;'A
1340 5209 1490 5262 rebus
1529 5199 1675 5270 ipsis.
1749 5205 1773 5239 ⁸
1801 5203 1892 5259 Sic
1917 5199 2112 5273 CD;A

467 5261 785 5333 ostendetur.
796 5261 807 5264 ⁷
857 5281 879 5313 ⁸
913 5261 1164 5341 δίὲ“’(;ὐ;
1197 5261 1320 5347 pro
1347 5261 1488 5332 Deus
1511 5261 1559 5330 AI
1590 5277 1800 5330 dicitur.
1875 5275 1896 5309 ⁵
1924 5261 2128 5328 δίοΌῐ)
2167 5285 2182 5334 ;
2211 5261 2259 5320 Ἀ
2283 5277 2424 5318 corr.
2450 5278 2483 5313 α
2520 5261 2708 5342 seipse.
2809 5261 2852 5289 "
2882 5261 2975 5312 Sic
3003 5261 3035 5311 (Ξ

467 5349 584 5399 CD:
615 5349 659 5399 Α
700 5357 768 5399 et.
881 5349 924 5381 ¹¹
957 5349 1047 5399 Sic
1069 5349 1184 5399 AC:
1217 5349 1260 5399 D
1301 5349 1586 5399 inaemiscit
1630 5355 1679 5399 et
1706 5345 1949 5399 parturit.
2058 5340 2103 5372 ¹³
2127 5337 2219 5393 Sic
2259 5334 2384 5398 CD;
2425 5339 2566 5385 “rm
2611 5343 2764 5399 ⁸³9⁸⁸⁸
2807 5341 2914 5382 οω·
2964 5326 3035 5380 A-

2301 5124 2345 5178 Α
2374 5131 2422 5176 et
2457 5119 2770 5177 secundum.
2865 5117 2906 5190 ’ί
2924 5117 3016 5173 Sic
3042 5116 3159 5182 CD;
3182 5115 3226 5190 ᾼ
3249 5072 3728 5190 ηαῇιςᾳνυειηεωιξ-

2149 5181 2530 5266 sapientissima
2562 5192 2813 5244 humana.
2887 5189 2982 5241 ἐι
3027 5201 3138 5240 om.
3184 5185 3247 5238 Ι).
3297 5183 3464 5265 .'.S.ic
3511 5181 3641 5244 CD;

2167 5285 2180 5297 -
2221 5267 2252 5306 Δ
2283 5277 2424 5306 pnrr-
2450 5278 2483 5306 α
2520 5261 2708 5306 seinse.
2809 5257 2852 5289 ⁸⁸
2882 5256 2975 5306 Sic
3003 5255 3091 5306 CD
3116 5271 3130 5306 :
3182 5255 3228 5306 Α
3253 5254 3451 5306 dwtsts.
3530 5251 3572 5280 "
3626 5252 3726 5306 Sic

2882 5256 2975 5312 Sic
3003 5255 3131 5320 CD;
3182 5255 3451 5308 Adicisis.
3530 5255 3572 5280 η
3626 5255 3729 5306 Sic

2882 5342 2914 5382 ι.
2964 5326 3035 5380 Α.
3144 5322 3189 5354 ⁸⁸
3210 5322 3300 5377 Sic
3323 5323 3400 5387 A;
3424 5325 3724 5389 assumpsit

539 5592 564 5618 ι
594 5580 659 5632 Α.
697 5577 762 5633 ad
801 5593 970 5648 marg.
1019 5575 1196 5631 adscr.
1239 5573 1339 5629 Hic
1389 5574 1674 5645 approbare
1717 5473 2339 5625 adunatioljggtfinittm
2365 5577 2466 5617 non
2495 5558 2664 5633 solum
2693 5557 3052 5645 intelligentia,
3089 5557 3180 5611 sed
3209 5564 3251 5608 et
3281 5554 3445 5622 reipsa
3468 5550 3729 5620 futuram

467 5649 663 5707 incipit.
