3912 6154
213 303 301 357 557
1021 306 1106 360 DE
1145 306 1478 362 DIVISIONE
1517 307 1863 363 NATURAE.
1904 338 1973 348 —
2006 307 2204 362 LIBER
2241 307 2600 366 SECUNDUS

3323 317 3428 376 558

210 423 302 483 ipso
326 424 462 475 sunt,
503 431 722 485 quarunt
766 416 871 485 ipse
903 416 1147 470 divinitus
1173 419 1458 487 principari
1491 417 1762 472 ordinatus
1790 432 1836 490 Α
1866 435 1957 472 nec
1981 420 2244 474 masculus
2275 437 2366 474 nec
2389 419 2584 487 femina
2612 430 2708 486 est,
2757 423 3005 490 quamvis
3047 421 3100 476 in
3137 424 3249 496 ipso
3301 440 3429 482 sexu

206 518 286 568 ut,
311 516 491 558 contra
523 519 764 560 naturam
794 506 964 560 volens
985 507 1286 576 insipienter
1306 519 1381 562 est
1403 519 1609 574 motus;
1629 525 1691 562 ea
1715 509 1771 562 in

205 595 566 648 “cenationem
598 605 958 661 separatorum
987 595 1114 648 data
1139 596 1236 649 sibi
1263 597 1492 650 naturali
1517 599 1768 664 potentia,

205 701 279 750 per
297 683 684 750 generationem
722 684 775 736 in
821 684 984 752 ipsam
1011 685 1411 739 adunandorum
1440 689 1606 756 magis
1637 690 1770 741 abu-

204 789 280 826 sus
306 783 383 826 est
414 773 812 841 separationem.
832 770 1105 826 Novantur
1126 783 1362 837 naturae,
1393 785 1438 828 et
1458 774 1598 828 Deus
1619 776 1770 830 homo

207 860 278 928 ﬁt,
306 870 361 914 ut
389 861 648 914 hominem
686 862 944 930 perditura
976 861 1165 926 salvet;
1196 873 1242 915 et
1271 865 1327 916 in
1371 872 1477 916 toto
1509 865 1771 918 universa-

205 952 310 1002 liter
332 959 554 1002 naturae
572 966 664 1018 per
701 951 948 1019 seipsum,
977 966 1111 1019 quae
1150 961 1330 1003 contra
1359 961 1599 1005 naturam
1627 962 1767 1018 sunt,

207 1040 408 1107 fissuras
435 1037 749 1107 adjungens,
772 1048 818 1090 et
852 1038 1216 1092 universaliter
1247 1055 1446 1104 eorum,
1468 1057 1604 1109 quae
1643 1057 1768 1110 par-

205 1129 288 1180 tita
319 1137 465 1190 sunt,
499 1136 939 1196 praemonstratas
969 1128 1215 1191 rationes,
1243 1129 1430 1196 quibus
1461 1130 1570 1198 ipsa
1597 1147 1768 1199 segre-

202 1228 431 1286 gatorum
460 1217 576 1284 fieri
607 1217 864 1269 consuevit
887 1217 1170 1278 adunatio,
1217 1219 1487 1270 ostendens
1524 1235 1768 1288 magnum

206 1307 465 1360 consilium
490 1306 700 1374 implere
733 1307 844 1370 Dei,
886 1318 933 1359 et
961 1305 1140 1360 Patris
1172 1310 1224 1360 in
1266 1309 1487 1378 seipsum
1515 1312 1771 1378 recapitu-

208 1398 307 1450 lans
337 1397 539 1460 omnia,
567 1397 620 1449 id
640 1407 734 1459 est,
768 1397 1086 1466 recolligens,
1117 1416 1250 1466 quae
1287 1399 1340 1452 in
1365 1400 1510 1452 caelo
1547 1411 1689 1465 sunt,
1721 1410 1769 1454 et

200 1501 322 1550 quae
345 1486 399 1536 in
424 1494 598 1546 terra;
635 1486 686 1536 in
715 1501 814 1552 quo
837 1485 990 1537 etiam
1031 1497 1204 1538 creata
1231 1497 1371 1539 sunt.
1400 1487 1524 1556 Ipsa
1553 1490 1727 1557 itaque
1751 1489 1768 1519 ⁸

205 1572 560 1626 ιιιιὶινεηαιίιεν
589 1575 821 1625 omnium
853 1575 921 1625 ad
955 1576 1180 1641 seipsum
1203 1575 1544 1640 adunatione,
1578 1592 1643 1629 ea:
1674 1592 1769 1628 no-

202 1677 301 1716 stra
331 1665 579 1717 inchoans
617 1665 866 1717 divisione
892 1675 914 1705 ι
939 1704 956 1730 ,
999 1665 1056 1732 ﬁt
1084 1665 1338 1734 perfectus
1369 1668 1542 1731 homo,
1579 1683 1642 1720 ex
1679 1683 1770 1720 no-

1872 510 2034 574 virili,
2061 511 2112 564 in
2141 525 2246 578 quo
2272 519 2430 564 natus
2462 519 2540 564 est
2570 525 2637 564 ex
2669 511 2894 581 virgine,
2934 521 2990 565 et
3025 513 3074 565 in
3105 528 3210 582 quo
3238 531 3430 582 passus

1870 609 1974 662 est,
2027 602 2273 669 apparuit
2311 600 2586 668 discipulis
2619 601 2731 655 suis
2788 609 2908 669 post
2959 604 3432 670 resurrectionem,

1871 689 1937 740 ad
1991 687 2410 741 conﬁrmandam
2467 689 2878 743 resurrectionis
2927 704 3056 743 suae
3087 691 3265 744 fidem.
3317 693 3433 748 Non

1871 779 2013 832 enim
2053 779 2211 832 aliter
2249 793 2369 832 eum
2425 787 2830 846 cognoscerent,
2890 779 2932 832 si
2962 791 3142 832 notam
3192 781 3271 834 eis
3323 782 3435 836 for-

1871 883 2011 920 mam
2036 883 2139 921 non
2159 867 2428 930 viderent;
2457 867 2688 919 nondum
2705 867 2966 934 siquidem
2991 869 3010 898 ⁷
3036 868 3291 936 Spiritum
3313 885 3440 924 san-

1871 967 2012 1014 ctum
2058 959 2285 1027 plenitcr
2323 960 2345 990 ⁸
2385 967 2703 1025 acceperunt
2740 957 2784 1021 ’,
2824 960 2912 1026 qui
2952 974 3044 1013 cos
3097 960 3275 1014 docuit
3316 975 3433 1014 om-

1869 1047 1958 1100 nia
2012 1047 2212 1100 Deinde
2239 1055 2352 1115 post
2381 1047 2827 1100 resurrectionem
2856 1057 3093 1101 nostrum
3109 1051 3290 1102 orbem
3325 1059 3432 1104 ter-

1870 1152 2051 1190 rarum
2082 1138 2326 1206 paradiso
2356 1137 2408 1190 in
2435 1137 2610 1204 seipso
2637 1137 2902 1204 copulavit
2931 1138 2995 1190 ¹⁰.
3031 1136 3163 1190 Nam
3199 1154 3260 1191 ex
3289 1153 3430 1192 mor-

1873 1225 1976 1278 tuis
2000 1225 2050 1277 in
2093 1225 2398 1292 paradisum
2426 1225 2658 1289 rediens,
2691 1227 2740 1278 in
2773 1227 2872 1278 hoc
2897 1227 3025 1278 orbe
3051 1241 3172 1278 eum
3205 1227 3437 1296 discipu-

1870 1316 1936 1369 lis
1963 1317 2072 1369 suis
2097 1325 2442 1369 conversatus
2464 1326 2563 1377 est,
2592 1317 2880 1370 ostendens
2903 1317 2980 1370 eis
3006 1319 3305 1376 manifeste.
3333 1335 3436 1371 non

1869 1407 2012 1461 aliud
2048 1420 2166 1458 esse
2190 1405 2491 1472 paradisum
2514 1413 2730 1473 praeter
2757 1406 3166 1458 resurrectionis
3189 1405 3434 1472 gloriam,

1869 1511 2006 1565 quae
2033 1497 2260 1562 primum
2285 1494 2336 1546 in
2359 1508 2424 1546 eo
2438 1496 2701 1561 apparuit,
2726 1504 2776 1546 et
2803 1509 2962 1562 quam
2994 1495 3246 1548 omnibus
3270 1495 3438 1549 ῆιιειὶ-

1869 1587 1969 1638 bus
2003 1585 2114 1638 suis
2163 1585 2384 1638 daturus
2414 1594 2515 1646 est,
2567 1585 2902 1653 ducensque,
2956 1595 3194 1638 nostrum
3249 1586 3433 1638 orbem

1872 1683 2134 1728 terrarum
2187 1673 2534 1727 diﬂ‘ercntiatn
2572 1690 2600 1726 a
2632 1673 2672 1706 ²¹
2706 1677 2952 1742 paradiso
2977 1675 3126 1740 juxta
3174 1677 3436 1730 rationem

209 1755 293 1814 bis.
318 1763 528 1822 propter
557 1771 671 1815 n08.
701 1755 982 1806 secundum
1016 1771 1110 1808 nos
1133 1756 1308 1808 omnia
1335 1766 1511 1808 nostra
1539 1755 1768 1823 perfecta
1802 1769 1845 1826 Β
1874 1772 2098 1817 naturae
2128 1777 2231 1815 non
2264 1763 2459 1815 habere
2488 1775 2545 1826 ος
2577 1779 2676 1814 non
2703 1764 2845 1816 enim
2872 1773 3061 1817 natura
3087 1776 3426 1834 separantur,

209 1844 384 1897 habens
407 1859 426 1907 ,'
455 1859 556 1896 non
581 1859 646 1896 ea:
671 1844 891 1912 nuptiali
919 1846 1284 1912 consequentia
1309 1861 1328 1907 ;
1354 1861 1445 1912 per
1473 1845 1570 1897 hoc
1601 1854 1768 1897 osten-

209 1933 334 1993 dens.
372 1944 428 1986 ut
457 1935 706 1997 arbitror,
743 1935 1002 2000 quantodo
1025 1943 1134 1987 erat
1167 1945 1214 1987 et
1248 1934 1385 1987 alius
1416 1935 1598 1987 modus
1648 1949 1770 2002 pro-

207 2021 484 2089 pagationis
513 2021 778 2073 hominum
804 2022 857 2074 in
890 2021 1270 2076 multitudinem
1324 2022 1429 2076 Deo
1468 2023 1770 2092 praecogni-

211 2119 301 2170 tus,
347 2111 392 2161 si
420 2109 726 2162 mandatum
752 2110 950 2177 primus
981 2111 1132 2164 homo
1169 2112 1470 2176 custodiret,
1503 2113 1654 2182 inque
1679 2128 1768 2179 pe-

207 2199 530 2252 cudalitatem
575 2201 799 2268 seipsum
824 2217 882 2254 eo
917 2202 1088 2261 modo,
1118 2205 1204 2271 qui
1227 2212 1300 2255 est
1330 2220 1421 2271 per
1443 2204 1764 2266 abusionem,

212 2292 417 2357 prapriis
461 2293 704 2359 potentiis
734 2309 836 2346 non
883 2293 1144 2361 dejiceret,
1170 2295 1222 2346 in
1245 2295 1410 2363 ipsam
1437 2297 1717 2348 secundant
1743 2295 1764 2327 ³

208 2377 482 2431 masculum
533 2389 579 2432 et
639 2380 885 2448 feminam
925 2382 1272 2450 di/ferentiam
1316 2393 1364 2436 et
1409 2385 1711 2438 divisionem
1741 2385 1764 2418 ⁸

211 2479 416 2522 naturae
455 2480 706 2523 retrusus.
754 2470 916 2540 Cujus
949 2482 1004 2525 ut
1049 2472 1224 2540 ﬁeret,
1270 2475 1400 2526 sicut
1428 2475 1558 2538 dixi,
1609 2476 1762 2529 homo

207 2572 305 2607 non
343 2558 550 2611 omnino
576 2559 836 2628 indigebat
863 2599 878 2622 ,
929 2561 1038 2612 sine
1085 2561 1270 2630 quibus
1297 2571 1469 2614 autem
1513 2579 1621 2615 esse
1655 2563 1765 2630 for-

213 2646 355 2697 tassis
379 2656 447 2698 est
460 2647 722 2714 possibile,
745 2649 870 2702 haec
896 2650 948 2702 in
977 2661 1273 2718 perpetuum
1301 2667 1404 2703 non
1433 2667 1633 2705 necesse
1652 2639 1772 2706 ma:

211 2745 353 2796 nere;
378 2735 429 2787 in
453 2733 659 2788 Christo
682 2736 817 2790 enim
844 2737 993 2802 Jesu,
1041 2739 1205 2808 inquit
1237 2739 1438 2793 divinus
1462 2739 1763 2810 Apostolus,

217 2835 366 2889 neque
389 2823 649 2876 masculus
675 2835 746 2876 est
778 2841 938 2894 neque
966 2826 1179 2894 femina.

279 2910 363 2963 i0.
404 2911 656 2976 Videsne,
706 2923 962 2981 quantum
991 2915 1266 2970 divisionis
1314 2916 1578 2970 humanae
1609 2925 1764 2970 natu-

213 3014 301 3054 rae
327 3015 535 3055 causam
579 3003 645 3056 ad
675 3012 952 3072 peceatum
982 3005 1138 3074 primi
1169 3006 1399 3060 hominis
1425 3007 1760 3061 referendam

1871 1854 1965 1907 sed
1979 1853 2328 1921 qualitatibus
2348 1861 2400 1904 et
2418 1854 2457 1883 "
2471 1853 2876 1920 quantitatibus,
2897 1855 3195 1922 ceterisque
3211 1856 3436 1908 varieta-

1873 1943 2036 2007 tibus,
2064 1957 2202 2011 quae
2223 1952 2439 2012 propter
2465 1953 2740 2012 peccatum
2764 1944 3010 2012 generale
3042 1945 3304 2013 generalis
3333 1945 3434 1997 hu-

1869 2047 2062 2087 manae
2110 2041 2332 2086 naturae
2358 2033 2422 2085 ad
2472 2047 2696 2100 poenam
2729 2035 2861 2101 «sinis,
2895 2035 3058 2088 immo
3085 2036 3246 2088 etiam
3297 2035 3343 2070 ι’
3371 2036 3438 2089 ad

1867 2122 2256 2177 correctionem
2283 2131 2338 2175 et
2381 2123 2819 2177 exercitationem
2854 2125 2979 2177 huic
3017 2134 3196 2178 terrae
3224 2125 3433 2178 habita-

1867 2213 1958 2266 bili
1991 2212 2334 2280 superaddita
2367 2221 2491 2265 sunt
2543 2230 2555 2264 :
2586 2215 2918 2281 etquoniam
2951 2228 3052 2266 una
3107 2223 3246 2266 terra
3269 2254 3281 2275 ,
3313 2214 3436 2267 dum

1867 2302 1933 2354 ad
1987 2302 2218 2369 seipsam
2273 2302 2640 2365 constituitur,
2697 2303 3070 2370 inseparabilis
3107 2314 3208 2366 est,
3263 2305 3435 2372 ipsam

1866 2401 2088 2445 naturae
2137 2394 2419 2455 rationem,
2459 2393 2642 2460 inqua
2679 2402 2783 2456 est,
2821 2393 3040 2446 liberam
3095 2394 3356 2446 divisione
3390 2395 3433 2425 “

1865 2485 2155 2536 secundum
2200 2482 2554 2536 diﬂ'erentiam
2586 2483 2836 2546 salvans;
2872 2499 2976 2536 non
3024 2484 3166 2537 enim
3196 2483 3332 2537 mole
3385 2483 3432 2515 ”

1864 2573 1946 2626 vel
1977 2572 2165 2641 spatiis
2220 2573 2544 2626 discernitur
2593 2572 2875 2641 paradisus
2901 2573 2969 2625 ab
2998 2573 3102 2626 isto
3157 2573 3436 2627 habitabili

1863 2665 1995 2718 orbe
2027 2673 2317 2728 terrarum,
2349 2665 2439 2718 sed
2469 2665 2778 2719 diversitate
2813 2667 3256 2728 conversationis,
3290 2666 3440 2720 diﬂe-

1863 2756 2142 2824 rentiaque
2171 2756 2532 2810 beatitudinis.
2560 2755 2692 2810 Nam
2722 2765 2777 2810 et
2810 2758 3016 2825 primus
3041 2759 3220 2821 homo,
3251 2759 3294 2812 si
3331 2775 3436 2812 non

1863 2854 2130 2913 peccaret,
2181 2845 2412 2898 feliciter
2463 2845 2514 2897 in
2563 2845 2691 2900 orbe
2724 2855 2990 2900 terrarum
3020 2849 3202 2902 vivere
3231 2860 3432 2916 posset,

1866 2936 2120 3005 quoniam
2167 2949 2273 2989 una
2318 2936 2613 3004 eademque
2667 2937 2807 2988 ratio
2839 2945 2923 2989 est
2965 2938 3016 2989 in
3057 2938 3441 3005 principalibus

1865 3027 2044 3082 causis
2069 3027 2216 3081 orbis
2244 3035 2508 3080 terrarum
2535 3034 2588 3079 et
2615 3026 2845 3095 paradisi
2871 3026 2936 3079 ³⁸.
2968 3026 3117 3091 Quod
3167 3029 3438 3095 apertissi-

208 3101 327 3142 esse
359 3089 625 3144 inculcat?
674 3090 801 3145 Sine
837 3093 1022 3162 quibus
1070 3094 1226 3159 enim,
1278 3095 1477 3164 inquit,
1505 3112 1616 3149 esse
1659 3095 1764 3164 for-

1870 3131 1952 3170 me
1984 3117 2024 3149 "
2065 3117 2120 3170 in
2156 3117 2330 3185 seipso
2358 3115 2613 3168 Dominus
2641 3115 2683 3146 “
2714 3125 2898 3168 noster
2923 3125 3041 3183 post
3073 3117 3425 3172 resurrectio-

215 3178 362 3232 tassis
406 3190 476 3233 est
520 3180 762 3248 possibile
811 3181 854 3245 ⁵,
895 3183 1020 3236 haec
1071 3184 1126 3236 in
1175 3195 1474 3253 perpetuum
1526 3201 1630 3238 non
1682 3201 1770 3239 ne-

215 3282 345 3321 cesse
369 3285 592 3323 manere.
628 3269 708 3324 Ac
750 3271 793 3324 si
833 3281 1018 3339 aperte
1047 3272 1266 3337 diceret,
1295 3273 1565 3341 quoniam,
1598 3275 1640 3328 si
1666 3275 1765 3328 lio-

222 3375 300 3412 mo
348 3376 446 3415 non
492 3371 764 3431 peccaret,
814 3364 1013 3432 absque
1063 3365 1325 3420 divisione
1364 3381 1492 3420 suae
1545 3377 1768 3423 naturae

221 3466 513 3518 permanere
568 3463 800 3523 poterat.
859 3455 976 3510 Non
1011 3459 1154 3511 enim
1207 3460 1307 3512 hoc
1367 3459 1415 3513 ei
1456 3473 1521 3512 ex
1578 3469 1769 3515 natura

224 3551 451 3614 accessit,
507 3553 602 3606 sed
629 3568 696 3606 ex
747 3553 944 3608 delicto
987 3554 1233 3624 contigit.
1273 3553 1420 3620 Quae
1473 3554 1635 3624 igitur
1674 3569 1767 3610 ne-

221 3642 426 3696 cessitas
477 3643 641 3712 cogit,
671 3652 726 3696 ut
757 3652 877 3712 post
903 3645 1283 3699 adunationem
1321 3654 1544 3700 naturae
1574 3646 1626 3700 in
1657 3646 1768 3716 pri-

228 3736 396 3790 stinam
430 3738 511 3791 sui
549 3739 861 3807 dignitatem
921 3739 1009 3792 illa
1063 3739 1256 3794 divisio
1287 3739 1648 3809 permaneat?
1696 3738 1767 3794 Ut

226 3827 349 3879 enim
397 3836 521 3881 ante
574 3835 853 3896 peccatum
893 3829 1066 3898 potuit
1110 3844 1174 3884 ea
1221 3844 1428 3896 carere,
1461 3830 1532 3884 ita
1569 3830 1769 3899 poterit

227 3925 330 3982 post
349 3915 459 3984 ejus
510 3917 1017 3989 redintegrationem
1047 3921 1388 3977 aeternaliter
1429 3935 1764 3992 permanere.

228 4002 316 4058 Sed
343 4022 404 4062 ne
427 4023 524 4076 per
548 4008 758 4079 singula
805 4009 974 4080 ipsius
1011 4027 1303 4082 persequar
1331 4013 1354 4045 ‘
1381 4028 1678 4077 sermones,
1711 4013 1764 4068 in

228 4094 396 4160 quibus
411 4098 748 4166 apertissime
764 4099 952 4154 edocet
974 4101 1354 4156 adunationem
1378 4103 1543 4158 totius
1558 4109 1769 4157 creatu-

229 4197 323 4249 rae,
345 4200 476 4255 quae
502 4188 555 4242 in
585 4189 760 4257 primo
781 4189 998 4245 homine
1024 4191 1194 4256 ﬁeret,
1218 4193 1262 4247 si
1291 4207 1394 4248 non
1417 4201 1688 4262 peccaret,
1712 4193 1766 4247 in

229 4271 418 4332 Christo
460 4287 774 4349 resurgente
809 4290 934 4335 ante
985 4297 1173 4337 omnes
1195 4297 1293 4352 per
1316 4284 1494 4338 omnia
1543 4283 1762 4348 factam,

230 4376 372 4430 pauca
398 4368 461 4422 de
487 4370 731 4438 pluribus
755 4373 1054 4440 praesentis
1083 4373 1460 4442 disputationis
1489 4374 1659 4444 gratia
1685 4375 1763 4427 in-

1870 3221 1991 3260 nem
2024 3205 2417 3269 manifestavit;
2470 3205 2628 3258 simul
2673 3205 2816 3259 enim
2843 3214 2898 3259 et
2928 3207 2980 3260 in
3019 3207 3268 3274 paradiso
3296 3216 3436 3270 erat,

1869 3296 2005 3351 etin
2053 3296 2154 3350 hac
2185 3303 2326 3350 terra
2359 3302 2411 3350 et
2453 3310 2574 3349 cum
2630 3295 2900 3364 diScipulis
2946 3296 3059 3350 suis
3103 3297 3144 3330 "
3195 3305 3436 3350 moratus

1867 3397 1972 3442 est.

1939 3477 2025 3530 11.
2058 3475 2172 3532 Non
2206 3477 2350 3531 enim
2381 3476 2704 3531 credendum
2731 3484 2834 3539 est,
2859 3476 3076 3531 aliunde
3121 3478 3333 3532 venisse
3371 3477 3440 3531 lo-

1868 3567 2074 3629 caliter,
2107 3577 2167 3620 ut
2202 3568 2314 3621 suis
2342 3566 2616 3634 discipulis
2644 3576 2947 3636 appareret,
2977 3576 3031 3620 et
3067 3566 3320 3620 aliorsum
3351 3583 3436 3620 re-

1867 3657 2112 3721 cessisse,
2147 3657 2361 3725 quando
2409 3655 2454 3688 ”
2506 3671 2610 3710 non
2641 3657 2951 3725 apparebat,
2979 3657 3067 3726 qui
3112 3666 3233 3726 post
3258 3672 3438 3709 resur-

1867 3753 2162 3799 rectionem
2219 3752 2465 3796 naturam
2524 3743 2762 3798 locorum
2798 3759 2862 3798 ac
2910 3746 2952 3779 “
2998 3753 3295 3812 temporum
3334 3760 3440 3797 non

1867 3831 2040 3886 solum
2092 3830 2389 3893 divinitate,
2446 3845 2631 3884 verum
2687 3832 2847 3884 etiam
2877 3832 3212 3885 humanitate
3263 3831 3439 3885 l'm:rat

1868 3934 2265 3989 supergressus.
2292 3918 2599 3988 Spiritnalia
2619 3920 2881 3988 siquidem
2909 3933 3132 3988 corpora
3158 3921 3274 3972 loco
3307 3931 3442 3974 tem-

1866 4024 2064 4080 poreve
2093 4010 2138 4042 ”
2168 4010 2401 4064 coartari
2449 4024 2553 4063 non
2605 4008 2760 4062 facile
2789 4009 3130 4073 crediderim,
3177 4007 3440 4078 quemad-

1867 4103 2083 4157 modum
2138 4117 2309 4171 neque
2360 4101 2742 4171 qualitatibus,
2796 4101 3286 4169 quantitatihlrsve,
3344 4115 3440 4152 seu

1868 4191 2092 4260 alicujus
2120 4191 2322 4246 formae
2358 4191 2805 4260 descriptionibus
2844 4191 3076 4253 variari;
3103 4190 3442 4258 simplicissi-

1867 4297 1988 4337 mae
2039 4283 2182 4337 enim
2237 4291 2460 4336 naturae
2490 4291 2639 4336 sunt.
2670 4280 2820 4346 Quod
2855 4282 3088 4334 maxime
3127 4289 3443 4348 argumento

1866 4371 1986 4440 puri
2021 4372 2162 4440 ignis
2209 4370 2498 4439 colligitur,
2530 4370 2643 4438 qui,
2673 4369 2798 4422 dum
2828 4384 2924 4436 per
2947 4369 3124 4420 omnia
3173 4369 3443 4420 sensibilis

231 4456 498 4512 lroducam.
531 4459 713 4514 Primo
740 4462 904 4530 igitur
935 4462 1214 4517 Dominum
1237 4462 1418 4517 Jesum
1448 4463 1762 4518 divisionem
1793 4454 1842 4512 D
1871 4461 2051 4515 numdi
2077 4476 2302 4530 corpora
2331 4459 2660 4522 diffunditur,
2693 4468 2872 4513 tantae
2900 4458 3208 4512 subtilitatis
3247 4468 3346 4512 est.
3383 4469 3442 4512 ut

232 4554 443 4608 naturae,
499 4548 552 4601 id
606 4557 708 4614 est,
762 4550 1057 4604 masculum
1098 4561 1154 4606 et
1203 4551 1454 4605 feminam
1485 4553 1537 4605 in
1588 4553 1764 4620 seipso

231 4632 461 4696 adunasse
485 4638 713 4702 edocet;
742 4654 843 4692 non
872 4641 1014 4693 enim
1043 4641 1096 4694 in
1125 4656 1254 4696 sexu
1280 4657 1560 4710 corporeo,
1591 4643 1681 4696 sed
1711 4643 1764 4696 in

233 4716 418 4779 homine
452 4734 658 4781 tantum
718 4729 952 4783 surrexit
994 4745 1056 4785 ex
1091 4733 1337 4796 mortuis,
1367 4733 1421 4786 in
1478 4734 1588 4801 ipso
1623 4732 1766 4785 enim

1873 4551 2016 4606 nullo
2047 4550 2163 4604 loco
2185 4551 2509 4612 detineatur,
2533 4559 2586 4602 et
2608 4557 2782 4602 tamen
2823 4550 2874 4601 in
2898 4550 3147 4602 omnibus
3175 4551 3446 4617 operatio-

1873 4655 1993 4693 nem
2018 4655 2167 4692 suam
2193 4636 2536 4691 manifestare
2561 4638 2908 4705 dignoscitur.
2957 4635 3062 4690 Sed
3087 4655 3192 4690 uno
3225 4639 3445 4690 eodem-

1874 4745 1978 4797 que
2035 4737 2297 4798 tempore,
2334 4743 2440 4780 uno
2469 4728 2765 4794 eodemque
2815 4727 2932 4780 loco
2961 4726 3025 4780 ad
3055 4736 3264 4796 tempus
3297 4727 3374 4780 eis
3395 4727 3444 4758 ⁸³

1473 4861 1726 4917 νΑιιιΑΕ
1762 4860 2049 4918 LECTION
2057 4859 2159 4916 ES.

257 4993 306 5070 .‘
347 4992 432 5048 Sic
470 4995 600 5070 .09:
640 4996 705 5070 1.!
733 5014 973 5070 παηιιιεςε-

232 5065 369 5136 thione.
427 5132 438 5136 Α
467 5065 488 5095 ⁸
514 5066 604 5119 Sic
635 5065 721 5120 CD
748 5084 762 5131 ;
794 5068 840 5120 Α
868 5065 1137 5136 fortassis
1174 5078 1246 5120 est
1284 5069 1524 5136 possibile
1545 5085 1672 5122 esse.

233 5125 266 5176 ί)
311 5132 532 5206 nqndum
574 5137 725 5206 enim
750 5125 1044 5206 isiquidem.
1084 5205 1088 5206 ί
1141 5137 1162 5167 ⁸
1193 5125 1427 5206 8ἰέβ1);
1457 5139 1498 5189 Α
1526 5135 1752 5205 plenum.

231 5212 319 5248 om.
345 5200 400 5254 C.
489 5205 530 5234 “
568 5203 660 5258 Sic
703 5200 841 5271 AD;
859 5215 904 5258 et
929 5222 1037 5259 oni.
1067 5205 1130 5258 Α.
1158 5225 1163 5250 ι·

233 5267 347 5342 male
369 5271 462 5323 vel.
548 5273 590 5303 “
619 5273 708 5327 Sic
733 5273 840 5339 CD;
883 5274 924 5326 A
951 5276 1217 5342 paradiso.

231 5332 292 5397 (ἷὶ
319 5339 354 5390 Δ
377 5357 550 5408 quum,
582 5342 625 5394 D
655 5332 918 5411 quoniam.

1081 4999 1105 5030 ⁸
1142 4997 1232 5054 Sic
1275 4998 1394 5063 CD;
1454 4998 1497 5052 Α
1555 4999 1860 5054 diuersione.

1081 5069 1137 5120 tis
1174 5078 1246 5120 est
1286 5069 1524 5120 possibile
1545 5085 1672 5120 esse.
1777 5067 1799 5099 ⁶
1823 5067 1877 5120 Si

1845 5068 1913 5120 Sic
1937 5067 2061 5131 CD;
2098 5067 2138 5119 A
2171 5087 2174 5134 ;

1845 5136 1868 5166 ’
1896 5135 1985 5191 Sic
2018 5135 2174 5190 Λευ.

489 5205 530 5234 ⁸³
568 5203 660 5258 Sic
703 5203 840 5271 AD;
859 5215 904 5258 et
929 5222 1037 5259 oni.
1067 5205 1130 5258 Α.
1158 5225 1163 5250 ε
1227 5207 1272 5236 ¹⁸
1299 5204 1390 5260 Sic
1435 5203 1562 5266 AD;
1595 5207 1749 5258 etiam
1779 5221 1885 5259 om.
1919 5207 1981 5258 A.

548 5273 590 5303 “
619 5273 708 5327 Sic
733 5273 840 5328 CD:
883 5274 924 5326 Α
953 5276 1217 5328 paradiso.
1313 5276 1353 5305 ¹⁷
1382 5275 1472 5328 Sic
1496 5274 1614 5328 CD:
1641 5276 1683 5327 Α
1709 5276 1981 5328 aptissime

1031 5283 1217 5326 radiso.
1313 5283 1352 5305 "
1382 5283 1472 5328 Sic
1496 5283 1614 5336 Cl);
1641 5283 1683 5327 Δ
1709 5283 1992 5341 aptissime.
2069 5283 2115 5304 "
2141 5283 2230 5327 Sic
2259 5283 2326 5326 ut

1031 5343 1172 5398 “Sic
1201 5343 1318 5405 CD;
1344 5345 1386 5397 A
1417 5354 1482 5396 et.
1554 5345 1598 5374 ”
1621 5345 1708 5397 Sic
1734 5343 1850 5406 CD;
1894 5345 1935 5396 A
1985 5355 2326 5413 temporaque.

2759 4927 2790 4939 ἱ

2850 4996 2872 5076 ξ
2911 4997 3001 5076 sic
3048 4997 3165 5076 co;
3215 4995 3258 5050 Α
3306 4995 3440 5076 divi-

2171 5082 2558 5135 persequamur.
2661 5068 2679 5098 "
2712 5065 2800 5119 Sic
2825 5068 2902 5131 C;
2933 5068 2973 5119 A
3005 5069 3237 5120 nondum
3265 5065 3399 5115 enim
3425 5104 3438 5125 ,

2171 5174 2174 5184 ν
2281 5136 2321 5166 ¹⁰
2349 5135 2436 5187 Sic
2460 5135 2546 5188 CD
2590 5152 2604 5189 :
2635 5135 2672 5187 Α
2709 5137 2976 5189 colligant.
3067 5137 3107 5166 ¹¹
3133 5137 3220 5188 Sic
3249 5134 3370 5189 AD;
3411 5149 3442 5182 a

2067 5153 2174 5190 bu.
2281 5153 2321 5166 ’ν
2349 5153 2436 5187 Slc
2460 5153 2546 5188 ω)
2590 5153 2604 5196 ;
2635 5153 2672 5187 Α
2709 5153 2976 5206 cmngant.
3069 5153 3107 5166 “
3133 5153 3220 5188 aut
3249 5153 3370 5192 AU;
3411 5153 3442 5182 η

2129 5203 2220 5278 ξίρ
2248 5203 2328 5278 C_;_
2350 5204 2451 5278 ΑΙ)Δ
2479 5204 2802 5278 diuisionem.
2874 5207 2945 5278 _”
2995 5205 3084 5258 Sic
3102 5206 3227 5278 CD;
3351 5199 3442 5278 “uel

2069 5275 2115 5304 “
2141 5273 2230 5327 Sic
2259 5273 2379 5338 CD;
2429 5273 2465 5324 A
2502 5272 2654 5325 Dens.
2730 5275 2772 5307 ’9
2802 5275 2910 5326 suis
2935 5290 3040 5326 mn.
3088 5273 3197 5325 AD.
3274 5271 3318 5299 ¹⁰
3350 5271 3440 5322 Sic

2405 5341 2448 5372 ⁸³
2478 5342 2566 5396 Sic
2589 5342 2668 5409 C;
2705 5342 2778 5397 eis
2804 5359 2912 5397 om.
2941 5345 3049 5395 AD.

1973 4997 1994 5028 ⁸
2030 4997 2071 5051 Α
2111 4996 2281 5065 ipsam
2331 5004 2378 5049 et
2425 4995 2738 5050 secundum.

1713 5454 1946 5510 NOTAE

291 5550 312 5576 ⁸
335 5538 441 5612 Cad
471 5559 639 5612 marg.
676 5545 849 5597 adscr.
887 5563 899 5598 :
934 5544 1033 5600 Hic
1055 5546 1212 5598 datur
1237 5544 1468 5611 intelligi,
1497 5544 1642 5596 aliud
1670 5560 1778 5597 esse

233 5610 504 5666 Paradisum
539 5610 744 5676 pruexr
768 5617 1049 5668 humanam
1093 5626 1332 5668 naturam
1365 5610 1480 5667 ante
1511 5626 1772 5685 peccatum

1885 5555 1930 5598 et
1954 5547 2260 5616 condignam
2286 5545 2385 5599 sibi
2411 5543 2723 5610 sensibilem,
2755 5544 2800 5596 si
2833 5558 2933 5595 non
2955 5550 3208 5608 peccaret,
3235 5548 3443 5591 creatu-

1882 5631 2012 5667 ram.
