3912 6154
468 267 574 322 £339

1843 255 2117 316 JDANNlS
2155 259 2348 317 SCOTI

3540 257 3545 262 ’
3602 262 3696 316 513

469 381 774 449 apparebat
806 381 858 433 in
889 393 952 434 ea
986 377 1181 444 forma,
1223 378 1276 432 in
1310 391 1416 447 qua
1450 391 1641 447 passus
1665 375 1863 443 fuerat,
1903 377 2103 436 υιίί-,Α
2132 374 2184 427 in
2213 374 2378 428 Deum
2406 382 2460 426 et
2486 372 2538 426 in
2565 372 2936 441 primordiales
2962 387 3156 427 causas
3205 387 3332 428 suas
3354 377 3396 439 ‘,
3431 377 3481 428 in
3515 379 3700 445 quibus
3741 457 3744 460 ῃ

467 476 590 523 dem
627 471 841 524 illorum
876 471 1132 535 nutriret,
1151 471 1328 523 donec
1357 484 1516 524 verae
1570 470 1897 541 cognitionis
1928 471 2043 524 vir-

471 571 641 614 tutem
679 563 720 622 ⁸,
753 577 858 629 qua
890 561 1232 628 postmodum
1269 561 1473 627 perfusi
1504 565 1523 594 ³
1559 571 1711 625 sunt,
1767 561 2045 616 illumina-

471 653 676 697 rentur.
705 643 771 696 Et
792 652 1008 710 peracto
1028 648 1435 696 momentaneae
1463 642 1816 710 apparitionis
1839 641 2034 710 spatio,

474 747 595 784 mox
650 731 702 783 iu
735 731 756 761 ³
798 729 1210 784 intellectualem
1267 729 1696 798 invisibilemque
1742 729 2037 798 spiritualis

469 819 710 887 corporis
753 821 997 894 ἀορασίαν
1018 858 1034 884 ,
1066 819 1119 873 id
1168 828 1251 873 est
1279 817 1727 880 invisibilitatem,
1757 833 1897 887 quae
1921 832 2038 871 om-

469 923 534 961 ne
555 918 813 977 -tempus,
842 917 902 961 ut
929 909 1314 977 praediximus,
1365 920 1688 977 omnemque
1735 906 1912 960 locum
1943 921 2035 960 su-

470 1005 643 1062 perat,
695 995 905 1049 redibat
936 1013 950 1049 :
982 996 1067 1050 vel
1092 999 1234 1066 quod
1297 997 1613 1053 credibilius
1641 1009 1760 1050 esse
1802 995 2036 1061 videtur,

470 1087 614 1142 nullo
648 1088 808 1143 modo
853 1101 920 1142 ex
946 1089 1354 1142 resurrectionis
1388 1088 1556 1157 gloria
1610 1087 1747 1152 loco,
1793 1087 1876 1142 vel
1905 1097 2040 1143 tem-

472 1189 620 1243 pore,
658 1175 742 1229 vel
769 1176 1090 1243 quantitate,
1117 1174 1440 1243 qualitateve
1453 1176 1727 1242 recedens,
1757 1175 1841 1230 his
1863 1175 2034 1245 siqui-

470 1267 591 1317 dem
619 1264 870 1318 omnibus
906 1264 1205 1334 Spiritualia
1236 1278 1463 1334 corpora
1493 1279 1698 1329 carere,
1731 1280 1888 1320 nemo
1945 1265 2036 1332 qui

473 1351 737 1415 dubitat‘,
768 1352 820 1405 in
842 1366 904 1406 ea
935 1352 1127 1418 forma,
1152 1368 1254 1420 qua
1279 1353 1737 1423 mundoapparuit
1756 1354 1808 1407 in
1836 1354 2037 1408 mundo

470 1443 677 1505 vivens,
707 1458 804 1511 pro
831 1443 1012 1497 mundi
1054 1442 1224 1497 salute
1254 1452 1376 1512 post
1401 1441 1848 1498 resurrectionem
1879 1442 2037 1498 disci-

470 1532 608 1599 pulis
632 1534 745 1586 suis
774 1534 1008 1602 seipsum
1053 1532 1457 1588 manilestabat.
1486 1531 1601 1587 Non
1628 1535 1771 1588 enim
1804 1535 2036 1589 humana

473 1621 810 1674 ratiocinatio
855 1621 1146 1690 praevalet,
1200 1621 1289 1675 ubi
1332 1623 1511 1677 divina
1552 1626 1788 1693 potentia
1837 1627 2038 1680 solum»

471 1712 627 1764 modo
657 1710 836 1778 pollet.
885 1709 1016 1764 Nam
1065 1711 1208 1778 quod
1255 1711 1370 1780 ipse
1400 1713 1473 1766 ait

468 1816 584 1852 cum
619 1816 733 1852 sum
773 1801 1005 1853 omnibus
1035 1801 1216 1854 diebus
1242 1817 1402 1871 usque
1444 1802 1513 1855 ad
1542 1804 2034 1858 consummationem

467 1889 646 1953 seculi,
675 1889 804 1942 satis
825 1906 886 1943 ac
912 1890 1066 1958 plane
1091 1891 1308 1954 indicat,
1335 1891 1506 1960 ipsum
1532 1907 1635 1945 non
1655 1893 1825 1947 solum
1847 1908 2036 1952 secum-

467 1978 592 2029 dum
618 1978 854 2040 verbum,
890 1995 995 2046 quo
1022 1980 1202 2032 omnia
1235 1980 1440 2048 implet,
1470 1989 1526 2034 ct
1546 1995 1706 2049 super
1726 1982 1906 2036 omnia
1929 1994 2034 2048 est,

468 2081 652 2117 verum
691 2065 851 2118 etiam
887 2067 1176 2120 secundum
1208 2082 1445 2130 carnem,
1479 2082 1640 2136 quam
1682 2069 1736 2123 in
1777 2070 2034 2124 unitatem

468 2169 596 2207 suae
625 2152 955 2208 substantiae
978 2153 1058 2207 vel
1092 2170 1352 2222 personae
1375 2157 1602 2225 accepit,
1622 2165 1678 2210 et
1697 2171 1761 2212 ex
1810 2159 2038 2215 mortuis

469 2241 768 2306 suscitavit,
786 2242 910 2296 etin
937 2241 1100 2294 Deum
1121 2244 1513 2307 transmutavit,
1538 2259 1748 2314 semper
1767 2253 1821 2300 el
1843 2247 2039 2314 ubique

468 2343 605 2391 esse,
636 2343 740 2380 non
779 2337 954 2382 tamen
981 2321 1221 2383 localiter
1248 2344 1343 2384 seu
1381 2331 1761 2400 temporaliter,
1802 2348 1904 2389 nec
1930 2335 2038 2392 ullo

469 2420 626 2474 modo
652 2419 1138 2489 circumscriptum.
1173 2420 1401 2479 erabili
1423 2422 1686 2491 siquidem
1705 2432 1761 2478 et
1781 2423 2038 2484 ineﬂ'abill

469 2513 626 2566 modo
675 2522 730 2565 et
783 2527 940 2581 super
985 2529 1173 2567 omnes
1201 2514 1460 2570 caelestes
1503 2516 1784 2581 essentias,
1833 2526 2036 2574 etcum

471 2604 624 2657 l'atre
651 2615 732 2656 est
761 2606 1050 2659 secundum
1078 2607 1486 2672 humanitatem,
1513 2622 1650 2676 quae
1676 2607 2037 2664 VerboPatris

470 2695 702 2748 adunata
731 2703 831 2757 est,
872 2703 924 2750 et
955 2696 1092 2750 Deus
1120 2705 1224 2760 est,
1253 2705 1307 2750 et
1342 2697 1536 2765 ubique
1573 2697 1710 2768 regit
1754 2699 2034 2766 mundum,

469 2796 522 2836 et
551 2785 892 2854 diligentibus
939 2799 1017 2852 se,
1065 2786 1178 2842 sive
1225 2786 1585 2851 invisibiliter,
1615 2789 1728 2844 sive
1757 2789 2038 2846 visibiliter

471 2885 713 2944 apparet,
758 2877 961 2932 caelum
995 2894 1098 2932 non
1151 2878 1351 2933 deserit
1391 2887 1445 2934 et
1473 2881 1728 2937 mundum
1767 2883 1924 2952 regit,
1968 2883 2038 2940 ad

469 2967 709 3020 dextram
740 2966 913 3021 Patris
949 2969 1117 3033 sedet,
1152 2969 1204 3024 in
1244 2969 1466 3024 summis
1493 2971 1668 3026 omnia
1707 2972 2033 3038 gubernans,

2135 463 2456 517 naturaliter
2478 462 2741 527 subsistit,
2773 464 3025 516 reditum.

2203 553 2289 606 12.
2323 552 2556 614 Etenim,
2587 561 2645 604 ut
2667 552 2802 604 ratio
2828 552 3020 605 edocet
3047 551 3113 615 ",
3147 551 3375 605 mundus
3406 553 3505 606 iste
3533 555 3586 607 in
3613 571 3700 609 va-

2133 643 2244 698 rias
2278 641 2662 709 sensibilesque
2691 641 2912 709 species.
2944 641 3290 709 diversasque
3326 643 3556 710 partium
3588 661 3701 699 sua-

2134 745 2255 783 rum
2284 729 2706 798 multiplicitates
2740 745 2844 782 non
2889 738 3215 797 erumperet,
3260 729 3305 797 si
3353 731 3493 784 Deus
3524 747 3702 789 casum

2133 827 2191 874 et
2218 819 2493 872 interitum
2535 819 2694 886 primi
2741 818 2993 879 hominis,
3025 820 3285 872 unitatem
3326 835 3455 874 suae
3486 831 3701 876 naturae

2134 907 2455 970 deserentis,
2497 923 2602 960 non
2647 906 3007 976 praevideret,
3039 916 3096 960 ut
3121 908 3313 962 saltem
3351 917 3471 977 post
3499 911 3698 964 ruinam

2135 1011 2289 1050 suam
2319 997 2385 1050 de
2411 997 2778 1065 spiritualibus
2820 996 2885 1049 ad
2931 997 3248 1065 corporalia,
3279 999 3345 1052 de
3376 1001 3613 1055 aeternis
3639 1004 3697 1056 ad

2136 1086 2476 1152 temporalia,
2511 1087 2577 1138 de
2609 1085 3103 1154 incorruptibilibus
3131 1088 3197 1140 ad
3224 1090 3444 1150 caduca,
3473 1089 3540 1142 de
3565 1105 3701 1143 sum-

2136 1175 2240 1229 mis
2265 1176 2331 1227 ad
2359 1176 2486 1238 ima,
2516 1191 2544 1227 a
2575 1175 2839 1244 spirituali
2870 1176 3084 1229 homine
3117 1177 3168 1230 in
3197 1178 3499 1242 animalem,
3527 1195 3555 1231 a
3577 1181 3698 1232 sim-

2135 1265 2258 1334 plici
2315 1275 2506 1320 natura
2559 1267 2626 1318 ad
2675 1281 2899 1320 sexuum
2951 1267 3292 1331 divisionem,
3350 1283 3417 1322 cx
3469 1271 3697 1339 angelica

2135 1355 2394 1423 dignitate
2436 1365 2490 1409 et
2518 1354 2961 1424 multiplicatione
2991 1357 3058 1410 ad
3098 1359 3405 1425 pecorinam
3434 1368 3701 1413 contume-

2137 1442 2433 1511 liosamque
2460 1443 2967 1512 corruptibilemquc
2993 1445 3286 1498 secundum
3323 1461 3522 1514 corpus
3551 1461 3701 1516 gene‘

2137 1520 2420 1595 rationem,
2465 1545 2620 1584 suum
2669 1531 3025 1584 miserabilem
3077 1532 3350 1586 interitum
3393 1535 3483 1586 tali
3537 1549 3698 1603 poena

2138 1621 2443 1676 admonitus
2477 1630 2845 1691 cognosceret,
2873 1631 2930 1677 et
2961 1623 3027 1675 ad
3060 1637 3188 1677 suae
3224 1622 3496 1692 dignitatis
3530 1627 3702 1692 pristi-

1520 1731 1532 1766 :
1579 1713 1713 1767 Ecce
1738 1729 1831 1783 ego
1862 1715 2031 1769 vobis-
2062 1712 2109 1772 B
2137 1725 2264 1763 num
2295 1718 2493 1764 statum
2538 1711 2879 1780 poenitendo,
2925 1711 3336 1779 superbiamque
3365 1728 3518 1766 snam
3545 1714 3697 1782 depoo

2139 1799 2336 1863 nendo,
2367 1799 2680 1869 divitiasque
2725 1799 2888 1867 leges,
2936 1816 3070 1868 quas
3119 1810 3487 1871 transgressus
3515 1803 3696 1867 fuerat,

2138 1889 2406 1960 implendo
2427 1891 2602 1946 redire
2619 1893 2931 1961 postularet.
2959 1891 3072 1947 Non
3093 1893 3233 1947 enim
3257 1895 3584 1948 credendum
3605 1904 3696 1958 est,

2135 1977 2523 2032 divinissimam
2546 1981 2838 2034 conditoris
2857 1979 3192 2034 clementiam
3213 1989 3523 2048 peccantem
3540 1982 3698 2036 homi~

2137 2080 2259 2120 nem
2285 2066 2339 2120 in
2373 2067 2516 2121 hunc
2543 2068 2800 2121 mundum
2827 2068 3112 2122 retrusisse
3140 2068 3290 2136 quasi
3315 2070 3546 2138 quadam
3578 2071 3698 2122 indi-

2135 2156 2390 2226 gnatione
2415 2166 2739 2212 commotam
2769 2159 2832 2222 “,
2863 2167 2954 2211 aut
2975 2159 3202 2226 quodam
3226 2159 3529 2214 vindicandi
3565 2167 3698 2214 motu

2135 2233 2384 2315 cupidam
2409 2247 2487 2313 ης
2532 2247 2618 2301 his
2660 2247 2804 2302 enim
2834 2247 3200 2302 accidentibus
3227 2249 3458 2304 divinam
3501 2251 3700 2304 bonita-

2135 2341 2245 2388 tem
2287 2349 2475 2390 carere
2529 2349 2655 2390 vera
2705 2336 2842 2390 ratio
2882 2337 3110 2391 indicat:
3156 2338 3249 2394 sed
3294 2339 3450 2393 modo
3474 2343 3696 2409 quodam

2136 2423 2422 2480 ineﬂ'abilis
2472 2425 2748 2481 doctrinae
2791 2426 3446 2497 incompreliensibilisque
3495 2429 3699 2483 miseri-

2137 2515 2372 2580 cordiae,
2403 2524 2463 2570 ut
2503 2517 2680 2577 homo,
2715 2515 2804 2584 qui
2849 2515 3050 2571 liberae
3075 2516 3363 2572 voluntatis
3387 2517 3616 2572 arbitrio
3652 2519 3699 2572 in

2136 2621 2266 2662 suae
2293 2617 2518 2662 naturae
2545 2607 2805 2678 dignitate
2835 2622 2893 2661 se
2930 2607 3201 2662 custodire
3229 2607 3493 2672 noluerat,
3527 2609 3703 2663 condi-

2137 2696 2272 2750 toris
2315 2696 2396 2751 sui
2424 2696 2653 2766 gratiam
2685 2697 2796 2751 suis
2822 2697 3010 2766 poenis
3047 2698 3288 2751 eruditus
3313 2707 3620 2766 quaereret,
3656 2707 3706 2750 et

2135 2799 2233 2854 per
2254 2801 2370 2838 eam
2415 2787 2611 2840 divinis
2650 2787 2952 2856 praeceptis
2975 2785 3248 2849 obedicns,
3277 2801 3413 2854 quae
3445 2787 3598 2855 prius
3623 2802 3705 2840 sn-

2135 2876 2428 2944 perbiendo
2472 2877 2800 2947 neglexerat,
2855 2879 2922 2930 ad
2974 2892 3127 2932 suum
3181 2878 3464 2947 pristinum
3513 2886 3702 2932 statum

2137 2972 2326 3019 cautus
2379 2965 2806 3036 providusque“
2851 2965 3110 3034 pristinae
3164 2981 3294 3020 suae
3353 2967 3706 3037 negligentiae

471 3057 733 3108 humanae
769 3065 992 3110 naturae
1029 3057 1256 3110 salutem
1286 3057 1338 3110 in
1382 3057 1504 3112 imis
1531 3057 1863 3114 ministrans.
1913 3059 2029 3118 Noli
2057 3045 2101 3106 C
2132 3060 2452 3128 superbique
2477 3073 2632 3114 casus
2659 3057 2871 3112 humilis
2898 3067 3058 3127 atque
3079 3072 3284 3111 memor
3313 3057 3539 3121 rediret,
3572 3057 3705 3108 unde

471 3161 597 3214 ergo
633 3146 685 3198 in
715 3145 834 3200 loco
863 3146 1060 3215 lingere
1086 3146 1283 3202 Christi
1309 3147 1714 3213 humanitatem,
1751 3163 1887 3218 quae
1916 3159 2036 3220 post

473 3233 915 3287 resurrectionem
954 3235 1207 3288 translata
1241 3244 1326 3288 est
1361 3234 1415 3288 in
1455 3234 1805 3290 divinitatem.
1834 3237 2034 3294 Diviniv

475 3331 554 3373 tas
585 3321 788 3390 Christi
823 3323 874 3373 in
902 3321 1018 3376 loco
1046 3337 1150 3375 non
1180 3332 1288 3386 cst;
1320 3323 1479 3392 igitur
1509 3339 1683 3394 neque
1705 3325 1822 3394 ejus
1849 3327 2035 3386 huma-

470 3411 630 3462 nitas.
662 3409 861 3464 Eodem
892 3413 1047 3466 modo
1081 3427 1208 3468 sane
1249 3412 1484 3483 intelligo
1507 3413 1529 3444 ⁸
1561 3415 1626 3468 de
1678 3424 1936 3484 tempore,
1969 3417 2034 3470 de

469 3497 751 3564 qualitate,
795 3497 861 3552 de
902 3499 1199 3566 quantitate
1222 3498 1261 3562 ⁸,
1315 3500 1379 3554 de
1405 3499 1576 3556 forma
1605 3502 2030 3573 circumscripta.

473 3587 564 3638 llis
594 3587 736 3640 enim
768 3587 1015 3641 omnibus
1058 3597 1166 3641 tota
1210 3588 1405 3644 Christi
1434 3590 1757 3656 humanitas,
1803 3594 1904 3648 hoc
1931 3605 2032 3657 est,

470 3689 664 3741 corpus
689 3683 744 3728 et
769 3675 946 3728 anima
987 3684 1042 3732 et
1070 3676 1370 3732 intellectus
1392 3694 1577 3735 carere
1600 3681 1848 3750 piissime
1861 3682 2036 3737 credi—

493 3782 557 3817 ur
613 3766 1001 3835 purissimcque
1062 3768 1374 3838 intelligitur
1447 3781 1570 3839 post
1623 3774 2035 3835 resurrectionis

471 3853 728 3921 palmam;
767 3864 822 3908 et
867 3857 933 3909 ad
977 3858 1218 3910 eamdem
1251 3858 1474 3928 gloriam
1518 3860 1719 3916 electos
1745 3877 1872 3918 suos
1913 3873 2035 3931 post

469 3946 786 4000 catholicam
810 3948 1251 4004 resurrectionem
1281 3951 1556 4015 ducturus,
1596 3952 1688 4020 qui
1713 3954 1732 3984 ⁷
1765 3969 1927 4008 unum
1979 3955 2034 4008 in

469 4050 534 4085 eo
562 4043 614 4088 et
643 4051 762 4088 cum
783 4051 846 4090 eo
872 4035 1033 4090 futuri
1060 4047 1204 4090 sunt.
1235 4037 1479 4094 Christus
1507 4040 1668 4109 igitur
1707 4051 1763 4096 et
1791 4043 1845 4098 in
1880 4059 2036 4112 para-

471 4125 586 4177 diso
613 4131 731 4177 erat
755 4124 912 4178 simul
938 4133 993 4178 et
1036 4126 1087 4178 in
1121 4127 1336 4191 mundo,
1365 4129 1654 4183 ostendens
1693 4139 1747 4184 et
1773 4132 1954 4186 mundi
1983 4141 2038 4187 et

471 4214 703 4283 paradisi
743 4231 900 4268 uuam
934 4216 1194 4270 rationem
1241 4217 1536 4270 naturalem
1573 4231 1710 4282 esse,
1764 4220 1817 4274 in
1861 4221 2038 4289 seipso

474 4303 727 4356 mundum
757 4312 811 4356 et
837 4304 1142 4373 paradisum
1165 4305 1424 4358 adunans.
1456 4305 1571 4358 Non
1594 4306 1736 4360 enim
1765 4307 1817 4360 in
1841 4311 2038 4363 mundo

473 4391 638 4446 moles
663 4407 968 4460 corporeus,
1000 4393 1290 4463 Spatiisque
1305 4393 1582 4457 distentas,
1615 4395 2039 4466 multiplicesque

2133 3147 2327 3202 iterum
2359 3149 2530 3217 gratia
2553 3163 2615 3202 ac
2646 3147 2816 3202 libero
2861 3162 2990 3202 suae
3017 3147 3304 3201 voluntatis
3325 3147 3553 3201 arbitrio
3593 3163 3708 3200 cus-

2133 3237 2332 3291 toditus
2355 3237 2400 3270 “
2429 3253 2534 3293 non
2565 3238 2796 3301 caderet,
2829 3251 2927 3291 nec
2951 3237 3142 3291 cadere
3169 3237 3358 3299 vellet,
3386 3251 3488 3290 nec
3509 3246 3703 3306 posset.

2135 3327 2242 3381 Sed
2269 3327 2557 3383 redeamus
2577 3329 2631 3382 in
2657 3329 3036 3382 adunationem
3061 3337 3372 3382 naturarum
3390 3329 3442 3380 in
3473 3329 3704 3381 Christo.

2131 3413 2351 3479 Deinde,
2388 3417 2561 3485 inquit
2603 3417 2905 3487 praedictus
2936 3418 3209 3487 magister,
3257 3434 3348 3485 per
3389 3420 3702 3486 assumptio-

2132 3522 2248 3560 rtem
2293 3507 2347 3560 in
2385 3507 2602 3570 caelum,
2640 3507 2872 3576 profecto
2911 3507 3110 3560 caelum
3155 3507 3481 3574 uuiﬁcasit"
3525 3517 3572 3558 et
3608 3517 3710 3559 ter-

2134 3611 2268 3658 ram,
2301 3604 2349 3650 et
2376 3612 2492 3650 cum
2516 3605 2716 3650 terreno
2739 3597 2835 3649 huc
2867 3612 3080 3664 corpore
3107 3596 3250 3649 nobis
3273 3595 3626 3656 connaturali,
3658 3598 3708 3647 in

2132 3684 2458 3752 spiritualem
2493 3685 2836 3742 substantiam
2879 3684 3106 3740 videlicet
3141 3692 3371 3746 mutato,
3410 3684 3620 3737 rediens
3658 3685 3709 3735 in

2133 3774 2356 3839 caelum,
2385 3791 2544 3834 unam
2588 3775 2886 3832 existente":
2913 3789 3112 3828 onmem
3135 3772 3423 3828 sensibilem
3466 3781 3710 3826 natumut

2134 3865 2515 3934 manifestae“;
2551 3865 2738 3922 deinde
2778 3865 3046 3922 scusibilia
3083 3876 3128 3920 et
3159 3863 3506 3932 intelligibilia
3537 3880 3713 3916 conse-

2133 3965 2352 4024 quenter
2372 3955 2418 3990 ⁸⁸
2451 3971 2544 4024 per
2561 3972 2737 4010 omnes
2762 3955 3024 4016 caelestes,
3047 3954 3364 4023 diriuosquc,
3389 3953 3714 4008 intellectua-

2135 4043 2209 4102 Ies
2247 4043 2454 4098 ordines
2485 4045 2766 4108 transiens,
2795 4059 2912 4102 cum
2941 4044 3118 4104 anima
3156 4052 3204 4098 et
3229 4058 3460 4109 corpore,
3490 4043 3591 4097 hoc
3617 4052 3710 4104 est,

2135 4135 2363 4204 perfecta
2405 4145 2584 4195 nostra
2617 4145 2807 4196 natura
2851 4135 3101 4192 adunavit
3132 4135 3288 4190 totius
3324 4142 3602 4188 creaturae
3640 4150 3714 4186 sc-

2139 4227 2366 4282 eundum
2391 4223 2883 4294 principalissimam
2903 4224 3015 4291 ejus
3041 4223 3292 4283 rationem
3323 4237 3637 4278 concursum
3660 4222 3712 4273 in

2139 4333 2194 4370 se
2215 4317 2326 4384 ipso
2347 4316 2568 4385 perfecte
2597 4314 2991 4384 inseparabilem
3016 4325 3170 4382 atque
3203 4313 3518 4366 immobilem
3550 4322 3716 4366 osten-

2135 4405 2296 4470 dens;
2327 4415 2373 4458 et
2403 4404 2526 4472 ﬁnis
2558 4405 2613 4456 in
2639 4405 2874 4460 omnibus
2902 4403 2982 4462 Itis
3009 4402 3290 4456 secundum
3316 4400 3714 4469 intelligentiam

473 4482 802 4536 diversarum
833 4482 1063 4550 partium
1091 4481 1206 4548 ejus
1232 4483 1516 4537 varietates
1562 4497 1687 4538 vera
1734 4485 1873 4541 ratio
1913 4500 2041 4540 con-
2138 4493 2500 4557 humanitatis,
2531 4494 2627 4546 hoc
2653 4501 2751 4555 est,
2790 4493 3071 4548 secundum
3105 4492 3271 4558 ipsum
3311 4490 3715 4551 humanitatem,

475 4572 676 4625 siderat
703 4581 758 4625 et
785 4573 1122 4643 honorilicat,
1154 4573 1248 4628 sed
1291 4573 1562 4630 naturales
1590 4582 1647 4628 et
1673 4574 2042 4650 primordiales
2139 4583 2278 4652 apud
2320 4583 2487 4651 ipsum
2511 4582 2568 4650 ﬁt
2597 4582 2638 4613 ³⁷
2684 4581 2870 4646 Deum,
2917 4596 3169 4650 apparens
3215 4595 3309 4648 pro
3355 4578 3538 4642 nobis,
3585 4580 3716 4632 sicut

475 4659 615 4714 iilius
643 4675 851 4723 causas,
877 4661 928 4713 iu
955 4662 1143 4730 seipsis
1160 4663 1335 4716 unitas
1356 4671 1515 4731 atque
1535 4663 1941 4732 pulcherrimas,
1988 4667 2042 4720 in
2139 4675 2388 4742 scriptum
2427 4683 2525 4735 est,
2572 4672 2736 4726 vultui
2771 4671 2867 4725 Dei
2913 4683 2959 4731 et
2996 4671 3202 4733 Patris,
3251 4680 3506 4739 quantum
3537 4671 3717 4729 homo.

475 4765 608 4816 quas
644 4751 769 4803 dum
815 4751 935 4803 linis
965 4767 1092 4805 suus
1134 4754 1362 4814 venerit,
1393 4767 1707 4807 reversurus
1734 4756 1855 4819 erit,
1887 4764 1941 4809 et
1981 4756 2036 4810 in
2133 4761 2224 4831 qui
2253 4775 2532 4829 numquam
2574 4760 2682 4812 ullo
2725 4759 2878 4812 modo
2921 4775 2952 4811 a
2981 4756 3162 4821 Patre,
3203 4767 3454 4827 quantum
3484 4757 3718 4817 verbum,

473 4841 552 4890 eis
579 4838 916 4892 aeternaliter
946 4854 1245 4892 mansurus.
1300 4839 1411 4892 Non
1456 4848 1634 4893 autem
1673 4841 1836 4894 alium
1876 4843 2036 4898 linem

475 4927 658 4981 mtmdi
684 4927 839 4997 hujus
866 4928 1131 4982 sensibilis
1151 4926 1174 4960 ⁸
1201 4928 1470 4983 credimus
1492 4943 1611 4982 esse
1630 4927 1892 4997 futurum,
1935 4933 2038 4987 nisi

2134 4859 2296 4919 potest
2315 4849 2565 4902 recedere.
2595 4849 2668 4900 Ac
2681 4849 2905 4917 primum
2935 4849 3176 4900 adunacit
3205 4863 3296 4899 nos
3320 4847 3363 4877 ³⁸
3389 4845 3647 4899 nobismet
3668 4847 3722 4895 in

2136 4942 2302 5010 seipse
2322 4954 2416 5008 per
2431 4938 2743 4994 oblationem
2764 4937 3044 4992 secundum
3070 4934 3360 4990 masculum
3387 4946 3433 4988 et
3459 4935 3720 5002 feminam

1735 5091 1991 5148 VARIAE
2037 5094 2436 5152 LECTIONES.

550 5201 565 5232 ⁸
606 5202 696 5256 Sic
739 5200 856 5265 CD;
908 5201 952 5254 A
998 5202 1201 5254 virtute.
1313 5199 1333 5229 ¹
1362 5197 1453 5253 Sic
1495 5196 1612 5264 CD;
1665 5201 1708 5254 A

479 5273 756 5340 t.rt.’igitur;
814 5272 855 5325 υ
904 5272 1130 5340 iutellige
1183 5285 1324 5340 sane.

475 5341 497 5371 ⁵
543 5337 634 5394 Sic
682 5341 800 5406 CD;
846 5342 888 5392 A
936 5337 1095 5408 hujus
1144 5337 1398 5392 sensibilis
1444 5339 1643 5390 mundi.

477 5431 514 5461 r-
541 5422 781 5462 inmotus.
875 5411 917 5440 “
949 5407 1040 5461 Sic
1063 5410 1138 5472 A;
1195 5408 1281 5462 CD
1316 5407 1552 5474 cupidus.

1760 5203 1985 5272 profusi.

481 5550 601 5602 talia
629 5551 910 5616 constituit,
931 5555 1325 5617 consequenter
1351 5554 1452 5600 cct.
1533 5549 1571 5578 ⁸⁷
1604 5549 1692 5604 Sic
1714 5549 1833 5614 (ID;
1877 5551 1920 5603 A
1947 5553 2034 5604 sit.

1438 5213 1453 5250 :
1495 5207 1612 5264 CD;
1665 5207 1708 5254 A
1760 5207 1985 5272 profusi.
2093 5207 2114 5238 ³
2151 5208 2205 5260 in
2261 5222 2370 5260 om.
2424 5207 2487 5261 A.
2596 5207 2620 5238 ⁸
2664 5207 2754 5261 Sic

1438 5267 1458 5296 ‘
1507 5269 1595 5321 Sic
1643 5269 1756 5336 CD;
1808 5273 1850 5325 A
1906 5276 1969 5326 de
2018 5279 2338 5344 quantitate,
2414 5276 2478 5329 de
2525 5275 2794 5346 qualitate.

1444 5339 1643 5390 mundi.
1754 5345 1774 5375 ’
1838 5342 1928 5394 Sit:
1977 5345 2097 5394 Al):
2148 5346 2188 5394 C
2253 5361 2377 5394 suns
2428 5361 2634 5394 causas.
2765 5346 2794 5374 ¹¹

1528 5345 1643 5390 ηηάὶ.
1754 5345 1774 5375 ³
1838 5345 1928 5394 Sic
1977 5345 2097 5406 Al);
2148 5346 2188 5398 C
2253 5361 2377 5397 suas
2428 5345 2634 5397 causas.

1528 5425 1552 5482 ξ.
1589 5477 1598 5485 ⁸
1647 5409 1688 5440 ³³
1721 5411 1811 5464 Sic
1837 5413 1956 5474 Cl);
2001 5417 2138 5485 Auct
2163 5417 2426 5485 prouidus.
2462 5415 2572 5485 μη
2612 5413 2634 5485 Ε

477 5485 593 5532 arti.
621 5480 915 5544 custodito;
947 5479 988 5532 Ι)
1014 5480 1236 5546 gratiam
1269 5480 1384 5544 (per
1411 5478 1544 5544 om.)
1581 5477 1617 5530 l.
1651 5495 1694 5531 s.
1727 5497 1774 5532 ιε.
1805 5499 1857 5532 a.
1887 5477 2164 5537 custodito.

2111 5553 2155 5584 ¹⁸
2177 5551 2264 5608 Sic
2289 5553 2404 5616 CD;
2435 5551 2587 5606 Anos
2616 5554 2884 5606 aduuavit.

2596 5203 2620 5238 ⁸
2664 5206 2754 5261 Sic
2798 5205 2953 5262 ACD.
3061 5203 3085 5239 ⁸
3125 5205 3214 5259 Sic
3250 5203 3322 5268 (ἒς
3368 5204 3414 5257 Α
3454 5219 3598 5261 sane
3644 5208 3726 5259 iu-

2902 5277 2921 5308 "
2958 5273 3049 5330 Sic
3105 5277 3182 5339 A;
3243 5276 3332 5342 qui
3406 5289 3520 5326 om.
3611 5277 3723 5329 CD.

2765 5345 2806 5374 ¹⁰
2854 5345 2897 5397 Α
2944 5347 3108 5397 docet.
3233 5347 3273 5374 ¹¹
3329 5343 3420 5396 Sic
3464 5346 3512 5394 Α
3555 5361 3570 5408 ;
3638 5346 3726 5397 CD

2750 5413 2872 5494 ac:
2913 5414 2965 5494 ,Α
3005 5413 3345 5494 vetaretur?
3374 5413 3472 5494 lib:

2241 5483 2285 5514 ¹⁸
2315 5483 2404 5537 Sic
2449 5481 2569 5547 CD;
2601 5484 2643 5536 Α
2676 5483 2965 5550 viviﬁcarit.
3006 5477 3015 5483 ’
3044 5483 3084 5514 ¹⁶
3107 5477 3196 5537 Sic
3229 5477 3404 5542 CD;A
3455 5481 3724 5551 intelligi.
