3912 6154
251 299 335 355 5H

251 409 574 479 «ti/ferendae,
618 417 666 461 et
710 423 802 477 pro
839 407 961 461 viris
1020 416 1067 460 et
1098 422 1192 476 pro
1220 407 1236 437 ¹
1269 403 1594 466 mulieribus,
1617 400 1802 472 quibus
1831 376 2096 460 Αῑίηθηῑ»

249 499 496 555 divisionis
527 497 753 551 maxime
786 496 1060 564 inspicitur
1084 494 1293 561 modus,
1337 493 1568 547 homines
1608 488 1806 544 solum-

248 587 384 640 modo
416 585 721 655 proprieque
762 600 976 653 vereque
1021 583 1266 646 ostendit,
1308 580 1556 635 mundam
1583 578 1804 648 ferentes

247 666 531 746 imaginem,
575 691 731 745 quam
773 672 916 727 nullo
959 672 1112 726 modo
1156 669 1499 745 corruptionis
1535 667 1805 722 notamina

247 774 471 835 tangunt.
503 758 1059 830 Videsne,‘quantum
1090 768 1273 830 aperte
1301 759 1601 823 denuntiat,
1633 757 1804 810 homi-

245 869 352 908 nem
404 854 472 907 ad
517 851 805 923 imaginem
858 858 912 904 et
951 848 1354 903 similitudinem
1386 846 1480 901 Dei
1527 844 1801 900 conditum

244 956 391 995 sexus
429 938 730 994 diﬂ'erentia
776 938 996 992 omnino
1032 936 1287 1002 caruisse,
1324 943 1378 989 et
1406 933 1600 999 adhuc,
1635 948 1803 1003 quan-

245 1039 342 1080 tum
373 1028 428 1081 in
453 1041 518 1082 eo
557 1026 735 1095 imago
760 1035 814 1079 et
840 1024 1133 1079 similitudo
1163 1022 1454 1078 conditoris
1497 1029 1796 1091 permanet,

242 1129 436 1180 carere,
460 1115 739 1184 ipsamque
782 1112 1097 1168 divisionem
1149 1120 1367 1181 propter
1406 1119 1682 1182 peccatum
1716 1124 1801 1165 sc-

240 1206 463 1259 cundum
517 1220 713 1273 corpus
755 1204 1090 1259 solummodo
1135 1203 1414 1257 accidisse.
1462 1202 1798 1269 Quamquam

241 1295 371 1348 enim
402 1295 454 1349 in
489 1295 667 1348 anima
698 1293 968 1364 spiritales
996 1308 1158 1348 sexus
1192 1292 1563 1361 intelligantur
1586 1290 1630 1355 ⁸,
1680 1298 1798 1350 νοῦς

240 1385 493 1454 siquidem
515 1384 816 1439 intellectus
832 1383 995 1438 veluti
1017 1384 1231 1452 quidam
1257 1382 1524 1439 masculus
1546 1383 1598 1436 in
1617 1382 1796 1437 anima

240 1483 329 1537 est,
357 1472 599 1535 αἴσθησις
622 1488 771 1538 vero,
803 1472 857 1527 id
885 1480 968 1527 est
989 1487 1200 1539 sensus,
1227 1471 1388 1526 veluti
1415 1470 1679 1541 quaedam
1719 1470 1821 1526 fe-'

241 1566 393 1629 mina,
417 1580 522 1618 non
547 1572 724 1618 tamen
743 1553 1213 1633 ibicognoscimus
1232 1570 1458 1618 naturae
1484 1563 1792 1627 divortium,

239 1655 319 1708 sed
337 1653 540 1709 Christi
587 1662 641 1708 et
668 1653 931 1709 ecclesiae
976 1655 1315 1725 mysterium,
1341 1655 1610 1724 uniusque
1639 1652 1795 1708 intel—

1042 295 1130 349 DE
1164 292 1499 351 DlVlSlONE
1538 286 1964 345 NATCBAIL-
1996 282 2197 339 LIBER
2223 283 2603 340 SECUNDUS.

3354 283 3460 340 5ἷῖ

2126 377 2341 447 sibique
2370 378 2602 432 invicem
2645 386 2868 448 cognata
2895 386 3021 432 sunt
3047 396 3059 444 ;
3090 390 3304 432 sursum
3329 392 3461 430 vero

1896 484 2089 525 versus
2122 470 2348 524 alteram
2418 482 2702 525 creaturae
2749 470 2999 525 obtinent
3055 468 3461 525 extremitatem

1896 573 2087 615 omnes
2104 560 2495 617 intellectuales
2506 561 2796 627 essentiae,
2815 576 2954 631 quae
2976 561 3119 616 inter
3143 575 3202 615 se
3228 558 3464 615 invicem

1900 663 2148 720 similiter
2179 670 2437 740 cognatae
2478 670 2621 717 sunt.
2674 660 2906 732 Singulis
2945 675 3074 731 ergo
3101 663 3340 728 partibus
3368 660 3463 713 hu-

1900 770 2096 809 manae
2126 764 2354 808 naturae
2382 761 2605 822 cognata
2642 763 2911 815 extrema,
2949 753 3052 808 hoc
3079 761 3180 817 εει,
3209 760 3469 807 conualu-

1901 844 2041 898 rales
2066 852 2291 898 naturae
2319 842 2372 896 in
2397 840 2609 896 Christo
2639 843 2870 897 sociatae
2886 851 3036 897 sunt.
3069 843 3276 911 Corpus
3302 842 3469 911 siqui-

1900 933 2019 987 dem
2069 932 2378 1001 accipiens,
2427 940 2673 1001 quartam
2727 932 2889 987 veluti
2953 933 3186 987 hominis
3232 942 3466 1004 partem,

1898 1035 2111 1074 omnem
2139 1020 2469 1089 corporalem
2499 1029 2803 1075 creaturam
2826 1022 2924 1077 sibi
2949 1022 3209 1088 adjunxit.
3237 1022 3464 1078 Sensum

1896 1123 2026 1165 vero
2065 1125 2345 1165 assumens
2371 1150 2386 1175 ,
2444 1110 2748 1164 universam
2777 1110 2800 1140 ⁸
2848 1111 3153 1166 sensibilem
3200 1126 3467 1181 sensuque

1897 1194 2134 1255 utentem
2160 1200 2371 1255 sibimet
2395 1199 2679 1269 copulavit.
2704 1199 2838 1266 Quid
2863 1201 2927 1255 de
2947 1201 3123 1253 anima
3146 1200 3468 1254 dicendum?

1896 1286 2083 1342 Nonne
2110 1289 2161 1342 in
2194 1304 2278 1355 ea,
2311 1304 2468 1357 quam
2501 1288 2725 1357 accepit,
2757 1304 2863 1343 non
2894 1288 3067 1343 solum
3096 1290 3464 1343 rationabilem

1896 1378 2154 1442 animam,
2186 1394 2369 1432 verum
2396 1380 2556 1433 etiam
2578 1381 2601 1415 ν
2630 1395 2840 1433 onmem
2885 1380 3048 1434 vitam
3081 1381 3388 1434 nutritivam
3413 1390 3467 1435 et

1895 1467 2159 1521 auctivam
2192 1467 2234 1499 ¹⁰
2267 1468 2318 1521 in
2348 1483 2406 1522 se
2440 1468 2552 1536 ipso
2573 1468 2983 1523 associavit?De
3008 1469 3274 1524 intellectu
3307 1486 3465 1525 nemo

1896 1558 2195 1626 sapientum
2272 1558 2315 1595 ι’
2371 1556 2619 1621 dubitat;
2678 1560 2912 1615 humano
2959 1560 3100 1613 enim
3152 1559 3464 1627 intellectui,

1895 1660 2052 1715 quem
2083 1643 2328 1699 Chrisms
2344 1647 2650 1716 assumpsit,
2667 1661 2853 1700 omnes
2877 1647 3259 1702 intellectuales
3285 1664 3467 1702 essen-

240 1744 395 1798 lectus
425 1743 494 1797 ad
543 1742 858 1799 Creatorem
907 1752 963 1799 et
1006 1744 1073 1799 ad
1121 1752 1424 1800 creaturam
1475 1742 1793 1798 contuitum.

1901 1735 2007 1788 tiae
2041 1734 2471 1803 inseparabiliter
2503 1736 2817 1789 adhaerent.
2866 1735 3054 1791 Nonne
3091 1737 3248 1807 plane
3292 1739 3462 1802 vides,

243 1831 297 1883 Et
332 1832 624 1898 nobiscum,
672 1832 865 1902 inquit,
916 1841 965 1886 et
1009 1842 1218 1903 propter
1259 1848 1352 1886 nos
1398 1829 1556 1886 simul
1593 1846 1794 1885 omnem

238 1930 518 1973 creaturam
563 1937 656 1991 per
688 1923 986 1975 medietates
1016 1920 1169 1976 ueluti
1205 1921 1535 1991 propriarum
1566 1921 1809 2000 partium.

236 2021 450 2065 extrema
472 2013 927 2082 comprehenderis,
947 2023 994 2068 et
1020 2015 1156 2068 circa
1177 2030 1233 2068 se
1256 2015 1425 2082 ipsum
1453 2013 1797 2069 insolubiliter

238 2098 529 2164 paradisum
558 2099 831 2170 orbemque
873 2111 1132 2155 terrarum
1160 2101 1454 2171 conjunxit,
1500 2101 1698 2155 caelum
1746 2110 1795 2155 et

237 2201 437 2254 terram,
486 2189 752 2245 sensibilia
780 2200 826 2245 et
868 2190 1252 2261 intelligibilia;
1283 2208 1470 2261 corpus
1500 2191 1704 2262 quippe,
1745 2202 1793 2246 et

237 2293 463 2345 sensum,
516 2288 566 2332 et
619 2281 845 2333 animam
885 2282 1167 2335 secundum
1211 2297 1303 2335 nos
1334 2281 1525 2335 habens
1559 2291 1606 2334 et
1644 2280 1797 2334 intel-

234 2365 431 2430 iectum,
459 2367 650 2436 quibus
677 2369 828 2438 quasi
870 2369 1104 2439 partibus
1143 2385 1236 2439 per
1276 2368 1481 2438 singula
1519 2369 1797 2437 unicuique

238 2455 589 2508 uniuersaliter
643 2466 919 2526 cognatum
965 2458 1231 2511 associans
1283 2467 1599 2520 extremum,
1637 2457 1795 2526 juxta

235 2545 368 2607 prius
408 2544 670 2597 redditum
710 2544 921 2599 modum
948 2545 1195 2601 divinitus
1230 2547 1405 2601 omnia
1431 2546 1485 2600 in
1504 2562 1560 2601 se
1583 2546 1750 2617 ipsum
1773 2545 1795 2579 ⁸

237 2633 605 2701 recapitulauit.

299 2721 384 2775 15.
413 2721 533 2777 Vim
550 2723 839 2779 verborum
868 2722 1106 2780 intentus
1129 2724 1150 2760 ⁸
1198 2725 1469 2796 perspice;
1512 2741 1618 2781 non
1650 2724 1795 2780 enim

235 2822 421 2867 vacant
445 2812 664 2868 virtute.
707 2813 906 2883 Corpus
942 2816 1150 2886 quippe,
1203 2816 1394 2885 inquit,
1430 2826 1478 2870 et
1514 2816 1537 2849 '
1585 2830 1792 2871 sensum

235 2913 275 2953 et
295 2902 520 2956 animam
547 2904 832 2958 secundum
859 2920 951 2958 nos
977 2904 1190 2969 habens,
1242 2904 1491 2960 Christus
1518 2905 1789 2969 videlicet,

234 3002 277 3046 et
322 2993 651 3048 intellectum.
703 2994 800 3050 His
842 2997 987 3050 enim
1033 2996 1194 3051 veluti
1241 3006 1493 3066 quattuor
1547 2997 1790 3067 partibus

1900 1835 2116 1875 omnem
2160 1831 2463 1875 creaturam
2488 1862 2502 1883 ,
2550 1822 2910 1891 intelligibiles
2938 1823 3057 1879 dico
3081 1825 3468 1894 sensibilesque

1895 1908 2206 1977 mediasque
2274 1916 2534 1975 naturas,
2577 1910 2631 1963 in
2687 1909 2903 1966 Christo
2952 1913 3274 1966 adunatam?
3317 1913 3468 1980 Quod

1896 2000 2130 2055 breviter
2175 1999 2438 2055 conclusit
2487 2002 2529 2032 "
2574 2002 2828 2071 magister
2867 2005 3051 2059 dicens
3089 2024 3103 2059 :
3135 2004 3306 2060 Unam
3341 2007 3464 2061 sub-

1896 2094 2156 2147 sistentem
2182 2092 2338 2146 simul
2363 2110 2562 2147 omnem
2593 2106 2908 2162 creaturam,
2938 2098 3087 2167 quasi
3123 2097 3347 2167 aliquem
3372 2099 3467 2152 ho-

1894 2180 2107 2245 minem,
2140 2181 2367 2251 partium
2394 2198 2607 2235 suarum
2641 2183 2709 2235 ad
2738 2199 2792 2237 se
2825 2184 3039 2238 invicem
3072 2188 3209 2239 coitu
3241 2186 3465 2255 comple-

1896 2279 2005 2323 tam
2034 2269 2076 2301 “
2108 2271 2379 2324 ostendens
2402 2312 2416 2334 ,
2456 2282 2503 2323 et
2541 2271 2611 2324 ad
2652 2273 2872 2342 seipsam
2908 2275 3189 2331 intuentem
3232 2294 3323 2346 per
3350 2278 3471 2330 uni-

1894 2360 2151 2414 versitatis
2180 2361 2565 2416 subsistentiam
2589 2362 2665 2428 “;
2697 2363 2855 2432 juxta
2883 2381 3039 2417 unam
3070 2376 3116 2419 et
3151 2367 3390 2436 simplum
3424 2368 3468 2408 I'

1896 2458 1944 2503 et
1975 2449 2342 2514 inde/inibilem
2370 2465 2432 2502 ea:
2455 2466 2513 2504 eo
2538 2448 2606 2517 ’⁸,
2636 2451 2775 2521 quod
2809 2469 2911 2506 non
2939 2463 3012 2507 est
3040 2454 3382 2519 deductionis,
3416 2465 3464 2508 et

1895 2530 2276 2607 indiﬂirentem
2307 2541 2581 2606 notitiam;
2629 2557 2720 2611 per
2764 2558 2921 2611 quam
2962 2559 3119 2597 unum
3152 2543 3469 2614 eandemque

1895 2628 2060 2683 omnis
2098 2638 2334 2684 creatura
2368 2632 2592 2700 recipere
2624 2643 2787 2702 potest
2828 2650 3038 2687 causam
3078 2633 3280 2703 penitus
3325 2636 3467 2688 indi-

1894 2730 2136 2774 scretam.
2177 2720 2493 2776 Hactenusl
2526 2723 2593 2777 de
2621 2723 3008 2789 divisionibus,
3051 2723 3221 2795 deque
3262 2728 3464 2779 aduna-

1897 2808 2130 2864 tionibus
2195 2810 2618 2866 substantiarum
2692 2814 3054 2869 venerabilem
3123 2815 3463 2885 magistrum,

1893 2898 2182 2953 Maximum
2209 2899 2349 2966 dico,
2375 2901 2566 2966 secuti,
2598 2913 2857 2971 quantum
2882 2903 2947 2957 ad
2973 2906 3272 2973 praesentis
3300 2921 3466 2975 quae-

1893 2987 2085 3043 stionis
2111 2988 2305 3044 attinet
2333 2989 2632 3061 negotium,
2662 2991 2915 3045 diximus.
2945 2992 3013 3046 Et
3033 2992 3143 3060 jam
3173 2994 3239 3047 ad
3267 3009 3465 3063 prepo-

236 3085 458 3138 humana
503 3094 693 3140 natura
747 3088 1092 3141 constituitur
1136 3088 1179 3141 ⁸.
1226 3088 1370 3154 Quas
1418 3097 1596 3157 partes
1628 3102 1788 3142 verus
1814 3074 1860 3135 C
1891 3079 2474 3145 situm,idest,adeam
2496 3080 2725 3136 formam
2745 3083 3466 3153 universalisnaturae,quae

235 3172 424 3242 quippe
454 3175 613 3229 homo
656 3174 904 3231 Christus
946 3185 1001 3231 et
1052 3178 1381 3246 assumpsit,
1433 3186 1487 3232 et
1521 3177 1574 3231 in
1612 3178 1789 3246 seipso

237 3262 511 3329 adunavit;
557 3265 716 3320 homo
746 3266 1009 3335 siquidem
1046 3267 1312 3335 perfectus
1337 3267 1509 3322 factus
1531 3269 1672 3323 est".
1703 3267 1789 3322 Nil

238 3351 372 3409 enim
402 3353 634 3410 hominis
674 3354 889 3425 reliquit
928 3365 1146 3426 praeter
1190 3365 1467 3425 peccatum
1492 3397 1508 3423 ,
1559 3358 1702 3426 quod
1732 3359 1786 3412 in

240 3439 485 3495 unitatem
519 3442 851 3500 substantiae
883 3460 1014 3500 suae
1053 3460 1159 3500 non
1194 3447 1479 3516 acciperet,
1510 3447 1671 3516 inque
1698 3462 1789 3502 se-

244 3528 455 3598 metipso
495 3545 603 3589 non
631 3532 924 3599 adunaret,
955 3534 1058 3589 hoc
1083 3543 1161 3588 est
1181 3575 1197 3602 ,
1234 3550 1397 3590 unum
1429 3552 1533 3591 non
1566 3537 1785 3592 laceret.

242 3610 348 3671 Non
367 3620 506 3673 enim
544 3621 600 3675 in
630 3620 721 3676 illo
746 3632 869 3692 post
893 3626 1337 3680 resurrectionem
1361 3634 1615 3696 quattuor
1641 3635 1787 3693 sunt,

242 3706 327 3760 sed
344 3722 533 3775 unum;
563 3718 620 3765 et
639 3726 747 3766 non
769 3713 1122 3782 compositura
1153 3730 1335 3780 unum,
1358 3716 1451 3770 sed
1477 3716 1791 3785 simpliciter

244 3810 392 3852 unum
440 3813 639 3869 corpus
674 3811 732 3856 et
785 3815 974 3857 sensus
1010 3802 1188 3858 anima
1211 3812 1269 3859 et
1306 3804 1624 3861 intellectus.
1656 3807 1789 3873 Qui-

242 3887 344 3951 bus,
370 3886 558 3958 inquit,
582 3890 737 3959 quasi
753 3891 1008 3961 partibus,
1033 3909 1125 3962 per
1145 3893 1350 3964 singula
1370 3896 1645 3966 unicuique
1671 3898 1791 3951 uni-

242 3978 485 4032 msaliter
512 3991 786 4051 cognatum
808 3985 1077 4038 associaus
1100 3994 1403 4040 extremum.
1428 3985 1508 4041 Ac
1530 3986 1576 4044 si
1604 3997 1790 4056 aperte

242 4063 465 4122 diceret:
495 4069 746 4137 quoniam
776 4070 1022 4128 Christus
1046 4081 1299 4144 quattuor
1328 4075 1591 4130 humanae
1634 4083 1792 4130 natu-

246 4167 326 4207 rae
344 4165 522 4223 partes
549 4160 757 4229 accepit
797 4171 853 4216 et
879 4162 934 4216 in
975 4163 1151 4233 seipso
1180 4164 1454 4230 adunavit,
1483 4164 1787 4221 universam

244 4254 546 4311 creaturam,
576 4248 678 4304 hoc
698 4258 802 4317 est,
832 4251 1242 4308 intellectualem
1272 4262 1328 4309 et
1352 4254 1665 4310 sensibilem
1693 4269 1784 4310 as-

243 4334 551 4400 sumpsisse,
599 4339 737 4393 etin
765 4340 943 4409 seipso
975 4342 1240 4401 adunasse
1286 4342 1628 4401 manifestum
1676 4352 1783 4400 est.

1889 3181 1943 3227 et
1962 3181 2179 3227 creatur
2191 3180 2426 3236 etcreat,
2442 3182 2494 3226 et
2519 3171 2572 3226 in
2599 3172 3034 3243 primordialibus
3060 3176 3238 3230 causis
3262 3176 3463 3230 consti-

1890 3270 2001 3316 tuta
2028 3272 2131 3328 est,
2162 3261 2571 3327 discutiendam,
2599 3264 2664 3317 de
2698 3263 2799 3318 hac
2832 3264 2975 3318 enim
3008 3252 3064 3318 in
3097 3263 3201 3319 hoc
3240 3264 3281 3295 ³⁷
3323 3263 3459 3318 libro

1890 3352 2069 3407 dicere
2108 3352 2525 3422 proposuimus,
2574 3352 2621 3407 si
2671 3353 2768 3409 tibi
2816 3352 3055 3419 videtur,
3111 3354 3461 3408 redeundum.

1890 3445 2033 3500 Dtsc.
2089 3445 2376 3499 Videretur
2423 3444 2579 3513 plane
2607 3484 2621 3507 ,
2663 3446 2705 3498 si
2752 3444 2819 3499 de
2847 3445 3200 3514 quibusdam,
3235 3460 3372 3515 quae
3410 3445 3463 3499 in

1887 3532 2181 3602 praedictis
2207 3532 2503 3586 rationibus
2524 3532 2666 3586 dicta
2690 3540 2832 3595 sunt,
2857 3535 3110 3602 quoniam
3133 3532 3354 3586 multum
3379 3548 3464 3586 me

1890 3632 2144 3688 movent,
2190 3621 2386 3677 clarius
2423 3621 2762 3693 eitplanares.
2803 3623 2943 3680 MAG.
2985 3625 3082 3679 Dic
3125 3625 3294 3689 mihi,
3325 3640 3464 3694 quae

1888 3722 2015 3769 sunt
2043 3713 2154 3778 illa,
2184 3728 2323 3783 quae
2350 3713 2490 3768 inter
2519 3727 2602 3779 ea,
2635 3728 2772 3783 quae
2800 3729 2828 3767 a
2858 3731 2943 3770 me
2970 3716 3111 3770 dicta
3136 3725 3280 3780 sunt,
3312 3715 3465 3770 valde

1890 3813 1944 3859 te
1968 3812 2204 3868 movent,
2232 3818 2568 3874 quorumque
2593 3804 3025 3862 exolanationem
3052 3806 3457 3862 luculentiorem

1887 3908 2110 3966 poscere
2141 3894 2357 3948 videris.

1960 3984 2047 4039 14.
2079 3984 2225 4039 Dtsc.
2254 3985 2310 4039 in
2332 3984 2685 4040 divisionibus
2707 3994 3013 4041 creatarum
3044 3987 3459 4042 substantiarum

1888 4074 2198 4130 secundum
2228 4072 2517 4127 Maximum
2561 4074 2692 4128 nihil
2742 4090 2827 4129 me
2873 4083 3086 4139 movet,
3127 4075 3208 4129 vel
3239 4075 3283 4107 ¹⁸
3310 4075 3463 4129 valde

1890 4163 2018 4217 mihi
2045 4163 2331 4217 obscurum
2365 4163 2577 4216 videtur
2616 4177 2709 4217 seu
2752 4162 3082 4234 ambiguum,
3113 4172 3326 4233 praeter
3355 4165 3458 4219 ho-

1888 4252 2049 4307 minis
2078 4252 2393 4306 divisionem
2435 4253 2488 4305 in
2517 4252 2560 4283 “
2590 4251 2885 4307 masculum
2917 4262 2971 4308 et
3006 4252 3279 4317 feminam,
3311 4268 3458 4307 eam-

1889 4358 1994 4413 que
2022 4360 2127 4399 non
2151 4359 2218 4397 ex
2243 4343 2414 4411 prima
2449 4342 2681 4398 hominis
2725 4343 3028 4397 conditione
3063 4342 3132 4396 ad
3172 4341 3459 4412 imaginem

245 4418 431 4478 Etenim
459 4425 515 4480 in
543 4428 777 4493 homine,
821 4446 981 4500 quem
1024 4441 1193 4489 totum
1239 4436 1483 4505 accepit,
1530 4435 1781 4505 universa
1809 4426 1859 4487 D
1885 4432 2000 4499 Dei,
2031 4433 2125 4488 sed
2170 4445 2237 4485 ex
2285 4445 2458 4500 poena
2504 4432 2710 4500 peccati
2753 4432 3114 4501 processisse,
3155 4431 3460 4502 iterumque

244 4522 464 4568 creatura
494 4517 710 4573 condita
739 4531 843 4574 est.
875 4520 1109 4592 Singulis
1136 4524 1273 4578 enim
1296 4525 1554 4593 partibus,
1579 4534 1639 4580 ut
1664 4525 1779 4595 ipse
1882 4532 2006 4594 post
2062 4522 2381 4578 catholicam
2448 4521 2686 4577 omnium
2751 4536 3036 4591 corporum
3107 4523 3459 4577 resurrectio-

243 4600 322 4664 ait,
345 4616 616 4671 cognatum
658 4610 923 4665 associaus
964 4620 1282 4678 extremum;
1326 4621 1553 4684 cognata
1578 4628 1779 4685 vocans

1883 4631 2005 4672 nem
2022 4615 2090 4680 ⁸ο,
2108 4628 2247 4683 quae
2272 4613 2325 4668 in
2354 4612 2462 4668 line
2483 4612 2663 4667 mundi
2694 4610 2870 4666 futura
2899 4620 3002 4676 est,
3036 4611 3207 4680 ipsam
3236 4611 3457 4667 divisio-

242 4700 455 4750 extrema
486 4712 713 4769 corpora
741 4701 1027 4773 omniaque
1051 4704 1301 4759 visibilis.
1343 4704 1487 4761 Haec
1513 4707 1655 4761 enim
1684 4718 1781 4761 ει-
1879 4721 2002 4762 nem
2029 4719 2134 4759 non
2167 4702 2395 4772 amplius
2416 4716 2843 4772 permansurum,
2876 4705 2970 4756 sed
2992 4703 3044 4756 in
3067 4703 3324 4757 unitatem
3348 4703 3459 4771 pri-

225 4784 539 4841 Jremitatetn
578 4788 861 4845 universae
884 4800 1162 4847 creaturae
1187 4794 1437 4849 deorsum
1468 4810 1656 4849 versus
1682 4797 1779 4852 ob-
1880 4795 2156 4851 mordialis
2182 4794 2505 4849 conditionis
2526 4793 2572 4823 ²¹
2597 4802 2823 4847 naturae
2844 4792 2891 4823 ¹²
2929 4806 3291 4847 reversurum.
3325 4794 3458 4860 Quis

1483 4906 1733 4963 VAlilAE
1771 4906 2173 4964 LECTIONES.

300 4985 859 5067 "‘SicADwroornZC.
900 5065 907 5067 Α
934 4994 1155 5067 fSiqC;
1190 4995 1281 5049 AD
1305 4995 1678 5067 intelliguntur.
1753 5000 1775 5033 ³
1803 5001 1893 5055 Sic
1921 5000 2037 5062 CD;
2063 5000 2247 5066 Aipse.
2322 4993 2539 5067 ‘SicC;
2564 4995 2655 5049 AD
2690 4994 2957 5067 intentius.
2993 5063 3002 5067 _
3035 4993 3163 5050 'Sic
3184 4993 3260 5067 ΑΟ]
3282 5004 3453 5067 €19!“-

375 5068 428 5138 e}
441 5054 641 5138 sensus.
690 5064 863 5138 _‘_§ic
881 5065 1011 5138 AD;
1040 5065 1081 5119 C
1105 5054 1438 5138 constituitur
1460 5054 1668 5138 natura.
1744 5072 1763 5103 "
1782 5054 1982 5125 SicCD
1999 5054 2036 5133 ;’
2053 5054 2222 5138 [ποῖαι
2248 5078 2320 5120 est
2349 5054 2557 5138 0.11.5.
2620 5067 2651 5138 Δ⁸¹
2680 5063 3127 5138 ῡξιωιὶνεῃεᾳζεηζ..
3180 5064 3201 5095 ⁹
3219 5054 3306 5138 Sic
3332 5065 3451 5138 QD;

240 5125 359 5204 ᾒακ
382 5129 431 5204 ⁸⁸,
465 5129 640 5204 Cotti”
673 5132 808 5204 ACD
831 5125 1070 5189 activam.
1130 5136 1172 5166 “
1200 5134 1292 5189 Sic
1318 5135 1435 5200 AC;
1467 5135 1510 5189 D
1532 5140 1865 5204 sapientium.
1909 5141 1951 5169 “
1982 5125 2072 5192 Sic
2097 5138 2218 5200 CD;
2260 5139 2301 5190 A
2327 5134 2573 5188 conclusit
2613 5134 2846 5204 breviter.
2892 5134 2934 5196 ’ξ
2951 5135 3041 5188 Sic
3055 5135 3140 5189 CD
3171 5125 3454 5204 etAmbig.

240 5188 466 5262 Maximi;
506 5200 598 5253 AB
626 5188 977 5303 complexam.

240 5260 316 5303 Att
358 5266 628 5303 ,ἰηιηιηοηι
727 5271 745 5301 ι
801 5271 889 5303 an.
915 5273 977 5303 ut

238 5260 316 5337 At}
356 5260 650 5337 simplicem.
727 5271 745 5301 ¹

239 5331 402 5404 primo.
445 5331 458 5337 ’
498 5338 539 5368 ’⁸
563 5338 653 5393 Sic
679 5338 839 5404 CDE;
887 5343 934 5396 A
964 5359 1076 5399 nec.

239 5398 274 5427 ’³
299 5405 594 5461 conditionis
648 5398 849 5465 om.A'.
928 5414 974 5446 ²²
1004 5398 1114 5471 Sic.
1166 5413 1337 5480 ADE;
1378 5398 1421 5470 C
1467 5398 1657 5472 terrae.

1075 5204 1118 5237 “’
1146 5203 1256 5277 Sic
1274 5204 1315 5277 C
1347 5214 1399 5259 et
1428 5203 1638 5277 Ambig.
1674 5209 1921 5273 Maximi;
1950 5207 2084 5277 ADD
2111 5206 2468 5277 substantiam.

801 5271 891 5343 Sic
913 5272 1041 5327 BCD
1065 5284 1119 5329 et
1142 5275 1405 5343 Ambigua
1435 5271 1685 5339 Maximi;
1715 5281 1755 5331 A
1786 5286 1842 5333 et
1868 5271 2253 5333 indiﬂinibilem
2282 5274 2624 5328 substantiam
2673 5288 2736 5327 ex
2773 5287 2838 5327 eo
2891 5282 2997 5328 cet.
3074 5273 3117 5305 "
3147 5271 3252 5323 Pro
3278 5271 3373 5322 hoc
3403 5271 3453 5325 Λ

1170 5344 1213 5374 ¹⁹
1241 5344 1331 5398 Sic
1383 5344 1549 5410 CDE;
1599 5346 1822 5409 Ainter.

2550 5204 2595 5235 "
2647 5202 2739 5259 Sic
2781 5203 2870 5257 CD
2919 5213 2974 5257 et
3004 5203 3214 5272 Ambig.
3267 5202 3449 5272 Man;

1920 5347 1966 5378 ²⁰
2005 5346 2096 5401 Sic
2138 5345 2298 5411 CDE;
2330 5345 2370 5397 A
2403 5345 2829 5399 resurrectio-nem
2872 5344 3100 5396 omnium
3151 5354 3444 5409 corporum.

1705 5528 1934 5592 NOTAE
1953 5540 1961 5547 '

286 5613 301 5631 ’
348 5623 526 5682 Verbis
555 5626 817 5684 Hactenus
847 5628 911 5683 de
945 5627 1278 5685 divisionibus
1302 5637 1405 5686 cet.
1438 5638 1615 5685 textus
1641 5628 1843 5686 codicis
1870 5628 1911 5684 E
1940 5631 2112 5682 denuo
2146 5626 2333 5696 incipit
