3912 6154
361 301 461 356 535

1756 289 2036 349 JOANNIS
2071 289 2269 350 SCOTI

3521 281 3635 339 5H

363 413 510 468 enim
532 410 655 465 talia
689 411 831 465 audi.
852 424 911 462 ης
936 422 1045 462 non
1078 421 1342 476 expavcsc
1365 416 1423 468 .t,
1448 405 1842 476 confestimque
1872 408 1929 460 in
1975 411 2022 472 Α
2055 403 2201 460 nium
2231 403 2658 460 substantiarum
2686 400 3083 474 praedictarum
3119 400 3321 455 reditus
3354 398 3406 454 in
3458 416 3640 454 unum

360 502 498 558 haec
530 501 691 557 verba
723 516 827 555 non
866 511 1119 567 erumpat
1148 500 1430 552 dicturus"
1457 515 1473 553 :
1512 498 1629 577 Non
1655 513 1784 571 ergo
1808 506 1931 568 post

363 593 818 649 resurrectionem
852 590 1079 644 masculi
1129 590 1477 659 lctuinaequc
1511 589 1531 619 ⁸
1573 589 1791 643 futurus
1848 598 1933 645 est

360 701 527 741 sexus
557 687 600 748 ⁸,
642 685 688 737 si
721 692 951 752 uterque
982 684 1051 737 ab
1084 686 1319 737 humana
1345 681 1368 713 ⁸
1399 680 1617 750 penitus
1645 680 1929 736 auferetur

370 773 593 830 natura!
628 773 734 829 Aut
760 772 782 805 ³
816 770 991 841 qualis
1023 772 1193 825 forma
1228 770 1281 825 in
1309 771 1523 825 homine
1555 772 1857 841 apparebit,
1899 770 1948 827 si

371 881 529 921 nemo
559 864 780 919 masculi
828 880 920 919 seu
958 862 1191 917 feminae
1236 861 1463 917 formam
1508 862 1793 917 habuerit?
1837 864 1947 917 Aut

367 954 543 1023 qualis
569 953 765 1021 poterit
806 951 923 1006 ﬁeri
966 953 1231 1023 cognitio,
1274 951 1318 1007 si
1355 952 1633 1022 utriusque
1676 967 1835 1006 sexus
1865 951 1948 1005 fu-

369 1050 487 1094 tura
516 1041 588 1095 sit
616 1041 1017 1105 cxterminatio,
1049 1043 1211 1111 inque
1244 1040 1542 1112 simplicem
1574 1041 1948 1097 indiscretum-

367 1144 472 1198 que
517 1130 815 1186 formarum
882 1131 1244 1187 dilferentiis‘
1279 1132 1657 1187 adunatiouem
1705 1133 1946 1186 omnium

367 1221 644 1276 hominum
676 1222 999 1293 coagulatio,
1036 1224 1149 1277 sive
1174 1222 1467 1291 spiritualis
1500 1220 1945 1291 iueorporeaque,

367 1313 483 1367 sive
539 1314 766 1369 visibilis
805 1316 826 1346 ⁷
868 1324 925 1369 ει
989 1318 1245 1383 corporea
1274 1354 1290 1378 ,
1341 1314 1457 1369 loco
1498 1329 1563 1369 ac
1590 1311 1612 1345 ⁸
1658 1323 1896 1382 tempore
1925 1312 1946 1345 ’

369 1402 816 1474 circumscripta?
861 1404 928 1458 Et
957 1405 1060 1458 hoc
1090 1406 1142 1458 in
1172 1404 1425 1475 ambiguo
1454 1420 1483 1457 a
1517 1414 1567 1458 te
1593 1405 1947 1473 praetermis-

368 1509 485 1547 sum
527 1503 647 1560 est,
687 1504 850 1565 atque
895 1496 1254 1551 indiscussum
1279 1536 1293 1561 ,
1335 1495 1583 1564 quamvis
1622 1495 1857 1550 videaris
1893 1495 1946 1548 in

368 1585 685 1654 corporibus
767 1586 1181 1641 resurrectionis
1265 1585 1572 1655 spirituales
1655 1586 1948 1655 qualitates

367 1674 801 1746 quantitatesque
836 1676 879 1708 ιο
926 1677 1098 1747 magis
1148 1691 1309 1745 quam
1358 1674 1664 1744 corporales
1717 1676 1946 1730 suadere

2050 506 2212 564 atque
2235 494 2490 550 adunatio
2522 493 2700 549 futura
2730 494 2847 549 sit?
2881 492 3068 547 Utrum
3120 491 3317 561 reipsa,
3367 489 3475 546 hoc
3525 500 3645 557 est,

2050 587 2282 641 transitu
2313 586 2549 641 omnium
2580 585 2911 641 sensibilium
2943 585 2993 639 in
3025 582 3425 648 intellectualia,
3474 583 3553 637 ita
3582 593 3643 637 ut

2046 684 2266 746 peracto
2304 675 2486 730 mundi
2515 674 2672 746 uujus
2698 672 2967 731 sensibilis
3002 672 3269 729 curriculo
3294 674 3479 729 omnia
3524 673 3642 727 sint

2049 762 2374 833 Spiritualia,
2427 764 2666 833 nihilque
2699 763 2742 796 ¹⁸
2772 779 3089 835 corporeum
3121 778 3216 817 sui
3255 760 3514 817 sensibile
3545 779 3640 819 re-

2047 862 2294 916 maneat;
2318 868 2384 905 an
2413 852 2526 906 solo
2549 851 2789 907 contuitu
2822 853 2984 906 animi
3023 849 3322 906 naturalem
3364 851 3644 904 unitatem

2045 939 2285 997 omnium
2317 957 2493 997 rerum
2522 944 2575 997 in
2603 943 2714 998 suis
2751 943 3049 997 rationibus
3081 940 3644 1013 primordialibusque

2047 1034 2227 1088 causis
2254 1031 2711 1104 contemplantis?
2739 1035 2813 1089 Ea
2843 1047 3097 1104 namque,
3127 1047 3266 1102 quae
3288 1041 3645 1087 extrinsecus

2047 1143 2309 1196 corporeo
2338 1127 2516 1182 scnsui
2547 1127 2696 1182 varia
2724 1125 3149 1196 multipliciaque
3179 1124 3334 1189 locis,
3365 1123 3644 1193 tempori-

2046 1217 2555 1287 lms,qualitatibus,
2585 1217 2998 1287 quantitatibus,
3030 1214 3329 1283 ceterisque
3354 1214 3645 1267 sensibilis

2048 1316 2272 1362 naturae
2285 1306 2600 1361 dilTereutiis
2613 1314 2894 1375 apparent,
2909 1306 2960 1359 in
2978 1304 3090 1358 suis
3105 1302 3425 1366 rationibus,
3441 1315 3642 1355 secun-

2048 1398 2173 1453 dum
2203 1414 2337 1468 quas
2355 1415 2384 1452 a
2398 1400 2652 1463 Creatore
2667 1399 2905 1453 omnium
2923 1396 3135 1452 condita
3163 1404 3306 1460 sunt,
3336 1395 3644 1449 aeternali-

2049 1498 2238 1562 terque
2268 1491 2584 1546 immutabili
2607 1487 2650 1522 ¹⁹
2668 1506 2797 1545 suae
2811 1501 3035 1544 naturae
3056 1497 3221 1552 statu,
3247 1488 3525 1555 certisque
3558 1486 3647 1541 di-

2047 1582 2206 1636 vinae
2219 1581 2584 1651 providentiae
2600 1581 2798 1651 regulis
2818 1577 3138 1643 subsistunt,
3154 1593 3286 1647 puro
3311 1576 3641 1641 intellecturi,

2049 1687 2229 1727 rerum
2298 1673 2537 1727 omnium
2596 1671 2882 1725 veritatem
2938 1666 3250 1738 inquirenti,
3308 1666 3639 1728 invenienti,

365 1776 486 1818 esse
533 1762 761 1818 futuras.
839 1763 910 1820 Ut
953 1781 1060 1818 non
1109 1765 1287 1819 dicam
1314 1805 1330 1830 ,
1378 1772 1636 1834 quantum
1674 1763 1811 1820 haec
1846 1766 1942 1819 do-
1976 1749 2019 1811 Β
2050 1761 2438 1824 consideranti,
2468 1776 2634 1815 unum
2666 1758 2998 1813 individuum
3028 1772 3149 1813 esse
3169 1756 3421 1810 videntur
3462 1756 3532 1820 ³⁸,
3584 1763 3643 1811 et

365 1852 537 1905 ctrina
607 1842 845 1907 omnium
916 1863 1010 1908 aut
1069 1869 1242 1925 paene
1305 1855 1547 1910 omnium
1609 1855 1808 1911 latialis
1846 1856 1948 1910 lin-

366 1957 504 2012 guae
559 1952 868 1998 sanctorum
933 1946 1312 2014 magistrorum
1372 1945 1649 2001 autoritati
1707 1947 1947 2014 resistat,

366 2029 459 2098 qui
489 2031 817 2085 unanimiter
857 2041 978 2101 post
1001 2033 1450 2087 resurrectionem
1478 2032 1716 2087 omnium
1748 2035 1949 2088 utrius-

367 2133 474 2187 que
523 2134 684 2173 sexus
732 2120 1097 2189 integritatem
1147 2120 1381 2176 futuram
1410 2134 1530 2176 esse
1553 2132 1820 2188 asserunt,
1871 2124 1948 2178 ita

366 2217 426 2261 ut
456 2208 539 2262 vir
571 2209 624 2263 in
664 2207 893 2263 formam
923 2208 1045 2275 viri,
1074 2210 1273 2290 lemina
1320 2211 1373 2265 in
1418 2209 1648 2268 formam
1687 2192 1942 2280 feminae,

369 2314 492 2354 cum
515 2299 767 2355 omnibus
794 2299 836 2332 “
865 2300 1222 2370 corporalium
1248 2303 1480 2373 partium
1503 2301 1946 2373 iudiciis,quibus

370 2389 606 2444 maxime
634 2398 862 2461 uterque
908 2407 1069 2448 sexus
1112 2393 1469 2458 discernitur,
1513 2395 1727 2460 redeat,
1761 2410 1826 2450 ac
1866 2396 1946 2451 sic

368 2478 481 2533 sive
504 2478 558 2533 in
589 2478 777 2548 gloria,
811 2479 925 2536 sive
954 2498 1008 2536 in
1035 2498 1206 2553 poena
1235 2483 1581 2537 aeternaliter
1607 2473 1943 2553 permaneat,

369 2569 414 2622 si
441 2577 617 2622 tamen
648 2580 870 2626 aeterna
897 2587 1069 2642 poena
1095 2574 1448 2643 corporaliter
1473 2573 1650 2627 futura
1683 2574 1773 2640 sit,
1805 2575 1947 2631 sicut

369 2665 588 2712 aeterna
614 2658 801 2729 gloria,
831 2662 896 2716 de
917 2677 1023 2731 qua
1054 2663 1095 2693 ¹¹
1119 2664 1437 2732 quaestione
1457 2663 1513 2717 in
1536 2663 1723 2732 quinto
1746 2673 1947 2719 tracta-

373 2749 572 2806 bimus.
616 2752 796 2808 Multis
820 2754 963 2808 enim
1013 2752 1228 2808 videtur
1274 2755 1654 2825 incongruum,
1704 2766 1947 2812 coaeter-

370 2856 493 2896 nam
515 2841 830 2898 beatitudini
857 2843 1131 2898 miseriam
1156 2843 1272 2899 fore
1290 2845 1543 2910 credere;
1575 2845 1768 2914 quibus
1782 2860 1949 2900 evan-

369 2930 575 3000 gelicus
599 2947 777 2987 sermo
800 2932 1011 2987 videtur
1037 2934 1312 2999 resistere,
1342 2936 1432 3004 qui
1456 2936 1531 2989 ait
1555 2954 1569 2989 :
1599 2935 1704 3002 Ite,
1727 2935 1950 2992 maledi-

369 3023 461 3088 cti,
486 3024 542 3077 in
566 3024 735 3094 ignem
765 3034 1055 3080 aeternum.
1098 3025 1264 3092 llaec,
1296 3034 1354 3080 ut
1381 3027 1512 3092 dixi,
1558 3028 1612 3082 in
1652 3029 1946 3099 praedictis

368 3113 792 3168 substantiarum
822 3113 1087 3169 factarum
1117 3131 1146 3169 a
1174 3115 1284 3171 Deo
1324 3116 1679 3173 divisionibus
1712 3120 1950 3175 maxime
1975 3087 2021 3149 (ἶ

370 3200 502 3254 mihi
529 3202 840 3272 scrupulum
870 3204 1140 3272 ingerunt.
1163 3205 1240 3260 De
1268 3207 1439 3261 reditu
1461 3216 1643 3262 autem
1659 3224 1725 3263 ac
1746 3210 1953 3264 aduna-

373 3288 517 3343 tione
530 3292 906 3361 quicquidjam
935 3310 963 3346 a
995 3304 1048 3349 te
1070 3295 1273 3350 dictum
1297 3304 1396 3361 est,
1421 3295 1615 3352 durum
1645 3300 1774 3354 mihi
1791 3308 1955 3370 atque

375 3378 663 3436 obscurum
680 3384 1054 3440 universaliter
1068 3401 1189 3442 esse
1210 3387 1404 3444 fateor.
1420 3389 1536 3444 Non
1557 3391 1699 3445 enim
1721 3391 1868 3447 clare
1884 3394 1957 3449 vi-

370 3467 492 3533 deo,
517 3472 786 3539 quomodo
803 3476 1081 3545 utriusque
1101 3491 1264 3533 sexus
1294 3478 1560 3534 humanae
1580 3491 1808 3538 naturae
1825 3483 1957 3538 adu-

373 3560 521 3613 natio
549 3560 604 3614 in
634 3562 873 3628 Christo,
917 3567 1147 3633 primum
1174 3583 1242 3621 ex
1274 3568 1317 3599 ⁸³
1346 3571 1572 3624 mortuis
1619 3580 1952 3642 rcsurgente,

370 3648 512 3705 facta
532 3660 635 3718 est,
657 3663 711 3708 et
732 3654 784 3708 in
798 3656 1049 3711 onmibus
1069 3657 1376 3714 hominibus
1398 3660 1543 3714 linito
1564 3663 1761 3718 mundo
1775 3665 1956 3720 l'utura

374 3742 464 3797 sit.
498 3742 556 3797 ln
582 3746 773 3800 eodem
800 3747 942 3801 enim
968 3763 1119 3815 sexu,
1138 3765 1244 3819 quo
1261 3752 1314 3806 in
1336 3767 1499 3808 carne
1513 3755 1955 3821 vixit,Christum

372 3833 645 3889 credimus
676 3838 1061 3905 rcsurrexisse,
1090 3855 1407 3912 semperque
1429 3858 1750 3913 permanere
1764 3856 1820 3902 et
1840 3863 1961 3918 per-

373 3939 688 3981 mansurum
717 3943 855 3982 esse.
872 3928 1002 3996 Quis
1018 3940 1196 3986 autem
1212 3934 1449 4002 negabit,
1472 3934 1680 3989 virilem
1699 3951 1891 3992 sexum
1914 3937 1958 3971 “

374 4017 550 4087 ipsum
595 4017 762 4075 fuisse
804 4021 1048 4078 indutum
1082 4024 1144 4090 “,
1202 4027 1514 4096 priusquam
1565 4038 1846 4097 pateretur
1901 4039 1958 4087 et

378 4114 727 4182 resurgeret?
759 4110 1017 4169 Similiter
1044 4116 1207 4170 etiam
1238 4117 1531 4184 credimus,
1561 4132 1750 4175 omnes
1775 4120 1955 4175 homi-

374 4214 472 4255 nes
492 4201 547 4255 in
562 4203 749 4258 eodem
769 4218 924 4270 sexu,
943 4204 995 4258 in
1012 4221 1119 4276 quo
1143 4206 1361 4272 cadunt,
1390 4217 1792 4263 resurrecturus
1813 4225 1956 4266 esse.

374 4290 650 4357 Quomodo
682 4295 830 4349 orbis
861 4295 904 4325 ¹⁶
932 4304 1197 4351 terrarum
1220 4297 1494 4367 paradiso,
1529 4306 1780 4369 terraque
1806 4301 1955 4355 unita

372 4380 792 4448 caelo,omnis"
821 4387 1092 4442 sensibilis
1118 4399 1367 4442 creatura
1386 4388 1725 4458 iutelligibili,
1748 4400 1804 4446 et
1824 4393 1957 4446 haec

373 4473 554 4526 omnia
581 4473 691 4528 Deo
721 4476 1135 4544 copulabuutur,
1162 4479 1233 4531 ita
1269 4487 1326 4531 ut
1357 4494 1520 4533 unum
1548 4481 1680 4545 sint,
1704 4481 1955 4552 nullaque

375 4562 432 4617 in
474 4565 555 4618 cis
587 4565 872 4622 diversitas
919 4570 1221 4639 appareat?
1247 4571 1312 4624 Et
1356 4572 1591 4627 maxime
1624 4572 1773 4638 illud,
1810 4574 1955 4642 quod

376 4653 673 4722 promisisti
701 4670 731 4709 a
757 4665 808 4712 te
837 4659 1256 4728 explanandum,
1285 4661 1388 4716 hoc
1405 4671 1506 4729 est,
1537 4665 1806 4733 Quomodo
1829 4680 1952 4720 om-

2050 1861 2198 1905 sunt.
2230 1850 2362 1905 Nam
2409 1861 2671 1920 quantum
2715 1849 3016 1905 exteriores
3049 1857 3296 1911 naturae,
3343 1845 3640 1900 sensibiles

2024 1940 2173 1995 'dico
2203 1948 2364 2008 atque
2392 1954 2681 2009 corporeus
2703 1940 2769 2002 ¹¹,
2796 1938 2931 1993 locis
2953 1937 3384 2007 temporibusque
3407 1933 3642 1989 ceteris-

2048 2045 2155 2100 que
2182 2029 2552 2085 accidentibus
2577 2028 2772 2083 variari
2798 2036 3075 2098 appetunt,
3106 2026 3257 2079 iubis
3280 2025 3424 2079 enim
3442 2040 3635 2078 eorum

2048 2119 2393 2190 pulchritudo
2428 2120 2662 2175 maxime
2708 2119 2933 2183 arridet,
2968 2118 3196 2186 ideoque
3239 2130 3271 2168 a
3318 2114 3637 2170 carnalibus

2049 2211 2264 2277 animis,
2297 2210 2451 2281 longe
2473 2227 2502 2264 a
2526 2211 2751 2266 veritate
2780 2218 2835 2263 et
2859 2209 3066 2262 unitate
3088 2205 3435 2269 distantibus,
3469 2205 3637 2272 inque

2050 2302 2422 2373 temporalium
2454 2317 2636 2357 rerum
2661 2300 3106 2355 numerositatem
3150 2294 3380 2360 dill’usis,
3433 2295 3635 2349 intem-

2047 2401 2234 2464 perate
2291 2392 2675 2462 luxurioseque
2729 2400 3003 2455 amantur,
3047 2397 3256 2444 tantum
3309 2385 3635 2449 interiores,

2047 2483 2154 2539 hoc
2181 2491 2287 2551 est,
2314 2482 2677 2553 intelligibiles
2707 2480 2976 2537 cssentiae
3002 2477 3297 2548 simplicem
3321 2475 3404 2531 sui
3435 2474 3637 2528 indivi-

2047 2576 2317 2647 duamque
2348 2578 2609 2631 unitatem
2639 2577 2691 2631 in
2714 2575 2907 2646 seipsis
2927 2582 2981 2627 et
3008 2574 3151 2627 inter
3175 2573 3382 2641 seipsas
3414 2572 3637 2638 insepa-

2048 2668 2297 2725 rabiliter
2323 2669 2370 2699 “
2398 2668 2709 2732 ostendunt,
2750 2681 2816 2721 ac
2842 2665 2888 2696 "
2914 2679 3012 2734 per
3049 2665 3152 2721 hoc
3178 2662 3489 2731 sapientum
3516 2656 3642 2711 ani-

2049 2774 2168 2815 mos
2196 2758 2647 2830 pulchritudinem
2682 2756 3001 2812 harmoniae
3026 2754 3410 2822 societatisque
3435 2765 3637 2804 earum

2047 2849 2475 2919 contemplantes
2489 2848 2774 2903 delectant.
2809 2847 3013 2914 Quibus
3032 2859 3102 2899 ex
3131 2841 3366 2898 instabili
3393 2840 3643 2895 diversa~

2048 2957 2152 3011 que
2181 2941 2418 2996 locorum
2446 2956 2510 2996 ac
2538 2949 2838 3010 temporum
2863 2938 3124 2992 varietate
3147 2933 3520 2996 redeuntibus,
3542 2945 3642 2985 so-

2052 3031 2153 3086 lius
2180 3030 2401 3085 unitatis
2418 3028 2464 3060 “
2510 3028 2963 3098 immutabilisque
2984 3025 3227 3081 veritatis
3246 3020 3644 3091 contemplatio

2053 3124 2352 3193 praemium
2386 3120 2735 3192 promittitur.
2767 3118 2882 3173 Non
2907 3117 3052 3172 enim
3078 3114 3341 3170 caelestes
3374 3112 3636 3173 virtutes,

2052 3226 2188 3280 quas
2203 3211 2369 3264 variis
2392 3209 2849 3265 nominationibus
2876 3206 3156 3275 Scriptura
3181 3216 3335 3258 sacra
3362 3201 3643 3265 nominat,

2056 3305 2200 3360 hunc
2223 3304 2271 3335 "
2302 3304 2561 3358 mundum
2587 3302 2853 3358 visibilem
2879 3300 3218 3355 extrinsecus
3244 3295 3647 3365 corporeisque

2054 3395 2303 3450 sensibus
2330 3394 2530 3450 intueri
2560 3394 2860 3449 credendas
2880 3405 3007 3447 esse
3033 3389 3285 3445 aestimo.
3313 3384 3429 3440 Nec
3452 3394 3643 3439 tamen

2054 3499 2147 3539 eas
2183 3484 2407 3539 omnino
2437 3484 2687 3554 ignorare
2720 3490 2805 3538 est
2828 3481 2873 3512 "
2904 3481 3231 3551 putandum,
3273 3476 3494 3547 quando
3539 3490 3647 3543 per

2057 3589 2151 3629 eas
2194 3575 2307 3644 regi
2340 3588 2405 3629 ac
2451 3574 2751 3633 ministrari
2794 3574 2931 3628 haec
2976 3571 3158 3627 omnia
3198 3569 3433 3624 visibilia
3477 3581 3644 3622 sacra

2059 3668 2251 3722 edocet
2275 3667 2502 3721 historia
2528 3665 2772 3736 ".Leges
2793 3665 3061 3735 siquidem
3074 3662 3289 3718 divinae
3302 3676 3400 3732 per
3411 3660 3648 3730 angelos

2057 3758 2467 3812 administratae
2500 3769 2649 3822 sunt,
2672 3758 2936 3812 bonorum
2950 3757 2998 3796 ³⁸
3011 3755 3286 3809 hominum
3308 3768 3494 3808 mores
3516 3767 3649 3808 cor-

2060 3848 2215 3912 recti,
2243 3848 2511 3913 ordinati,
2548 3862 2581 3903 a
2622 3847 2807 3917 pravis
2832 3846 2938 3901 viis
2980 3844 3190 3899 reducti
3246 3840 3648 3911 multiplicibus

2058 3942 2273 3998 divinae
2302 3940 2673 4011 providentiae
2713 3939 2974 3994 doctrinis
2995 3936 3303 4000 exercitati,
3339 3934 3408 3988 ad
3450 3936 3647 4004 pristi-

2059 4050 2186 4088 num
2215 4043 2447 4089 naturae
2479 4033 2694 4088 modum
2727 4041 3082 4115 revocantur“;
3113 4028 3206 4083 sed
3233 4029 3287 4082 in
3323 4026 3574 4081 aeternis
3596 4025 3647 4057 ε’

2059 4125 2258 4187 causis,
2305 4138 2442 4192 quas
2482 4122 2630 4192 ipsae
2662 4121 3017 4176 aeternaliter
3056 4118 3439 4181 considerant,
3495 4116 3650 4171 hunc

2059 4216 2317 4271 mundum
2350 4254 2367 4277 ,
2413 4230 2576 4284 quem
2647 4214 2973 4284 gubernant,
3045 4220 3304 4281 quantum
3358 4208 3441 4263 eis
3507 4208 3652 4261 sini-

2061 4316 2147 4361 tur
2174 4344 2191 4371 ,
2266 4306 2636 4376 perspiciunt,
2707 4320 2815 4358 non
2868 4304 3108 4358 locorum
3148 4300 3337 4370 spatiis
3378 4298 3649 4361 divisum,

2062 4415 2169 4453 non
2197 4398 2363 4452 variis
2406 4407 2710 4466 temporum
2757 4396 2993 4450 motibus
3026 4393 3362 4455 distinctum,
3396 4405 3504 4443 non
3535 4405 3649 4442 nu-

2061 4484 2376 4544 merositate
2404 4488 2640 4557 partium
2663 4500 2882 4541 suarum
2904 4484 3229 4553 dispersum,
3258 4495 3365 4535 non
3405 4480 3655 4548 qualita-

2060 4587 2175 4632 tum
2204 4577 2637 4647 quantitatumve
2660 4575 3044 4645 multiplicibus
3064 4571 3380 4628 differentiis
3406 4569 3655 4625 dissimi-

2060 4666 2188 4731 lem,
2214 4683 2320 4721 non
2350 4666 2507 4721 molis
2534 4666 2905 4736 magnitudine
2934 4664 3222 4728 tumidum,
3270 4674 3379 4715 non
3408 4658 3654 4713 diversis

1677 4820 1927 4876 vannus
1965 4821 2345 4878 LECTlONES
2384 4794 2392 4802 ’

452 4942 732 5027 δ’δὶςςβς
770 4961 870 5018 pro
923 4965 1029 5003 non
1082 4960 1319 5027 erumpat
1349 4952 1666 5027 dicturus}
1694 4966 2030 5027 prorumpat;
2072 4959 2114 5012 ἰ)
2144 4973 2247 5014 non
2299 4966 2546 5027 erumpat
2584 4958 2760 5012 dictis.
2862 4959 2884 4990 ³
2911 4957 3000 5012 Sic
3042 4953 3206 5021 CDE;
3244 4954 3287 5006 A
3316 4960 3364 5007 et
3390 4950 3649 5027 feminae.

381 5011 406 5044 ³
434 5010 528 5070 Sic
557 5015 695 5070 ADE
724 5033 739 5083 ;
770 5010 953 5073 "sexus
1014 5036 1124 5081 om.
1171 5010 1242 5075 CI
1356 5020 1378 5052 ‘
1406 5022 1497 5077 Sic
1524 5020 1643 5085 CE;
1694 5010 1738 5076 λ

380 5086 678 5157 auferetur.
803 5087 825 5119 ⁸
873 5088 965 5144 Sic
1011 5090 1182 5157 CDE;
1252 5090 1298 5145 Α
1350 5091 1440 5145 At.

380 5175 520 5251 (ξ-ᾨξ⁸
548 5177 594 5231 Α
624 5186 710 5251 ει.
839 5182 861 5214 ⁸
904 5181 1009 5234 sive
1066 5180 1393 5251 cisibt'lisr—
1445 5191 1670 5251 tempore
1719 5198 1827 5237 om.
1876 5185 1939 5241 E.

390 5244 554 5313 CDE;
606 5248 649 5303 A
691 5251 942 5304 animum.
1057 5251 1103 5282 "
1148 5252 1238 5305 Sic
1284 5250 1445 5315 CDE;
1494 5244 1557 5303 A'
1588 5251 1694 5306 Sed
1738 5254 1802 5306 de
1844 5254 1962 5308 hac.

390 5317 436 5348 "
483 5318 574 5373 Sic
619 5319 784 5385 CDE;
829 5321 871 5374 A
920 5319 1253 5374 indutiarum.

389 5386 433 5460 ξθ
473 5389 564 5442 Sic
590 5388 714 5455 Cl);
769 5391 809 5442 A
843 5390 995 5454 nihil,
1025 5391 1066 5443 Ε
1095 5391 1343 5460 nihilque.

386 5454 480 5529 (es.
555 5460 599 5489 "
620 5460 710 5512 Sic
753 5460 916 5522 ACE;
961 5461 1001 5513 υ
1040 5454 1458 5529 inseparabilem.

384 5590 664 5651 boum-tun.
741 5600 785 5632 ²⁹
817 5603 903 5654 Sic
945 5590 1061 5667 CB;
1113 5590 1338 5656 aeternis
1373 5618 1481 5658 otn.
1532 5590 1625 5655 AD

1363 5320 1723 5396 “JSieCDlS;
1755 5325 1799 5377 A
1832 5327 2102 5396 quomodo
2125 5368 2139 5392 ,
2183 5343 2373 5396 quaeso
2397 5366 2411 5389 ,
2440 5320 2603 5381 orbis
2653 5335 2758 5381 eet.

1422 5390 1464 5422 ⁸⁸
1490 5392 1581 5444 Sic
1625 5393 1788 5455 ACE;
1833 5390 1877 5447 D
1924 5390 2287 5451 immutabilis.

1536 5462 1580 5491 ³³
1613 5461 1704 5516 Sic
1736 5465 1902 5533 CDE;
1946 5470 1992 5522 Δ
2024 5477 2197 5533 atque.
2271 5465 2318 5498 ³⁵
2346 5466 2436 5521 Sic
2481 5468 2557 5533 A;
2599 5466 2733 5521 CDE
2767 5469 2984 5522 unitate.

386 5526 548 5610 latine.
624 5529 671 5559 ¹¹⁴
819 5530 1070 5610 ιὶ-υΕλΠΑ
1093 5526 1334 5610 ignorare
1364 5531 1711 5610 onznin‘oJest
1755 5552 1866 5593 0m.
1889 5526 1977 5610 Ἀ).

1784 5022 2099 5093 penitusab
2151 5030 2383 5082 humana
2435 5022 2488 5082 ᾰ.
2537 5044 2627 5093 n.;
2682 5027 2726 5081 D
2779 5028 2844 5081 ab
2898 5029 3128 5080 lmmana
3181 5033 3373 5077 natura
3432 5022 3654 5093 penitus

1563 5091 1583 5122 ⁸
1626 5093 1720 5149 Sic
1763 5091 1895 5148 CDE
1929 5112 1944 5162 ;
1999 5097 2047 5150 A
2091 5098 2466 5167 diﬁ'ereutium.

2590 5089 2616 5129 "
2654 5094 2748 5153 Sic
2791 5097 2911 5162 AD;
2979 5099 3020 5152 C
3065 5093 3343 5173 sensibilis.
3434 5089 3493 5121 ’⁸
3551 5089 3657 5145 Sic

2055 5185 2109 5259 ⁸9,
2602 5187 2921 5259 quantitates
2972 5185 3437 5259 ᾳμμριαιεεηαςη..
3474 5179 3515 5209 ³³
3550 5179 3658 5232 Sic

2068 5256 2112 5289 ¹³
2145 5256 2239 5311 Sic
2288 5247 2453 5321 CDE,
2503 5255 2547 5309 A
2587 5247 2639 5311 α’.
2750 5255 2793 5287 ³⁸
2847 5256 2938 5310 Sic
2983 5247 3146 5320 CDE;
3201 5247 3270 5306 A'
3299 5247 3437 5302 virili
3470 5264 3654 5301 sexu.

2068 5342 2139 5386 ο,
2183 5343 2411 5386 quaeso,
2456 5327 2603 5381 orbis
2653 5335 2758 5381 eet.
2858 5328 2900 5358 ¹⁷
2929 5326 3020 5382 Sic
3066 5323 3228 5386 CDE;
3266 5317 3310 5372 Α
3348 5319 3652 5386 omnisque.

2365 5344 2411 5389 ν.
2456 5337 2603 5381 orbis
2653 5337 2758 5381 eet.
2858 5337 2897 5358 "
2929 5337 3020 5382 Sic
3066 5337 3228 5387 L‘Ub;
3266 5337 3310 5372 Α
3348 5337 3652 5386 animaque.

2365 5397 2409 5451 ⁸9
2436 5396 2529 5451 Sic
2567 5397 2733 5461 CDE;
2767 5396 2813 5450 A
2865 5397 3105 5452 videntur
3127 5410 3254 5447 esse.
3325 5389 3655 5454 "corpora-

2365 5468 2436 5521 Sic
2481 5468 2557 5524 A;
2599 5466 2733 5521 CDE
2767 5469 2984 5522 unitate.
3064 5468 3110 5498 ³⁸
3142 5465 3232 5519 Sic
3270 5457 3432 5520 CDE;
3466 5457 3514 5508 Α
3556 5472 3664 5524 ρω-

3185 5473 3232 5517 ic
3270 5473 3432 5520 cura;
3466 5473 3514 5508 Λ
3556 5473 3627 5520 ρι’

2054 5526 2102 5569 ’τ’
2137 5537 2227 5592 Sic
2264 5537 2425 5605 CDE;
2467 5537 2513 5592 A
2545 5526 2843 5608 Scriptura.
2941 5539 2987 5570 ⁸⁸
3022 5536 3113 5592 Sic
3156 5532 3321 5594 CDE;
3365 5529 3411 5580 Α
3456 5526 3660 5596 quibus
