3912 6154
284 249 375 306 545

1058 254 1146 307 DF.
1190 252 1529 308 DIVISIOXE
1569 252 1919 309 N.\'l‘UliAE.
1953 285 2017 297 —-
2061 252 2262 309 LIBER
2305 253 2681 312 SECUNDUS.

3402 263 3505 315 5.18

285 372 625 443 longitudinis,
652 372 971 436 latitudinis,
1014 372 1422 444 altitudinisqne
1454 375 1471 406 ¹
1498 376 1689 445 spatiis
1726 378 1828 427 das-
1860 385 1902 436 Α
1936 387 2031 437 tes,
2059 388 2263 430 caelum
2304 377 2423 432 dico
2458 386 2510 431 et
2543 387 2739 431 terram
2767 378 2853 439 “,n
2883 376 3043 429 veluti
3083 377 3221 429 inter
3249 381 3506 447 quos'am

287 474 491 528 tentum,
535 464 630 518 sed
660 472 829 518 totum
853 463 1017 517 simul
1058 464 1481 535 simpliciterque
1509 466 1562 520 in
1592 464 1705 518 suis
1750 481 1834 517 ra-

280 555 497 609 tionibus
536 553 949 608 immutabiliter
981 554 1388 610 subsistentem.
1434 557 1510 611 De
1556 557 1641 612 his
1674 557 1836 627 igitur

279 646 502 702 obscuris
521 644 950 715 quaestionibus,
976 659 1118 715 quae
1156 660 1252 715 per
1276 647 1543 716 meipsum
1580 648 1645 701 ad
1674 648 1835 718 liqui-

277 736 385 789 dum
408 734 604 789 intueri
628 748 860 802 nequeo,
905 734 1233 790 luculentius
1272 751 1302 790 a
1347 746 1398 792 te
1422 738 1835 793 discernendum

276 837 379 879 esse
405 824 425 854 ’
459 824 815 877 aestimarim.
847 822 964 877 Tuo
1012 832 1189 879 tamen
1220 826 1467 890 arbitrio,
1497 842 1606 896 quo
1649 828 1839 881 ordine

277 912 580 983 aperiendae
610 912 740 975 sint,
788 921 997 968 tantum
1045 924 1106 968 ut
1153 917 1486 985 aperiantur,
1535 917 1651 970 sive
1697 933 1839 972 nunc

276 1008 373 1062 sive
391 1016 604 1076 postea,
636 1007 769 1062 mihi
800 1008 975 1061 visum
1007 1016 1093 1062 est
1121 1008 1384 1063 tribuere.

335 1095 468 1151 llas.
517 1098 595 1151 De
624 1097 709 1150 his
734 1098 988 1151 omnibus
1014 1136 1029 1161 ,
1080 1112 1251 1166 quae,
1302 1106 1363 1152 ut
1412 1098 1567 1159 dicis,
1604 1100 1700 1153 tibi
1732 1114 1838 1152 non

275 1184 401 1241 clare
430 1185 453 1216 ³
483 1194 792 1253 patescunt,
832 1185 998 1239 alium
1022 1187 1325 1242 disserendi
1356 1186 1531 1242 locum
1575 1189 1708 1241 ordo
1749 1202 1836 1241 re-

275 1290 378 1331 rum
405 1274 429 1306 ‘
455 1276 683 1345 expetit.
715 1275 823 1330 Sed
853 1276 941 1330 hic
972 1276 1207 1332 breviter
1245 1278 1678 1346 praelibandum,
1708 1292 1844 1347 quo-

273 1365 401 1420 niam
430 1366 570 1420 haec
592 1365 794 1429 omnia,
831 1380 972 1434 quae
994 1364 1228 1421 diﬂicilia
1256 1367 1351 1422 tibi
1379 1368 1631 1423 videntur
1657 1407 1672 1431 ,
1733 1383 1842 1421 uno

273 1464 584 1524 argumento
610 1463 840 1524 possunt
865 1455 1136 1511 concludi.
1178 1455 1237 1511 Si
1265 1457 1410 1512 enim
1437 1456 1709 1519 Christus,
1749 1450 1865 1526 qui

273 1546 439 1602 omnia
462 1545 738 1616 intelligit,
770 1545 937 1599 immo
969 1553 1055 1600 est
1082 1546 1322 1600 omnium
1386 1545 1707 1607 intellectus,
1758 1561 1845 1601 rc-

277 1637 375 1706 ipsa
394 1636 604 1700 omnia,
634 1648 776 1704 quae
801 1634 1112 1705 assumpsit,
1136 1634 1394 1691 adunavit
1419 1653 1432 1689 :
1459 1638 1581 1706 quis
1609 1637 1839 1701 dubitet,

1935 475 2210 521 extremos
2235 459 2280 502 ⁸³
2311 469 2591 530 terminos,
2622 483 2650 521 a
2688 482 2807 521 sesc
2836 467 3063 521 invicem
3091 467 3374 530 discretos,
3403 471 3510 523 suis
3563 448 3577 468 ’

1936 560 2314 615 medietatibus
2345 574 2640 623 connexos,
2668 558 2826 628 hujus
2874 558 3058 612 mundi
3091 558 3361 613 sensibilis
3391 564 3505 614 nni-

1936 650 2247 704 versitatem
2293 648 2576 703 harmonia
2624 649 2855 717 quadam
2887 648 3118 701 naturali
3164 650 3511 719 compositam

1938 740 2402 808 coadunatamque
2430 752 2550 793 esse
2587 738 2753 793 certis
2799 739 3101 793 rationibus
3128 740 3375 794 edocent.
3410 740 3516 797 Sed

1940 829 2155 899 longum
2183 818 2287 888 est,
2311 836 2365 880 et
2411 827 2711 896 praesentis
2736 828 2916 895 operis
2950 830 3224 900 proposito
3268 830 3520 885 inconve-

1942 919 2114 980 niens,
2159 933 2257 987 per
2285 919 2529 973 diversas
2552 917 2886 972 diversorum
2912 918 3193 988 Opiniones
3225 920 3421 973 multas
3455 936 3519 974 ac

1952 1010 2124 1064 varias
2150 1024 2455 1063 sermonem
2498 1008 2816 1070 extendere,
2856 1009 3291 1080 superlinumque
3316 1010 3521 1065 videbi-

1942 1110 2051 1162 tur,
2086 1099 2314 1154 aliorum
2348 1098 2655 1155 intellectus
2683 1098 2748 1153 de
2792 1098 3097 1167 hujusmodi
3149 1101 3382 1172 negotio,
3416 1102 3521 1155 nisi

1943 1190 2031 1244 ubi
2060 1205 2270 1244 summa
2305 1190 2601 1245 necessitas
2627 1189 2817 1260 exigit,
2868 1189 3229 1244 introducere.
3268 1189 3392 1243 Mihi
3428 1207 3523 1243 au-

1944 1289 2050 1333 tem
2078 1281 2367 1334 multorum
2391 1294 2580 1334 sensus
2598 1278 2957 1334 consideranti
2986 1278 3424 1347 nilprobabilius,
3452 1279 3526 1332 nil

1943 1369 2288 1426 verisimilius
2337 1369 2595 1433 occurrit,
2628 1384 2789 1439 quam
2823 1379 2882 1425 ut
2922 1370 2976 1423 in
3021 1370 3063 1399 ’δ
3092 1369 3385 1439 praedictis
3432 1385 3523 1423 sa-

1949 1474 2077 1517 crae
2110 1460 2425 1531 Scripturae
2449 1460 2658 1523 verbis,
2685 1459 3077 1531 significatione
3119 1459 3368 1515 videlicet
3393 1458 3528 1513 caeli

1943 1563 1999 1606 et
2022 1564 2218 1617 terrae,
2244 1551 2624 1623 primm-diales
2653 1553 2819 1606 totius
2846 1562 3129 1608 creaturae
3147 1566 3362 1616 causas,
3394 1567 3528 1622 quas

1948 1646 2115 1703 Pater
2139 1647 2190 1701 in
2222 1647 2499 1717 unigenito
2525 1662 2622 1701 suo
2653 1643 2808 1710 Filio,
2859 1645 2950 1716 qui
2995 1646 3243 1717 principii
3295 1644 3529 1715 appella-

273 1727 400 1795 quod
443 1726 751 1795 praecessit
795 1726 847 1779 in
890 1726 1068 1795 capite
1109 1714 1165 1780 ἐι
1203 1726 1224 1757 ⁸
1264 1727 1547 1797 principali
1600 1730 1848 1797 exemplo
1879 1728 1924 1788 Β
1955 1738 2097 1792 tione
2123 1714 2451 1799 nominatur,
2487 1751 2613 1791 ante
2659 1714 3053 1806 omnim—quae
3104 1714 3343 1791 condita:
3367 1714 3526 1799 sunt,

276 1816 428 1870 totius
455 1818 725 1869 humanae
750 1824 994 1876 naturae,
1020 1817 1074 1870 in
1103 1825 1214 1871 tota
1258 1816 1376 1872 fore
1401 1819 1842 1885 subsecuturum,

272 1904 399 1962 sicut
424 1904 482 1959 in
520 1905 710 1973 quinto
757 1904 896 1961 libro
922 1907 1322 1962 tractabimus?
1360 1908 1641 1978 Siquidem
1684 1909 1847 1980 hujus

271 1997 566 2062 praesentis
587 1996 707 2050 libri
741 2005 919 2051 textus
941 1997 1013 2051 nil
1038 1997 1182 2052 aliud
1210 1997 1434 2069 ﬂagitat.
1461 2014 1623 2069 quam
1654 2007 1715 2054 ut
1747 2015 1846 2070 pro

273 2085 469 2141 viribus
498 2085 720 2149 nostris,
751 2085 1009 2155 quicquid
1059 2085 1150 2139 lux
1180 2086 1485 2142 animorum
1510 2087 1703 2155 largita
1733 2087 1847 2141 fue-

274 2177 353 2242 iit,
382 2178 453 2233 de
477 2176 922 2247 primordialibus
950 2178 1138 2232 causis
1165 2178 1524 2247 disputemus.

335 2276 419 2334 l5.
466 2279 613 2334 Dtsc.
654 2277 939 2348 ingredere
965 2293 1074 2347 quo
1102 2278 1186 2332 vis
1217 2279 1424 2334 ordine.
1454 2278 1533 2335 Eo
1560 2279 1703 2335 enim
1734 2296 1846 2333 mo-

274 2371 356 2433 do,
376 2384 487 2439 quo
504 2378 823 2440 praesentes
844 2370 1190 2438 quaestiones
1215 2371 1281 2424 de
1311 2371 1705 2441 quadripertita
1728 2372 1848 2425 uni-

273 2460 491 2515 versalis
522 2470 754 2515 naturae
802 2460 1065 2515 divisione
1093 2461 1403 2530 propositae
1431 2471 1577 2526 sunt,
1618 2477 1726 2517 non
1761 2464 1844 2516 in-

274 2564 501 2621 congrue
521 2551 890 2621 explanandas
911 2565 1031 2607 esse
1051 2552 1264 2621 opinor.
1290 2551 1429 2607 MAG.
1462 2553 1849 2609 Ratiocinatio-

276 2644 352 2697 uis
378 2642 664 2698 exordium
710 2657 777 2695 ex
824 2642 1021 2696 divinis
1056 2642 1285 2712 eloquiis
1316 2645 1699 2699 assumendum
1728 2660 1850 2700 esse

274 2732 514 2786 aestimo.
540 2731 687 2787 Disc.
718 2730 803 2785 Nil
826 2732 1265 2798 convenientius;
1290 2747 1355 2787 ex
1378 2748 1440 2787 ea
1461 2733 1605 2789 enim
1632 2748 1849 2788 omnem

276 2826 514 2880 veritatis
541 2825 948 2893 inquisitionem
982 2825 1194 2879 initium
1226 2841 1441 2881 sumere
1484 2827 1849 2882 necessarium

273 2924 371 2968 est.
405 2914 544 2970 Mss.
582 2915 959 2971 Divinissimus
997 2917 1280 2986 propheta,
1312 2916 1515 2973 Moisen
1548 2917 1570 2949 ⁸
1599 2918 1739 2981 dico,
1794 2917 1848 2971 in

277 3006 445 3072 prima
493 3006 671 3061 fronte
702 3006 823 3061 libri
850 3007 870 3038 ’
892 3006 1164 3061 Geneseos
1192 3024 1205 3060 :
1240 3005 1308 3060 In
1332 3008 1610 3077 principio,
1654 3007 1846 3076 inquit,

278 3095 394 3165 fecit
423 3095 557 3150 Deus
582 3095 788 3149 caelum
829 3106 877 3149 et
913 3107 1129 3151 terram.
1162 3096 1280 3163 Quo
1305 3098 1359 3150 in
1403 3097 1520 3153 loco
1554 3113 1743 3152 omnes
1768 3114 1855 3151 sa-

278 3200 398 3240 crae
425 3185 740 3256 Scripturae
761 3189 1098 3256 expositores
1124 3188 1321 3258 ingenii
1346 3188 1427 3243 sui
1453 3203 1680 3244 acumen
1698 3202 1854 3243 exer‘

277 3289 515 3342 cuemnt,
540 3279 880 3349 diversisque
913 3278 1302 3349 intelligentiae
1331 3278 1522 3343 modis,
1564 3279 1692 3348 quid
1718 3279 1853 3334 caeli

280 3368 507 3429 nomine,
533 3366 663 3436 quid
688 3376 885 3429 terrae,
913 3367 1196 3437 propheta,
1230 3367 1396 3422 immo
1450 3368 1612 3422 etiam
1638 3367 1659 3400 ⁸
1686 3367 1857 3438 Spiri-

282 3464 363 3510 tus
393 3469 609 3513 sanctus
636 3473 734 3527 per
763 3460 1110 3528 prophetam,
1137 3458 1308 3514 voluit
1337 3458 1656 3531 significari,
1679 3473 1854 3531 expo-

280 3556 515 3601 suerunt.
542 3548 647 3602 Alii
668 3548 933 3618 siquidem
954 3549 1175 3604 brevem
1202 3551 1472 3619 quandam
1500 3552 1855 3622 comprehen-

283 3637 479 3692 sionem
524 3639 690 3693 totius
730 3636 1003 3707 perfectae
1031 3649 1321 3694 creaturae
1368 3639 1455 3695 his
1494 3640 1677 3696 verbis
1727 3640 1858 3694 insi-

282 3728 428 3779 nuari
456 3727 763 3782 aestimant.
798 3726 947 3782 Caeli
998 3728 1219 3799 quidem
1244 3731 1266 3764 ⁸
1296 3729 1515 3784 nomine
1546 3737 1715 3784 totam
1740 3730 1856 3800 Spi-

286 3813 521 3869 ritnalcm
590 3815 1117 3885 intellectualemque
1191 3826 1500 3871 creaturam
1584 3818 1857 3872 conditam

284 3914 438 3974 atque
486 3906 791 3971 formatam,
835 3919 1013 3963 terrae
1075 3924 1206 3963 vero
1255 3924 1471 3964 omnem
1538 3922 1855 3978 corpoream

284 3998 691 4068 sensibilemque
718 3999 831 4054 suis
859 3998 1267 4070 perfectissimis
1293 4000 1700 4056 definitionibus
1728 4015 1858 4055 con-

284 4087 514 4141 stitutam
573 4088 810 4142 intimari
871 4090 1221 4144 arbitrantur.
1288 4089 1391 4144 Alii
1462 4091 1853 4147 informitatem

287 4177 551 4245 utriusque
562 4187 865 4243 creaturae,
892 4179 1186 4248 spiritualis
1207 4180 1424 4248 quidem
1446 4182 1666 4237 nomine
1691 4183 1852 4248 caeli,

288 4275 457 4322 terrae
499 4261 626 4324 vero
680 4269 1036 4341 appellatione
1097 4271 1283 4324 mundi
1334 4269 1495 4338 hujus
1555 4273 1855 4342 corporalis

288 4356 672 4413 inchoationem
698 4360 926 4413 suadere
945 4368 1231 4414 conantur.
1255 4359 1360 4414 Alii
1390 4363 1556 4417 totius
1575 4363 1852 4418 sensibilis

1946 1839 2245 1894 creaverat,
2275 1830 2656 1899 intelligamus,
2684 1838 2737 1883 et
2781 1829 2915 1884 caeli
2948 1830 3164 1905 nomine
3215 1843 3395 1884 rerum
3445 1828 3528 1882 in-

1947 1918 2304 1989 telligihilium
2331 1917 2750 1986 caelestiumquc
2780 1917 3165 1981 essentiarum,
3196 1926 3372 1973 terrae
3401 1932 3531 1973 vero

1947 2008 2304 2078 appellatione
2327 2006 2661 2062 sensibilium
2702 2021 2909 2071 rerum,
2956 2006 3153 2075 quibus
3202 2006 3532 2061 universitas

1948 2100 2109 2170 hujus
2144 2099 2328 2153 mundi
2361 2086 2659 2168 curporalis
2686 2099 3011 2169 completur,
3038 2099 3366 2168 principales
3403 2114 3531 2153 cau-

1947 2205 2039 2245 sas
2083 2188 2412 2258 signilicatas
2457 2203 2579 2242 esse
2625 2188 2954 2257 accipiamus
2982 2185 3047 2240 ”.
3085 2187 3230 2241 Dtsc.
3268 2187 3532 2243 Similiter

1947 2282 2111 2335 etiam
2146 2282 2289 2335 hunc
2320 2279 2652 2335 intellectum
2702 2292 2832 2348 prae
2877 2278 3076 2333 ceteris
3100 2278 3354 2348 elegerim
3386 2278 3455 2343 ",
3485 2279 3531 2332 si

1948 2387 2035 2427 me
2063 2371 2335 2441 paululum
2361 2388 2465 2425 non
2513 2378 2759 2425 moveret
2796 2369 2883 2424 illa
2915 2369 3262 2439 ambiguitas,
3314 2384 3451 2438 quae
3476 2370 3531 2424 in

1947 2461 2241 2532 praedictis
2266 2460 2654 2531 intelligentiae
2683 2457 3102 2514 discretionibus
3132 2459 3346 2514 videtur
3373 2459 3528 2513 oriri.

1949 2550 2103 2617 Nam,
2127 2560 2185 2605 ut
2205 2551 2335 2605 mihi
2360 2551 2595 2613 videtur,
2623 2557 2716 2604 aut
2746 2565 2913 2619 parva
2944 2557 3038 2604 aut
3065 2549 3211 2604 nulla
3233 2547 3534 2605 differentia

1948 2651 2032 2696 est
2052 2642 2192 2696 inter
2210 2654 2395 2695 eorum
2415 2640 2769 2703 intellectum,
2795 2640 2886 2709 qui
2911 2641 3118 2704 dicunt,
3144 2638 3533 2694 informitatem

1949 2733 2230 2802 utriusque
2262 2741 2506 2795 naturae,
2537 2730 2887 2801 intelligibilis
2911 2732 3031 2786 dico
3057 2740 3219 2800 atque
3239 2731 3530 2795 sensibilis,

1949 2832 2002 2877 et
2016 2823 2319 2893 corum,qui
2338 2821 2714 2892 primordiales
2726 2837 2915 2877 causas
2929 2820 3339 2893 intelligihilium
3355 2831 3408 2876 et
3420 2837 3537 2877 sen-

1952 2913 2186 2968 s’bilium
2217 2913 2504 2983 praedictis
2535 2912 2848 2981 Scripturae
2872 2913 3050 2967 verbis
3088 2913 3385 2983 descriptas
3416 2928 3536 2968 esse

1946 3002 2212 3071 jndicant.
2246 3001 2380 3055 Nam
2406 3000 2691 3055 informem
2719 3000 3004 3055 materiam
3042 2999 3265 3071 ejusque
3294 3001 3536 3056 informi-

1881 3079 1925 3141 C
1960 3100 2120 3147 tatem
2152 3107 2371 3147 causam
2407 3091 2677 3161 quandam
2705 3104 2887 3145 rerum
2915 3105 3035 3146 esse
3085 3092 3335 3146 dicimus.
3374 3092 3430 3146 in
3472 3107 3535 3147 ea

1956 3181 2221 3249 siquidem
2253 3180 2542 3244 inchoant,
2584 3179 2833 3249 quamvis
2868 3177 3209 3245 informiter,
3257 3181 3309 3235 id
3358 3190 3443 3235 est
3492 3185 3534 3249 ⁷,

1956 3275 2130 3329 adhuc
2166 3273 2478 3343 imperfecte
2508 3286 2572 3326 ac
2601 3286 2766 3342 prope
2792 3270 2927 3326 nihil
2960 3271 3001 3303 ⁸⁸
3033 3286 3190 3337 esse;
3222 3287 3325 3326 non
3356 3280 3535 3328 tamen

1956 3367 2173 3436 penitus
2218 3365 2353 3419 nihil
2385 3378 2507 3420 esse
2537 3362 2931 3433 intelliguntur,
2973 3363 3070 3418 sed
3099 3361 3537 3417 inchoamcntum

1957 3455 2353 3527 quodammodo
2383 3468 2525 3520 esse,
2566 3453 2906 3522 formamque
2942 3461 2999 3509 et
3032 3452 3415 3524 perfectionem
3446 3469 3542 3524 ap-

1956 3554 2160 3617 petere.

2027 3636 2164 3691 Msc.
2209 3635 2340 3692 Esto
2388 3632 2554 3707 igitur
2584 3635 2862 3699 intentior,
2903 3640 2958 3690 et
2986 3648 3169 3690 rerum
3209 3634 3541 3691 differentias

1958 3735 2114 3782 acute
2144 3726 2412 3795 perspice,
2444 3726 2777 3795 nebulasque
2811 3726 3180 3796 ambiguitatis
3206 3740 3271 3781 ex
3300 3726 3419 3782 acie
3460 3728 3541 3781 in-

1959 3817 2217 3873 tentionis
2243 3826 2367 3871 tuae
2390 3817 2606 3887 penitus
2626 3816 2847 3887 depelle.
2880 3815 2994 3870 Non
3011 3816 3174 3880 enim,
3206 3825 3266 3871 ut
3285 3817 3538 3880 arbitror,

1959 3916 2012 3962 te
2039 3916 2217 3977 potest
2256 3908 2448 3973 latere,
2485 3907 2621 3961 alias
2652 3922 2775 3962 esse
2812 3920 2996 3962 rerum
3044 3906 3410 3962 informitates
3435 3947 3451 3971 ,
3485 3917 3542 3961 et

1957 3999 2093 4054 alias
2120 4014 2304 4054 rerum
2350 4014 2544 4055 causas
2589 3997 2940 4068 perfectaque
2974 3997 3257 4068 principia.
3305 3996 3440 4052 Nam
3495 4000 3539 4051 si

1955 4103 2078 4144 esse
2104 4097 2161 4144 et
2198 4104 2304 4143 non
2330 4104 2451 4144 esse
2491 4088 2592 4143 sibi
2624 4088 2857 4143 invicem
2900 4103 2933 4144 e
2958 4088 3235 4143 contrario
3262 4102 3542 4158 opponun-

1957 4186 2043 4232 tur
2076 4178 2140 4243 ι’,
2173 4186 2228 4233 et
2256 4177 2303 4209 ³ο
2334 4177 2409 4232 nil
2452 4177 2809 4248 pr0pinquius
2835 4186 2921 4232 est
2952 4176 3021 4229 ad
3050 4190 3177 4230 vere
3208 4190 3348 4241 esse,
3373 4190 3537 4246 quam

1955 4281 2154 4323 causae
2184 4276 2401 4323 creatae
2429 4274 2737 4322 creatarum
2788 4280 2996 4330 rerum,
3027 4264 3268 4335 nihilque
3307 4265 3540 4321 vicinius

1958 4362 2024 4416 ad
2055 4376 2161 4417 non
2194 4376 2324 4416 vere
2339 4376 2479 4425 esse,
2510 4375 2672 4431 quam
2696 4359 2945 4415 informis
2968 4359 3234 4425 materia;
3268 4369 3353 4415 est
3371 4361 3537 4428 enim,

289 4460 573 4512 creaturae.
610 4467 752 4521 quae
776 4451 939 4505 veluti
956 4452 1162 4506 duabus
1187 4452 1852 4524 principalibuspartibus.
1883 4424 1933 4483 Β
1959 4465 2019 4511 ut
2053 4458 2132 4511 ait
2168 4424 2771 4526 Augustinum-infame
2802 4470 2961 4525 prope
2983 4454 3114 4509 nihil
3139 4473 3151 4509 :
3179 4424 3307 4510 num
3332 4457 3430 4512 tibi
3458 4424 3541 4513 vi;

292 4541 428 4593 caelo
465 4543 583 4596 dico
631 4557 697 4596 ac
728 4543 770 4574 ⁸ο
803 4550 946 4595 terra
973 4583 989 4607 ,
1038 4541 1319 4611 perficitur
1342 4582 1358 4605 ,
1408 4545 1736 4600 creationem
1768 4546 1854 4601 his

294 4634 456 4688 verbis
472 4634 697 4689 indicari
738 4632 1042 4699 aliirmant,
1082 4634 1155 4688 ita
1193 4643 1253 4688 ut
1296 4634 1429 4688 nihil
1464 4635 1530 4690 de
1557 4637 1853 4705 spiritualis

294 4734 553 4780 creaturae
580 4725 893 4780 conditione
915 4724 1015 4779 hoc
1040 4724 1095 4779 in
1139 4724 1259 4780 loco
1290 4725 1329 4757 "
1361 4726 1713 4795 signiﬁcetur,
1756 4724 1850 4781 sed

296 4820 608 4873 solummodo
656 4816 1043 4888 plenitudinem
1078 4831 1369 4886 corporeae
1414 4827 1694 4873 creaturae
1720 4832 1850 4886 pro-

300 4916 441 4974 pheta
471 4910 697 4964 voluerit
724 4908 1053 4964 describere.
1082 4909 1228 4962 Inter
1258 4910 1358 4963 has
1386 4910 1530 4963 enim
1558 4911 1693 4964 duas
1720 4924 1848 4979 par-

1959 4545 2116 4600 detur
2138 4560 2306 4614 parva
2334 4545 2588 4599 distantia
2620 4543 2762 4599 inter
2800 4543 2875 4609 id,
2907 4544 3050 4613 quod
3084 4558 3245 4600 verae
3268 4548 3542 4603 essentiae

1956 4646 2041 4692 est
2053 4637 2435 4706 propinquum,
2450 4643 2505 4689 et
2525 4636 2597 4699 id,
2615 4636 2759 4704 quod
2775 4648 2933 4690 verae
2944 4636 3213 4692 essentiae
3230 4637 3539 4706 privationi.

1956 4744 2095 4799 quae
2109 4722 2241 4784 nihil
2260 4729 2481 4784 omnino
2496 4729 2539 4760 ¹¹
2559 4728 2781 4796 dicitur,
2796 4729 3103 4798 proximum
3121 4731 3204 4783 ἠ
3226 4729 3337 4786 Nec
3360 4747 3538 4788 rerum

1957 4819 2343 4875 informitatem
2375 4835 2595 4891 causam
2626 4821 2898 4875 essentiae
2950 4818 3282 4889 formaeque
3313 4836 3377 4875 ac
3416 4835 3537 4891 per-

1918 4974 1925 4980 ,
1955 4909 2205 4965 fectionis
2237 4926 2416 4966 rerum
2452 4924 2573 4965 esse
2617 4909 2877 4974 diximus,
2928 4910 3022 4964 sed
3075 4911 3246 4980 magis
3280 4910 3531 4979 privatio-

1559 5064 1811 5122 VARIAE
1846 5063 2243 5124 LECTIONES.

367 5180 385 5212 ⁸
408 5182 490 5239 Sic
515 5184 636 5242 AE:
660 5181 701 5237 C
726 5182 1087 5251 longitudinis.
1120 5181 1417 5236 altitudinis
1442 5179 1838 5251 latitudinisqne
1861 5196 1879 5243 ;
1908 5175 2748 5251 Dloagitudinisaltitudinisque
2772 5174 3099 5251 (altitudinis
3110 5192 3231 5251 om.
3259 5172 3343 5251 D)_.
3388 5175 3409 5205 ’
3428 5187 3537 5225 em

308 5263 401 5306 0:".
425 5255 487 5308 A.
554 5254 575 5284 ³
598 5252 691 5308 Sic
721 5255 760 5306 D
788 5243 930 5318 {CB
958 5260 1015 5302 ut
1040 5267 1159 5319 qua:
1183 5252 1298 5306 tibi.
1326 5260 1385 5303 ut
1414 5253 1566 5313 dicis,
1598 5264 1700 5301 non
1732 5243 1875 5302 clare
1897 5264 1915 5309 ;
1936 5243 2167 5319 Aquae,
2198 5255 2257 5319 ut
2282 5246 2432 5319 dicis.
2468 5247 2562 5319 tibi
2582 5248 2724 5319 clare
2746 5243 2871 5319 non.
2940 5247 2961 5277 ⁸
2985 5243 3341 5319 SicCliAl'QLA
3360 5257 3535 5319 rerum

312 5324 436 5389 θ’ἶάοο
515 5323 644 5378 ’δίε
667 5322 803 5376 (οἷοΕ
827 5339 842 5383 ;
870 5325 912 5374 Α
944 5336 1028 5373 εκ.
1055 5355 1068 5387 ε
1111 5321 1131 5352 ⁶
1163 5321 1227 5376 C.
1257 5319 1456 5389 Moyse,
1488 5319 1572 5372 DE
1601 5322 1832 5389 Moysen.

315 5387 422 5462 ’_Sic
453 5393 581 5446 ADE
611 5410 626 5455 ;
663 5395 704 5446 (Σ
726 5391 1006 5462 siquidem.
1083 5391 1127 5421 ¹⁰
1159 5392 1252 5444 Sic
1276 5387 1409 5462 CliiE
1435 5407 1450 5454 ;
1486 5391 1530 5441 A
1564 5399 1633 5440 et.

316 5460 427 5529 dico.
517 5462 562 5494 ι³
593 5464 687 5516 sic
714 5460 849 5516 (1·ὶὶιέ
876 5477 893 5526 ;
932 5463 973 5511 Δ
999 5462 1262 5529 quosdam
1296 5460 1426 5529 duos
1478 5470 1773 5511 extremos.

377 5528 643 5601 SeCDE;
690 5532 733 5585 A
771 5524 1035 5601 eligerem.
1132 5530 1184 5601 1"
1212 5527 1461 5601 Sicglll‘]
1496 5545 1509 5590 ;
1549 5529 1727 5601 Agihoc
1755 5534 1857 5601 est.

320 5595 451 5654 "Sic
471 5603 598 5656 CDi'L
682 5612 733 5653 et
762 5595 873 5654 oni.
907 5600 972 5654 Δ.

682 5695 956 5756 ΡΑΤιιοΙ..
981 5693 1233 5756 CXXIl.

1926 5317 1945 5347 ⁷
1976 5317 2066 5371 Sic
2109 5316 2285 5379 Cllli;
2319 5318 2436 5369 Ain
2466 5317 2723 5385 principio
2761 5316 2913 5369 libro.

1718 5389 1757 5417 ”
1784 5388 1871 5441 Sic
1900 5385 2034 5441 CDE
2055 5403 2071 5452 ;
2094 5388 2137 5440 Δ
2166 5389 2257 5439 hoc
2289 5389 2340 5440 in
2366 5388 2499 5440 loco.

1874 5457 1915 5486 “
1944 5455 2037 5510 Sic
2065 5457 2153 5511 AC
2190 5472 2209 5519 ,'
2243 5458 2293 5509 in
2349 5473 2456 5509 out.
2489 5457 2594 5509 DE.

2993 5317 3014 5347 '
3035 5315 3124 5370 Sic
3165 5312 3297 5369 CDE
3326 5327 3341 5372 ;
3388 5315 3433 5364 Α.
3462 5324 3533 5365 et.

2584 5383 2749 5441 "Sto
2774 5386 2906 5438 MJK
2938 5402 2952 5445 ;
2987 5386 3027 5437 D
3054 5383 3236 5436 calum
3259 5391 3309 5433 et
3338 5393 3533 5434 terram

2678 5456 2722 5486 ”
2752 5456 2844 5508 Sic
2867 5454 3039 5516 CDE;
3078 5454 3116 5504 A
3150 5451 3530 5520 intelligamus.

1968 5527 2012 5556 ¹⁸
2039 5530 2082 5579 Α
2115 5528 2213 5578 nil.
2321 5526 2363 5557 "
2398 5523 2489 5579 Sic
2513 5525 2643 5578 CDE
2674 5541 2691 5590 ;
2730 5525 2770 5575 Δ
2801 5532 3138 5591 opponuntur
3176 5538 3203 5574 ε
3242 5522 3534 5575 contrario.

1052 5601 1093 5632 "
1125 5598 1220 5655 Sic
1247 5598 1419 5666 CDE;
1452 5602 1494 5652 Α
1527 5599 1888 5651 nihilominus.
1930 5599 1979 5629 ¹¹
2043 5597 2134 5650 Sic
2162 5595 2335 5661 CDl‘i;
2370 5595 2411 5648 Α
2443 5595 2645 5647 dicitur
2674 5608 2785 5645 esse
2813 5605 2889 5644 est
2920 5595 3251 5661 proximum.

3031 5685 3103 5747 18
