  <div class='ocr_page' id='page_1' title='image "/cluster/home/n/w/nwhite01/storage/ocr_20150623/122/hvd.32044054759840/311.png"; bbox 0 0 3912 6154; ppageno 0'>
   <div class='ocr_carea' id='block_1_1' title="bbox 237 284 513 369">
    <p class='ocr_par' dir='ltr' id='par_1_1' title="bbox 237 284 513 369">
     <span class='ocr_line' id='line_1_1' title="bbox 237 284 513 369; baseline 0.007 -2"><span class='ocrx_word' id='word_1_1' title='bbox 237 284 513 369; x_wconf 64' lang='lat' dir='ltr'><strong>&quot;sn</strong></span> 
     </span>
    </p>
   </div>
   <div class='ocr_carea' id='block_1_2' title="bbox 1801 304 2311 363">
    <p class='ocr_par' dir='ltr' id='par_1_2' title="bbox 1801 304 2311 363">
     <span class='ocr_line' id='line_1_2' title="bbox 1801 304 2311 363; baseline -0.01 0"><span class='ocrx_word' id='word_1_2' title='bbox 1801 304 2081 363; x_wconf 63' lang='lat' dir='ltr'><strong>JOANNIS</strong></span> <span class='ocrx_word' id='word_1_3' title='bbox 2117 304 2311 360; x_wconf 80' lang='lat' dir='ltr'><strong>SCOTI</strong></span> 
     </span>
    </p>
   </div>
   <div class='ocr_carea' id='block_1_3' title="bbox 3576 308 3682 363">
    <p class='ocr_par' dir='ltr' id='par_1_3' title="bbox 3576 308 3682 363">
     <span class='ocr_line' id='line_1_3' title="bbox 3576 308 3682 363; baseline 0 0"><span class='ocrx_word' id='word_1_4' title='bbox 3576 308 3682 363; x_wconf 63' lang='lat'><strong>568</strong></span> 
     </span>
    </p>
   </div>
   <div class='ocr_carea' id='block_1_4' title="bbox 414 416 3678 490">
    <p class='ocr_par' dir='ltr' id='par_1_4' title="bbox 414 416 3678 490">
     <span class='ocr_line' id='line_1_4' title="bbox 414 416 3678 490; baseline -0.001 -10"><span class='ocrx_word' id='word_1_5' title='bbox 414 443 536 481; x_wconf 77' lang='lat' dir='ltr'><strong>neu.</strong></span> <span class='ocrx_word' id='word_1_6' title='bbox 602 426 900 487; x_wconf 81' lang='lat' dir='ltr'><strong>essentiae,</strong></span> <span class='ocrx_word' id='word_1_7' title='bbox 973 422 1176 476; x_wconf 82' lang='lat' dir='ltr'><strong>formae</strong></span> <span class='ocrx_word' id='word_1_8' title='bbox 1237 420 1692 490; x_wconf 86' lang='lat' dir='ltr'><strong>perfectionisque</strong></span> <span class='ocrx_word' id='word_1_9' title='bbox 1731 422 1748 453; x_wconf 78' lang='grc'><strong>⁸</strong></span> <span class='ocrx_word' id='word_1_10' title='bbox 1784 436 1988 475; x_wconf 90' lang='lat' dir='ltr'><strong>rerum.</strong></span> <span class='ocrx_word' id='word_1_11' title='bbox 2020 432 2065 487; x_wconf 73' lang='grc' dir='ltr'><strong>Α</strong></span> <span class='ocrx_word' id='word_1_12' title='bbox 2096 418 2195 472; x_wconf 91' lang='lat' dir='ltr'><strong>sub</strong></span> <span class='ocrx_word' id='word_1_13' title='bbox 2225 416 2354 486; x_wconf 80' lang='lat' dir='ltr'><strong>ipsis</strong></span> <span class='ocrx_word' id='word_1_14' title='bbox 2390 424 2546 480; x_wconf 84' lang='lat' dir='ltr'><strong>sunt,</strong></span> <span class='ocrx_word' id='word_1_15' title='bbox 2575 424 2795 482; x_wconf 74' lang='lat' dir='ltr'><strong>creant;</strong></span> <span class='ocrx_word' id='word_1_16' title='bbox 2829 432 2953 473; x_wconf 89' lang='lat' dir='ltr'><strong>nam</strong></span> <span class='ocrx_word' id='word_1_17' title='bbox 2982 419 3356 489; x_wconf 78' lang='lat' dir='ltr'><strong>primordiales</strong></span> <span class='ocrx_word' id='word_1_18' title='bbox 3402 434 3598 477; x_wconf 80' lang='lat' dir='ltr'><strong>causas</strong></span> <span class='ocrx_word' id='word_1_19' title='bbox 3627 433 3678 477; x_wconf 91' lang='lat' dir='ltr'><strong>et</strong></span> 
     </span>
    </p>
   </div>
   <div class='ocr_carea' id='block_1_5' title="bbox 418 511 1985 586">
    <p class='ocr_par' dir='ltr' id='par_1_5' title="bbox 418 511 1985 586">
     <span class='ocr_line' id='line_1_5' title="bbox 418 511 1985 586; baseline -0.003 -16"><span class='ocrx_word' id='word_1_20' title='bbox 418 516 590 571; x_wconf 84' lang='lat' dir='ltr'><strong>Causa</strong></span> <span class='ocrx_word' id='word_1_21' title='bbox 623 514 909 586; x_wconf 82' lang='lat' dir='ltr'><strong>siquidem,</strong></span> <span class='ocrx_word' id='word_1_22' title='bbox 942 513 986 567; x_wconf 90' lang='lat' dir='ltr'><strong>si</strong></span> <span class='ocrx_word' id='word_1_23' title='bbox 1025 526 1149 566; x_wconf 88' lang='lat' dir='ltr'><strong>vere</strong></span> <span class='ocrx_word' id='word_1_24' title='bbox 1202 525 1366 566; x_wconf 86' lang='lat' dir='ltr'><strong>causa</strong></span> <span class='ocrx_word' id='word_1_25' title='bbox 1412 512 1563 575; x_wconf 81' lang='lat' dir='ltr'><strong>est’,</strong></span> <span class='ocrx_word' id='word_1_26' title='bbox 1595 512 1775 566; x_wconf 91' lang='lat' dir='ltr'><strong>omnia</strong></span> <span class='ocrx_word' id='word_1_27' title='bbox 1804 511 1985 580; x_wconf 87' lang='lat' dir='ltr'><strong>perfe-</strong></span> 
     </span>
    </p>
   </div>
   <div class='ocr_carea' id='block_1_6' title="bbox 414 602 1987 675">
    <p class='ocr_par' dir='ltr' id='par_1_6' title="bbox 414 602 1987 675">
     <span class='ocr_line' id='line_1_6' title="bbox 414 602 1987 675; baseline -0.002 -14"><span class='ocrx_word' id='word_1_28' title='bbox 414 607 675 669; x_wconf 88' lang='lat' dir='ltr'><strong>ctissime,</strong></span> <span class='ocrx_word' id='word_1_29' title='bbox 713 619 941 675; x_wconf 87' lang='lat' dir='ltr'><strong>quorum</strong></span> <span class='ocrx_word' id='word_1_30' title='bbox 969 616 1132 656; x_wconf 86' lang='lat' dir='ltr'><strong>causa</strong></span> <span class='ocrx_word' id='word_1_31' title='bbox 1163 609 1268 666; x_wconf 88' lang='lat' dir='ltr'><strong>est,</strong></span> <span class='ocrx_word' id='word_1_32' title='bbox 1299 602 1356 656; x_wconf 92' lang='lat' dir='ltr'><strong>in</strong></span> <span class='ocrx_word' id='word_1_33' title='bbox 1401 602 1579 672; x_wconf 91' lang='lat' dir='ltr'><strong>seipsa</strong></span> <span class='ocrx_word' id='word_1_34' title='bbox 1614 603 1916 673; x_wconf 89' lang='lat' dir='ltr'><strong>praeambit</strong></span> <span class='ocrx_word' id='word_1_35' title='bbox 1941 603 1987 669; x_wconf 82' lang='grc'><em>³,</em></span> 
     </span>
    </p>
   </div>
   <div class='ocr_carea' id='block_1_7' title="bbox 416 692 1987 763">
    <p class='ocr_par' dir='ltr' id='par_1_7' title="bbox 416 692 1987 763">
     <span class='ocr_line' id='line_1_7' title="bbox 416 692 1987 763; baseline -0.001 -14"><span class='ocrx_word' id='word_1_36' title='bbox 416 695 746 763; x_wconf 81' lang='lat' dir='ltr'><strong>effectusque</strong></span> <span class='ocrx_word' id='word_1_37' title='bbox 769 707 917 756; x_wconf 89' lang='lat' dir='ltr'><strong>suos,</strong></span> <span class='ocrx_word' id='word_1_38' title='bbox 944 693 1257 762; x_wconf 82' lang='lat' dir='ltr'><strong>priusquam</strong></span> <span class='ocrx_word' id='word_1_39' title='bbox 1289 692 1343 746; x_wconf 93' lang='lat' dir='ltr'><strong>in</strong></span> <span class='ocrx_word' id='word_1_40' title='bbox 1368 692 1554 761; x_wconf 81' lang='lat' dir='ltr'><strong>aliquo</strong></span> <span class='ocrx_word' id='word_1_41' title='bbox 1581 703 1898 763; x_wconf 79' lang='lat' dir='ltr'><strong>appareant,</strong></span> <span class='ocrx_word' id='word_1_42' title='bbox 1932 694 1987 748; x_wconf 88' lang='lat' dir='ltr'><strong>in</strong></span> 
     </span>
    </p>
   </div>
   <div class='ocr_carea' id='block_1_8' title="bbox 411 780 1989 853">
    <p class='ocr_par' dir='ltr' id='par_1_8' title="bbox 411 780 1989 853">
     <span class='ocr_line' id='line_1_8' title="bbox 411 780 1989 853; baseline 0 -16"><span class='ocrx_word' id='word_1_43' title='bbox 411 784 587 853; x_wconf 88' lang='lat' dir='ltr'><strong>seipsa</strong></span> <span class='ocrx_word' id='word_1_44' title='bbox 610 781 850 851; x_wconf 85' lang='lat' dir='ltr'><strong>perlicit;</strong></span> <span class='ocrx_word' id='word_1_45' title='bbox 882 789 938 834; x_wconf 92' lang='lat' dir='ltr'><strong>et</strong></span> <span class='ocrx_word' id='word_1_46' title='bbox 969 781 1097 835; x_wconf 91' lang='lat' dir='ltr'><strong>dum</strong></span> <span class='ocrx_word' id='word_1_47' title='bbox 1143 780 1197 835; x_wconf 91' lang='lat' dir='ltr'><strong>in</strong></span> <span class='ocrx_word' id='word_1_48' title='bbox 1226 795 1426 851; x_wconf 86' lang='lat' dir='ltr'><strong>genera</strong></span> <span class='ocrx_word' id='word_1_49' title='bbox 1466 780 1780 852; x_wconf 84' lang='lat' dir='ltr'><strong>formasque</strong></span> <span class='ocrx_word' id='word_1_50' title='bbox 1808 784 1989 839; x_wconf 89' lang='lat' dir='ltr'><strong>visibi-</strong></span> 
     </span>
    </p>
   </div>
   <div class='ocr_carea' id='block_1_9' title="bbox 409 869 1985 941">
    <p class='ocr_par' dir='ltr' id='par_1_9' title="bbox 409 869 1985 941">
     <span class='ocr_line' id='line_1_9' title="bbox 409 869 1985 941; baseline 0.003 -18"><span class='ocrx_word' id='word_1_51' title='bbox 409 871 489 925; x_wconf 85' lang='lat' dir='ltr'><strong>les</strong></span> <span class='ocrx_word' id='word_1_52' title='bbox 517 885 615 940; x_wconf 89' lang='lat' dir='ltr'><strong>per</strong></span> <span class='ocrx_word' id='word_1_53' title='bbox 637 869 1045 941; x_wconf 86' lang='lat' dir='ltr'><strong>generationem</strong></span> <span class='ocrx_word' id='word_1_54' title='bbox 1075 879 1388 940; x_wconf 88' lang='lat' dir='ltr'><strong>erumpunt,</strong></span> <span class='ocrx_word' id='word_1_55' title='bbox 1405 869 1801 939; x_wconf 85' lang='lat' dir='ltr'><strong>perfectionem</strong></span> <span class='ocrx_word' id='word_1_56' title='bbox 1830 887 1985 928; x_wconf 86' lang='lat' dir='ltr'><strong>suam</strong></span> 
     </span>
    </p>
   </div>
   <div class='ocr_carea' id='block_1_10' title="bbox 408 960 1987 1030">
    <p class='ocr_par' dir='ltr' id='par_1_10' title="bbox 408 960 1987 1030">
     <span class='ocr_line' id='line_1_10' title="bbox 408 960 1987 1030; baseline 0.004 -16"><span class='ocrx_word' id='word_1_57' title='bbox 408 963 461 1014; x_wconf 91' lang='lat' dir='ltr'><strong>in</strong></span> <span class='ocrx_word' id='word_1_58' title='bbox 504 976 568 1014; x_wconf 89' lang='lat' dir='ltr'><strong>ea</strong></span> <span class='ocrx_word' id='word_1_59' title='bbox 610 977 714 1017; x_wconf 86' lang='lat' dir='ltr'><strong>non</strong></span> <span class='ocrx_word' id='word_1_60' title='bbox 745 960 1033 1026; x_wconf 88' lang='lat' dir='ltr'><strong>deserunt,</strong></span> <span class='ocrx_word' id='word_1_61' title='bbox 1068 963 1163 1017; x_wconf 90' lang='lat' dir='ltr'><strong>sed</strong></span> <span class='ocrx_word' id='word_1_62' title='bbox 1206 961 1364 1030; x_wconf 84' lang='lat' dir='ltr'><strong>plene</strong></span> <span class='ocrx_word' id='word_1_63' title='bbox 1413 961 1435 992; x_wconf 74' lang='grc'><strong>⁸</strong></span> <span class='ocrx_word' id='word_1_64' title='bbox 1484 971 1538 1017; x_wconf 90' lang='lat' dir='ltr'><strong>et</strong></span> <span class='ocrx_word' id='word_1_65' title='bbox 1577 963 1987 1020; x_wconf 88' lang='lat' dir='ltr'><strong>immutabiliter</strong></span> 
     </span>
    </p>
   </div>
   <div class='ocr_carea' id='block_1_11' title="bbox 407 1050 1986 1126">
    <p class='ocr_par' dir='ltr' id='par_1_11' title="bbox 407 1050 1986 1126">
     <span class='ocr_line' id='line_1_11' title="bbox 407 1050 1986 1126; baseline 0.006 -25"><span class='ocrx_word' id='word_1_66' title='bbox 407 1060 750 1120; x_wconf 82' lang='lat' dir='ltr'><strong>permanent,</strong></span> <span class='ocrx_word' id='word_1_67' title='bbox 775 1050 1082 1122; x_wconf 89' lang='lat' dir='ltr'><strong>nullinsque</strong></span> <span class='ocrx_word' id='word_1_68' title='bbox 1104 1050 1702 1122; x_wconf 83' lang='lat' dir='ltr'><strong>alteriusperfectionis</strong></span> <span class='ocrx_word' id='word_1_69' title='bbox 1722 1054 1986 1126; x_wconf 76' lang='lat' dir='ltr'><strong>indigent,</strong></span> 
     </span>
    </p>
   </div>
   <div class='ocr_carea' id='block_1_12' title="bbox 407 1141 1988 1217">
    <p class='ocr_par' dir='ltr' id='par_1_12' title="bbox 407 1141 1988 1217">
     <span class='ocr_line' id='line_1_12' title="bbox 407 1141 1988 1217; baseline 0.004 -23"><span class='ocrx_word' id='word_1_70' title='bbox 407 1141 506 1196; x_wconf 90' lang='lat' dir='ltr'><strong>nisi</strong></span> <span class='ocrx_word' id='word_1_71' title='bbox 540 1141 708 1210; x_wconf 82' lang='lat' dir='ltr'><strong>ipsius</strong></span> <span class='ocrx_word' id='word_1_72' title='bbox 740 1142 920 1207; x_wconf 77' lang='lat' dir='ltr'><strong>unius,</strong></span> <span class='ocrx_word' id='word_1_73' title='bbox 960 1141 1011 1194; x_wconf 94' lang='lat' dir='ltr'><strong>in</strong></span> <span class='ocrx_word' id='word_1_74' title='bbox 1038 1157 1155 1211; x_wconf 60' lang='lat' dir='ltr'><strong>qua.</strong></span> <span class='ocrx_word' id='word_1_75' title='bbox 1175 1142 1342 1197; x_wconf 84' lang='lat' dir='ltr'><strong>semel</strong></span> <span class='ocrx_word' id='word_1_76' title='bbox 1371 1153 1429 1198; x_wconf 89' lang='lat' dir='ltr'><strong>et</strong></span> <span class='ocrx_word' id='word_1_77' title='bbox 1454 1144 1474 1174; x_wconf 79' lang='grc'>⁸</span> <span class='ocrx_word' id='word_1_78' title='bbox 1495 1144 1662 1199; x_wconf 86' lang='lat' dir='ltr'><strong>simul</strong></span> <span class='ocrx_word' id='word_1_79' title='bbox 1692 1154 1747 1201; x_wconf 91' lang='lat' dir='ltr'><strong>et</strong></span> <span class='ocrx_word' id='word_1_80' title='bbox 1773 1160 1988 1217; x_wconf 79' lang='lat' dir='ltr'><strong>semper</strong></span> 
     </span>
    </p>
   </div>
   <div class='ocr_carea' id='block_1_13' title="bbox 408 1229 1988 1303">
    <p class='ocr_par' dir='ltr' id='par_1_13' title="bbox 408 1229 1988 1303">
     <span class='ocr_line' id='line_1_13' title="bbox 408 1229 1988 1303; baseline 0.004 -19"><span class='ocrx_word' id='word_1_81' title='bbox 408 1231 729 1286; x_wconf 86' lang='lat' dir='ltr'><strong>subsistunt.</strong></span> <span class='ocrx_word' id='word_1_82' title='bbox 768 1231 913 1286; x_wconf 83' lang='lat' dir='ltr'><strong>DISC.</strong></span> <span class='ocrx_word' id='word_1_83' title='bbox 952 1229 1068 1285; x_wconf 86' lang='lat' dir='ltr'><strong>Non</strong></span> <span class='ocrx_word' id='word_1_84' title='bbox 1101 1246 1265 1300; x_wconf 88' lang='lat' dir='ltr'><strong>parva</strong></span> <span class='ocrx_word' id='word_1_85' title='bbox 1319 1232 1536 1303; x_wconf 85' lang='lat' dir='ltr'><strong>quidem</strong></span> <span class='ocrx_word' id='word_1_86' title='bbox 1568 1235 1591 1266; x_wconf 76' lang='grc'><strong><em>⁸</em></strong></span> <span class='ocrx_word' id='word_1_87' title='bbox 1617 1235 1748 1290; x_wconf 88' lang='lat' dir='ltr'><strong>mihi</strong></span> <span class='ocrx_word' id='word_1_88' title='bbox 1776 1236 1988 1291; x_wconf 73' lang='lat' dir='ltr'><strong>videtur</strong></span> 
     </span>
    </p>
   </div>
   <div class='ocr_carea' id='block_1_14' title="bbox 407 1319 1987 1395">
    <p class='ocr_par' dir='ltr' id='par_1_14' title="bbox 407 1319 1987 1395">
     <span class='ocr_line' id='line_1_14' title="bbox 407 1319 1987 1395; baseline 0.004 -21"><span class='ocrx_word' id='word_1_89' title='bbox 407 1338 528 1377; x_wconf 85' lang='lat' dir='ltr'><strong>esse</strong></span> <span class='ocrx_word' id='word_1_90' title='bbox 558 1322 678 1376; x_wconf 90' lang='lat' dir='ltr'><strong>talis</strong></span> <span class='ocrx_word' id='word_1_91' title='bbox 723 1319 1064 1386; x_wconf 85' lang='lat' dir='ltr'><strong>ditlerentia;</strong></span> <span class='ocrx_word' id='word_1_92' title='bbox 1114 1322 1272 1391; x_wconf 75' lang='lat' dir='ltr'><strong>longe</strong></span> <span class='ocrx_word' id='word_1_93' title='bbox 1294 1323 1560 1392; x_wconf 86' lang='lat' dir='ltr'><strong>siquidem</strong></span> <span class='ocrx_word' id='word_1_94' title='bbox 1591 1338 1622 1378; x_wconf 90' lang='lat' dir='ltr'><strong>a</strong></span> <span class='ocrx_word' id='word_1_95' title='bbox 1674 1324 1872 1395; x_wconf 90' lang='lat' dir='ltr'><strong>seipsis</strong></span> <span class='ocrx_word' id='word_1_96' title='bbox 1909 1326 1987 1381; x_wconf 83' lang='lat' dir='ltr'><strong>di-</strong></span> 
     </span>
    </p>
   </div>
   <div class='ocr_carea' id='block_1_15' title="bbox 405 1413 1987 1490">
    <p class='ocr_par' dir='ltr' id='par_1_15' title="bbox 405 1413 1987 1490">
     <span class='ocr_line' id='line_1_15' title="bbox 405 1413 1987 1490; baseline 0.005 -23"><span class='ocrx_word' id='word_1_97' title='bbox 405 1423 552 1468; x_wconf 87' lang='lat' dir='ltr'><strong>stant</strong></span> <span class='ocrx_word' id='word_1_98' title='bbox 586 1413 969 1483; x_wconf 85' lang='lat' dir='ltr'><strong>primordiales</strong></span> <span class='ocrx_word' id='word_1_99' title='bbox 989 1428 1208 1479; x_wconf 84' lang='lat' dir='ltr'><strong>causae,</strong></span> <span class='ocrx_word' id='word_1_100' title='bbox 1242 1429 1383 1485; x_wconf 89' lang='lat' dir='ltr'><strong>quae</strong></span> <span class='ocrx_word' id='word_1_101' title='bbox 1422 1417 1490 1472; x_wconf 90' lang='lat' dir='ltr'><strong>ab</strong></span> <span class='ocrx_word' id='word_1_102' title='bbox 1525 1432 1634 1471; x_wconf 92' lang='lat' dir='ltr'><strong>uno</strong></span> <span class='ocrx_word' id='word_1_103' title='bbox 1663 1433 1987 1490; x_wconf 87' lang='lat' dir='ltr'><strong>summoque</strong></span> 
     </span>
    </p>
   </div>
   <div class='ocr_carea' id='block_1_16' title="bbox 404 1504 1986 1578">
    <p class='ocr_par' dir='ltr' id='par_1_16' title="bbox 404 1504 1986 1578">
     <span class='ocr_line' id='line_1_16' title="bbox 404 1504 1986 1578; baseline 0.006 -22"><span class='ocrx_word' id='word_1_104' title='bbox 404 1504 643 1557; x_wconf 87' lang='lat' dir='ltr'><strong>omnium</strong></span> <span class='ocrx_word' id='word_1_105' title='bbox 676 1504 960 1574; x_wconf 89' lang='lat' dir='ltr'><strong>principio,</strong></span> <span class='ocrx_word' id='word_1_106' title='bbox 1009 1507 1152 1576; x_wconf 87' lang='lat' dir='ltr'><strong>quod</strong></span> <span class='ocrx_word' id='word_1_107' title='bbox 1191 1520 1223 1559; x_wconf 93' lang='lat' dir='ltr'><strong>a</strong></span> <span class='ocrx_word' id='word_1_108' title='bbox 1255 1505 1402 1561; x_wconf 91' lang='lat' dir='ltr'><strong>nullo</strong></span> <span class='ocrx_word' id='word_1_109' title='bbox 1442 1515 1545 1573; x_wconf 89' lang='lat' dir='ltr'><strong>est,</strong></span> <span class='ocrx_word' id='word_1_110' title='bbox 1583 1507 1986 1578; x_wconf 85' lang='lat' dir='ltr'><strong>perfectissime</strong></span> 
     </span>
    </p>
   </div>
   <div class='ocr_carea' id='block_1_17' title="bbox 405 1594 1988 1667">
    <p class='ocr_par' dir='ltr' id='par_1_17' title="bbox 405 1594 1988 1667">
     <span class='ocr_line' id='line_1_17' title="bbox 405 1594 1988 1667; baseline 0.006 -20"><span class='ocrx_word' id='word_1_111' title='bbox 405 1595 458 1647; x_wconf 87' lang='lat' dir='ltr'><strong>in</strong></span> <span class='ocrx_word' id='word_1_112' title='bbox 488 1594 602 1648; x_wconf 90' lang='lat' dir='ltr'><strong>suis</strong></span> <span class='ocrx_word' id='word_1_113' title='bbox 630 1594 1056 1650; x_wconf 87' lang='lat' dir='ltr'><strong>immutabilibus</strong></span> <span class='ocrx_word' id='word_1_114' title='bbox 1096 1596 1401 1653; x_wconf 90' lang='lat' dir='ltr'><strong>rationibus</strong></span> <span class='ocrx_word' id='word_1_115' title='bbox 1443 1599 1697 1654; x_wconf 89' lang='lat' dir='ltr'><strong>conditae</strong></span> <span class='ocrx_word' id='word_1_116' title='bbox 1739 1608 1887 1667; x_wconf 89' lang='lat' dir='ltr'><strong>sunt,</strong></span> <span class='ocrx_word' id='word_1_117' title='bbox 1928 1609 1988 1656; x_wconf 88' lang='lat' dir='ltr'><strong>et</strong></span> 
     </span>
    </p>
   </div>
   <div class='ocr_carea' id='block_1_18' title="bbox 408 1682 1984 1757">
    <p class='ocr_par' dir='ltr' id='par_1_18' title="bbox 408 1682 1984 1757">
     <span class='ocr_line' id='line_1_18' title="bbox 408 1682 1984 1757; baseline 0.008 -21"><span class='ocrx_word' id='word_1_118' title='bbox 408 1682 769 1739; x_wconf 87' lang='lat' dir='ltr'><strong>iuformitates</strong></span> <span class='ocrx_word' id='word_1_119' title='bbox 816 1685 1059 1739; x_wconf 89' lang='lat' dir='ltr'><strong>omnium</strong></span> <span class='ocrx_word' id='word_1_120' title='bbox 1114 1702 1333 1753; x_wconf 90' lang='lat' dir='ltr'><strong>rerum,</strong></span> <span class='ocrx_word' id='word_1_121' title='bbox 1379 1704 1518 1757; x_wconf 89' lang='lat' dir='ltr'><strong>quae</strong></span> <span class='ocrx_word' id='word_1_122' title='bbox 1560 1705 1666 1745; x_wconf 89' lang='lat' dir='ltr'><strong>non</strong></span> <span class='ocrx_word' id='word_1_123' title='bbox 1711 1691 1886 1747; x_wconf 89' lang='lat' dir='ltr'><strong>solum</strong></span> <span class='ocrx_word' id='word_1_124' title='bbox 1915 1692 1984 1748; x_wconf 87' lang='lat' dir='ltr'><strong>ad</strong></span> 
     </span>
    </p>
   </div>
   <div class='ocr_carea' id='block_1_19' title="bbox 2092 507 3673 581">
    <p class='ocr_par' dir='ltr' id='par_1_19' title="bbox 2092 507 3673 581">
     <span class='ocr_line' id='line_1_19' title="bbox 2092 507 3673 581; baseline 0.003 -20"><span class='ocrx_word' id='word_1_125' title='bbox 2092 507 2266 561; x_wconf 88' lang='lat' dir='ltr'><strong>creari</strong></span> <span class='ocrx_word' id='word_1_126' title='bbox 2285 514 2339 562; x_wconf 87' lang='lat' dir='ltr'><strong>et</strong></span> <span class='ocrx_word' id='word_1_127' title='bbox 2356 521 2544 562; x_wconf 89' lang='lat' dir='ltr'><strong>creare</strong></span> <span class='ocrx_word' id='word_1_128' title='bbox 2565 508 2929 577; x_wconf 75' lang='lat' dir='ltr'><strong>praediximus</strong></span> <span class='ocrx_word' id='word_1_129' title='bbox 2944 509 2984 541; x_wconf 86' lang='grc'>¹⁷</span> <span class='ocrx_word' id='word_1_130' title='bbox 3008 527 3021 562; x_wconf 88' lang='lat'><strong>:</strong></span> <span class='ocrx_word' id='word_1_131' title='bbox 3038 511 3165 579; x_wconf 88' lang='lat' dir='ltr'><strong>quid</strong></span> <span class='ocrx_word' id='word_1_132' title='bbox 3188 512 3409 576; x_wconf 74' lang='lat' dir='ltr'><strong>mirum,</strong></span> <span class='ocrx_word' id='word_1_133' title='bbox 3425 511 3471 566; x_wconf 89' lang='lat' dir='ltr'><strong>si</strong></span> <span class='ocrx_word' id='word_1_134' title='bbox 3493 526 3673 581; x_wconf 89' lang='lat' dir='ltr'><strong>quem-</strong></span> 
     </span>
    </p>
   </div>
   <div class='ocr_carea' id='block_1_20' title="bbox 2089 597 3678 673">
    <p class='ocr_par' dir='ltr' id='par_1_20' title="bbox 2089 597 3678 673">
     <span class='ocr_line' id='line_1_20' title="bbox 2089 597 3678 673; baseline 0.003 -23"><span class='ocrx_word' id='word_1_135' title='bbox 2089 597 2377 651; x_wconf 88' lang='lat' dir='ltr'><strong>admodum</strong></span> <span class='ocrx_word' id='word_1_136' title='bbox 2426 597 2480 652; x_wconf 91' lang='lat' dir='ltr'><strong>in</strong></span> <span class='ocrx_word' id='word_1_137' title='bbox 2527 613 2754 654; x_wconf 89' lang='lat' dir='ltr'><strong>numero</strong></span> <span class='ocrx_word' id='word_1_138' title='bbox 2808 614 3028 664; x_wconf 81' lang='lat' dir='ltr'><strong>eorum,</strong></span> <span class='ocrx_word' id='word_1_139' title='bbox 3062 616 3205 671; x_wconf 85' lang='lat' dir='ltr'><strong>quae</strong></span> <span class='ocrx_word' id='word_1_140' title='bbox 3238 609 3391 671; x_wconf 89' lang='lat' dir='ltr'><strong>post,</strong></span> <span class='ocrx_word' id='word_1_141' title='bbox 3421 611 3478 656; x_wconf 90' lang='lat' dir='ltr'><strong>et</strong></span> <span class='ocrx_word' id='word_1_142' title='bbox 3505 615 3600 673; x_wconf 88' lang='lat' dir='ltr'><strong>per</strong></span> <span class='ocrx_word' id='word_1_143' title='bbox 3635 604 3678 637; x_wconf 79' lang='lat'>“</span> 
     </span>
    </p>
   </div>
   <div class='ocr_carea' id='block_1_21' title="bbox 2088 689 3672 759">
    <p class='ocr_par' dir='ltr' id='par_1_21' title="bbox 2088 689 3672 759">
     <span class='ocr_line' id='line_1_21' title="bbox 2088 689 3672 759; baseline 0.004 -18"><span class='ocrx_word' id='word_1_144' title='bbox 2088 689 2467 759; x_wconf 85' lang='lat' dir='ltr'><strong>primordiales</strong></span> <span class='ocrx_word' id='word_1_145' title='bbox 2506 705 2700 758; x_wconf 83' lang='lat' dir='ltr'><strong>causas</strong></span> <span class='ocrx_word' id='word_1_146' title='bbox 2739 693 2952 747; x_wconf 89' lang='lat' dir='ltr'><strong>condita</strong></span> <span class='ocrx_word' id='word_1_147' title='bbox 2987 703 3148 757; x_wconf 88' lang='lat' dir='ltr'><strong>sunt,</strong></span> <span class='ocrx_word' id='word_1_148' title='bbox 3188 694 3474 748; x_wconf 86' lang='lat' dir='ltr'><strong>intormem</strong></span> <span class='ocrx_word' id='word_1_149' title='bbox 3505 704 3672 748; x_wconf 83' lang='lat' dir='ltr'><strong>mate-</strong></span> 
     </span>
    </p>
   </div>
   <div class='ocr_carea' id='block_1_22' title="bbox 2090 779 3673 852">
    <p class='ocr_par' dir='ltr' id='par_1_22' title="bbox 2090 779 3673 852">
     <span class='ocr_line' id='line_1_22' title="bbox 2090 779 3673 852; baseline 0.002 -19"><span class='ocrx_word' id='word_1_150' title='bbox 2090 779 2227 833; x_wconf 84' lang='lat' dir='ltr'><strong>riam</strong></span> <span class='ocrx_word' id='word_1_151' title='bbox 2259 795 2380 834; x_wconf 86' lang='lat' dir='ltr'><strong>esse</strong></span> <span class='ocrx_word' id='word_1_152' title='bbox 2419 780 2716 846; x_wconf 87' lang='lat' dir='ltr'><strong>credimus,</strong></span> <span class='ocrx_word' id='word_1_153' title='bbox 2745 782 3016 852; x_wconf 87' lang='lat' dir='ltr'><strong>certisque</strong></span> <span class='ocrx_word' id='word_1_154' title='bbox 3041 783 3340 838; x_wconf 83' lang='lat' dir='ltr'><strong>rationibus</strong></span> <span class='ocrx_word' id='word_1_155' title='bbox 3366 783 3673 847; x_wconf 80' lang='lat' dir='ltr'><strong>ﬁrmamus,</strong></span> 
     </span>
    </p>
   </div>
   <div class='ocr_carea' id='block_1_23' title="bbox 2088 871 3673 940">
    <p class='ocr_par' dir='ltr' id='par_1_23' title="bbox 2088 871 3673 940">
     <span class='ocr_line' id='line_1_23' title="bbox 2088 871 3673 940; baseline 0.002 -18"><span class='ocrx_word' id='word_1_156' title='bbox 2088 882 2211 922; x_wconf 90' lang='lat' dir='ltr'><strong>eam</strong></span> <span class='ocrx_word' id='word_1_157' title='bbox 2260 883 2473 939; x_wconf 87' lang='lat' dir='ltr'><strong>quoque</strong></span> <span class='ocrx_word' id='word_1_158' title='bbox 2533 884 2566 924; x_wconf 89' lang='lat' dir='ltr'><strong>a</strong></span> <span class='ocrx_word' id='word_1_159' title='bbox 2631 871 3071 940; x_wconf 86' lang='lat' dir='ltr'><strong>primordialibus</strong></span> <span class='ocrx_word' id='word_1_160' title='bbox 3116 875 3295 927; x_wconf 87' lang='lat' dir='ltr'><strong>causis</strong></span> <span class='ocrx_word' id='word_1_161' title='bbox 3354 873 3532 928; x_wconf 88' lang='lat' dir='ltr'><strong>creari</strong></span> <span class='ocrx_word' id='word_1_162' title='bbox 3599 871 3673 925; x_wconf 84' lang='lat' dir='ltr'><strong>fa-</strong></span> 
     </span>
    </p>
   </div>
   <div class='ocr_carea' id='block_1_24' title="bbox 2093 958 2338 1014">
    <p class='ocr_par' dir='ltr' id='par_1_24' title="bbox 2093 958 2338 1014">
     <span class='ocr_line' id='line_1_24' title="bbox 2093 958 2338 1014; baseline 0.004 -3"><span class='ocrx_word' id='word_1_163' title='bbox 2093 958 2338 1014; x_wconf 84' lang='lat' dir='ltr'><strong>teamur?</strong></span> 
     </span>
    </p>
   </div>
   <div class='ocr_carea' id='block_1_25' title="bbox 2159 1046 3672 1122">
    <p class='ocr_par' dir='ltr' id='par_1_25' title="bbox 2159 1046 3672 1122">
     <span class='ocr_line' id='line_1_25' title="bbox 2159 1046 3672 1122; baseline 0.005 -21"><span class='ocrx_word' id='word_1_164' title='bbox 2159 1046 2246 1101; x_wconf 74' lang='grc'><strong>16.</strong></span> <span class='ocrx_word' id='word_1_165' title='bbox 2263 1046 2403 1103; x_wconf 77' lang='lat' dir='ltr'><strong>MAG.</strong></span> <span class='ocrx_word' id='word_1_166' title='bbox 2425 1048 2576 1104; x_wconf 86' lang='lat' dir='ltr'><strong>Alius</strong></span> <span class='ocrx_word' id='word_1_167' title='bbox 2591 1049 2756 1121; x_wconf 89' lang='lat' dir='ltr'><strong>igitur</strong></span> <span class='ocrx_word' id='word_1_168' title='bbox 2768 1050 3070 1106; x_wconf 79' lang='lat' dir='ltr'><strong>Intellectus</strong></span> <span class='ocrx_word' id='word_1_169' title='bbox 3090 1058 3174 1106; x_wconf 90' lang='lat' dir='ltr'><strong>est</strong></span> <span class='ocrx_word' id='word_1_170' title='bbox 3195 1053 3237 1086; x_wconf 82' lang='grc'><strong>¹⁹</strong></span> <span class='ocrx_word' id='word_1_171' title='bbox 3251 1051 3672 1122; x_wconf 85' lang='lat' dir='ltr'><strong>primordialium</strong></span> 
     </span>
    </p>
   </div>
   <div class='ocr_carea' id='block_1_26' title="bbox 2088 1140 3670 1206">
    <p class='ocr_par' dir='ltr' id='par_1_26' title="bbox 2088 1140 3670 1206">
     <span class='ocr_line' id='line_1_26' title="bbox 2088 1140 3670 1206; baseline 0.004 -13"><span class='ocrx_word' id='word_1_172' title='bbox 2088 1153 2402 1206; x_wconf 86' lang='lat' dir='ltr'><strong>causarum,</strong></span> <span class='ocrx_word' id='word_1_173' title='bbox 2433 1140 2572 1196; x_wconf 90' lang='lat' dir='ltr'><strong>alius</strong></span> <span class='ocrx_word' id='word_1_174' title='bbox 2600 1141 2908 1198; x_wconf 88' lang='lat' dir='ltr'><strong>iuformium</strong></span> <span class='ocrx_word' id='word_1_175' title='bbox 2933 1144 3302 1198; x_wconf 86' lang='lat' dir='ltr'><strong>materiarum.</strong></span> <span class='ocrx_word' id='word_1_176' title='bbox 3333 1145 3480 1199; x_wconf 87' lang='lat' dir='ltr'><strong>Dtsc.</strong></span> <span class='ocrx_word' id='word_1_177' title='bbox 3510 1145 3670 1200; x_wconf 81' lang='lat' dir='ltr'><strong>Prae-</strong></span> 
     </span>
    </p>
   </div>
   <div class='ocr_carea' id='block_1_27' title="bbox 2058 1229 3675 1305">
    <p class='ocr_par' dir='ltr' id='par_1_27' title="bbox 2058 1229 3675 1305">
     <span class='ocr_line' id='line_1_27' title="bbox 2058 1229 3675 1305; baseline 0.004 -21"><span class='ocrx_word' id='word_1_178' title='bbox 2058 1272 2059 1275; x_wconf 57' lang='grc' dir='ltr'><strong>η</strong></span> <span class='ocrx_word' id='word_1_179' title='bbox 2089 1229 2251 1285; x_wconf 87' lang='lat' dir='ltr'><strong>dictis</strong></span> <span class='ocrx_word' id='word_1_180' title='bbox 2281 1231 2584 1287; x_wconf 81' lang='lat' dir='ltr'><strong>rationibus</strong></span> <span class='ocrx_word' id='word_1_181' title='bbox 2613 1233 2686 1290; x_wconf 85' lang='lat' dir='ltr'><strong>ita</strong></span> <span class='ocrx_word' id='word_1_182' title='bbox 2714 1234 3011 1289; x_wconf 84' lang='lat' dir='ltr'><strong>concedere</strong></span> <span class='ocrx_word' id='word_1_183' title='bbox 3032 1237 3304 1305; x_wconf 80' lang='lat' dir='ltr'><strong>cogimur;</strong></span> <span class='ocrx_word' id='word_1_184' title='bbox 3336 1243 3520 1290; x_wconf 86' lang='lat' dir='ltr'><strong>cetera</strong></span> <span class='ocrx_word' id='word_1_185' title='bbox 3549 1252 3675 1290; x_wconf 89' lang='lat' dir='ltr'><strong>con-</strong></span> 
     </span>
    </p>
   </div>
   <div class='ocr_carea' id='block_1_28' title="bbox 2087 1320 3671 1394">
    <p class='ocr_par' dir='ltr' id='par_1_28' title="bbox 2087 1320 3671 1394">
     <span class='ocr_line' id='line_1_28' title="bbox 2087 1320 3671 1394; baseline 0.005 -20"><span class='ocrx_word' id='word_1_186' title='bbox 2087 1320 2288 1374; x_wconf 87' lang='lat' dir='ltr'><strong>sidera.</strong></span> <span class='ocrx_word' id='word_1_187' title='bbox 2310 1320 2448 1377; x_wconf 70' lang='lat' dir='ltr'><strong>Mss.</strong></span> <span class='ocrx_word' id='word_1_188' title='bbox 2468 1321 2816 1387; x_wconf 88' lang='lat' dir='ltr'><strong>Similiteret,</strong></span> <span class='ocrx_word' id='word_1_189' title='bbox 2831 1324 2973 1393; x_wconf 91' lang='lat' dir='ltr'><strong>quod</strong></span> <span class='ocrx_word' id='word_1_190' title='bbox 2988 1325 3252 1394; x_wconf 86' lang='lat' dir='ltr'><strong>sequitur,</strong></span> <span class='ocrx_word' id='word_1_191' title='bbox 3269 1326 3420 1380; x_wconf 88' lang='lat' dir='ltr'><strong>varie</strong></span> <span class='ocrx_word' id='word_1_192' title='bbox 3436 1328 3671 1381; x_wconf 87' lang='lat' dir='ltr'><strong>tradunt.</strong></span> 
     </span>
    </p>
   </div>
   <div class='ocr_carea' id='block_1_29' title="bbox 2092 1408 3725 1483">
    <p class='ocr_par' dir='ltr' id='par_1_29' title="bbox 2092 1408 3725 1483">
     <span class='ocr_line' id='line_1_29' title="bbox 2092 1408 3725 1483; baseline 0.006 -21"><span class='ocrx_word' id='word_1_193' title='bbox 2092 1408 2256 1463; x_wconf 82' lang='lat' dir='ltr'><strong>Terra</strong></span> <span class='ocrx_word' id='word_1_194' title='bbox 2294 1419 2471 1465; x_wconf 83' lang='lat' dir='ltr'><strong>autem</strong></span> <span class='ocrx_word' id='word_1_195' title='bbox 2507 1420 2618 1465; x_wconf 79' lang='lat' dir='ltr'><strong>erat</strong></span> <span class='ocrx_word' id='word_1_196' title='bbox 2646 1412 2821 1466; x_wconf 84' lang='lat' dir='ltr'><strong>inanis</strong></span> <span class='ocrx_word' id='word_1_197' title='bbox 2847 1412 2905 1467; x_wconf 80' lang='lat' dir='ltr'><strong>et</strong></span> <span class='ocrx_word' id='word_1_198' title='bbox 2938 1429 3136 1478; x_wconf 83' lang='lat' dir='ltr'><strong>vacua,</strong></span> <span class='ocrx_word' id='word_1_199' title='bbox 3167 1413 3283 1476; x_wconf 89' lang='lat' dir='ltr'><strong>vel,</strong></span> <span class='ocrx_word' id='word_1_200' title='bbox 3308 1412 3463 1483; x_wconf 76' lang='lat' dir='ltr'><strong>juxta</strong></span> <span class='ocrx_word' id='word_1_201' title='bbox 3498 1415 3670 1479; x_wconf 74' lang='lat' dir='ltr'><strong>LXX,</strong></span> <span class='ocrx_word' id='word_1_202' title='bbox 3720 1436 3725 1483; x_wconf 69' lang='grc' dir='ltr'><strong><em>ς</em></strong></span> 
     </span>
    </p>
   </div>
   <div class='ocr_carea' id='block_1_30' title="bbox 2078 1500 3674 1573">
    <p class='ocr_par' dir='ltr' id='par_1_30' title="bbox 2078 1500 3674 1573">
     <span class='ocr_line' id='line_1_30' title="bbox 2078 1500 3674 1573; baseline 0.004 -21"><span class='ocrx_word' id='word_1_203' title='bbox 2078 1500 2358 1554; x_wconf 67' lang='lat' dir='ltr'><strong>invisibilis</strong></span> <span class='ocrx_word' id='word_1_204' title='bbox 2388 1510 2438 1555; x_wconf 87' lang='lat' dir='ltr'><strong>et</strong></span> <span class='ocrx_word' id='word_1_205' title='bbox 2466 1502 2840 1571; x_wconf 85' lang='lat' dir='ltr'><strong>incomposita,</strong></span> <span class='ocrx_word' id='word_1_206' title='bbox 2872 1512 2920 1557; x_wconf 85' lang='lat' dir='ltr'><strong>et</strong></span> <span class='ocrx_word' id='word_1_207' title='bbox 2964 1502 3202 1556; x_wconf 77' lang='lat' dir='ltr'><strong>tenebrae</strong></span> <span class='ocrx_word' id='word_1_208' title='bbox 3233 1503 3280 1534; x_wconf 85' lang='grc'>¹⁰</span> <span class='ocrx_word' id='word_1_209' title='bbox 3313 1520 3469 1573; x_wconf 82' lang='lat' dir='ltr'><strong>super</strong></span> <span class='ocrx_word' id='word_1_210' title='bbox 3487 1504 3674 1573; x_wconf 75' lang='lat' dir='ltr'><strong>faciem</strong></span> 
     </span>
    </p>
   </div>
   <div class='ocr_carea' id='block_1_31' title="bbox 2087 1590 3668 1661">
    <p class='ocr_par' dir='ltr' id='par_1_31' title="bbox 2087 1590 3668 1661">
     <span class='ocr_line' id='line_1_31' title="bbox 2087 1590 3668 1661; baseline 0.004 -18"><span class='ocrx_word' id='word_1_211' title='bbox 2087 1590 2283 1661; x_wconf 80' lang='lat' dir='ltr'><strong>abyssi.</strong></span> <span class='ocrx_word' id='word_1_212' title='bbox 2314 1590 2421 1645; x_wconf 82' lang='lat' dir='ltr'><strong>Alii</strong></span> <span class='ocrx_word' id='word_1_213' title='bbox 2460 1606 2695 1661; x_wconf 89' lang='lat' dir='ltr'><strong>namque</strong></span> <span class='ocrx_word' id='word_1_214' title='bbox 2724 1600 2902 1647; x_wconf 86' lang='lat' dir='ltr'><strong>terrae</strong></span> <span class='ocrx_word' id='word_1_215' title='bbox 2929 1592 3106 1647; x_wconf 91' lang='lat' dir='ltr'><strong>inanis</strong></span> <span class='ocrx_word' id='word_1_216' title='bbox 3130 1602 3185 1647; x_wconf 92' lang='lat' dir='ltr'><strong>et</strong></span> <span class='ocrx_word' id='word_1_217' title='bbox 3211 1608 3442 1652; x_wconf 78' lang='lat' dir='ltr'><strong>vacuae.</strong></span> <span class='ocrx_word' id='word_1_218' title='bbox 3468 1607 3562 1649; x_wconf 86' lang='lat' dir='ltr'><strong>seu</strong></span> <span class='ocrx_word' id='word_1_219' title='bbox 3590 1596 3668 1649; x_wconf 69' lang='lat' dir='ltr'><strong>in~</strong></span> 
     </span>
    </p>
   </div>
   <div class='ocr_carea' id='block_1_32' title="bbox 2080 1682 3721 1753">
    <p class='ocr_par' dir='ltr' id='par_1_32' title="bbox 2080 1682 3721 1753">
     <span class='ocr_line' id='line_1_32' title="bbox 2080 1682 3721 1753; baseline 0.005 -18"><span class='ocrx_word' id='word_1_220' title='bbox 2080 1682 2315 1738; x_wconf 82' lang='lat' dir='ltr'><strong>visibilis</strong></span> <span class='ocrx_word' id='word_1_221' title='bbox 2338 1691 2394 1739; x_wconf 91' lang='lat' dir='ltr'><strong>et</strong></span> <span class='ocrx_word' id='word_1_222' title='bbox 2435 1683 2825 1753; x_wconf 84' lang='lat' dir='ltr'><strong>incompositae</strong></span> <span class='ocrx_word' id='word_1_223' title='bbox 2854 1684 3226 1739; x_wconf 82' lang='lat' dir='ltr'><strong>nominatione</strong></span> <span class='ocrx_word' id='word_1_224' title='bbox 3264 1685 3498 1741; x_wconf 87' lang='lat' dir='ltr'><strong>visibilis</strong></span> <span class='ocrx_word' id='word_1_225' title='bbox 3522 1702 3671 1742; x_wconf 81' lang='lat' dir='ltr'><strong>crea-</strong></span> <span class='ocrx_word' id='word_1_226' title='bbox 3720 1696 3721 1719; x_wconf 50' lang='grc' dir='ltr'><strong>π</strong></span> 
     </span>
    </p>
   </div>
   <div class='ocr_carea' id='block_1_33' title="bbox 411 1762 1982 1862">
    <p class='ocr_par' dir='ltr' id='par_1_33' title="bbox 411 1774 1982 1851">
     <span class='ocr_line' id='line_1_33' title="bbox 411 1774 1982 1851; baseline 0.008 -23"><span class='ocrx_word' id='word_1_227' title='bbox 411 1774 790 1844; x_wconf 78' lang='lat' dir='ltr'><strong>perfectionem</strong></span> <span class='ocrx_word' id='word_1_228' title='bbox 870 1775 1075 1832; x_wconf 88' lang='lat' dir='ltr'><strong>formae</strong></span> <span class='ocrx_word' id='word_1_229' title='bbox 1142 1778 1377 1835; x_wconf 90' lang='lat' dir='ltr'><strong>nondum</strong></span> <span class='ocrx_word' id='word_1_230' title='bbox 1450 1782 1816 1851; x_wconf 85' lang='lat' dir='ltr'><strong>perveniunt,</strong></span> <span class='ocrx_word' id='word_1_231' title='bbox 1890 1784 1982 1840; x_wconf 85' lang='lat' dir='ltr'><strong>sed</strong></span> 
     </span>
    </p>
   </div>
   <div class='ocr_carea' id='block_1_34' title="bbox 2085 1762 3671 1862">
    <p class='ocr_par' dir='ltr' id='par_1_34' title="bbox 2090 1762 3671 1847">
     <span class='ocr_line' id='line_1_34' title="bbox 2090 1762 3671 1847; baseline 0.003 -18"><span class='ocrx_word' id='word_1_232' title='bbox 2090 1782 2275 1841; x_wconf 87' lang='lat' dir='ltr'><strong>turae,</strong></span> <span class='ocrx_word' id='word_1_233' title='bbox 2321 1776 2502 1847; x_wconf 74' lang='lat' dir='ltr'><strong>abyssi</strong></span> <span class='ocrx_word' id='word_1_234' title='bbox 2546 1790 2679 1830; x_wconf 89' lang='lat' dir='ltr'><strong>vero</strong></span> <span class='ocrx_word' id='word_1_235' title='bbox 2727 1762 3040 1831; x_wconf 72' lang='lat' dir='ltr'><strong>teiiebrosae</strong></span> <span class='ocrx_word' id='word_1_236' title='bbox 3085 1776 3345 1831; x_wconf 71' lang='lat' dir='ltr'><strong>wmabulo</strong></span> <span class='ocrx_word' id='word_1_237' title='bbox 3391 1777 3671 1833; x_wconf 80' lang='lat' dir='ltr'><strong>invisibilis</strong></span> 
     </span>
    </p>
   </div>
   <div class='ocr_carea' id='block_1_35' title="bbox 408 1868 1981 1942">
    <p class='ocr_par' dir='ltr' id='par_1_35' title="bbox 408 1868 1981 1942">
     <span class='ocr_line' id='line_1_35' title="bbox 408 1868 1981 1942; baseline 0.007 -23"><span class='ocrx_word' id='word_1_238' title='bbox 408 1868 496 1921; x_wconf 75' lang='lat' dir='ltr'><strong>rix</strong></span> <span class='ocrx_word' id='word_1_239' title='bbox 528 1868 638 1939; x_wconf 86' lang='lat' dir='ltr'><strong>jam</strong></span> <span class='ocrx_word' id='word_1_240' title='bbox 668 1883 787 1923; x_wconf 89' lang='lat' dir='ltr'><strong>esse</strong></span> <span class='ocrx_word' id='word_1_241' title='bbox 823 1868 1109 1938; x_wconf 87' lang='lat' dir='ltr'><strong>incipiunt,</strong></span> <span class='ocrx_word' id='word_1_242' title='bbox 1150 1885 1248 1925; x_wconf 89' lang='lat' dir='ltr'><strong>nec</strong></span> <span class='ocrx_word' id='word_1_243' title='bbox 1273 1870 1430 1942; x_wconf 88' lang='lat' dir='ltr'><strong>longe</strong></span> <span class='ocrx_word' id='word_1_244' title='bbox 1450 1887 1518 1927; x_wconf 80' lang='lat' dir='ltr'><strong>ex</strong></span> <span class='ocrx_word' id='word_1_245' title='bbox 1552 1888 1656 1927; x_wconf 93' lang='lat' dir='ltr'><strong>non</strong></span> <span class='ocrx_word' id='word_1_246' title='bbox 1685 1888 1806 1930; x_wconf 87' lang='lat' dir='ltr'><strong>esse</strong></span> <span class='ocrx_word' id='word_1_247' title='bbox 1829 1888 1981 1929; x_wconf 90' lang='lat' dir='ltr'><strong>rece-</strong></span> 
     </span>
    </p>
   </div>
   <div class='ocr_carea' id='block_1_36' title="bbox 325 1958 1983 2025">
    <p class='ocr_par' dir='ltr' id='par_1_36' title="bbox 325 1958 1983 2025">
     <span class='ocr_line' id='line_1_36' title="bbox 325 1958 1983 2025; baseline 0.006 -14"><span class='ocrx_word' id='word_1_248' title='bbox 325 1986 335 1996; x_wconf 84' lang='lat'><strong><em>-</em></strong></span> <span class='ocrx_word' id='word_1_249' title='bbox 407 1960 561 2012; x_wconf 90' lang='lat' dir='ltr'><strong>dunt.</strong></span> <span class='ocrx_word' id='word_1_250' title='bbox 614 1958 870 2025; x_wconf 83' lang='lat' dir='ltr'><strong>Quamvis</strong></span> <span class='ocrx_word' id='word_1_251' title='bbox 903 1959 1048 2013; x_wconf 89' lang='lat' dir='ltr'><strong>enim</strong></span> <span class='ocrx_word' id='word_1_252' title='bbox 1088 1960 1374 2016; x_wconf 77' lang='lat' dir='ltr'><strong>videantur</strong></span> <span class='ocrx_word' id='word_1_253' title='bbox 1406 1977 1590 2017; x_wconf 89' lang='lat' dir='ltr'><strong>rerum</strong></span> <span class='ocrx_word' id='word_1_254' title='bbox 1619 1962 1983 2021; x_wconf 88' lang='lat' dir='ltr'><strong>informitates</strong></span> 
     </span>
    </p>
   </div>
   <div class='ocr_carea' id='block_1_37' title="bbox 392 2038 1979 2122">
    <p class='ocr_par' dir='ltr' id='par_1_37' title="bbox 392 2038 1979 2122">
     <span class='ocr_line' id='line_1_37' title="bbox 392 2038 1979 2122; baseline 0.007 -19"><span class='ocrx_word' id='word_1_255' title='bbox 392 2038 708 2104; x_wconf 73' lang='lat' dir='ltr'><strong>medietatis</strong></span> <span class='ocrx_word' id='word_1_256' title='bbox 761 2048 939 2104; x_wconf 88' lang='lat' dir='ltr'><strong>locum</strong></span> <span class='ocrx_word' id='word_1_257' title='bbox 982 2050 1232 2106; x_wconf 89' lang='lat' dir='ltr'><strong>obtinere</strong></span> <span class='ocrx_word' id='word_1_258' title='bbox 1275 2052 1416 2108; x_wconf 87' lang='lat' dir='ltr'><strong>inter</strong></span> <span class='ocrx_word' id='word_1_259' title='bbox 1450 2067 1570 2110; x_wconf 86' lang='lat' dir='ltr'><strong>esse</strong></span> <span class='ocrx_word' id='word_1_260' title='bbox 1594 2063 1650 2109; x_wconf 88' lang='lat' dir='ltr'><strong>et</strong></span> <span class='ocrx_word' id='word_1_261' title='bbox 1681 2070 1792 2110; x_wconf 75' lang='lat' dir='ltr'><strong>non</strong></span> <span class='ocrx_word' id='word_1_262' title='bbox 1840 2072 1979 2122; x_wconf 85' lang='lat' dir='ltr'><strong>esse,</strong></span> 
     </span>
    </p>
   </div>
   <div class='ocr_carea' id='block_1_38' title="bbox 404 2141 1982 2215">
    <p class='ocr_par' dir='ltr' id='par_1_38' title="bbox 404 2141 1982 2215">
     <span class='ocr_line' id='line_1_38' title="bbox 404 2141 1982 2215; baseline 0.006 -22"><span class='ocrx_word' id='word_1_263' title='bbox 404 2141 722 2210; x_wconf 80' lang='lat' dir='ltr'><strong>incipientes</strong></span> <span class='ocrx_word' id='word_1_264' title='bbox 775 2156 843 2196; x_wconf 75' lang='lat' dir='ltr'><strong>ex</strong></span> <span class='ocrx_word' id='word_1_265' title='bbox 899 2155 1177 2196; x_wconf 87' lang='lat' dir='ltr'><strong>non-csse</strong></span> <span class='ocrx_word' id='word_1_266' title='bbox 1237 2156 1357 2198; x_wconf 83' lang='lat' dir='ltr'><strong>esse</strong></span> <span class='ocrx_word' id='word_1_267' title='bbox 1408 2143 1426 2173; x_wconf 87' lang='grc'><strong>⁷</strong></span> <span class='ocrx_word' id='word_1_268' title='bbox 1482 2174 1543 2183; x_wconf 95' lang='lat'><strong>-—</strong></span> <span class='ocrx_word' id='word_1_269' title='bbox 1593 2146 1858 2215; x_wconf 83' lang='lat' dir='ltr'><strong>siquidem</strong></span> <span class='ocrx_word' id='word_1_270' title='bbox 1915 2162 1982 2202; x_wconf 77' lang='lat' dir='ltr'><strong>ex</strong></span> 
     </span>
    </p>
   </div>
   <div class='ocr_carea' id='block_1_39' title="bbox 404 2232 1981 2306">
    <p class='ocr_par' dir='ltr' id='par_1_39' title="bbox 404 2232 1981 2306">
     <span class='ocr_line' id='line_1_39' title="bbox 404 2232 1981 2306; baseline 0.005 -21"><span class='ocrx_word' id='word_1_271' title='bbox 404 2248 534 2285; x_wconf 68' lang='grc' dir='ltr'><strong>ιιοιιε</strong></span> <span class='ocrx_word' id='word_1_272' title='bbox 560 2247 680 2287; x_wconf 89' lang='lat' dir='ltr'><strong>esse</strong></span> <span class='ocrx_word' id='word_1_273' title='bbox 706 2232 1100 2302; x_wconf 87' lang='lat' dir='ltr'><strong>processionem</strong></span> <span class='ocrx_word' id='word_1_274' title='bbox 1139 2233 1407 2302; x_wconf 88' lang='lat' dir='ltr'><strong>quandam</strong></span> <span class='ocrx_word' id='word_1_275' title='bbox 1438 2235 1506 2290; x_wconf 91' lang='lat' dir='ltr'><strong>ad</strong></span> <span class='ocrx_word' id='word_1_276' title='bbox 1536 2250 1658 2292; x_wconf 90' lang='lat' dir='ltr'><strong>esse</strong></span> <span class='ocrx_word' id='word_1_277' title='bbox 1705 2238 1981 2306; x_wconf 88' lang='lat' dir='ltr'><strong>inchoant,</strong></span> 
     </span>
    </p>
   </div>
   <div class='ocr_carea' id='block_1_40' title="bbox 407 2323 1981 2398">
    <p class='ocr_par' dir='ltr' id='par_1_40' title="bbox 407 2323 1981 2398">
     <span class='ocr_line' id='line_1_40' title="bbox 407 2323 1981 2398; baseline 0.006 -21"><span class='ocrx_word' id='word_1_278' title='bbox 407 2324 644 2379; x_wconf 80' lang='lat' dir='ltr'><strong>nondum</strong></span> <span class='ocrx_word' id='word_1_279' title='bbox 672 2332 849 2378; x_wconf 87' lang='lat' dir='ltr'><strong>tamen</strong></span> <span class='ocrx_word' id='word_1_280' title='bbox 882 2324 951 2378; x_wconf 90' lang='lat' dir='ltr'><strong>ad</strong></span> <span class='ocrx_word' id='word_1_281' title='bbox 970 2323 1362 2394; x_wconf 81' lang='lat' dir='ltr'><strong>perfectionem</strong></span> <span class='ocrx_word' id='word_1_282' title='bbox 1384 2325 1590 2382; x_wconf 88' lang='lat' dir='ltr'><strong>formae</strong></span> <span class='ocrx_word' id='word_1_283' title='bbox 1616 2337 1777 2398; x_wconf 89' lang='lat' dir='ltr'><strong>atque</strong></span> <span class='ocrx_word' id='word_1_284' title='bbox 1799 2345 1981 2386; x_wconf 90' lang='lat' dir='ltr'><strong>essen-</strong></span> 
     </span>
    </p>
   </div>
   <div class='ocr_carea' id='block_1_41' title="bbox 404 2414 1985 2491">
    <p class='ocr_par' dir='ltr' id='par_1_41' title="bbox 404 2414 1985 2491">
     <span class='ocr_line' id='line_1_41' title="bbox 404 2414 1985 2491; baseline 0.008 -26"><span class='ocrx_word' id='word_1_285' title='bbox 404 2415 512 2468; x_wconf 87' lang='lat' dir='ltr'><strong>tiae</strong></span> <span class='ocrx_word' id='word_1_286' title='bbox 540 2414 918 2485; x_wconf 80' lang='lat' dir='ltr'><strong>intelliguntur.</strong></span> <span class='ocrx_word' id='word_1_287' title='bbox 937 2417 1249 2484; x_wconf 86' lang='lat' dir='ltr'><strong>pervenisse</strong></span> <span class='ocrx_word' id='word_1_288' title='bbox 1286 2446 1358 2458; x_wconf 91' lang='lat'><strong>-—</strong></span> <span class='ocrx_word' id='word_1_289' title='bbox 1386 2418 1505 2487; x_wconf 86' lang='lat' dir='ltr'><strong>plus</strong></span> <span class='ocrx_word' id='word_1_290' title='bbox 1550 2422 1985 2491; x_wconf 89' lang='lat' dir='ltr'><strong>appropinquare</strong></span> 
     </span>
    </p>
   </div>
   <div class='ocr_carea' id='block_1_42' title="bbox 393 2505 1984 2578">
    <p class='ocr_par' dir='ltr' id='par_1_42' title="bbox 393 2505 1984 2578">
     <span class='ocr_line' id='line_1_42' title="bbox 393 2505 1984 2578; baseline 0.006 -19"><span class='ocrx_word' id='word_1_291' title='bbox 393 2505 703 2575; x_wconf 73' lang='lat' dir='ltr'><strong>iudicantur</strong></span> <span class='ocrx_word' id='word_1_292' title='bbox 744 2508 765 2539; x_wconf 81' lang='grc'>⁸</span> <span class='ocrx_word' id='word_1_293' title='bbox 811 2508 877 2561; x_wconf 87' lang='lat' dir='ltr'><strong>ad</strong></span> <span class='ocrx_word' id='word_1_294' title='bbox 941 2522 1044 2562; x_wconf 89' lang='lat' dir='ltr'><strong>non</strong></span> <span class='ocrx_word' id='word_1_295' title='bbox 1114 2522 1234 2562; x_wconf 91' lang='lat' dir='ltr'><strong>esse</strong></span> <span class='ocrx_word' id='word_1_296' title='bbox 1286 2523 1457 2578; x_wconf 82' lang='lat' dir='ltr'><strong>quam</strong></span> <span class='ocrx_word' id='word_1_297' title='bbox 1507 2510 1577 2565; x_wconf 88' lang='lat' dir='ltr'><strong>ad</strong></span> <span class='ocrx_word' id='word_1_298' title='bbox 1632 2525 1753 2567; x_wconf 88' lang='lat' dir='ltr'><strong>esse</strong></span> <span class='ocrx_word' id='word_1_299' title='bbox 1801 2512 1845 2567; x_wconf 84' lang='lat'><strong>’.</strong></span> <span class='ocrx_word' id='word_1_300' title='bbox 1899 2513 1984 2568; x_wconf 84' lang='lat' dir='ltr'><strong>Nil</strong></span> 
     </span>
    </p>
   </div>
   <div class='ocr_carea' id='block_1_43' title="bbox 398 2596 1984 2672">
    <p class='ocr_par' dir='ltr' id='par_1_43' title="bbox 398 2596 1984 2672">
     <span class='ocr_line' id='line_1_43' title="bbox 398 2596 1984 2672; baseline 0.005 -22"><span class='ocrx_word' id='word_1_301' title='bbox 398 2598 544 2651; x_wconf 86' lang='lat' dir='ltr'><strong>enim</strong></span> <span class='ocrx_word' id='word_1_302' title='bbox 587 2606 672 2652; x_wconf 90' lang='lat' dir='ltr'><strong>est</strong></span> <span class='ocrx_word' id='word_1_303' title='bbox 708 2596 850 2650; x_wconf 87' lang='lat' dir='ltr'><strong>aliud</strong></span> <span class='ocrx_word' id='word_1_304' title='bbox 890 2597 935 2632; x_wconf 76' lang='grc' dir='ltr'><strong>ιο</strong></span> <span class='ocrx_word' id='word_1_305' title='bbox 977 2611 1156 2652; x_wconf 87' lang='lat' dir='ltr'><strong>rerum</strong></span> <span class='ocrx_word' id='word_1_306' title='bbox 1199 2597 1500 2653; x_wconf 86' lang='lat' dir='ltr'><strong>iuformitas</strong></span> <span class='ocrx_word' id='word_1_307' title='bbox 1534 2600 1637 2655; x_wconf 91' lang='lat' dir='ltr'><strong>nisi</strong></span> <span class='ocrx_word' id='word_1_308' title='bbox 1666 2610 1842 2657; x_wconf 90' lang='lat' dir='ltr'><strong>motus</strong></span> <span class='ocrx_word' id='word_1_309' title='bbox 1868 2605 1984 2672; x_wconf 85' lang='lat' dir='ltr'><strong>qui-</strong></span> 
     </span>
    </p>
   </div>
   <div class='ocr_carea' id='block_1_44' title="bbox 402 2686 1983 2753">
    <p class='ocr_par' dir='ltr' id='par_1_44' title="bbox 402 2686 1983 2753">
     <span class='ocr_line' id='line_1_44' title="bbox 402 2686 1983 2753; baseline 0.004 -12"><span class='ocrx_word' id='word_1_310' title='bbox 402 2690 550 2751; x_wconf 86' lang='lat' dir='ltr'><strong>dam,</strong></span> <span class='ocrx_word' id='word_1_311' title='bbox 582 2703 687 2741; x_wconf 92' lang='lat' dir='ltr'><strong>non</strong></span> <span class='ocrx_word' id='word_1_312' title='bbox 726 2702 847 2741; x_wconf 89' lang='lat' dir='ltr'><strong>esse</strong></span> <span class='ocrx_word' id='word_1_313' title='bbox 875 2687 1095 2740; x_wconf 83' lang='lat' dir='ltr'><strong>cumino</strong></span> <span class='ocrx_word' id='word_1_314' title='bbox 1121 2686 1376 2742; x_wconf 82' lang='lat' dir='ltr'><strong>deserens</strong></span> <span class='ocrx_word' id='word_1_315' title='bbox 1394 2728 1408 2753; x_wconf 96' lang='lat'><strong>,</strong></span> <span class='ocrx_word' id='word_1_316' title='bbox 1435 2697 1489 2743; x_wconf 85' lang='lat' dir='ltr'><strong>et</strong></span> <span class='ocrx_word' id='word_1_317' title='bbox 1521 2697 1720 2744; x_wconf 84' lang='lat' dir='ltr'><strong>statum</strong></span> <span class='ocrx_word' id='word_1_318' title='bbox 1746 2707 1902 2747; x_wconf 88' lang='lat' dir='ltr'><strong>suum</strong></span> <span class='ocrx_word' id='word_1_319' title='bbox 1931 2694 1983 2748; x_wconf 93' lang='lat' dir='ltr'><strong>in</strong></span> 
     </span>
    </p>
   </div>
   <div class='ocr_carea' id='block_1_45' title="bbox 398 2776 1984 2846">
    <p class='ocr_par' dir='ltr' id='par_1_45' title="bbox 398 2776 1984 2846">
     <span class='ocr_line' id='line_1_45' title="bbox 398 2776 1984 2846; baseline 0.004 -15"><span class='ocrx_word' id='word_1_320' title='bbox 398 2793 496 2842; x_wconf 91' lang='lat' dir='ltr'><strong>eo,</strong></span> <span class='ocrx_word' id='word_1_321' title='bbox 535 2776 687 2846; x_wconf 80' lang='lat' dir='ltr'><strong>quod</strong></span> <span class='ocrx_word' id='word_1_322' title='bbox 737 2791 867 2831; x_wconf 86' lang='lat' dir='ltr'><strong>vere</strong></span> <span class='ocrx_word' id='word_1_323' title='bbox 916 2782 1035 2842; x_wconf 81' lang='lat' dir='ltr'><strong>est,</strong></span> <span class='ocrx_word' id='word_1_324' title='bbox 1090 2784 1364 2845; x_wconf 87' lang='lat' dir='ltr'><strong>appetens.</strong></span> <span class='ocrx_word' id='word_1_325' title='bbox 1392 2776 1802 2835; x_wconf 84' lang='lat' dir='ltr'><strong>-Primordiales</strong></span> <span class='ocrx_word' id='word_1_326' title='bbox 1859 2798 1984 2837; x_wconf 82' lang='lat' dir='ltr'><strong>vero</strong></span> 
     </span>
    </p>
   </div>
   <div class='ocr_carea' id='block_1_46' title="bbox 402 2869 1985 2943">
    <p class='ocr_par' dir='ltr' id='par_1_46' title="bbox 402 2869 1985 2943">
     <span class='ocr_line' id='line_1_46' title="bbox 402 2869 1985 2943; baseline 0.003 -19"><span class='ocrx_word' id='word_1_327' title='bbox 402 2882 596 2924; x_wconf 70' lang='lat' dir='ltr'><strong>Causae</strong></span> <span class='ocrx_word' id='word_1_328' title='bbox 622 2869 699 2923; x_wconf 83' lang='lat' dir='ltr'><strong>ita</strong></span> <span class='ocrx_word' id='word_1_329' title='bbox 731 2869 782 2922; x_wconf 93' lang='lat' dir='ltr'><strong>in</strong></span> <span class='ocrx_word' id='word_1_330' title='bbox 804 2869 1088 2940; x_wconf 89' lang='lat' dir='ltr'><strong>principio,</strong></span> <span class='ocrx_word' id='word_1_331' title='bbox 1112 2869 1215 2926; x_wconf 83' lang='lat' dir='ltr'><strong>hoc</strong></span> <span class='ocrx_word' id='word_1_332' title='bbox 1235 2877 1335 2934; x_wconf 89' lang='lat' dir='ltr'><strong>est,</strong></span> <span class='ocrx_word' id='word_1_333' title='bbox 1356 2869 1450 2926; x_wconf 90' lang='lat' dir='ltr'><strong>Dei</strong></span> <span class='ocrx_word' id='word_1_334' title='bbox 1476 2871 1839 2943; x_wconf 76' lang='lat' dir='ltr'><strong>Verbo,.quod</strong></span> <span class='ocrx_word' id='word_1_335' title='bbox 1861 2889 1985 2929; x_wconf 90' lang='lat' dir='ltr'><strong>vere</strong></span> 
     </span>
    </p>
   </div>
   <div class='ocr_carea' id='block_1_47' title="bbox 401 2962 1987 3036">
    <p class='ocr_par' dir='ltr' id='par_1_47' title="bbox 401 2962 1987 3036">
     <span class='ocr_line' id='line_1_47' title="bbox 401 2962 1987 3036; baseline 0.004 -21"><span class='ocrx_word' id='word_1_336' title='bbox 401 2962 601 3016; x_wconf 88' lang='lat' dir='ltr'><strong>dicitur</strong></span> <span class='ocrx_word' id='word_1_337' title='bbox 621 2975 740 3016; x_wconf 88' lang='lat' dir='ltr'><strong>esse</strong></span> <span class='ocrx_word' id='word_1_338' title='bbox 760 2970 940 3027; x_wconf 85' lang='lat' dir='ltr'><strong>etest,</strong></span> <span class='ocrx_word' id='word_1_339' title='bbox 962 2962 1210 3017; x_wconf 88' lang='lat' dir='ltr'><strong>conditae</strong></span> <span class='ocrx_word' id='word_1_340' title='bbox 1230 2972 1378 3028; x_wconf 91' lang='lat' dir='ltr'><strong>sunt,</strong></span> <span class='ocrx_word' id='word_1_341' title='bbox 1401 2971 1459 3019; x_wconf 88' lang='lat' dir='ltr'><strong>ut</strong></span> <span class='ocrx_word' id='word_1_342' title='bbox 1473 2963 1619 3020; x_wconf 91' lang='lat' dir='ltr'><strong>nullo</strong></span> <span class='ocrx_word' id='word_1_343' title='bbox 1645 2968 1987 3036; x_wconf 62' lang='lat' dir='ltr'><strong>motuperfe-</strong></span> 
     </span>
    </p>
   </div>
   <div class='ocr_carea' id='block_1_48' title="bbox 397 3052 1989 3126">
    <p class='ocr_par' dir='ltr' id='par_1_48' title="bbox 397 3052 1989 3126">
     <span class='ocr_line' id='line_1_48' title="bbox 397 3052 1989 3126; baseline 0.005 -20"><span class='ocrx_word' id='word_1_344' title='bbox 397 3053 795 3108; x_wconf 80' lang='lat' dir='ltr'><strong>ctiouemsuam</strong></span> <span class='ocrx_word' id='word_1_345' title='bbox 812 3052 863 3106; x_wconf 93' lang='lat' dir='ltr'><strong>in</strong></span> <span class='ocrx_word' id='word_1_346' title='bbox 877 3052 1057 3121; x_wconf 91' lang='lat' dir='ltr'><strong>aliquo</strong></span> <span class='ocrx_word' id='word_1_347' title='bbox 1071 3062 1346 3122; x_wconf 90' lang='lat' dir='ltr'><strong>appetant,</strong></span> <span class='ocrx_word' id='word_1_348' title='bbox 1363 3053 1464 3108; x_wconf 86' lang='lat' dir='ltr'><strong>nisi</strong></span> <span class='ocrx_word' id='word_1_349' title='bbox 1482 3054 1533 3108; x_wconf 93' lang='lat' dir='ltr'><strong>in</strong></span> <span class='ocrx_word' id='word_1_350' title='bbox 1550 3071 1638 3120; x_wconf 91' lang='lat' dir='ltr'><strong>eo,</strong></span> <span class='ocrx_word' id='word_1_351' title='bbox 1660 3056 1712 3110; x_wconf 89' lang='lat' dir='ltr'><strong>in</strong></span> <span class='ocrx_word' id='word_1_352' title='bbox 1734 3072 1842 3126; x_wconf 89' lang='lat' dir='ltr'><strong>quo</strong></span> <span class='ocrx_word' id='word_1_353' title='bbox 1860 3067 1989 3114; x_wconf 90' lang='lat' dir='ltr'><strong>sunt</strong></span> 
     </span>
    </p>
   </div>
   <div class='ocr_carea' id='block_1_49' title="bbox 2085 1862 3722 1938">
    <p class='ocr_par' dir='ltr' id='par_1_49' title="bbox 2085 1862 3722 1938">
     <span class='ocr_line' id='line_1_49' title="bbox 2085 1862 3722 1938; baseline -0.001 -15"><span class='ocrx_word' id='word_1_354' title='bbox 2085 1867 2356 1923; x_wconf 85' lang='lat' dir='ltr'><strong>essentiae</strong></span> <span class='ocrx_word' id='word_1_355' title='bbox 2388 1865 2775 1922; x_wconf 80' lang='lat' dir='ltr'><strong>informitatem</strong></span> <span class='ocrx_word' id='word_1_356' title='bbox 2805 1865 3032 1937; x_wconf 81' lang='lat' dir='ltr'><strong>figurate</strong></span> <span class='ocrx_word' id='word_1_357' title='bbox 3067 1866 3357 1938; x_wconf 80' lang='lat' dir='ltr'><strong>significari</strong></span> <span class='ocrx_word' id='word_1_358' title='bbox 3390 1868 3437 1898; x_wconf 75' lang='lat'>“</span> <span class='ocrx_word' id='word_1_359' title='bbox 3472 1868 3671 1922; x_wconf 87' lang='lat' dir='ltr'><strong>volunt.</strong></span> <span class='ocrx_word' id='word_1_360' title='bbox 3715 1862 3722 1879; x_wconf 77' lang='grc'><strong><em>⁸</em></strong></span> 
     </span>
    </p>
   </div>
   <div class='ocr_carea' id='block_1_50' title="bbox 2079 1957 3670 2029">
    <p class='ocr_par' dir='ltr' id='par_1_50' title="bbox 2079 1957 3670 2029">
     <span class='ocr_line' id='line_1_50' title="bbox 2079 1957 3670 2029; baseline -0.002 -14"><span class='ocrx_word' id='word_1_361' title='bbox 2079 1958 2273 2015; x_wconf 89' lang='lat' dir='ltr'><strong>Omnis</strong></span> <span class='ocrx_word' id='word_1_362' title='bbox 2298 1959 2563 2029; x_wconf 86' lang='lat' dir='ltr'><strong>siquidem</strong></span> <span class='ocrx_word' id='word_1_363' title='bbox 2594 1957 2888 2029; x_wconf 87' lang='lat' dir='ltr'><strong>corporalis</strong></span> <span class='ocrx_word' id='word_1_364' title='bbox 2916 1957 3299 2026; x_wconf 87' lang='lat' dir='ltr'><strong>sensibilisque</strong></span> <span class='ocrx_word' id='word_1_365' title='bbox 3327 1967 3578 2013; x_wconf 83' lang='lat' dir='ltr'><strong>creatura</strong></span> <span class='ocrx_word' id='word_1_366' title='bbox 3604 1974 3670 2012; x_wconf 72' lang='lat' dir='ltr'><strong>ex</strong></span> 
     </span>
    </p>
   </div>
   <div class='ocr_carea' id='block_1_51' title="bbox 2082 2048 3672 2117">
    <p class='ocr_par' dir='ltr' id='par_1_51' title="bbox 2082 2048 3672 2117">
     <span class='ocr_line' id='line_1_51' title="bbox 2082 2048 3672 2117; baseline -0.001 -13"><span class='ocrx_word' id='word_1_367' title='bbox 2082 2050 2314 2106; x_wconf 89' lang='lat' dir='ltr'><strong>materia</strong></span> <span class='ocrx_word' id='word_1_368' title='bbox 2353 2057 2409 2104; x_wconf 88' lang='lat' dir='ltr'><strong>et</strong></span> <span class='ocrx_word' id='word_1_369' title='bbox 2436 2049 2625 2104; x_wconf 64' lang='lat' dir='ltr'><strong>forma</strong></span> <span class='ocrx_word' id='word_1_370' title='bbox 2667 2048 3033 2111; x_wconf 85' lang='lat' dir='ltr'><strong>constituitur,</strong></span> <span class='ocrx_word' id='word_1_371' title='bbox 3081 2057 3244 2117; x_wconf 84' lang='lat' dir='ltr'><strong>atque</strong></span> <span class='ocrx_word' id='word_1_372' title='bbox 3286 2048 3409 2103; x_wconf 87' lang='lat' dir='ltr'><strong>ideo</strong></span> <span class='ocrx_word' id='word_1_373' title='bbox 3446 2050 3672 2103; x_wconf 82' lang='lat' dir='ltr'><strong>materia</strong></span> 
     </span>
    </p>
   </div>
   <div class='ocr_carea' id='block_1_52' title="bbox 2082 2138 3666 2204">
    <p class='ocr_par' dir='ltr' id='par_1_52' title="bbox 2082 2138 3666 2204">
     <span class='ocr_line' id='line_1_52' title="bbox 2082 2138 3666 2204; baseline -0.003 -9"><span class='ocrx_word' id='word_1_374' title='bbox 2082 2155 2278 2195; x_wconf 85' lang='lat' dir='ltr'><strong>carens</strong></span> <span class='ocrx_word' id='word_1_375' title='bbox 2304 2138 2505 2204; x_wconf 86' lang='lat' dir='ltr'><strong>forma,</strong></span> <span class='ocrx_word' id='word_1_376' title='bbox 2517 2138 2764 2194; x_wconf 87' lang='lat' dir='ltr'><strong>informis</strong></span> <span class='ocrx_word' id='word_1_377' title='bbox 2782 2138 2999 2204; x_wconf 87' lang='lat' dir='ltr'><strong>dicitur,</strong></span> <span class='ocrx_word' id='word_1_378' title='bbox 3021 2139 3123 2193; x_wconf 83' lang='lat' dir='ltr'><strong>hoc</strong></span> <span class='ocrx_word' id='word_1_379' title='bbox 3136 2144 3240 2204; x_wconf 89' lang='lat' dir='ltr'><strong>est,</strong></span> <span class='ocrx_word' id='word_1_380' title='bbox 3262 2138 3666 2200; x_wconf 77' lang='lat' dir='ltr'><strong>carensforma,</strong></span> 
     </span>
    </p>
   </div>
   <div class='ocr_carea' id='block_1_53' title="bbox 2083 2230 3668 2301">
    <p class='ocr_par' dir='ltr' id='par_1_53' title="bbox 2083 2230 3668 2301">
     <span class='ocr_line' id='line_1_53' title="bbox 2083 2230 3668 2301; baseline -0.003 -14"><span class='ocrx_word' id='word_1_381' title='bbox 2083 2242 2139 2287; x_wconf 91' lang='lat' dir='ltr'><strong>et</strong></span> <span class='ocrx_word' id='word_1_382' title='bbox 2166 2232 2466 2287; x_wconf 75' lang='lat' dir='ltr'><strong>invisibilis</strong></span> <span class='ocrx_word' id='word_1_383' title='bbox 2506 2231 2975 2301; x_wconf 75' lang='lat' dir='ltr'><strong>eLincomposita,</strong></span> <span class='ocrx_word' id='word_1_384' title='bbox 3016 2245 3111 2285; x_wconf 90' lang='lat' dir='ltr'><strong>seu</strong></span> <span class='ocrx_word' id='word_1_385' title='bbox 3158 2230 3337 2285; x_wconf 89' lang='lat' dir='ltr'><strong>inanis</strong></span> <span class='ocrx_word' id='word_1_386' title='bbox 3372 2238 3430 2284; x_wconf 90' lang='lat' dir='ltr'><strong>et</strong></span> <span class='ocrx_word' id='word_1_387' title='bbox 3472 2245 3668 2295; x_wconf 76' lang='lat' dir='ltr'><strong>vacua;</strong></span> 
     </span>
    </p>
   </div>
   <div class='ocr_carea' id='block_1_54' title="bbox 2091 2318 3667 2388">
    <p class='ocr_par' dir='ltr' id='par_1_54' title="bbox 2091 2318 3667 2388">
     <span class='ocr_line' id='line_1_54' title="bbox 2091 2318 3667 2388; baseline -0.001 -15"><span class='ocrx_word' id='word_1_388' title='bbox 2091 2320 2383 2375; x_wconf 84' lang='lat' dir='ltr'><strong>accedente</strong></span> <span class='ocrx_word' id='word_1_389' title='bbox 2412 2334 2540 2383; x_wconf 89' lang='lat' dir='ltr'><strong>vero</strong></span> <span class='ocrx_word' id='word_1_390' title='bbox 2576 2318 2747 2373; x_wconf 91' lang='lat' dir='ltr'><strong>forma</strong></span> <span class='ocrx_word' id='word_1_391' title='bbox 2776 2319 3008 2374; x_wconf 78' lang='lat' dir='ltr'><strong>visibilis</strong></span> <span class='ocrx_word' id='word_1_392' title='bbox 3045 2318 3243 2373; x_wconf 88' lang='lat' dir='ltr'><strong>dicitur</strong></span> <span class='ocrx_word' id='word_1_393' title='bbox 3269 2325 3326 2373; x_wconf 86' lang='lat' dir='ltr'><strong>et</strong></span> <span class='ocrx_word' id='word_1_394' title='bbox 3353 2320 3667 2388; x_wconf 84' lang='lat' dir='ltr'><strong>composita.</strong></span> 
     </span>
    </p>
   </div>
   <div class='ocr_carea' id='block_1_55' title="bbox 2088 2409 3671 2481">
    <p class='ocr_par' dir='ltr' id='par_1_55' title="bbox 2088 2409 3671 2481">
     <span class='ocr_line' id='line_1_55' title="bbox 2088 2409 3671 2481; baseline -0.003 -15"><span class='ocrx_word' id='word_1_395' title='bbox 2088 2412 2372 2481; x_wconf 87' lang='lat' dir='ltr'><strong>solidaque</strong></span> <span class='ocrx_word' id='word_1_396' title='bbox 2400 2420 2565 2481; x_wconf 87' lang='lat' dir='ltr'><strong>atque</strong></span> <span class='ocrx_word' id='word_1_397' title='bbox 2590 2409 3107 2480; x_wconf 45' lang='lat' dir='ltr'><strong>perfectaynaturae</strong></span> <span class='ocrx_word' id='word_1_398' title='bbox 3129 2423 3259 2464; x_wconf 84' lang='lat' dir='ltr'><strong>suae</strong></span> <span class='ocrx_word' id='word_1_399' title='bbox 3281 2409 3449 2463; x_wconf 83' lang='lat' dir='ltr'><strong>certis</strong></span> <span class='ocrx_word' id='word_1_400' title='bbox 3477 2409 3671 2462; x_wconf 75' lang='lat' dir='ltr'><strong>tlnilms</strong></span> 
     </span>
    </p>
   </div>
   <div class='ocr_carea' id='block_1_56' title="bbox 2087 2497 3671 2568">
    <p class='ocr_par' dir='ltr' id='par_1_56' title="bbox 2087 2497 3671 2568">
     <span class='ocr_line' id='line_1_56' title="bbox 2087 2497 3671 2568; baseline -0.003 -13"><span class='ocrx_word' id='word_1_401' title='bbox 2087 2500 2517 2568; x_wconf 70' lang='lat' dir='ltr'><strong>circumscripta.</strong></span> <span class='ocrx_word' id='word_1_402' title='bbox 2563 2498 2853 2553; x_wconf 83' lang='lat' dir='ltr'><strong>invisibilis</strong></span> <span class='ocrx_word' id='word_1_403' title='bbox 2884 2512 3021 2552; x_wconf 77' lang='lat' dir='ltr'><strong>vero</strong></span> <span class='ocrx_word' id='word_1_404' title='bbox 3052 2507 3327 2559; x_wconf 88' lang='lat' dir='ltr'><strong>creatura,</strong></span> <span class='ocrx_word' id='word_1_405' title='bbox 3368 2498 3422 2552; x_wconf 88' lang='lat' dir='ltr'><strong>id</strong></span> <span class='ocrx_word' id='word_1_406' title='bbox 3462 2507 3549 2552; x_wconf 88' lang='lat' dir='ltr'><strong>est</strong></span> <span class='ocrx_word' id='word_1_407' title='bbox 3578 2497 3671 2551; x_wconf 86' lang='lat' dir='ltr'><strong>-in-</strong></span> 
     </span>
    </p>
   </div>
   <div class='ocr_carea' id='block_1_57' title="bbox 2089 2584 3669 2655">
    <p class='ocr_par' dir='ltr' id='par_1_57' title="bbox 2089 2584 3669 2655">
     <span class='ocr_line' id='line_1_57' title="bbox 2089 2584 3669 2655; baseline -0.003 -11"><span class='ocrx_word' id='word_1_408' title='bbox 2089 2588 2409 2644; x_wconf 89' lang='lat' dir='ltr'><strong>tellectualis</strong></span> <span class='ocrx_word' id='word_1_409' title='bbox 2461 2597 2518 2643; x_wconf 91' lang='lat' dir='ltr'><strong>et</strong></span> <span class='ocrx_word' id='word_1_410' title='bbox 2578 2586 2889 2649; x_wconf 86' lang='lat' dir='ltr'><strong>rationalis,</strong></span> <span class='ocrx_word' id='word_1_411' title='bbox 2942 2584 3188 2640; x_wconf 87' lang='lat' dir='ltr'><strong>informis</strong></span> <span class='ocrx_word' id='word_1_412' title='bbox 3231 2584 3449 2651; x_wconf 86' lang='lat' dir='ltr'><strong>dicitur,</strong></span> <span class='ocrx_word' id='word_1_413' title='bbox 3480 2586 3669 2655; x_wconf 52' lang='lat' dir='ltr'><strong>prius.</strong></span> 
     </span>
    </p>
   </div>
   <div class='ocr_carea' id='block_1_58' title="bbox 2086 2676 3667 2752">
    <p class='ocr_par' dir='ltr' id='par_1_58' title="bbox 2086 2676 3667 2752">
     <span class='ocr_line' id='line_1_58' title="bbox 2086 2676 3667 2752; baseline -0.005 -15"><span class='ocrx_word' id='word_1_414' title='bbox 2086 2697 2250 2752; x_wconf 90' lang='lat' dir='ltr'><strong>quam</strong></span> <span class='ocrx_word' id='word_1_415' title='bbox 2288 2681 2357 2735; x_wconf 91' lang='lat' dir='ltr'><strong>ad</strong></span> <span class='ocrx_word' id='word_1_416' title='bbox 2387 2679 2614 2734; x_wconf 89' lang='lat' dir='ltr'><strong>formam</strong></span> <span class='ocrx_word' id='word_1_417' title='bbox 2654 2693 2831 2743; x_wconf 89' lang='lat' dir='ltr'><strong>suam,</strong></span> <span class='ocrx_word' id='word_1_418' title='bbox 2857 2676 3166 2733; x_wconf 83' lang='lat' dir='ltr'><strong>Creatorem</strong></span> <span class='ocrx_word' id='word_1_419' title='bbox 3196 2676 3444 2731; x_wconf 81' lang='lat' dir='ltr'><strong>videlicet</strong></span> <span class='ocrx_word' id='word_1_420' title='bbox 3470 2691 3626 2730; x_wconf 87' lang='lat' dir='ltr'><strong>suum</strong></span> <span class='ocrx_word' id='word_1_421' title='bbox 3651 2716 3667 2740; x_wconf 86' lang='lat'><em>.</em></span> 
     </span>
    </p>
   </div>
   <div class='ocr_carea' id='block_1_59' title="bbox 2086 2768 3671 2838">
    <p class='ocr_par' dir='ltr' id='par_1_59' title="bbox 2086 2768 3671 2838">
     <span class='ocr_line' id='line_1_59' title="bbox 2086 2768 3671 2838; baseline -0.004 -8"><span class='ocrx_word' id='word_1_422' title='bbox 2086 2782 2453 2830; x_wconf 87' lang='lat' dir='ltr'><strong>convertatur.</strong></span> <span class='ocrx_word' id='word_1_423' title='bbox 2487 2771 2603 2827; x_wconf 80' lang='lat' dir='ltr'><strong>Non</strong></span> <span class='ocrx_word' id='word_1_424' title='bbox 2631 2771 2774 2827; x_wconf 91' lang='lat' dir='ltr'><strong>enim</strong></span> <span class='ocrx_word' id='word_1_425' title='bbox 2801 2770 2853 2825; x_wconf 91' lang='lat' dir='ltr'><strong>ei</strong></span> <span class='ocrx_word' id='word_1_426' title='bbox 2881 2770 2928 2800; x_wconf 84' lang='lat'>&quot;</span> <span class='ocrx_word' id='word_1_427' title='bbox 2971 2768 3164 2824; x_wconf 78' lang='lat' dir='ltr'><strong>sutiicit</strong></span> <span class='ocrx_word' id='word_1_428' title='bbox 3190 2768 3671 2838; x_wconf 64' lang='lat' dir='ltr'><strong>aitperfectionem</strong></span> 
     </span>
    </p>
   </div>
   <div class='ocr_carea' id='block_1_60' title="bbox 2088 2858 3673 2930">
    <p class='ocr_par' dir='ltr' id='par_1_60' title="bbox 2088 2858 3673 2930">
     <span class='ocr_line' id='line_1_60' title="bbox 2088 2858 3673 2930; baseline -0.004 -10"><span class='ocrx_word' id='word_1_429' title='bbox 2088 2881 2152 2921; x_wconf 80' lang='lat' dir='ltr'><strong>ex</strong></span> <span class='ocrx_word' id='word_1_430' title='bbox 2187 2864 2421 2919; x_wconf 90' lang='lat' dir='ltr'><strong>essentia</strong></span> <span class='ocrx_word' id='word_1_431' title='bbox 2458 2861 2841 2930; x_wconf 85' lang='lat' dir='ltr'><strong>essentialique</strong></span> <span class='ocrx_word' id='word_1_432' title='bbox 2881 2858 3182 2914; x_wconf 83' lang='lat' dir='ltr'><strong>differentia</strong></span> <span class='ocrx_word' id='word_1_433' title='bbox 3229 2860 3550 2923; x_wconf 83' lang='lat' dir='ltr'><strong>subsistere,</strong></span> <span class='ocrx_word' id='word_1_434' title='bbox 3587 2862 3673 2915; x_wconf 83' lang='lat' dir='ltr'><strong>bis</strong></span> 
     </span>
    </p>
   </div>
   <div class='ocr_carea' id='block_1_61' title="bbox 2088 2951 3672 3022">
    <p class='ocr_par' dir='ltr' id='par_1_61' title="bbox 2088 2951 3672 3022">
     <span class='ocr_line' id='line_1_61' title="bbox 2088 2951 3672 3022; baseline -0.003 -12"><span class='ocrx_word' id='word_1_435' title='bbox 2088 2958 2232 3011; x_wconf 92' lang='lat' dir='ltr'><strong>enim</strong></span> <span class='ocrx_word' id='word_1_436' title='bbox 2275 2956 2484 3009; x_wconf 85' lang='lat' dir='ltr'><strong>duobus</strong></span> <span class='ocrx_word' id='word_1_437' title='bbox 2530 2952 2709 3009; x_wconf 91' lang='lat' dir='ltr'><strong>omnis</strong></span> <span class='ocrx_word' id='word_1_438' title='bbox 2753 2951 3416 3006; x_wconf 77' lang='lat' dir='ltr'><strong>iutellectualis&#39;creatura</strong></span> <span class='ocrx_word' id='word_1_439' title='bbox 3454 2966 3672 3022; x_wconf 84' lang='lat' dir='ltr'><strong>compo-</strong></span> 
     </span>
    </p>
   </div>
   <div class='ocr_carea' id='block_1_62' title="bbox 2090 3040 3669 3113">
    <p class='ocr_par' dir='ltr' id='par_1_62' title="bbox 2090 3040 3669 3113">
     <span class='ocr_line' id='line_1_62' title="bbox 2090 3040 3669 3113; baseline -0.003 -12"><span class='ocrx_word' id='word_1_440' title='bbox 2090 3047 2259 3111; x_wconf 90' lang='lat' dir='ltr'><strong>nitur,</strong></span> <span class='ocrx_word' id='word_1_441' title='bbox 2288 3046 2389 3100; x_wconf 92' lang='lat' dir='ltr'><strong>nisi</strong></span> <span class='ocrx_word' id='word_1_442' title='bbox 2410 3048 2476 3098; x_wconf 87' lang='lat' dir='ltr'><strong>ad</strong></span> <span class='ocrx_word' id='word_1_443' title='bbox 2500 3043 2733 3098; x_wconf 83' lang='lat' dir='ltr'><strong>Verbum</strong></span> <span class='ocrx_word' id='word_1_444' title='bbox 2757 3042 3113 3113; x_wconf 80' lang='lat' dir='ltr'><strong>unigenitum,</strong></span> <span class='ocrx_word' id='word_1_445' title='bbox 3131 3041 3222 3096; x_wconf 91' lang='lat' dir='ltr'><strong>Dei</strong></span> <span class='ocrx_word' id='word_1_446' title='bbox 3246 3040 3446 3101; x_wconf 57' lang='lat' dir='ltr'><strong>Filium</strong></span> <span class='ocrx_word' id='word_1_447' title='bbox 3460 3042 3580 3097; x_wconf 87' lang='lat' dir='ltr'><strong>dico</strong></span> <span class='ocrx_word' id='word_1_448' title='bbox 3600 3042 3669 3107; x_wconf 80' lang='grc'><strong>’³,</strong></span> 
     </span>
    </p>
   </div>
   <div class='ocr_carea' id='block_1_63' title="bbox 398 3134 3669 3218">
    <p class='ocr_par' dir='ltr' id='par_1_63' title="bbox 398 3134 3669 3218">
     <span class='ocr_line' id='line_1_63' title="bbox 398 3134 3669 3218; baseline -0.001 -29"><span class='ocrx_word' id='word_1_449' title='bbox 398 3145 832 3209; x_wconf 66' lang='grc' dir='ltr'><strong>ὶιηηῃιωιήιιίίοτ,</strong></span> <span class='ocrx_word' id='word_1_450' title='bbox 877 3145 1222 3215; x_wconf 62' lang='lat' dir='ltr'><strong>perfectaque</strong></span> <span class='ocrx_word' id='word_1_451' title='bbox 1272 3145 1535 3202; x_wconf 72' lang='lat' dir='ltr'><strong>{amatae</strong></span> <span class='ocrx_word' id='word_1_452' title='bbox 1568 3156 1714 3202; x_wconf 73' lang='lat' dir='ltr'><strong>sum,</strong></span> <span class='ocrx_word' id='word_1_453' title='bbox 1758 3148 1983 3218; x_wconf 67' lang='lat' dir='ltr'><strong>semper</strong></span> <span class='ocrx_word' id='word_1_454' title='bbox 2011 3146 2054 3206; x_wconf 67' lang='grc' dir='ltr'><strong>(ζ</strong></span> <span class='ocrx_word' id='word_1_455' title='bbox 2087 3141 2176 3208; x_wconf 87' lang='lat' dir='ltr'><strong>qui</strong></span> <span class='ocrx_word' id='word_1_456' title='bbox 2220 3149 2302 3194; x_wconf 88' lang='lat' dir='ltr'><strong>est</strong></span> <span class='ocrx_word' id='word_1_457' title='bbox 2348 3138 2517 3192; x_wconf 84' lang='lat' dir='ltr'><strong>forma</strong></span> <span class='ocrx_word' id='word_1_458' title='bbox 2564 3136 2740 3192; x_wconf 89' lang='lat' dir='ltr'><strong>omnis</strong></span> <span class='ocrx_word' id='word_1_459' title='bbox 2764 3134 3155 3189; x_wconf 75' lang='lat' dir='ltr'><strong>intellectualis</strong></span> <span class='ocrx_word' id='word_1_460' title='bbox 3195 3134 3366 3199; x_wconf 74' lang='lat' dir='ltr'><strong>vitae,</strong></span> <span class='ocrx_word' id='word_1_461' title='bbox 3407 3150 3669 3189; x_wconf 80' lang='lat' dir='ltr'><strong>conversa</strong></span> 
     </span>
    </p>
   </div>
   <div class='ocr_carea' id='block_1_64' title="bbox 394 3235 1985 3310">
    <p class='ocr_par' dir='ltr' id='par_1_64' title="bbox 394 3235 1985 3310">
     <span class='ocr_line' id='line_1_64' title="bbox 394 3235 1985 3310; baseline 0.001 -19"><span class='ocrx_word' id='word_1_462' title='bbox 394 3239 539 3291; x_wconf 86' lang='lat' dir='ltr'><strong>enim</strong></span> <span class='ocrx_word' id='word_1_463' title='bbox 556 3238 620 3291; x_wconf 89' lang='lat' dir='ltr'><strong>ad</strong></span> <span class='ocrx_word' id='word_1_464' title='bbox 638 3252 795 3291; x_wconf 87' lang='lat' dir='ltr'><strong>unam</strong></span> <span class='ocrx_word' id='word_1_465' title='bbox 813 3237 1244 3291; x_wconf 85' lang='lat' dir='ltr'><strong>rerumomnium</strong></span> <span class='ocrx_word' id='word_1_466' title='bbox 1261 3235 1511 3304; x_wconf 87' lang='lat' dir='ltr'><strong>formam,</strong></span> <span class='ocrx_word' id='word_1_467' title='bbox 1527 3253 1688 3308; x_wconf 88' lang='lat' dir='ltr'><strong>quam</strong></span> <span class='ocrx_word' id='word_1_468' title='bbox 1703 3240 1882 3293; x_wconf 92' lang='lat' dir='ltr'><strong>omnia</strong></span> <span class='ocrx_word' id='word_1_469' title='bbox 1897 3255 1985 3310; x_wconf 85' lang='lat' dir='ltr'><strong>ap-</strong></span> 
     </span>
    </p>
   </div>
   <div class='ocr_carea' id='block_1_65' title="bbox 395 3324 1983 3396">
    <p class='ocr_par' dir='ltr' id='par_1_65' title="bbox 395 3324 1983 3396">
     <span class='ocr_line' id='line_1_65' title="bbox 395 3324 1983 3396; baseline 0.004 -17"><span class='ocrx_word' id='word_1_470' title='bbox 395 3334 603 3396; x_wconf 84' lang='lat' dir='ltr'><strong>petunt,</strong></span> <span class='ocrx_word' id='word_1_471' title='bbox 634 3325 868 3379; x_wconf 86' lang='lat' dir='ltr'><strong>Verbum</strong></span> <span class='ocrx_word' id='word_1_472' title='bbox 892 3324 1067 3380; x_wconf 85' lang='lat' dir='ltr'><strong>Patris</strong></span> <span class='ocrx_word' id='word_1_473' title='bbox 1088 3325 1226 3390; x_wconf 85' lang='lat' dir='ltr'><strong>dico,</strong></span> <span class='ocrx_word' id='word_1_474' title='bbox 1265 3340 1559 3382; x_wconf 88' lang='lat' dir='ltr'><strong>conversae</strong></span> <span class='ocrx_word' id='word_1_475' title='bbox 1585 3326 1904 3394; x_wconf 82' lang='lat' dir='ltr'><strong>formantur,</strong></span> <span class='ocrx_word' id='word_1_476' title='bbox 1928 3339 1983 3385; x_wconf 85' lang='lat' dir='ltr'><strong>et</strong></span> 
     </span>
    </p>
   </div>
   <div class='ocr_carea' id='block_1_66' title="bbox 397 3416 1983 3487">
    <p class='ocr_par' dir='ltr' id='par_1_66' title="bbox 397 3416 1983 3487">
     <span class='ocr_line' id='line_1_66' title="bbox 397 3416 1983 3487; baseline 0.003 -17"><span class='ocrx_word' id='word_1_477' title='bbox 397 3416 771 3472; x_wconf 87' lang='lat' dir='ltr'><strong>formationem</strong></span> <span class='ocrx_word' id='word_1_478' title='bbox 786 3430 936 3469; x_wconf 88' lang='lat' dir='ltr'><strong>suam</strong></span> <span class='ocrx_word' id='word_1_479' title='bbox 952 3431 1215 3485; x_wconf 87' lang='lat' dir='ltr'><strong>nusquam</strong></span> <span class='ocrx_word' id='word_1_480' title='bbox 1233 3417 1559 3487; x_wconf 81' lang='lat' dir='ltr'><strong>“nunquam</strong></span> <span class='ocrx_word' id='word_1_481' title='bbox 1573 3418 1983 3475; x_wconf 82' lang='lat' dir='ltr'><strong>deserunt.Cau—</strong></span> 
     </span>
    </p>
   </div>
   <div class='ocr_carea' id='block_1_67' title="bbox 396 3504 1982 3578">
    <p class='ocr_par' dir='ltr' id='par_1_67' title="bbox 396 3504 1982 3578">
     <span class='ocr_line' id='line_1_67' title="bbox 396 3504 1982 3578; baseline 0.001 -15"><span class='ocrx_word' id='word_1_482' title='bbox 396 3521 489 3563; x_wconf 83' lang='lat' dir='ltr'><strong>sae</strong></span> <span class='ocrx_word' id='word_1_483' title='bbox 510 3506 705 3577; x_wconf 87' lang='lat' dir='ltr'><strong>quippe</strong></span> <span class='ocrx_word' id='word_1_484' title='bbox 720 3504 958 3560; x_wconf 91' lang='lat' dir='ltr'><strong>locorum</strong></span> <span class='ocrx_word' id='word_1_485' title='bbox 973 3514 1026 3561; x_wconf 92' lang='lat' dir='ltr'><strong>et</strong></span> <span class='ocrx_word' id='word_1_486' title='bbox 1042 3515 1339 3575; x_wconf 85' lang='lat' dir='ltr'><strong>temporqu</strong></span> <span class='ocrx_word' id='word_1_487' title='bbox 1355 3507 1407 3560; x_wconf 91' lang='lat' dir='ltr'><strong>in</strong></span> <span class='ocrx_word' id='word_1_488' title='bbox 1429 3508 1508 3563; x_wconf 91' lang='lat' dir='ltr'><strong>eis</strong></span> <span class='ocrx_word' id='word_1_489' title='bbox 1521 3517 1678 3574; x_wconf 89' lang='lat' dir='ltr'><strong>sunt;</strong></span> <span class='ocrx_word' id='word_1_490' title='bbox 1700 3524 1840 3578; x_wconf 88' lang='lat' dir='ltr'><strong>quae</strong></span> <span class='ocrx_word' id='word_1_491' title='bbox 1855 3525 1982 3565; x_wconf 82' lang='lat' dir='ltr'><strong>vero</strong></span> 
     </span>
    </p>
   </div>
   <div class='ocr_carea' id='block_1_68' title="bbox 395 3595 1980 3667">
    <p class='ocr_par' dir='ltr' id='par_1_68' title="bbox 395 3595 1980 3667">
     <span class='ocr_line' id='line_1_68' title="bbox 395 3595 1980 3667; baseline 0.002 -15"><span class='ocrx_word' id='word_1_492' title='bbox 395 3598 496 3652; x_wconf 89' lang='lat' dir='ltr'><strong>sub</strong></span> <span class='ocrx_word' id='word_1_493' title='bbox 521 3596 652 3666; x_wconf 86' lang='lat' dir='ltr'><strong>ipsis</strong></span> <span class='ocrx_word' id='word_1_494' title='bbox 685 3604 811 3651; x_wconf 87' lang='lat' dir='ltr'><strong>sunt</strong></span> <span class='ocrx_word' id='word_1_495' title='bbox 839 3595 891 3650; x_wconf 92' lang='lat' dir='ltr'><strong>in</strong></span> <span class='ocrx_word' id='word_1_496' title='bbox 924 3597 967 3628; x_wconf 85' lang='lat'><strong>&quot;</strong></span> <span class='ocrx_word' id='word_1_497' title='bbox 1000 3595 1343 3651; x_wconf 90' lang='lat' dir='ltr'><strong>inferioribus</strong></span> <span class='ocrx_word' id='word_1_498' title='bbox 1371 3612 1550 3652; x_wconf 90' lang='lat' dir='ltr'><strong>rerum</strong></span> <span class='ocrx_word' id='word_1_499' title='bbox 1579 3599 1876 3667; x_wconf 86' lang='lat' dir='ltr'><strong>ordinibus,</strong></span> <span class='ocrx_word' id='word_1_500' title='bbox 1906 3601 1980 3655; x_wconf 89' lang='lat' dir='ltr'><strong>ita</strong></span> 
     </span>
    </p>
   </div>
   <div class='ocr_carea' id='block_1_69' title="bbox 401 3689 1981 3759">
    <p class='ocr_par' dir='ltr' id='par_1_69' title="bbox 401 3689 1981 3759">
     <span class='ocr_line' id='line_1_69' title="bbox 401 3689 1981 3759; baseline -0.001 -12"><span class='ocrx_word' id='word_1_501' title='bbox 401 3692 469 3747; x_wconf 91' lang='lat' dir='ltr'><strong>ab</strong></span> <span class='ocrx_word' id='word_1_502' title='bbox 494 3691 575 3746; x_wconf 91' lang='lat' dir='ltr'><strong>eis</strong></span> <span class='ocrx_word' id='word_1_503' title='bbox 602 3696 877 3755; x_wconf 84' lang='lat' dir='ltr'><strong>creantur,</strong></span> <span class='ocrx_word' id='word_1_504' title='bbox 906 3699 961 3743; x_wconf 93' lang='lat' dir='ltr'><strong>ut</strong></span> <span class='ocrx_word' id='word_1_505' title='bbox 984 3689 1051 3744; x_wconf 89' lang='lat' dir='ltr'><strong>ad</strong></span> <span class='ocrx_word' id='word_1_506' title='bbox 1078 3689 1284 3759; x_wconf 87' lang='lat' dir='ltr'><strong>seipsas</strong></span> <span class='ocrx_word' id='word_1_507' title='bbox 1306 3703 1369 3743; x_wconf 91' lang='lat' dir='ltr'><strong>ea</strong></span> <span class='ocrx_word' id='word_1_508' title='bbox 1394 3691 1689 3754; x_wconf 89' lang='lat' dir='ltr'><strong>attrahant,</strong></span> <span class='ocrx_word' id='word_1_509' title='bbox 1712 3692 1981 3746; x_wconf 84' lang='lat' dir='ltr'><strong>omnin-m-</strong></span> 
     </span>
    </p>
   </div>
   <div class='ocr_carea' id='block_1_70' title="bbox 392 3780 1982 3854">
    <p class='ocr_par' dir='ltr' id='par_1_70' title="bbox 392 3780 1982 3854">
     <span class='ocr_line' id='line_1_70' title="bbox 392 3780 1982 3854; baseline 0.003 -17"><span class='ocrx_word' id='word_1_510' title='bbox 392 3797 503 3851; x_wconf 68' lang='lat' dir='ltr'><strong>que</strong></span> <span class='ocrx_word' id='word_1_511' title='bbox 528 3796 708 3837; x_wconf 84' lang='lat' dir='ltr'><strong>rerum</strong></span> <span class='ocrx_word' id='word_1_512' title='bbox 736 3796 903 3836; x_wconf 86' lang='lat' dir='ltr'><strong>unum</strong></span> <span class='ocrx_word' id='word_1_513' title='bbox 931 3780 1254 3852; x_wconf 87' lang='lat' dir='ltr'><strong>principium</strong></span> <span class='ocrx_word' id='word_1_514' title='bbox 1279 3781 1322 3812; x_wconf 80' lang='lat'>”</span> <span class='ocrx_word' id='word_1_515' title='bbox 1351 3791 1637 3852; x_wconf 89' lang='lat' dir='ltr'><strong>appetant;</strong></span> <span class='ocrx_word' id='word_1_516' title='bbox 1670 3783 1817 3854; x_wconf 68' lang='lat' dir='ltr'><strong>ipsae</strong></span> <span class='ocrx_word' id='word_1_517' title='bbox 1852 3800 1982 3841; x_wconf 81' lang='lat' dir='ltr'><strong>vero</strong></span> 
     </span>
    </p>
   </div>
   <div class='ocr_carea' id='block_1_71' title="bbox 396 3880 1979 3955">
    <p class='ocr_par' dir='ltr' id='par_1_71' title="bbox 396 3880 1979 3955">
     <span class='ocr_line' id='line_1_71' title="bbox 396 3880 1979 3955; baseline 0.003 -20"><span class='ocrx_word' id='word_1_518' title='bbox 396 3881 540 3936; x_wconf 86' lang='lat' dir='ltr'><strong>nullo</strong></span> <span class='ocrx_word' id='word_1_519' title='bbox 556 3880 724 3936; x_wconf 86' lang='lat' dir='ltr'><strong>modo</strong></span> <span class='ocrx_word' id='word_1_520' title='bbox 752 3881 818 3937; x_wconf 92' lang='lat' dir='ltr'><strong>ad</strong></span> <span class='ocrx_word' id='word_1_521' title='bbox 837 3895 922 3944; x_wconf 88' lang='lat' dir='ltr'><strong>ea,</strong></span> <span class='ocrx_word' id='word_1_522' title='bbox 950 3895 1088 3950; x_wconf 88' lang='lat' dir='ltr'><strong>quae</strong></span> <span class='ocrx_word' id='word_1_523' title='bbox 1125 3881 1225 3936; x_wconf 89' lang='lat' dir='ltr'><strong>sub</strong></span> <span class='ocrx_word' id='word_1_524' title='bbox 1255 3882 1335 3937; x_wconf 89' lang='lat' dir='ltr'><strong>eis</strong></span> <span class='ocrx_word' id='word_1_525' title='bbox 1362 3892 1507 3949; x_wconf 89' lang='lat' dir='ltr'><strong>sunt,</strong></span> <span class='ocrx_word' id='word_1_526' title='bbox 1536 3885 1856 3955; x_wconf 84' lang='lat' dir='ltr'><strong>respiciunt,</strong></span> <span class='ocrx_word' id='word_1_527' title='bbox 1884 3887 1979 3941; x_wconf 90' lang='lat' dir='ltr'><strong>sed</strong></span> 
     </span>
    </p>
   </div>
   <div class='ocr_carea' id='block_1_72' title="bbox 396 3969 1981 4042">
    <p class='ocr_par' dir='ltr' id='par_1_72' title="bbox 396 3969 1981 4042">
     <span class='ocr_line' id='line_1_72' title="bbox 396 3969 1981 4042; baseline 0.003 -17"><span class='ocrx_word' id='word_1_528' title='bbox 396 3987 548 4025; x_wconf 83' lang='lat' dir='ltr'><strong>suam</strong></span> <span class='ocrx_word' id='word_1_529' title='bbox 594 3969 821 4025; x_wconf 86' lang='lat' dir='ltr'><strong>formam</strong></span> <span class='ocrx_word' id='word_1_530' title='bbox 860 3971 1205 4040; x_wconf 76' lang='lat' dir='ltr'><strong>superiorem</strong></span> <span class='ocrx_word' id='word_1_531' title='bbox 1251 3986 1311 4027; x_wconf 90' lang='lat' dir='ltr'><strong>se</strong></span> <span class='ocrx_word' id='word_1_532' title='bbox 1346 3987 1560 4042; x_wconf 88' lang='lat' dir='ltr'><strong>semper</strong></span> <span class='ocrx_word' id='word_1_533' title='bbox 1599 3973 1899 4040; x_wconf 90' lang='lat' dir='ltr'><strong>intuentur,</strong></span> <span class='ocrx_word' id='word_1_534' title='bbox 1922 3985 1981 4030; x_wconf 90' lang='lat' dir='ltr'><strong>ut</strong></span> 
     </span>
    </p>
   </div>
   <div class='ocr_carea' id='block_1_73' title="bbox 395 4061 1980 4136">
    <p class='ocr_par' dir='ltr' id='par_1_73' title="bbox 395 4061 1980 4136">
     <span class='ocr_line' id='line_1_73' title="bbox 395 4061 1980 4136; baseline 0.002 -19"><span class='ocrx_word' id='word_1_535' title='bbox 395 4078 609 4134; x_wconf 84' lang='lat' dir='ltr'><strong>semper</strong></span> <span class='ocrx_word' id='word_1_536' title='bbox 632 4063 700 4117; x_wconf 91' lang='lat' dir='ltr'><strong>ab</strong></span> <span class='ocrx_word' id='word_1_537' title='bbox 729 4078 792 4117; x_wconf 89' lang='lat' dir='ltr'><strong>ea</strong></span> <span class='ocrx_word' id='word_1_538' title='bbox 809 4061 1040 4117; x_wconf 55' lang='lat' dir='ltr'><strong>’fomnari</strong></span> <span class='ocrx_word' id='word_1_539' title='bbox 1069 4078 1176 4118; x_wconf 91' lang='lat' dir='ltr'><strong>non</strong></span> <span class='ocrx_word' id='word_1_540' title='bbox 1196 4062 1462 4119; x_wconf 87' lang='lat' dir='ltr'><strong>desinant.</strong></span> <span class='ocrx_word' id='word_1_541' title='bbox 1493 4062 1628 4120; x_wconf 80' lang='lat' dir='ltr'><strong>Nam</strong></span> <span class='ocrx_word' id='word_1_542' title='bbox 1655 4079 1752 4134; x_wconf 88' lang='lat' dir='ltr'><strong>per</strong></span> <span class='ocrx_word' id='word_1_543' title='bbox 1772 4066 1980 4136; x_wconf 88' lang='lat' dir='ltr'><strong>seipsas</strong></span> 
     </span>
    </p>
   </div>
   <div class='ocr_carea' id='block_1_74' title="bbox 397 4152 1978 4219">
    <p class='ocr_par' dir='ltr' id='par_1_74' title="bbox 397 4152 1978 4219">
     <span class='ocr_line' id='line_1_74' title="bbox 397 4152 1978 4219; baseline 0.003 -13"><span class='ocrx_word' id='word_1_544' title='bbox 397 4152 656 4212; x_wconf 86' lang='lat' dir='ltr'><strong>informes</strong></span> <span class='ocrx_word' id='word_1_545' title='bbox 691 4161 856 4217; x_wconf 87' lang='lat' dir='ltr'><strong>sunt,</strong></span> <span class='ocrx_word' id='word_1_546' title='bbox 904 4160 960 4207; x_wconf 76' lang='lat' dir='ltr'><strong>et</strong></span> <span class='ocrx_word' id='word_1_547' title='bbox 1002 4153 1055 4206; x_wconf 90' lang='lat' dir='ltr'><strong>in</strong></span> <span class='ocrx_word' id='word_1_548' title='bbox 1098 4168 1163 4207; x_wconf 87' lang='lat' dir='ltr'><strong>ea</strong></span> <span class='ocrx_word' id='word_1_549' title='bbox 1207 4152 1499 4209; x_wconf 88' lang='lat' dir='ltr'><strong>universali</strong></span> <span class='ocrx_word' id='word_1_550' title='bbox 1537 4170 1632 4209; x_wconf 88' lang='lat' dir='ltr'><strong>sua</strong></span> <span class='ocrx_word' id='word_1_551' title='bbox 1671 4154 1878 4219; x_wconf 88' lang='lat' dir='ltr'><strong>forma,</strong></span> <span class='ocrx_word' id='word_1_552' title='bbox 1924 4155 1978 4210; x_wconf 89' lang='lat' dir='ltr'><strong>in</strong></span> 
     </span>
    </p>
   </div>
   <div class='ocr_carea' id='block_1_75' title="bbox 397 4242 1976 4318">
    <p class='ocr_par' dir='ltr' id='par_1_75' title="bbox 397 4242 1976 4318">
     <span class='ocr_line' id='line_1_75' title="bbox 397 4242 1976 4318; baseline 0.004 -23"><span class='ocrx_word' id='word_1_553' title='bbox 397 4243 574 4299; x_wconf 80' lang='lat' dir='ltr'><strong>Verbo</strong></span> <span class='ocrx_word' id='word_1_554' title='bbox 597 4245 739 4308; x_wconf 89' lang='lat' dir='ltr'><strong>dico,</strong></span> <span class='ocrx_word' id='word_1_555' title='bbox 761 4244 1081 4314; x_wconf 75' lang='lat' dir='ltr'><strong>semetipsos</strong></span> <span class='ocrx_word' id='word_1_556' title='bbox 1092 4242 1336 4314; x_wconf 84' lang='lat' dir='ltr'><strong>perfecte</strong></span> <span class='ocrx_word' id='word_1_557' title='bbox 1354 4246 1602 4300; x_wconf 88' lang='lat' dir='ltr'><strong>conditas</strong></span> <span class='ocrx_word' id='word_1_558' title='bbox 1625 4255 1976 4318; x_wconf 89' lang='lat' dir='ltr'><strong>cognoscunt.</strong></span> 
     </span>
    </p>
   </div>
   <div class='ocr_carea' id='block_1_76' title="bbox 395 4332 1977 4406">
    <p class='ocr_par' dir='ltr' id='par_1_76' title="bbox 395 4332 1977 4406">
     <span class='ocr_line' id='line_1_76' title="bbox 395 4332 1977 4406; baseline 0.001 -19"><span class='ocrx_word' id='word_1_559' title='bbox 395 4334 524 4401; x_wconf 76' lang='lat' dir='ltr'><strong>Quis</strong></span> <span class='ocrx_word' id='word_1_560' title='bbox 549 4344 727 4389; x_wconf 86' lang='lat' dir='ltr'><strong>autem</strong></span> <span class='ocrx_word' id='word_1_561' title='bbox 759 4342 938 4388; x_wconf 86' lang='lat' dir='ltr'><strong>rectae</strong></span> <span class='ocrx_word' id='word_1_562' title='bbox 977 4332 1358 4401; x_wconf 84' lang='lat' dir='ltr'><strong>intelligentiae</strong></span> <span class='ocrx_word' id='word_1_563' title='bbox 1396 4336 1548 4396; x_wconf 84' lang='lat' dir='ltr'><strong>haec,</strong></span> <span class='ocrx_word' id='word_1_564' title='bbox 1585 4349 1724 4404; x_wconf 91' lang='lat' dir='ltr'><strong>quae</strong></span> <span class='ocrx_word' id='word_1_565' title='bbox 1760 4334 1828 4390; x_wconf 88' lang='lat' dir='ltr'><strong>de</strong></span> <span class='ocrx_word' id='word_1_566' title='bbox 1863 4335 1977 4406; x_wconf 89' lang='lat' dir='ltr'><strong>pri-</strong></span> 
     </span>
    </p>
   </div>
   <div class='ocr_carea' id='block_1_77' title="bbox 398 4425 1975 4494">
    <p class='ocr_par' dir='ltr' id='par_1_77' title="bbox 398 4425 1975 4494">
     <span class='ocr_line' id='line_1_77' title="bbox 398 4425 1975 4494; baseline 0.002 -15"><span class='ocrx_word' id='word_1_567' title='bbox 398 4425 744 4480; x_wconf 82' lang='lat' dir='ltr'><strong>mardialibus</strong></span> <span class='ocrx_word' id='word_1_568' title='bbox 757 4425 935 4479; x_wconf 87' lang='lat' dir='ltr'><strong>causis</strong></span> <span class='ocrx_word' id='word_1_569' title='bbox 956 4425 1059 4479; x_wconf 83' lang='lat' dir='ltr'><strong>dici</strong></span> <span class='ocrx_word' id='word_1_570' title='bbox 1087 4434 1330 4494; x_wconf 88' lang='lat' dir='ltr'><strong>possunt,</strong></span> <span class='ocrx_word' id='word_1_571' title='bbox 1358 4426 1425 4480; x_wconf 87' lang='lat' dir='ltr'><strong>de</strong></span> <span class='ocrx_word' id='word_1_572' title='bbox 1444 4425 1771 4482; x_wconf 87' lang='lat' dir='ltr'><strong>iuformitate</strong></span> <span class='ocrx_word' id='word_1_573' title='bbox 1793 4442 1975 4482; x_wconf 76' lang='lat' dir='ltr'><strong>rerum</strong></span> 
     </span>
    </p>
   </div>
   <div class='ocr_carea' id='block_1_78' title="bbox 2085 3222 3666 3297">
    <p class='ocr_par' dir='ltr' id='par_1_78' title="bbox 2085 3222 3666 3297">
     <span class='ocr_line' id='line_1_78' title="bbox 2085 3222 3666 3297; baseline -0.003 -16"><span class='ocrx_word' id='word_1_574' title='bbox 2085 3227 2416 3297; x_wconf 80' lang='lat' dir='ltr'><strong>perficiatur;</strong></span> <span class='ocrx_word' id='word_1_575' title='bbox 2437 3226 2671 3295; x_wconf 84' lang='lat' dir='ltr'><strong>alioquin</strong></span> <span class='ocrx_word' id='word_1_576' title='bbox 2694 3224 3007 3293; x_wconf 77' lang='lat' dir='ltr'><strong>imperfecta</strong></span> <span class='ocrx_word' id='word_1_577' title='bbox 3032 3222 3383 3293; x_wconf 90' lang='lat' dir='ltr'><strong>informisque</strong></span> <span class='ocrx_word' id='word_1_578' title='bbox 3406 3235 3666 3297; x_wconf 81' lang='lat' dir='ltr'><strong>remanet.</strong></span> 
     </span>
    </p>
   </div>
   <div class='ocr_carea' id='block_1_79' title="bbox 2084 3296 3668 3384">
    <p class='ocr_par' dir='ltr' id='par_1_79' title="bbox 2084 3296 3668 3384">
     <span class='ocr_line' id='line_1_79' title="bbox 2084 3296 3668 3384; baseline -0.002 -13"><span class='ocrx_word' id='word_1_579' title='bbox 2084 3318 2188 3372; x_wconf 82' lang='lat' dir='ltr'><strong>Alii</strong></span> <span class='ocrx_word' id='word_1_580' title='bbox 2215 3328 2416 3373; x_wconf 87' lang='lat' dir='ltr'><strong>terram</strong></span> <span class='ocrx_word' id='word_1_581' title='bbox 2445 3319 2660 3371; x_wconf 89' lang='lat' dir='ltr'><strong>inanem</strong></span> <span class='ocrx_word' id='word_1_582' title='bbox 2699 3328 3053 3384; x_wconf 86' lang='lat' dir='ltr'><strong>vacuamque,</strong></span> <span class='ocrx_word' id='word_1_583' title='bbox 3092 3329 3183 3369; x_wconf 88' lang='lat' dir='ltr'><strong>seu</strong></span> <span class='ocrx_word' id='word_1_584' title='bbox 3214 3313 3541 3369; x_wconf 81' lang='lat' dir='ltr'><strong>iuvisibilem</strong></span> <span class='ocrx_word' id='word_1_585' title='bbox 3567 3296 3668 3368; x_wconf 65' lang='grc' dir='ltr'><strong>’ἰη-</strong></span> 
     </span>
    </p>
   </div>
   <div class='ocr_carea' id='block_1_80' title="bbox 2085 3404 3671 3478">
    <p class='ocr_par' dir='ltr' id='par_1_80' title="bbox 2085 3404 3671 3478">
     <span class='ocr_line' id='line_1_80' title="bbox 2085 3404 3671 3478; baseline -0.001 -16"><span class='ocrx_word' id='word_1_586' title='bbox 2085 3408 2567 3478; x_wconf 87' lang='lat' dir='ltr'><strong>compositamque,</strong></span> <span class='ocrx_word' id='word_1_587' title='bbox 2596 3408 2794 3462; x_wconf 86' lang='lat' dir='ltr'><strong>dictam</strong></span> <span class='ocrx_word' id='word_1_588' title='bbox 2819 3406 3154 3459; x_wconf 81' lang='lat' dir='ltr'><strong>arbitrantur</strong></span> <span class='ocrx_word' id='word_1_589' title='bbox 3180 3404 3671 3461; x_wconf 49' lang='lat' dir='ltr'><strong>molembanc&#39;ter-</strong></span> 
     </span>
    </p>
   </div>
   <div class='ocr_carea' id='block_1_81' title="bbox 2088 3496 3669 3568">
    <p class='ocr_par' dir='ltr' id='par_1_81' title="bbox 2088 3496 3669 3568">
     <span class='ocr_line' id='line_1_81' title="bbox 2088 3496 3669 3568; baseline 0 -17"><span class='ocrx_word' id='word_1_590' title='bbox 2088 3498 2203 3552; x_wconf 90' lang='lat' dir='ltr'><strong>reni</strong></span> <span class='ocrx_word' id='word_1_591' title='bbox 2255 3499 2498 3568; x_wconf 89' lang='lat' dir='ltr'><strong>corporis</strong></span> <span class='ocrx_word' id='word_1_592' title='bbox 2567 3497 2741 3568; x_wconf 90' lang='lat' dir='ltr'><strong>primo</strong></span> <span class='ocrx_word' id='word_1_593' title='bbox 2803 3496 3100 3560; x_wconf 87' lang='lat' dir='ltr'><strong>conditam,</strong></span> <span class='ocrx_word' id='word_1_594' title='bbox 3166 3512 3388 3550; x_wconf 62' lang='lat' dir='ltr'><strong>vacuam</strong></span> <span class='ocrx_word' id='word_1_595' title='bbox 3451 3497 3669 3566; x_wconf 83' lang='lat' dir='ltr'><strong>quidem</strong></span> 
     </span>
    </p>
   </div>
   <div class='ocr_carea' id='block_1_82' title="bbox 2085 3585 3671 3657">
    <p class='ocr_par' dir='ltr' id='par_1_82' title="bbox 2085 3585 3671 3657">
     <span class='ocr_line' id='line_1_82' title="bbox 2085 3585 3671 3657; baseline -0.001 -19"><span class='ocrx_word' id='word_1_596' title='bbox 2085 3598 2240 3657; x_wconf 84' lang='lat' dir='ltr'><strong>atque</strong></span> <span class='ocrx_word' id='word_1_597' title='bbox 2265 3587 2310 3618; x_wconf 72' lang='lat'><strong>&quot;‘</strong></span> <span class='ocrx_word' id='word_1_598' title='bbox 2339 3587 2571 3653; x_wconf 81' lang='lat' dir='ltr'><strong>inanem,</strong></span> <span class='ocrx_word' id='word_1_599' title='bbox 2603 3594 2660 3639; x_wconf 93' lang='lat' dir='ltr'><strong>ut</strong></span> <span class='ocrx_word' id='word_1_600' title='bbox 2690 3585 2795 3641; x_wconf 89' lang='lat' dir='ltr'><strong>illis</strong></span> <span class='ocrx_word' id='word_1_601' title='bbox 2831 3585 3062 3650; x_wconf 85' lang='lat' dir='ltr'><strong>videtur,</strong></span> <span class='ocrx_word' id='word_1_602' title='bbox 3088 3585 3211 3657; x_wconf 79' lang='lat' dir='ltr'><strong>quia</strong></span> <span class='ocrx_word' id='word_1_603' title='bbox 3242 3586 3475 3639; x_wconf 85' lang='lat' dir='ltr'><strong>nondum</strong></span> <span class='ocrx_word' id='word_1_604' title='bbox 3505 3586 3671 3640; x_wconf 77' lang='lat' dir='ltr'><strong>direr-</strong></span> 
     </span>
    </p>
   </div>
   <div class='ocr_carea' id='block_1_83' title="bbox 2083 3677 3671 3748">
    <p class='ocr_par' dir='ltr' id='par_1_83' title="bbox 2083 3677 3671 3748">
     <span class='ocr_line' id='line_1_83' title="bbox 2083 3677 3671 3748; baseline -0.001 -17"><span class='ocrx_word' id='word_1_605' title='bbox 2083 3678 2155 3731; x_wconf 86' lang='lat' dir='ltr'><strong>sis</strong></span> <span class='ocrx_word' id='word_1_606' title='bbox 2190 3678 2460 3747; x_wconf 77' lang='lat' dir='ltr'><strong>generibus</strong></span> <span class='ocrx_word' id='word_1_607' title='bbox 2503 3677 2784 3748; x_wconf 81' lang='lat' dir='ltr'><strong>[armisque</strong></span> <span class='ocrx_word' id='word_1_608' title='bbox 2824 3677 3436 3747; x_wconf 79' lang='lat' dir='ltr'><strong>germinum,{ruticum,</strong></span> <span class='ocrx_word' id='word_1_609' title='bbox 3463 3678 3671 3730; x_wconf 66' lang='lat' dir='ltr'><strong>arcinnu-</strong></span> 
     </span>
    </p>
   </div>
   <div class='ocr_carea' id='block_1_84' title="bbox 2082 3769 3669 3842">
    <p class='ocr_par' dir='ltr' id='par_1_84' title="bbox 2082 3769 3669 3842">
     <span class='ocr_line' id='line_1_84' title="bbox 2082 3769 3669 3842; baseline 0.001 -21"><span class='ocrx_word' id='word_1_610' title='bbox 2082 3769 2311 3841; x_wconf 79' lang='lat' dir='ltr'><strong>liumque</strong></span> <span class='ocrx_word' id='word_1_611' title='bbox 2326 3779 2521 3824; x_wconf 80' lang='lat' dir='ltr'><strong>ornata</strong></span> <span class='ocrx_word' id='word_1_612' title='bbox 2546 3779 2699 3835; x_wconf 87' lang='lat' dir='ltr'><strong>erat;</strong></span> <span class='ocrx_word' id='word_1_613' title='bbox 2737 3771 3009 3824; x_wconf 83' lang='lat' dir='ltr'><strong>invisibilis</strong></span> <span class='ocrx_word' id='word_1_614' title='bbox 3038 3786 3154 3825; x_wconf 78' lang='lat' dir='ltr'><strong>vero</strong></span> <span class='ocrx_word' id='word_1_615' title='bbox 3172 3810 3188 3834; x_wconf 93' lang='lat'><strong>,</strong></span> <span class='ocrx_word' id='word_1_616' title='bbox 3224 3781 3316 3824; x_wconf 83' lang='lat' dir='ltr'><strong>aut</strong></span> <span class='ocrx_word' id='word_1_617' title='bbox 3346 3772 3669 3842; x_wconf 63' lang='lat' dir='ltr'><strong>quintium-</strong></span> 
     </span>
    </p>
   </div>
   <div class='ocr_carea' id='block_1_85' title="bbox 2082 3861 3667 3932">
    <p class='ocr_par' dir='ltr' id='par_1_85' title="bbox 2082 3861 3667 3932">
     <span class='ocr_line' id='line_1_85' title="bbox 2082 3861 3667 3932; baseline -0.002 -17"><span class='ocrx_word' id='word_1_618' title='bbox 2082 3863 2181 3918; x_wconf 84' lang='lat' dir='ltr'><strong>dae</strong></span> <span class='ocrx_word' id='word_1_619' title='bbox 2208 3873 2429 3917; x_wconf 81' lang='lat' dir='ltr'><strong>naturae</strong></span> <span class='ocrx_word' id='word_1_620' title='bbox 2454 3862 2781 3915; x_wconf 77' lang='lat' dir='ltr'><strong>abundantia</strong></span> <span class='ocrx_word' id='word_1_621' title='bbox 2814 3863 3042 3931; x_wconf 80' lang='lat' dir='ltr'><strong>undique</strong></span> <span class='ocrx_word' id='word_1_622' title='bbox 3073 3861 3352 3932; x_wconf 72' lang='lat' dir='ltr'><strong>superfusa</strong></span> <span class='ocrx_word' id='word_1_623' title='bbox 3380 3872 3530 3924; x_wconf 68' lang='lat' dir='ltr'><strong>erat,</strong></span> <span class='ocrx_word' id='word_1_624' title='bbox 3571 3872 3667 3914; x_wconf 81' lang='lat' dir='ltr'><strong>aut</strong></span> 
     </span>
    </p>
   </div>
   <div class='ocr_carea' id='block_1_86' title="bbox 2079 3954 3671 4024">
    <p class='ocr_par' dir='ltr' id='par_1_86' title="bbox 2079 3954 3671 4024">
     <span class='ocr_line' id='line_1_86' title="bbox 2079 3954 3671 4024; baseline -0.003 -15"><span class='ocrx_word' id='word_1_625' title='bbox 2079 3954 2204 4024; x_wconf 87' lang='lat' dir='ltr'><strong>quia</strong></span> <span class='ocrx_word' id='word_1_626' title='bbox 2235 3955 2413 4018; x_wconf 79' lang='lat' dir='ltr'><strong>homo,</strong></span> <span class='ocrx_word' id='word_1_627' title='bbox 2442 3955 2532 4024; x_wconf 82' lang='lat' dir='ltr'><strong>qui</strong></span> <span class='ocrx_word' id='word_1_628' title='bbox 2572 3970 2687 4008; x_wconf 78' lang='lat' dir='ltr'><strong>eain</strong></span> <span class='ocrx_word' id='word_1_629' title='bbox 2726 3955 2955 4024; x_wconf 80' lang='lat' dir='ltr'><strong>aspicere</strong></span> <span class='ocrx_word' id='word_1_630' title='bbox 2985 3962 3173 4023; x_wconf 65' lang='lat' dir='ltr'><strong>posset,</strong></span> <span class='ocrx_word' id='word_1_631' title='bbox 3204 3954 3440 4007; x_wconf 83' lang='lat' dir='ltr'><strong>nondum</strong></span> <span class='ocrx_word' id='word_1_632' title='bbox 3468 3969 3534 4006; x_wconf 76' lang='lat' dir='ltr'><strong>ea:</strong></span> <span class='ocrx_word' id='word_1_633' title='bbox 3559 3956 3671 4022; x_wconf 85' lang='lat' dir='ltr'><strong>pri-</strong></span> 
     </span>
    </p>
   </div>
   <div class='ocr_carea' id='block_1_87' title="bbox 2081 4040 3668 4117">
    <p class='ocr_par' dir='ltr' id='par_1_87' title="bbox 2081 4040 3668 4117">
     <span class='ocr_line' id='line_1_87' title="bbox 2081 4040 3668 4117; baseline -0.003 -15"><span class='ocrx_word' id='word_1_634' title='bbox 2081 4040 2616 4103; x_wconf 58' lang='lat' dir='ltr'><strong>mordialibus&#39;causis</strong></span> <span class='ocrx_word' id='word_1_635' title='bbox 2631 4063 2723 4116; x_wconf 77' lang='lat' dir='ltr'><strong>per</strong></span> <span class='ocrx_word' id='word_1_636' title='bbox 2736 4047 3120 4117; x_wconf 78' lang='lat' dir='ltr'><strong>generationem</strong></span> <span class='ocrx_word' id='word_1_637' title='bbox 3137 4053 3405 4114; x_wconf 80' lang='lat' dir='ltr'><strong>eruperat;</strong></span> <span class='ocrx_word' id='word_1_638' title='bbox 3427 4045 3668 4097; x_wconf 69' lang='lat' dir='ltr'><strong>tenebras</strong></span> 
     </span>
    </p>
   </div>
   <div class='ocr_carea' id='block_1_88' title="bbox 2080 4137 3667 4210">
    <p class='ocr_par' dir='ltr' id='par_1_88' title="bbox 2080 4137 3667 4210">
     <span class='ocr_line' id='line_1_88' title="bbox 2080 4137 3667 4210; baseline -0.004 -14"><span class='ocrx_word' id='word_1_639' title='bbox 2080 4150 2256 4196; x_wconf 78' lang='lat' dir='ltr'><strong>autem</strong></span> <span class='ocrx_word' id='word_1_640' title='bbox 2282 4141 2330 4171; x_wconf 84' lang='lat'><strong><em>“</em></strong></span> <span class='ocrx_word' id='word_1_641' title='bbox 2365 4156 2517 4210; x_wconf 81' lang='lat' dir='ltr'><strong>super</strong></span> <span class='ocrx_word' id='word_1_642' title='bbox 2552 4141 2797 4209; x_wconf 74' lang='lat' dir='ltr'><strong>abyssum</strong></span> <span class='ocrx_word' id='word_1_643' title='bbox 2837 4139 2998 4209; x_wconf 75' lang='lat' dir='ltr'><strong>fuisse</strong></span> <span class='ocrx_word' id='word_1_644' title='bbox 3028 4139 3074 4171; x_wconf 81' lang='lat'><strong>&quot;</strong></span> <span class='ocrx_word' id='word_1_645' title='bbox 3107 4139 3279 4201; x_wconf 86' lang='lat' dir='ltr'><strong>aiunt,</strong></span> <span class='ocrx_word' id='word_1_646' title='bbox 3312 4137 3436 4207; x_wconf 86' lang='lat' dir='ltr'><strong>quia</strong></span> <span class='ocrx_word' id='word_1_647' title='bbox 3467 4138 3510 4168; x_wconf 71' lang='grc'><strong>’⁷</strong></span> <span class='ocrx_word' id='word_1_648' title='bbox 3551 4155 3667 4200; x_wconf 82' lang='lat' dir='ltr'><strong>aer,</strong></span> 
     </span>
    </p>
   </div>
   <div class='ocr_carea' id='block_1_89' title="bbox 2078 4230 3665 4303">
    <p class='ocr_par' dir='ltr' id='par_1_89' title="bbox 2078 4230 3665 4303">
     <span class='ocr_line' id='line_1_89' title="bbox 2078 4230 3665 4303; baseline -0.003 -17"><span class='ocrx_word' id='word_1_649' title='bbox 2078 4235 2168 4303; x_wconf 84' lang='lat' dir='ltr'><strong>qui</strong></span> <span class='ocrx_word' id='word_1_650' title='bbox 2194 4232 2378 4303; x_wconf 80' lang='lat' dir='ltr'><strong>abysso</strong></span> <span class='ocrx_word' id='word_1_651' title='bbox 2405 4231 2632 4303; x_wconf 62' lang='lat' dir='ltr'><strong>undique</strong></span> <span class='ocrx_word' id='word_1_652' title='bbox 2656 4232 2703 4262; x_wconf 77' lang='grc'><strong>⁸⁸</strong></span> <span class='ocrx_word' id='word_1_653' title='bbox 2730 4230 3302 4301; x_wconf 73' lang='lat' dir='ltr'><strong>circumfususfuerat,</strong></span> <span class='ocrx_word' id='word_1_654' title='bbox 3337 4230 3512 4282; x_wconf 79' lang='lat' dir='ltr'><strong>adhuc</strong></span> <span class='ocrx_word' id='word_1_655' title='bbox 3532 4230 3665 4282; x_wconf 71' lang='lat' dir='ltr'><strong>luci-</strong></span> 
     </span>
    </p>
   </div>
   <div class='ocr_carea' id='block_1_90' title="bbox 2079 4320 3665 4393">
    <p class='ocr_par' dir='ltr' id='par_1_90' title="bbox 2079 4320 3665 4393">
     <span class='ocr_line' id='line_1_90' title="bbox 2079 4320 3665 4393; baseline -0.002 -16"><span class='ocrx_word' id='word_1_656' title='bbox 2079 4325 2178 4377; x_wconf 76' lang='lat' dir='ltr'><strong>dus</strong></span> <span class='ocrx_word' id='word_1_657' title='bbox 2212 4340 2322 4377; x_wconf 81' lang='lat' dir='ltr'><strong>non</strong></span> <span class='ocrx_word' id='word_1_658' title='bbox 2360 4323 2750 4393; x_wconf 84' lang='lat' dir='ltr'><strong>erat,-ideoque</strong></span> <span class='ocrx_word' id='word_1_659' title='bbox 2784 4323 3116 4376; x_wconf 80' lang='lat' dir='ltr'><strong>constitutam</strong></span> <span class='ocrx_word' id='word_1_660' title='bbox 3162 4322 3299 4375; x_wconf 83' lang='lat' dir='ltr'><strong>inter</strong></span> <span class='ocrx_word' id='word_1_661' title='bbox 3325 4338 3380 4375; x_wconf 87' lang='lat' dir='ltr'><strong>se</strong></span> <span class='ocrx_word' id='word_1_662' title='bbox 3417 4320 3665 4391; x_wconf 74' lang='lat' dir='ltr'><strong>abyssum</strong></span> 
     </span>
    </p>
   </div>
   <div class='ocr_carea' id='block_1_91' title="bbox 2080 4412 3663 4482">
    <p class='ocr_par' dir='ltr' id='par_1_91' title="bbox 2080 4412 3663 4482">
     <span class='ocr_line' id='line_1_91' title="bbox 2080 4412 3663 4482; baseline -0.001 -14"><span class='ocrx_word' id='word_1_663' title='bbox 2080 4414 2310 4468; x_wconf 83' lang='lat' dir='ltr'><strong>nondum</strong></span> <span class='ocrx_word' id='word_1_664' title='bbox 2338 4412 2641 4467; x_wconf 81' lang='lat' dir='ltr'><strong>illuminare</strong></span> <span class='ocrx_word' id='word_1_665' title='bbox 2655 4422 2876 4482; x_wconf 83' lang='lat' dir='ltr'><strong>poterat.</strong></span> <span class='ocrx_word' id='word_1_666' title='bbox 2903 4412 2998 4467; x_wconf 90' lang='lat' dir='ltr'><strong>Cui</strong></span> <span class='ocrx_word' id='word_1_667' title='bbox 3034 4412 3220 4467; x_wconf 86' lang='lat' dir='ltr'><strong>sensui</strong></span> <span class='ocrx_word' id='word_1_668' title='bbox 3254 4412 3506 4481; x_wconf 62' lang='lat' dir='ltr'><strong>quamvis</strong></span> <span class='ocrx_word' id='word_1_669' title='bbox 3534 4428 3663 4467; x_wconf 83' lang='lat' dir='ltr'><strong>san-</strong></span> 
     </span>
    </p>
   </div>
   <div class='ocr_carea' id='block_1_92' title="bbox 396 4487 3667 4585">
    <p class='ocr_par' dir='ltr' id='par_1_92' title="bbox 396 4487 3667 4585">
     <span class='ocr_line' id='line_1_92' title="bbox 396 4487 3667 4585; baseline -0.004 -17"><span class='ocrx_word' id='word_1_670' title='bbox 396 4515 856 4579; x_wconf 86' lang='lat' dir='ltr'><strong>dicere-audebit,</strong></span> <span class='ocrx_word' id='word_1_671' title='bbox 900 4516 1214 4585; x_wconf 86' lang='lat' dir='ltr'><strong>praesertim</strong></span> <span class='ocrx_word' id='word_1_672' title='bbox 1235 4530 1371 4571; x_wconf 80' lang='lat' dir='ltr'><strong>cum</strong></span> <span class='ocrx_word' id='word_1_673' title='bbox 1416 4525 1471 4571; x_wconf 84' lang='lat' dir='ltr'><strong>et.</strong></span> <span class='ocrx_word' id='word_1_674' title='bbox 1511 4517 1759 4574; x_wconf 87' lang='lat' dir='ltr'><strong>informis</strong></span> <span class='ocrx_word' id='word_1_675' title='bbox 1795 4533 1978 4574; x_wconf 84' lang='lat' dir='ltr'><strong>rerum</strong></span> <span class='ocrx_word' id='word_1_676' title='bbox 2010 4487 2203 4562; x_wconf 80' lang='lat' dir='ltr'><strong>Dctus</strong></span> <span class='ocrx_word' id='word_1_677' title='bbox 2251 4504 2580 4575; x_wconf 83' lang='lat' dir='ltr'><strong>Augustinus</strong></span> <span class='ocrx_word' id='word_1_678' title='bbox 2628 4502 2888 4572; x_wconf 75' lang='lat' dir='ltr'><strong>refragari</strong></span> <span class='ocrx_word' id='word_1_679' title='bbox 2951 4503 3215 4566; x_wconf 88' lang='lat' dir='ltr'><strong>videatur,</strong></span> <span class='ocrx_word' id='word_1_680' title='bbox 3273 4517 3378 4556; x_wconf 87' lang='lat' dir='ltr'><strong>non</strong></span> <span class='ocrx_word' id='word_1_681' title='bbox 3440 4504 3667 4557; x_wconf 78' lang='lat' dir='ltr'><strong>otnnino</strong></span> 
     </span>
    </p>
   </div>
   <div class='ocr_carea' id='block_1_93' title="bbox 398 4605 1974 4680">
    <p class='ocr_par' dir='ltr' id='par_1_93' title="bbox 398 4605 1974 4680">
     <span class='ocr_line' id='line_1_93' title="bbox 398 4605 1974 4680; baseline 0.003 -21"><span class='ocrx_word' id='word_1_682' title='bbox 398 4605 621 4659; x_wconf 87' lang='lat' dir='ltr'><strong>materia</strong></span> <span class='ocrx_word' id='word_1_683' title='bbox 647 4621 756 4657; x_wconf 82' lang='lat' dir='ltr'><strong>non</strong></span> <span class='ocrx_word' id='word_1_684' title='bbox 788 4606 1004 4661; x_wconf 80' lang='lat' dir='ltr'><strong>aliunde</strong></span> <span class='ocrx_word' id='word_1_685' title='bbox 1020 4606 1286 4660; x_wconf 74' lang='lat' dir='ltr'><strong>credatur</strong></span> <span class='ocrx_word' id='word_1_686' title='bbox 1321 4622 1565 4671; x_wconf 88' lang='lat' dir='ltr'><strong>manare,</strong></span> <span class='ocrx_word' id='word_1_687' title='bbox 1611 4609 1714 4664; x_wconf 88' lang='lat' dir='ltr'><strong>nisi</strong></span> <span class='ocrx_word' id='word_1_688' title='bbox 1756 4625 1820 4664; x_wconf 80' lang='lat' dir='ltr'><strong>ex</strong></span> <span class='ocrx_word' id='word_1_689' title='bbox 1865 4608 1974 4680; x_wconf 82' lang='lat' dir='ltr'><strong>pri-</strong></span> 
     </span>
    </p>
   </div>
   <div class='ocr_carea' id='block_1_94' title="bbox 362 4687 1976 4765">
    <p class='ocr_par' dir='ltr' id='par_1_94' title="bbox 362 4687 1976 4765">
     <span class='ocr_line' id='line_1_94' title="bbox 362 4687 1976 4765; baseline 0.004 -20"><span class='ocrx_word' id='word_1_690' title='bbox 362 4720 368 4725; x_wconf 82' lang='grc'><strong>·</strong></span> <span class='ocrx_word' id='word_1_691' title='bbox 397 4687 743 4746; x_wconf 85' lang='lat' dir='ltr'><strong>mordialibus</strong></span> <span class='ocrx_word' id='word_1_692' title='bbox 777 4692 954 4748; x_wconf 82' lang='lat' dir='ltr'><strong>causis</strong></span> <span class='ocrx_word' id='word_1_693' title='bbox 985 4693 1066 4748; x_wconf 74' lang='lat'><strong>”?</strong></span> <span class='ocrx_word' id='word_1_694' title='bbox 1107 4693 1162 4748; x_wconf 91' lang='lat' dir='ltr'><strong>Si</strong></span> <span class='ocrx_word' id='word_1_695' title='bbox 1189 4696 1332 4749; x_wconf 89' lang='lat' dir='ltr'><strong>enim</strong></span> <span class='ocrx_word' id='word_1_696' title='bbox 1366 4696 1742 4765; x_wconf 79' lang='lat' dir='ltr'><strong>primordiaies</strong></span> <span class='ocrx_word' id='word_1_697' title='bbox 1780 4713 1976 4753; x_wconf 84' lang='lat' dir='ltr'><strong>causae</strong></span> 
     </span>
    </p>
   </div>
   <div class='ocr_carea' id='block_1_95' title="bbox 399 4781 1976 4854">
    <p class='ocr_par' dir='ltr' id='par_1_95' title="bbox 399 4781 1976 4854">
     <span class='ocr_line' id='line_1_95' title="bbox 399 4781 1976 4854; baseline 0.001 -18"><span class='ocrx_word' id='word_1_698' title='bbox 399 4784 520 4836; x_wconf 78' lang='lat' dir='ltr'><strong>ideo</strong></span> <span class='ocrx_word' id='word_1_699' title='bbox 542 4781 589 4815; x_wconf 81' lang='lat'><strong>&quot;</strong></span> <span class='ocrx_word' id='word_1_700' title='bbox 610 4783 984 4850; x_wconf 87' lang='lat' dir='ltr'><strong>primordiales</strong></span> <span class='ocrx_word' id='word_1_701' title='bbox 1010 4785 1365 4854; x_wconf 75' lang='lat' dir='ltr'><strong>appellantur,</strong></span> <span class='ocrx_word' id='word_1_702' title='bbox 1390 4785 1514 4854; x_wconf 84' lang='lat' dir='ltr'><strong>quia</strong></span> <span class='ocrx_word' id='word_1_703' title='bbox 1554 4786 1598 4816; x_wconf 81' lang='grc'><strong>¹⁶</strong></span> <span class='ocrx_word' id='word_1_704' title='bbox 1633 4785 1884 4854; x_wconf 71' lang='lat' dir='ltr'><strong>primitus</strong></span> <span class='ocrx_word' id='word_1_705' title='bbox 1908 4785 1976 4839; x_wconf 87' lang='lat' dir='ltr'><strong>ab</strong></span> 
     </span>
    </p>
   </div>
   <div class='ocr_carea' id='block_1_96' title="bbox 398 4873 1974 4943">
    <p class='ocr_par' dir='ltr' id='par_1_96' title="bbox 398 4873 1974 4943">
     <span class='ocr_line' id='line_1_96' title="bbox 398 4873 1974 4943; baseline 0.003 -19"><span class='ocrx_word' id='word_1_706' title='bbox 398 4889 504 4926; x_wconf 81' lang='lat' dir='ltr'><strong>una</strong></span> <span class='ocrx_word' id='word_1_707' title='bbox 535 4873 795 4927; x_wconf 77' lang='lat' dir='ltr'><strong>creatrice</strong></span> <span class='ocrx_word' id='word_1_708' title='bbox 823 4873 1060 4927; x_wconf 85' lang='lat' dir='ltr'><strong>omnium</strong></span> <span class='ocrx_word' id='word_1_709' title='bbox 1108 4889 1269 4928; x_wconf 76' lang='lat' dir='ltr'><strong>caiisa</strong></span> <span class='ocrx_word' id='word_1_710' title='bbox 1302 4885 1579 4939; x_wconf 75' lang='lat' dir='ltr'><strong>creantur,</strong></span> <span class='ocrx_word' id='word_1_711' title='bbox 1620 4883 1676 4928; x_wconf 91' lang='lat' dir='ltr'><strong>et</strong></span> <span class='ocrx_word' id='word_1_712' title='bbox 1711 4889 1795 4939; x_wconf 88' lang='lat' dir='ltr'><strong>ea,</strong></span> <span class='ocrx_word' id='word_1_713' title='bbox 1830 4888 1974 4943; x_wconf 84' lang='lat' dir='ltr'><strong>quae</strong></span> 
     </span>
    </p>
   </div>
   <div class='ocr_carea' id='block_1_97' title="bbox 2085 4592 3660 4665">
    <p class='ocr_par' dir='ltr' id='par_1_97' title="bbox 2085 4592 3660 4665">
     <span class='ocr_line' id='line_1_97' title="bbox 2085 4592 3660 4665; baseline -0.003 -15"><span class='ocrx_word' id='word_1_714' title='bbox 2085 4607 2286 4659; x_wconf 86' lang='lat' dir='ltr'><strong>tamen,</strong></span> <span class='ocrx_word' id='word_1_715' title='bbox 2314 4597 2569 4665; x_wconf 88' lang='lat' dir='ltr'><strong>quoniam</strong></span> <span class='ocrx_word' id='word_1_716' title='bbox 2598 4597 2768 4651; x_wconf 87' lang='lat' dir='ltr'><strong>sancti</strong></span> <span class='ocrx_word' id='word_1_717' title='bbox 2794 4594 2976 4650; x_wconf 84' lang='lat' dir='ltr'><strong>Basilii</strong></span> <span class='ocrx_word' id='word_1_718' title='bbox 2999 4603 3101 4659; x_wconf 90' lang='lat' dir='ltr'><strong>est,</strong></span> <span class='ocrx_word' id='word_1_719' title='bbox 3132 4609 3163 4648; x_wconf 90' lang='lat' dir='ltr'><strong>a</strong></span> <span class='ocrx_word' id='word_1_720' title='bbox 3191 4593 3346 4648; x_wconf 91' lang='lat' dir='ltr'><strong>nobis</strong></span> <span class='ocrx_word' id='word_1_721' title='bbox 3372 4592 3660 4649; x_wconf 84' lang='lat' dir='ltr'><strong>refellitur.</strong></span> 
     </span>
    </p>
   </div>
   <div class='ocr_carea' id='block_1_98' title="bbox 2082 4687 3665 4752">
    <p class='ocr_par' dir='ltr' id='par_1_98' title="bbox 2082 4687 3665 4752">
     <span class='ocr_line' id='line_1_98' title="bbox 2082 4687 3665 4752; baseline -0.005 -6"><span class='ocrx_word' id='word_1_722' title='bbox 2082 4690 2198 4746; x_wconf 86' lang='lat' dir='ltr'><strong>Non</strong></span> <span class='ocrx_word' id='word_1_723' title='bbox 2236 4691 2380 4745; x_wconf 86' lang='lat' dir='ltr'><strong>enim</strong></span> <span class='ocrx_word' id='word_1_724' title='bbox 2425 4698 2665 4744; x_wconf 90' lang='lat' dir='ltr'><strong>nostrum</strong></span> <span class='ocrx_word' id='word_1_725' title='bbox 2704 4696 2818 4752; x_wconf 91' lang='lat' dir='ltr'><strong>est,</strong></span> <span class='ocrx_word' id='word_1_726' title='bbox 2858 4688 2926 4742; x_wconf 88' lang='lat' dir='ltr'><strong>de</strong></span> <span class='ocrx_word' id='word_1_727' title='bbox 2965 4687 3325 4743; x_wconf 83' lang='lat' dir='ltr'><strong>intellectibus</strong></span> <span class='ocrx_word' id='word_1_728' title='bbox 3347 4697 3665 4741; x_wconf 83' lang='lat' dir='ltr'><strong>sanctorum</strong></span> 
     </span>
    </p>
   </div>
   <div class='ocr_carea' id='block_1_99' title="bbox 2080 4780 3668 4852">
    <p class='ocr_par' dir='ltr' id='par_1_99' title="bbox 2080 4780 3668 4852">
     <span class='ocr_line' id='line_1_99' title="bbox 2080 4780 3668 4852; baseline -0.004 -11"><span class='ocrx_word' id='word_1_729' title='bbox 2080 4786 2300 4841; x_wconf 80' lang='lat' dir='ltr'><strong>Patrum</strong></span> <span class='ocrx_word' id='word_1_730' title='bbox 2346 4782 2640 4852; x_wconf 84' lang='lat' dir='ltr'><strong>dijudicarc</strong></span> <span class='ocrx_word' id='word_1_731' title='bbox 2687 4781 2753 4845; x_wconf 83' lang='lat'><strong>&#39;°,</strong></span> <span class='ocrx_word' id='word_1_732' title='bbox 2787 4782 2881 4835; x_wconf 84' lang='lat' dir='ltr'><strong>sed</strong></span> <span class='ocrx_word' id='word_1_733' title='bbox 2923 4795 3018 4835; x_wconf 89' lang='lat' dir='ltr'><strong>eos</strong></span> <span class='ocrx_word' id='word_1_734' title='bbox 3057 4781 3143 4850; x_wconf 86' lang='lat' dir='ltr'><strong>pie</strong></span> <span class='ocrx_word' id='word_1_735' title='bbox 3176 4795 3240 4837; x_wconf 83' lang='lat' dir='ltr'><strong>ac</strong></span> <span class='ocrx_word' id='word_1_736' title='bbox 3278 4780 3668 4834; x_wconf 71' lang='lat' dir='ltr'><strong>venerabiliter</strong></span> 
     </span>
    </p>
   </div>
   <div class='ocr_carea' id='block_1_100' title="bbox 2081 4869 3669 4947">
    <p class='ocr_par' dir='ltr' id='par_1_100' title="bbox 2081 4869 3669 4947">
     <span class='ocr_line' id='line_1_100' title="bbox 2081 4869 3669 4947; baseline -0.003 -16"><span class='ocrx_word' id='word_1_737' title='bbox 2081 4876 2354 4947; x_wconf 82' lang='lat' dir='ltr'><strong>suscipere</strong></span> <span class='ocrx_word' id='word_1_738' title='bbox 2378 4889 2531 4939; x_wconf 63' lang='lat' dir='ltr'><strong>;rnon</strong></span> <span class='ocrx_word' id='word_1_739' title='bbox 2561 4882 2738 4927; x_wconf 86' lang='lat' dir='ltr'><strong>tamen</strong></span> <span class='ocrx_word' id='word_1_740' title='bbox 2766 4872 3114 4939; x_wconf 72' lang='lat' dir='ltr'><strong>prohibemur</strong></span> <span class='ocrx_word' id='word_1_741' title='bbox 3139 4869 3361 4940; x_wconf 71' lang='lat' dir='ltr'><strong>eligere,</strong></span> <span class='ocrx_word' id='word_1_742' title='bbox 3380 4871 3528 4938; x_wconf 85' lang='lat' dir='ltr'><strong>quod</strong></span> <span class='ocrx_word' id='word_1_743' title='bbox 3549 4886 3669 4926; x_wconf 55' lang='lat' dir='ltr'><strong>ma.</strong></span> 
     </span>
    </p>
   </div>
   <div class='ocr_carea' id='block_1_101' title="bbox 1559 5008 2367 5087">
    <p class='ocr_par' dir='ltr' id='par_1_101' title="bbox 1559 5008 2367 5087">
     <span class='ocr_line' id='line_1_101' title="bbox 1559 5008 2367 5087; baseline -0.001 -2"><span class='ocrx_word' id='word_1_744' title='bbox 1559 5008 1581 5019; x_wconf 76' lang='grc'><em>’</em></span> <span class='ocrx_word' id='word_1_745' title='bbox 1674 5031 1929 5087; x_wconf 65' lang='grc' dir='ltr'><strong>γΑηιΑε</strong></span> <span class='ocrx_word' id='word_1_746' title='bbox 1947 5026 1950 5030; x_wconf 74' lang='lat'>‘</span> <span class='ocrx_word' id='word_1_747' title='bbox 1967 5029 2367 5087; x_wconf 70' lang='lat' dir='ltr'><strong>LECTIONES.</strong></span> 
     </span>
    </p>
   </div>
   <div class='ocr_carea' id='block_1_102' title="bbox 523 5144 2621 5265">
    <p class='ocr_par' dir='ltr' id='par_1_102' title="bbox 523 5144 2621 5265">
     <span class='ocr_line' id='line_1_102' title="bbox 523 5144 2621 5265; baseline -0.003 -62"><span class='ocrx_word' id='word_1_748' title='bbox 523 5148 614 5203; x_wconf 85' lang='lat' dir='ltr'><strong>Sic</strong></span> <span class='ocrx_word' id='word_1_749' title='bbox 636 5144 765 5228; x_wconf 41' lang='grc' dir='ltr'><strong>ὗες.</strong></span> <span class='ocrx_word' id='word_1_750' title='bbox 800 5146 844 5199; x_wconf 85' lang='grc' dir='ltr'>Α</span> <span class='ocrx_word' id='word_1_751' title='bbox 873 5144 1169 5225; x_wconf 75' lang='lat' dir='ltr'><strong>farinaeque</strong></span> <span class='ocrx_word' id='word_1_752' title='bbox 1208 5155 1255 5199; x_wconf 82' lang='lat' dir='ltr'><strong>et</strong></span> <span class='ocrx_word' id='word_1_753' title='bbox 1302 5144 1666 5265; x_wconf 52' lang='lat' dir='ltr'><strong>perq‘ectionis;</strong></span> <span class='ocrx_word' id='word_1_754' title='bbox 1711 5145 1762 5227; x_wconf 79' lang='lat' dir='ltr'><strong>_D</strong></span> <span class='ocrx_word' id='word_1_755' title='bbox 1809 5145 2011 5215; x_wconf 81' lang='lat' dir='ltr'><strong>formae</strong></span> <span class='ocrx_word' id='word_1_756' title='bbox 2056 5163 2118 5200; x_wconf 83' lang='lat' dir='ltr'><strong>ac</strong></span> <span class='ocrx_word' id='word_1_757' title='bbox 2170 5144 2621 5230; x_wconf 52' lang='lat' dir='ltr'><strong>perfectionisqne:</strong></span> 
     </span>
     <span class='ocr_line' id='line_1_103' title="bbox 535 5213 2621 5265; baseline 0 0"><span class='ocrx_word' id='word_1_758' title='bbox 535 5217 805 5265; x_wconf 76' lang='lat' dir='ltr'><strong>uemmlnL</strong></span> <span class='ocrx_word' id='word_1_759' title='bbox 880 5218 901 5244; x_wconf 73' lang='grc'><strong><em>⁵</em></strong></span> <span class='ocrx_word' id='word_1_760' title='bbox 940 5213 1033 5265; x_wconf 81' lang='lat' dir='ltr'><strong>Sic</strong></span> <span class='ocrx_word' id='word_1_761' title='bbox 1073 5213 1234 5265; x_wconf 85' lang='lat' dir='ltr'><strong>ACE:</strong></span> <span class='ocrx_word' id='word_1_762' title='bbox 1275 5214 1320 5265; x_wconf 88' lang='lat' dir='ltr'><strong>D</strong></span> <span class='ocrx_word' id='word_1_763' title='bbox 1358 5230 1527 5265; x_wconf 79' lang='lat' dir='ltr'><strong>uane.</strong></span> <span class='ocrx_word' id='word_1_764' title='bbox 1605 5215 1625 5245; x_wconf 80' lang='grc'>⁸</span> <span class='ocrx_word' id='word_1_765' title='bbox 1667 5214 1757 5265; x_wconf 79' lang='lat' dir='ltr'><strong>Sic</strong></span> <span class='ocrx_word' id='word_1_766' title='bbox 1797 5215 1964 5265; x_wconf 82' lang='lat' dir='ltr'><strong>ADE:</strong></span> <span class='ocrx_word' id='word_1_767' title='bbox 2008 5228 2052 5265; x_wconf 81' lang='lat' dir='ltr'><strong>et</strong></span> <span class='ocrx_word' id='word_1_768' title='bbox 2095 5232 2204 5265; x_wconf 87' lang='lat' dir='ltr'><strong>0m.</strong></span> <span class='ocrx_word' id='word_1_769' title='bbox 2249 5220 2307 5265; x_wconf 84' lang='lat' dir='ltr'><strong>t..</strong></span> <span class='ocrx_word' id='word_1_770' title='bbox 2383 5213 2404 5244; x_wconf 76' lang='grc'>⁸</span> <span class='ocrx_word' id='word_1_771' title='bbox 2452 5214 2544 5265; x_wconf 76' lang='lat' dir='ltr'><strong>Sic</strong></span> <span class='ocrx_word' id='word_1_772' title='bbox 2582 5214 2621 5265; x_wconf 52' lang='grc' dir='ltr'><strong>(Α</strong></span> 
     </span>
    </p>
   </div>
   <div class='ocr_carea' id='block_1_103' title="bbox 1356 5214 2307 5359">
    <p class='ocr_par' dir='ltr' id='par_1_103' title="bbox 1356 5214 2307 5359">
     <span class='ocr_line' id='line_1_104' title="bbox 1356 5214 2307 5282; baseline 0 -16"><span class='ocrx_word' id='word_1_773' title='bbox 1356 5214 1527 5282; x_wconf 82' lang='lat' dir='ltr'><strong>plane.</strong></span> <span class='ocrx_word' id='word_1_774' title='bbox 1605 5215 1625 5245; x_wconf 80' lang='grc'>⁸</span> <span class='ocrx_word' id='word_1_775' title='bbox 1667 5214 1757 5270; x_wconf 91' lang='lat' dir='ltr'><strong>Sic</strong></span> <span class='ocrx_word' id='word_1_776' title='bbox 1797 5214 1965 5280; x_wconf 74' lang='lat' dir='ltr'><strong>ADE;</strong></span> <span class='ocrx_word' id='word_1_777' title='bbox 2008 5228 2052 5270; x_wconf 83' lang='lat' dir='ltr'><strong>et</strong></span> <span class='ocrx_word' id='word_1_778' title='bbox 2095 5232 2204 5270; x_wconf 88' lang='lat' dir='ltr'><strong>om.</strong></span> <span class='ocrx_word' id='word_1_779' title='bbox 2249 5217 2307 5268; x_wconf 72' lang='grc' dir='ltr'><strong>(Ζ.</strong></span> 
     </span>
     <span class='ocr_line' id='line_1_105' title="bbox 1448 5280 2218 5359; baseline -0.013 -11"><span class='ocrx_word' id='word_1_780' title='bbox 1448 5283 1485 5359; x_wconf 60' lang='grc' dir='ltr'><strong>ξ,</strong></span> <span class='ocrx_word' id='word_1_781' title='bbox 1523 5280 1622 5359; x_wconf 58' lang='lat' dir='ltr'><strong>Sig</strong></span> <span class='ocrx_word' id='word_1_782' title='bbox 1661 5285 1878 5359; x_wconf 59' lang='lat' dir='ltr'><strong>§_(3;__I_)</strong></span> <span class='ocrx_word' id='word_1_783' title='bbox 1924 5287 2218 5340; x_wconf 83' lang='lat' dir='ltr'><strong>videantur.</strong></span> 
     </span>
    </p>
   </div>
   <div class='ocr_carea' id='block_1_104' title="bbox 404 5350 2461 5435">
    <p class='ocr_par' dir='ltr' id='par_1_104' title="bbox 404 5350 2461 5435">
     <span class='ocr_line' id='line_1_106' title="bbox 404 5350 2461 5435; baseline -0.003 -23"><span class='ocrx_word' id='word_1_784' title='bbox 404 5358 450 5435; x_wconf 55' lang='grc' dir='ltr'><strong>ξ’</strong></span> <span class='ocrx_word' id='word_1_785' title='bbox 478 5350 567 5435; x_wconf 82' lang='lat' dir='ltr'><strong>Sic</strong></span> <span class='ocrx_word' id='word_1_786' title='bbox 761 5357 806 5409; x_wconf 82' lang='lat' dir='ltr'><strong>A</strong></span> <span class='ocrx_word' id='word_1_787' title='bbox 841 5353 987 5408; x_wconf 80' lang='lat' dir='ltr'><strong>aliud</strong></span> <span class='ocrx_word' id='word_1_788' title='bbox 1040 5363 1415 5435; x_wconf 31' lang='grc' dir='ltr'><strong>ιςξιίῖροιηριῃ.</strong></span> <span class='ocrx_word' id='word_1_789' title='bbox 1570 5350 1622 5385; x_wconf 82' lang='grc'><strong>’⁸⁸</strong></span> <span class='ocrx_word' id='word_1_790' title='bbox 1659 5353 1753 5435; x_wconf 74' lang='lat' dir='ltr'><strong>Sic</strong></span> <span class='ocrx_word' id='word_1_791' title='bbox 1777 5355 1891 5435; x_wconf 55' lang='lat' dir='ltr'><strong>(3E;</strong></span> <span class='ocrx_word' id='word_1_792' title='bbox 1920 5372 2176 5435; x_wconf 62' lang='lat' dir='ltr'><strong>nusquam</strong></span> <span class='ocrx_word' id='word_1_793' title='bbox 2204 5350 2461 5435; x_wconf 44' lang='lat' dir='ltr'><strong>om..st</strong></span> 
     </span>
    </p>
   </div>
   <div class='ocr_carea' id='block_1_105' title="bbox 403 5420 2254 5562">
    <p class='ocr_par' dir='ltr' id='par_1_105' title="bbox 403 5420 2254 5562">
     <span class='ocr_line' id='line_1_107' title="bbox 403 5420 2254 5505; baseline -0.001 -25"><span class='ocrx_word' id='word_1_794' title='bbox 403 5426 449 5479; x_wconf 79' lang='grc' dir='ltr'>Α</span> <span class='ocrx_word' id='word_1_795' title='bbox 475 5420 786 5496; x_wconf 80' lang='lat' dir='ltr'><strong>principium</strong></span> <span class='ocrx_word' id='word_1_796' title='bbox 807 5438 987 5505; x_wconf 73' lang='lat' dir='ltr'><strong>unum.</strong></span> <span class='ocrx_word' id='word_1_797' title='bbox 1062 5420 1106 5453; x_wconf 59' lang='grc' dir='ltr'><strong>ί*</strong></span> <span class='ocrx_word' id='word_1_798' title='bbox 1137 5421 1227 5476; x_wconf 86' lang='lat' dir='ltr'><strong>Sic</strong></span> <span class='ocrx_word' id='word_1_799' title='bbox 1255 5421 1416 5503; x_wconf 69' lang='lat' dir='ltr'><strong>QDE;</strong></span> <span class='ocrx_word' id='word_1_800' title='bbox 1447 5421 1492 5475; x_wconf 80' lang='grc' dir='ltr'><strong>Α</strong></span> <span class='ocrx_word' id='word_1_801' title='bbox 1520 5438 1585 5475; x_wconf 68' lang='lat' dir='ltr'><strong>ex</strong></span> <span class='ocrx_word' id='word_1_802' title='bbox 1608 5426 1779 5479; x_wconf 83' lang='lat' dir='ltr'><strong>causis</strong></span> <span class='ocrx_word' id='word_1_803' title='bbox 1806 5420 2254 5495; x_wconf 82' lang='lat' dir='ltr'><strong>primordialibus.</strong></span> 
     </span>
     <span class='ocr_line' id='line_1_108' title="bbox 407 5490 2246 5562; baseline -0.002 -13"><span class='ocrx_word' id='word_1_804' title='bbox 407 5496 448 5528; x_wconf 84' lang='lat'>”</span> <span class='ocrx_word' id='word_1_805' title='bbox 480 5497 572 5551; x_wconf 82' lang='lat' dir='ltr'><strong>Sic</strong></span> <span class='ocrx_word' id='word_1_806' title='bbox 599 5494 757 5558; x_wconf 84' lang='lat' dir='ltr'><strong>CDE;</strong></span> <span class='ocrx_word' id='word_1_807' title='bbox 781 5494 1090 5548; x_wconf 76' lang='lat' dir='ltr'><strong>Admmus.</strong></span> <span class='ocrx_word' id='word_1_808' title='bbox 1173 5491 1216 5522; x_wconf 82' lang='grc'><strong>⁸⁸</strong></span> <span class='ocrx_word' id='word_1_809' title='bbox 1244 5490 1674 5562; x_wconf 63' lang='lat' dir='ltr'><strong>Stc_DE;_etper</strong></span> <span class='ocrx_word' id='word_1_810' title='bbox 1694 5509 1805 5548; x_wconf 89' lang='lat' dir='ltr'><strong>om.</strong></span> <span class='ocrx_word' id='word_1_811' title='bbox 1837 5495 1903 5560; x_wconf 87' lang='lat' dir='ltr'><strong>A;</strong></span> <span class='ocrx_word' id='word_1_812' title='bbox 1929 5510 2020 5562; x_wconf 86' lang='lat' dir='ltr'><strong>per</strong></span> <span class='ocrx_word' id='word_1_813' title='bbox 2043 5509 2154 5547; x_wconf 88' lang='lat' dir='ltr'><strong>om.</strong></span> <span class='ocrx_word' id='word_1_814' title='bbox 2184 5494 2246 5547; x_wconf 88' lang='lat' dir='ltr'><strong>C.</strong></span> 
     </span>
    </p>
   </div>
   <div class='ocr_carea' id='block_1_106' title="bbox 402 5213 1320 5285">
    <p class='ocr_par' dir='ltr' id='par_1_106' title="bbox 402 5213 1320 5285">
     <span class='ocr_line' id='line_1_109' title="bbox 402 5213 1320 5285; baseline -0.004 -14"><span class='ocrx_word' id='word_1_815' title='bbox 402 5215 494 5271; x_wconf 70' lang='grc' dir='ltr'><strong>ΑΟ</strong></span> <span class='ocrx_word' id='word_1_816' title='bbox 535 5217 806 5285; x_wconf 80' lang='lat' dir='ltr'><strong>perambit.</strong></span> <span class='ocrx_word' id='word_1_817' title='bbox 880 5218 901 5244; x_wconf 74' lang='grc'><strong><em>⁵</em></strong></span> <span class='ocrx_word' id='word_1_818' title='bbox 940 5213 1033 5268; x_wconf 89' lang='lat' dir='ltr'><strong>Sic</strong></span> <span class='ocrx_word' id='word_1_819' title='bbox 1073 5213 1234 5277; x_wconf 84' lang='lat' dir='ltr'><strong>ACE;</strong></span> <span class='ocrx_word' id='word_1_820' title='bbox 1275 5214 1320 5268; x_wconf 91' lang='lat' dir='ltr'><strong>D</strong></span> 
     </span>
    </p>
   </div>
   <div class='ocr_carea' id='block_1_107' title="bbox 404 5289 1340 5370">
    <p class='ocr_par' dir='ltr' id='par_1_107' title="bbox 404 5289 1340 5370">
     <span class='ocr_line' id='line_1_110' title="bbox 404 5289 1340 5370; baseline -0.004 -30"><span class='ocrx_word' id='word_1_821' title='bbox 404 5289 721 5370; x_wconf 51' lang='lat' dir='ltr'><strong>iiicjpieqtgs</strong></span> <span class='ocrx_word' id='word_1_822' title='bbox 773 5299 993 5370; x_wconf 51' lang='lat' dir='ltr'><strong>essentia}</strong></span> <span class='ocrx_word' id='word_1_823' title='bbox 1048 5300 1152 5370; x_wconf 72' lang='lat' dir='ltr'><strong>non</strong></span> <span class='ocrx_word' id='word_1_824' title='bbox 1210 5299 1340 5370; x_wconf 73' lang='lat' dir='ltr'><strong>esse.</strong></span> 
     </span>
    </p>
   </div>
   <div class='ocr_carea' id='block_1_108' title="bbox 407 5494 1090 5558">
    <p class='ocr_par' dir='ltr' id='par_1_108' title="bbox 407 5494 1090 5558">
     <span class='ocr_line' id='line_1_111' title="bbox 407 5494 1090 5558; baseline -0.009 -9"><span class='ocrx_word' id='word_1_825' title='bbox 407 5496 448 5528; x_wconf 84' lang='lat'>”</span> <span class='ocrx_word' id='word_1_826' title='bbox 477 5494 572 5551; x_wconf 73' lang='lat' dir='ltr'><strong>Sic</strong></span> <span class='ocrx_word' id='word_1_827' title='bbox 599 5494 757 5558; x_wconf 81' lang='lat' dir='ltr'><strong>CDE;</strong></span> <span class='ocrx_word' id='word_1_828' title='bbox 781 5494 1090 5548; x_wconf 64' lang='lat' dir='ltr'><strong>Adiximus.</strong></span> 
     </span>
    </p>
   </div>
   <div class='ocr_carea' id='block_1_109' title="bbox 2701 5135 3658 5205">
    <p class='ocr_par' dir='ltr' id='par_1_109' title="bbox 2701 5135 3658 5205">
     <span class='ocr_line' id='line_1_112' title="bbox 2701 5135 3658 5205; baseline 0.001 -10"><span class='ocrx_word' id='word_1_829' title='bbox 2701 5144 2722 5173; x_wconf 82' lang='grc'>¹</span> <span class='ocrx_word' id='word_1_830' title='bbox 2751 5142 2842 5196; x_wconf 80' lang='lat' dir='ltr'><strong>Sic</strong></span> <span class='ocrx_word' id='word_1_831' title='bbox 2891 5139 3053 5201; x_wconf 74' lang='lat' dir='ltr'><strong>CDE;</strong></span> <span class='ocrx_word' id='word_1_832' title='bbox 3085 5140 3126 5191; x_wconf 77' lang='grc' dir='ltr'>Α</span> <span class='ocrx_word' id='word_1_833' title='bbox 3157 5138 3243 5192; x_wconf 86' lang='lat' dir='ltr'><strong>sit.</strong></span> <span class='ocrx_word' id='word_1_834' title='bbox 3321 5137 3342 5168; x_wconf 85' lang='grc'>³</span> <span class='ocrx_word' id='word_1_835' title='bbox 3389 5135 3483 5191; x_wconf 83' lang='lat' dir='ltr'><strong>Sic</strong></span> <span class='ocrx_word' id='word_1_836' title='bbox 3530 5139 3658 5205; x_wconf 80' lang='lat' dir='ltr'><strong>CE;</strong></span> 
     </span>
    </p>
   </div>
   <div class='ocr_carea' id='block_1_110' title="bbox 2383 5205 3665 5280">
    <p class='ocr_par' dir='ltr' id='par_1_110' title="bbox 2383 5205 3665 5280">
     <span class='ocr_line' id='line_1_113' title="bbox 2383 5205 3665 5280; baseline -0.002 -13"><span class='ocrx_word' id='word_1_837' title='bbox 2383 5213 2404 5244; x_wconf 76' lang='grc'>⁸</span> <span class='ocrx_word' id='word_1_838' title='bbox 2452 5205 2544 5267; x_wconf 61' lang='lat' dir='ltr'><strong>Sit:</strong></span> <span class='ocrx_word' id='word_1_839' title='bbox 2582 5213 2699 5277; x_wconf 72' lang='lat' dir='ltr'><strong>UE;</strong></span> <span class='ocrx_word' id='word_1_840' title='bbox 2734 5214 2826 5265; x_wconf 77' lang='grc' dir='ltr'><strong>ΔΙ)</strong></span> <span class='ocrx_word' id='word_1_841' title='bbox 2874 5210 3147 5280; x_wconf 79' lang='lat' dir='ltr'><strong>siquidem.</strong></span> <span class='ocrx_word' id='word_1_842' title='bbox 3183 5277 3192 5280; x_wconf 25' lang='grc' dir='ltr'><strong>Α</strong></span> <span class='ocrx_word' id='word_1_843' title='bbox 3224 5209 3243 5239; x_wconf 83' lang='grc'><strong>⁷</strong></span> <span class='ocrx_word' id='word_1_844' title='bbox 3269 5205 3368 5261; x_wconf 86' lang='lat' dir='ltr'><strong>Sic</strong></span> <span class='ocrx_word' id='word_1_845' title='bbox 3388 5205 3564 5273; x_wconf 55' lang='grc' dir='ltr'><strong>(ζωὴ</strong></span> <span class='ocrx_word' id='word_1_846' title='bbox 3614 5214 3665 5264; x_wconf 76' lang='grc' dir='ltr'><strong>Α</strong></span> 
     </span>
    </p>
   </div>
   <div class='ocr_carea' id='block_1_111' title="bbox 2307 5277 3661 5405">
    <p class='ocr_par' dir='ltr' id='par_1_111' title="bbox 2307 5277 3661 5405">
     <span class='ocr_line' id='line_1_114' title="bbox 2307 5277 3661 5350; baseline -0.005 -16"><span class='ocrx_word' id='word_1_847' title='bbox 2307 5285 2330 5317; x_wconf 81' lang='grc'><strong>⁹</strong></span> <span class='ocrx_word' id='word_1_848' title='bbox 2402 5282 2484 5336; x_wconf 87' lang='lat' dir='ltr'><strong>lus</strong></span> <span class='ocrx_word' id='word_1_849' title='bbox 2525 5277 2944 5350; x_wconf 76' lang='lat' dir='ltr'><strong>appropinquare</strong></span> <span class='ocrx_word' id='word_1_850' title='bbox 2995 5308 3065 5318; x_wconf 89' lang='lat'><strong><em>—</em></strong></span> <span class='ocrx_word' id='word_1_851' title='bbox 3115 5277 3193 5330; x_wconf 78' lang='lat' dir='ltr'><strong>ad</strong></span> <span class='ocrx_word' id='word_1_852' title='bbox 3253 5293 3363 5330; x_wconf 80' lang='lat' dir='ltr'><strong>esse</strong></span> <span class='ocrx_word' id='word_1_853' title='bbox 3413 5292 3526 5329; x_wconf 80' lang='lat' dir='ltr'><strong>Olll.</strong></span> <span class='ocrx_word' id='word_1_854' title='bbox 3592 5281 3661 5333; x_wconf 76' lang='grc' dir='ltr'><strong>Β,</strong></span> 
     </span>
     <span class='ocr_line' id='line_1_115' title="bbox 2307 5301 3661 5405; baseline -0.001 0"><span class='ocrx_word' id='word_1_855' title='bbox 2307 5392 2313 5405; x_wconf 90' lang='grc'><em>.</em></span> <span class='ocrx_word' id='word_1_856' title='bbox 2349 5301 2461 5405; x_wconf 50' lang='grc' dir='ltr'><strong>Δξι).</strong></span> <span class='ocrx_word' id='word_1_857' title='bbox 2544 5352 2591 5387; x_wconf 73' lang='grc'><strong><em>”</em></strong></span> <span class='ocrx_word' id='word_1_858' title='bbox 2626 5352 2715 5405; x_wconf 80' lang='lat' dir='ltr'><strong>Sic</strong></span> <span class='ocrx_word' id='word_1_859' title='bbox 2745 5350 2907 5405; x_wconf 72' lang='lat' dir='ltr'><strong>CDE;</strong></span> <span class='ocrx_word' id='word_1_860' title='bbox 2935 5351 3118 5403; x_wconf 84' lang='lat' dir='ltr'><strong>iuom.</strong></span> <span class='ocrx_word' id='word_1_861' title='bbox 3148 5348 3212 5399; x_wconf 78' lang='grc' dir='ltr'><strong>Α.</strong></span> <span class='ocrx_word' id='word_1_862' title='bbox 3292 5346 3335 5377; x_wconf 78' lang='grc'><strong>⁸³</strong></span> <span class='ocrx_word' id='word_1_863' title='bbox 3367 5344 3458 5399; x_wconf 85' lang='lat' dir='ltr'><strong>Sic</strong></span> <span class='ocrx_word' id='word_1_864' title='bbox 3483 5346 3661 5405; x_wconf 74' lang='lat' dir='ltr'><strong>CDE:</strong></span> 
     </span>
    </p>
   </div>
   <div class='ocr_carea' id='block_1_112' title="bbox 2332 5387 3662 5485">
    <p class='ocr_par' dir='ltr' id='par_1_112' title="bbox 2332 5387 3662 5485">
     <span class='ocr_line' id='line_1_116' title="bbox 2332 5387 3662 5485; baseline -0.005 -10"><span class='ocrx_word' id='word_1_865' title='bbox 2332 5387 2505 5475; x_wconf 57' lang='lat' dir='ltr'><strong>ti&quot;&#39;s&#39;ic</strong></span> <span class='ocrx_word' id='word_1_866' title='bbox 2530 5387 2970 5485; x_wconf 57' lang='grc' dir='ltr'><em>0υέἴέξῇἇεῖ</em></span> <span class='ocrx_word' id='word_1_867' title='bbox 3061 5416 3103 5449; x_wconf 76' lang='grc' dir='ltr'><strong>ιι</strong></span> <span class='ocrx_word' id='word_1_868' title='bbox 3128 5416 3220 5470; x_wconf 76' lang='lat' dir='ltr'><strong>sic</strong></span> <span class='ocrx_word' id='word_1_869' title='bbox 3242 5414 3402 5476; x_wconf 76' lang='lat' dir='ltr'><strong>cos;</strong></span> <span class='ocrx_word' id='word_1_870' title='bbox 3434 5415 3478 5468; x_wconf 83' lang='lat' dir='ltr'><strong>A</strong></span> <span class='ocrx_word' id='word_1_871' title='bbox 3496 5391 3662 5481; x_wconf 70' lang='grc' dir='ltr'><strong>φιαρῖ</strong></span> 
     </span>
    </p>
   </div>
   <div class='ocr_carea' id='block_1_113' title="bbox 2330 5484 3662 5555">
    <p class='ocr_par' dir='ltr' id='par_1_113' title="bbox 2330 5484 3662 5555">
     <span class='ocr_line' id='line_1_117' title="bbox 2330 5484 3662 5555; baseline -0.005 -9"><span class='ocrx_word' id='word_1_872' title='bbox 2330 5488 2372 5523; x_wconf 78' lang='grc'><strong>¹⁹</strong></span> <span class='ocrx_word' id='word_1_873' title='bbox 2401 5490 2493 5545; x_wconf 86' lang='lat' dir='ltr'><strong>Sic</strong></span> <span class='ocrx_word' id='word_1_874' title='bbox 2528 5484 2690 5555; x_wconf 77' lang='lat' dir='ltr'><strong>CDE;</strong></span> <span class='ocrx_word' id='word_1_875' title='bbox 2726 5490 2766 5543; x_wconf 82' lang='lat' dir='ltr'><strong>A</strong></span> <span class='ocrx_word' id='word_1_876' title='bbox 2798 5500 2872 5542; x_wconf 81' lang='lat' dir='ltr'><strong>est</strong></span> <span class='ocrx_word' id='word_1_877' title='bbox 2902 5486 3230 5555; x_wconf 48' lang='lat' dir='ltr'><strong>intellectus,</strong></span> <span class='ocrx_word' id='word_1_878' title='bbox 3281 5486 3330 5516; x_wconf 79' lang='lat'><strong>&quot;</strong></span> <span class='ocrx_word' id='word_1_879' title='bbox 3348 5484 3452 5555; x_wconf 87' lang='lat' dir='ltr'><strong>_Sic</strong></span> <span class='ocrx_word' id='word_1_880' title='bbox 3481 5485 3662 5550; x_wconf 76' lang='lat' dir='ltr'><strong>CDE;</strong></span> 
     </span>
    </p>
   </div>
   <div class='ocr_carea' id='block_1_114' title="bbox 408 5553 3662 5633">
    <p class='ocr_par' dir='ltr' id='par_1_114' title="bbox 408 5553 3662 5633">
     <span class='ocr_line' id='line_1_118' title="bbox 408 5553 3662 5633; baseline -0.002 -16"><span class='ocrx_word' id='word_1_881' title='bbox 408 5566 449 5617; x_wconf 73' lang='grc' dir='ltr'><strong>Α</strong></span> <span class='ocrx_word' id='word_1_882' title='bbox 474 5566 723 5618; x_wconf 84' lang='lat' dir='ltr'><strong>tenebrae</strong></span> <span class='ocrx_word' id='word_1_883' title='bbox 745 5553 889 5633; x_wconf 73' lang='lat' dir='ltr'><strong>erant</strong></span> <span class='ocrx_word' id='word_1_884' title='bbox 912 5568 1211 5633; x_wconf 48' lang='grc' dir='ltr'><strong>ςυρψ-ρει.Δ</strong></span> <span class='ocrx_word' id='word_1_885' title='bbox 1246 5562 1317 5633; x_wconf 42' lang='grc' dir='ltr'><strong><em>Α</em></strong></span> <span class='ocrx_word' id='word_1_886' title='bbox 1335 5559 1425 5615; x_wconf 88' lang='lat' dir='ltr'><strong>Sic</strong></span> <span class='ocrx_word' id='word_1_887' title='bbox 1444 5553 1603 5621; x_wconf 56' lang='lat' dir='ltr'><strong>CDE&#39;;</strong></span> <span class='ocrx_word' id='word_1_888' title='bbox 1632 5562 1674 5615; x_wconf 76' lang='grc' dir='ltr'>Α</span> <span class='ocrx_word' id='word_1_889' title='bbox 1697 5553 1939 5630; x_wconf 68' lang='lat' dir='ltr'><strong>intelliqu</strong></span> <span class='ocrx_word' id='word_1_890' title='bbox 1999 5565 2061 5633; x_wconf 12' lang='lat'><strong>&quot;&#39;7</strong></span> <span class='ocrx_word' id='word_1_891' title='bbox 2074 5563 2164 5617; x_wconf 85' lang='lat' dir='ltr'><strong>Sic</strong></span> <span class='ocrx_word' id='word_1_892' title='bbox 2192 5563 2307 5621; x_wconf 68' lang='grc' dir='ltr'><strong>(Ἐξ</strong></span> <span class='ocrx_word' id='word_1_893' title='bbox 2338 5562 2385 5614; x_wconf 80' lang='lat' dir='ltr'><strong>ei</strong></span> <span class='ocrx_word' id='word_1_894' title='bbox 2414 5575 2524 5614; x_wconf 88' lang='lat' dir='ltr'><strong>om.</strong></span> <span class='ocrx_word' id='word_1_895' title='bbox 2557 5553 2710 5633; x_wconf 15' lang='lat' dir='ltr'><strong>ADC</strong></span> <span class='ocrx_word' id='word_1_896' title='bbox 2827 5557 3109 5633; x_wconf 61' lang='lat' dir='ltr'><strong>Si§_CD_E;</strong></span> <span class='ocrx_word' id='word_1_897' title='bbox 3133 5556 3173 5609; x_wconf 83' lang='lat' dir='ltr'><strong>A</strong></span> <span class='ocrx_word' id='word_1_898' title='bbox 3195 5553 3432 5633; x_wconf 43' lang='lat' dir='ltr'><strong>dirq‘D&#39;gi</strong></span> <span class='ocrx_word' id='word_1_899' title='bbox 3455 5555 3662 5633; x_wconf 53' lang='lat' dir='ltr'><strong>ﬁliuni.</strong></span> 
     </span>
    </p>
   </div>
   <div class='ocr_carea' id='block_1_115' title="bbox 404 5622 3663 5700">
    <p class='ocr_par' dir='ltr' id='par_1_115' title="bbox 404 5622 3663 5700">
     <span class='ocr_line' id='line_1_119' title="bbox 404 5622 3663 5700; baseline -0.002 -15"><span class='ocrx_word' id='word_1_900' title='bbox 404 5633 454 5665; x_wconf 67' lang='lat'><strong>&quot;‘</strong></span> <span class='ocrx_word' id='word_1_901' title='bbox 480 5633 745 5687; x_wconf 67' lang='lat' dir='ltr'><strong>S’cCDE:</strong></span> <span class='ocrx_word' id='word_1_902' title='bbox 779 5632 820 5684; x_wconf 75' lang='grc' dir='ltr'>Λ</span> <span class='ocrx_word' id='word_1_903' title='bbox 852 5644 917 5683; x_wconf 72' lang='lat' dir='ltr'><strong>et.</strong></span> <span class='ocrx_word' id='word_1_904' title='bbox 979 5622 1040 5661; x_wconf 73' lang='grc' dir='ltr'>ἠ</span> <span class='ocrx_word' id='word_1_905' title='bbox 1070 5629 1159 5684; x_wconf 89' lang='lat' dir='ltr'><strong>Sic</strong></span> <span class='ocrx_word' id='word_1_906' title='bbox 1187 5629 1348 5692; x_wconf 81' lang='lat' dir='ltr'><strong>ACE;</strong></span> <span class='ocrx_word' id='word_1_907' title='bbox 1381 5640 1555 5684; x_wconf 83' lang='lat' dir='ltr'><strong>autem</strong></span> <span class='ocrx_word' id='word_1_908' title='bbox 1584 5645 1690 5684; x_wconf 89' lang='lat' dir='ltr'><strong>om.</strong></span> <span class='ocrx_word' id='word_1_909' title='bbox 1721 5634 1781 5686; x_wconf 83' lang='grc' dir='ltr'><strong>Ι).</strong></span> <span class='ocrx_word' id='word_1_910' title='bbox 1858 5622 1903 5664; x_wconf 13' lang='grc'><strong>⁵7⁸</strong></span> <span class='ocrx_word' id='word_1_911' title='bbox 1926 5633 2014 5689; x_wconf 79' lang='lat' dir='ltr'><strong>Sic</strong></span> <span class='ocrx_word' id='word_1_912' title='bbox 2037 5632 2380 5700; x_wconf 48' lang='lat' dir='ltr'><strong>CDEil‘nisse</strong></span> <span class='ocrx_word' id='word_1_913' title='bbox 2401 5646 2509 5685; x_wconf 86' lang='lat' dir='ltr'><strong>om.</strong></span> <span class='ocrx_word' id='word_1_914' title='bbox 2532 5634 2590 5683; x_wconf 56' lang='grc' dir='ltr'><strong>Α.</strong></span> <span class='ocrx_word' id='word_1_915' title='bbox 2660 5627 2818 5684; x_wconf 75' lang='lat' dir='ltr'><strong>&quot;Sic</strong></span> <span class='ocrx_word' id='word_1_916' title='bbox 2832 5627 3055 5693; x_wconf 52' lang='lat' dir='ltr'><strong>CDEM</strong></span> <span class='ocrx_word' id='word_1_917' title='bbox 3075 5625 3230 5696; x_wconf 86' lang='lat' dir='ltr'><strong>quod.</strong></span> <span class='ocrx_word' id='word_1_918' title='bbox 3296 5623 3341 5654; x_wconf 82' lang='lat'><strong>&quot;</strong></span> <span class='ocrx_word' id='word_1_919' title='bbox 3366 5622 3457 5677; x_wconf 79' lang='lat' dir='ltr'><strong>Sic</strong></span> <span class='ocrx_word' id='word_1_920' title='bbox 3485 5624 3663 5685; x_wconf 74' lang='lat' dir='ltr'><strong>(10E;</strong></span> 
     </span>
    </p>
   </div>
   <div class='ocr_carea' id='block_1_116' title="bbox 402 5702 1606 5773">
    <p class='ocr_par' dir='ltr' id='par_1_116' title="bbox 402 5702 1606 5773">
     <span class='ocr_line' id='line_1_120' title="bbox 402 5702 1606 5773; baseline -0.001 -17"><span class='ocrx_word' id='word_1_921' title='bbox 402 5710 451 5761; x_wconf 59' lang='grc' dir='ltr'><strong>Δ</strong></span> <span class='ocrx_word' id='word_1_922' title='bbox 484 5703 706 5773; x_wconf 54' lang='lat' dir='ltr'><strong>undique</strong></span> <span class='ocrx_word' id='word_1_923' title='bbox 732 5703 932 5773; x_wconf 58' lang='lat' dir='ltr'><strong>abysso.</strong></span> <span class='ocrx_word' id='word_1_924' title='bbox 1008 5702 1051 5734; x_wconf 81' lang='grc'><strong>¹⁹</strong></span> <span class='ocrx_word' id='word_1_925' title='bbox 1080 5702 1321 5769; x_wconf 69' lang='grc' dir='ltr'><strong>0οΕ;Λ</strong></span> <span class='ocrx_word' id='word_1_926' title='bbox 1353 5702 1606 5756; x_wconf 63' lang='lat' dir='ltr'><strong>iudicare.</strong></span> 
     </span>
    </p>
   </div>
  </div>
