3912 6154
303 318 406 410 sui

1130 346 1220 401 DF}
1254 344 1593 402 DIVISIONE
1633 342 1981 399 NATURAE.
2020 371 2088 381 —
2126 339 2328 394 LIBER
2367 335 2751 395 SECUNDUS.

3464 336 3568 389 550

302 469 383 541 gis
433 466 649 521 videtur
688 462 885 518 divinis
925 460 1152 531 eloquiis
1192 460 1412 514 rationis
1458 456 1891 513 consideratione
1918 461 1965 517 Α
1994 452 2182 509 Graeci
2210 452 2428 525 ἁτμίδας
2457 460 2673 514 vocant,
2706 448 3061 519 ltumidacque
3090 447 3266 520 abyssi
3299 448 3571 504 vicinitate

301 555 615 613 convenire.
651 552 759 607 Sed
798 551 841 606 si
868 553 989 620 quis
1018 550 1245 609 dixerit.
1288 548 1566 637 praedicta
1594 544 1920 617 prophetae.

301 648 464 703 verba
496 664 603 702 non
641 646 820 707 aliud,
867 661 1027 712 quam
1061 643 1439 715 primordialcs
1483 658 1664 697 rerum
1700 654 1892 695 causas

303 741 551 803 innuere,
579 754 685 793 non
726 737 994 792 videbitur
1036 737 1053 767 ¹
1111 751 1178 791 ex
1216 736 1446 791 veritate
1470 733 1704 788 deviare.
1751 730 1891 799 Quid

299 829 483 882 enim?
538 826 676 881 Num
731 825 1050 881 incredibile
1093 834 1198 889 est,
1248 825 1609 900 πρωτὸτυπον,
1657 822 1760 876 hoc
1807 828 1893 876 est

301 915 601 987 principale
626 914 904 984 exemplar
940 914 1241 984 corporalis
1277 922 1526 976 naturae,
1556 911 1697 981 quod
1724 910 1890 980 signi-

304 1006 498 1061 ficatur
524 1016 702 1061 terrae
730 1006 980 1069 nomine,
1022 1004 1275 1074 quodque
1303 1013 1429 1058 ante
1458 1002 1602 1056 hunc
1632 1000 1891 1056 mundum

302 1097 618 1153 sensibilem
645 1107 906 1169 perpetuo
932 1092 1448 1167 ‘perfectissimeque
1486 1096 1629 1149 Deus
1658 1094 1712 1147 in
1741 1088 1889 1168 prin-

302 1186 464 1256 cipio,
515 1187 618 1242 hoc
665 1196 750 1242 est
790 1186 952 1242 Pater
988 1187 1041 1241 in
1084 1185 1220 1241 Filio
1267 1184 1606 1248 condiderat,
1657 1195 1888 1236 vacuum

303 1283 464 1335 atque
486 1277 647 1331 inane
674 1292 830 1347 posse
855 1277 1073 1332 vocari?
1103 1276 1341 1331 Vacuum
1369 1275 1604 1345 quidem,
1631 1272 1886 1344 quoniam

303 1364 448 1419 omni
482 1365 722 1421 sensibili
749 1366 801 1420 in
838 1367 951 1421 suis
974 1365 1258 1422 effectibus
1280 1364 1538 1429 vacabat,
1568 1363 1885 1434 priusquam

307 1454 357 1508 in
408 1467 609 1523 genera
665 1457 972 1530 formasque
1028 1457 1299 1512 sensibilis
1363 1464 1593 1512 naturae
1653 1474 1752 1528 per
1790 1472 1885 1528 ge-

307 1558 639 1602 nerauonem
705 1548 840 1604 locis
909 1550 1348 1620 temporibusque
1405 1547 1671 1619 prodiret.
1723 1549 1886 1603 lnane

305 1655 462 1704 vero,
502 1640 627 1711 quia
672 1642 869 1697 nullam
901 1643 1289 1727 quantitatem,
1320 1640 1397 1694 nil
1432 1640 1698 1710 corporali
1743 1640 1888 1695 mole

304 1729 548 1793 densum,
578 1729 653 1783 nil
684 1731 816 1785 locis
841 1731 1166 1801 dispersum,
1211 1730 1284 1784 nil
1316 1730 1645 1801 temporibus
1686 1730 1884 1787 mobile

1995 545 2243 598 accidunt
2261 540 2322 598 "’.
2342 542 2512 612 Hujus
2532 556 2746 611 quoque
2758 539 3179 610 eorpulenlioris
3194 540 3336 595 aeris
3352 539 3563 596 inferin-

1993 638 2173 708 risque
2203 636 2535 690 ncbnlositas
2565 642 2619 689 et
2654 633 2959 689 obscuritas
2991 647 3097 687 non
3129 647 3197 687 ex
3236 632 3446 703 seipse,
3479 632 3570 688 sed

1990 741 2057 781 ex
2105 741 2366 797 aquarum
2436 734 2808 792 terrarumque
2878 722 3277 793 propinquitate
3333 722 3570 778 advenit.

1992 814 2148 872 Unde
2179 814 2323 870 enim
2384 813 2625 869 nascitur
2680 809 2841 867 lunae
2866 811 3192 876 bumiditas,
3233 810 3358 866 inde
3407 812 3572 866 etiam

1990 908 2139 965 aeris
2176 906 2527 971 nebulositas,
2582 903 2820 960 tonitrua
2877 917 3090 973 quoque
3120 903 3163 934 ⁸⁸
3208 901 3573 974 fulminaque,

1992 1001 2214 1063 imbres,
2242 998 2476 1068 pluviae,
2500 996 2617 1060 nix,
2641 995 2784 1067 gelu,
2819 994 2954 1048 varii
2986 1002 3267 1049 ventorum
3302 993 3460 1050 flatus
3482 996 3527 1027 ¹⁹
3552 1014 3566 1049 :

1989 1105 2097 1146 non
2126 1085 2342 1146 aliunde
2377 1089 2479 1144 nisi
2509 1104 2577 1145 ex
2602 1084 2855 1143 ‘terrenis
2881 1085 3249 1156 aquaticisque
3287 1087 3576 1158 vaporibus

1990 1180 2329 1237 occasionem
2351 1179 2640 1250 accipiunt.
3199 1238 3211 1249 ,

2061 1274 2128 1328 l7
2168 1273 2307 1340 Quid
2352 1286 2481 1342 ergo
2521 1270 2748 1330 mirum,
2795 1269 2841 1323 si
2885 1265 3259 1339 primordialcs
3285 1266 3575 1322 visibilium

1990 1381 2170 1421 rerum
2189 1366 2235 1397 ὀ
2250 1379 2448 1420 causae
2477 1372 2652 1418 terrae
2669 1361 2845 1416 inanis
2868 1368 2922 1416 et
2941 1375 3146 1415 vacuae
3165 1359 3427 1416 vocabulo
3445 1359 3578 1431 figu-

1988 1470 2105 1517 rate
2132 1459 2494 1518 insinuentur,
2511 1469 2641 1526 prae
2672 1453 2894 1508 nimia“
2916 1451 2999 1506 sui
3014 1452 3059 1482 ²¹
3078 1450 3375 1506 subtilitate
3392 1450 3577 1505 ineffa-

1988 1553 2191 1624 bilique
2214 1549 2590 1606 intellectualis
2605 1563 2735 1604 suae
2754 1556 2981 1602 naturae
3004 1546 3378 1614 simplicitate,
3402 1544 3579 1613 prius-

1987 1660 2148 1715 quam
2194 1644 2246 1698 in
2298 1657 2497 1713 genera
2538 1648 2594 1694 et
2633 1638 2835 1693 formas
2869 1633 3260 1706 seusihilesquc
3300 1648 3574 1693 numeros,

1988 1733 2042 1790 in
2070 1734 2267 1805 quibus
2304 1731 2466 1787 veluti
2494 1722 2814 1801 quibusdam
2856 1727 3064 1783 nebulis
3093 1727 3367 1795 corporeis
3405 1725 3578 1780 sensi-

301 1818 551 1873 adhucin
600 1822 706 1874 eo’
733 1820 1038 1883 intellectus
1076 1821 1455 1892 propheticus,
1496 1822 1586 1891 qui
1628 1822 1681 1877 in
1711 1822 1893 1877 divina
1923 1821 1970 1881 B
1997 1826 2098 1882 bus
2143 1831 2444 1896 apparent,
2503 1837 2600 1891 per
2652 1819 3055 1891 generationem
3109 1817 3439 1888 proﬂuerent
3489 1816 3574 1875 ".

300 1911 559 1983 mysteria
601 1921 685 1968 est
737 1914 1114 1978 introductus,
1171 1924 1478 1986 aSpexerat.
1545 1915 1688 1971 llaec
1736 1915 1881 1971 enim

300 2001 577 2066 vocabula,
610 2002 765 2057 inane
802 2002 924 2058 dico
963 2014 1011 2058 et
1060 2020 1311 2069 vacuum,
1363 1995 1484 2075 plus
1521 1999 1884 2075 primordialis

299 2101 525 2149 naturae
562 2104 687 2150 ante
710 2095 889 2150 omnia
923 2096 977 2150 itt
1014 2096 1194 2152 Verbo
1235 2093 1487 2152 conditae
1513 2094 1884 2167 plenissimam

296 2185 798 2257 immutabilcmque
849 2186 1157 2257 signiﬁcant
1217 2187 1607 2259 perfectionem
1638 2228 1654 2252 ,
1722 2202 1885 2259 quant

299 2273 615 2329 mutabilem
663 2274 1143 2346 imperfectumque
1182 2277 1343 2349 hujus
1389 2278 1574 2332 mundi
1617 2275 1888 2332 sensibilis

297 2362 585 2420 informem
612 2365 790 2421 adhuc
814 2368 1215 2437 processionem
1239 2409 1254 2433 ,
1290 2368 1423 2423 locis
1449 2368 1887 2439 temporibusque

297 2454 636 2524 dispersam,
665 2471 873 2527 perque
909 2458 1314 2529 generationem
1352 2473 1472 2514 esse
1503 2459 1846 2515 iuchoanlem
1868 2499 1885 2522 ,

298 2546 642 2620 diversisque
700 2549 971 2604 sensibilis
1023 2549 1305 2607 creaturae
1358 2552 1601 2607 numeris
1661 2550 1886 2607 formari

293 2645 658 2705 appetentem.
736 2638 909 2709 Saepe
956 2639 1226 2710 siquidem
1275 2641 1296 2673 ³
1343 2641 1504 2696 inane
1553 2651 1608 2697 et
1653 2658 1884 2698 vacuum

290 2728 455 2782 etiam
498 2728 521 2758 ⁸
570 2727 643 2791 ὶιι⁵
671 2729 916 2787 laudibus
989 2731 1352 2803 corporalium
1418 2749 1600 2788 rerum
1644 2734 1665 2765 ⁸
1710 2734 1887 2790 solent

291 2820 439 2890 poni.
478 2819 675 2876 Totum
720 2838 954 2893 namque
995 2826 1250 2895 spatium,
1298 2827 1440 2896 quod
1486 2825 1632 2881 inter
1669 2825 1885 2898 globum

291 2916 473 2964 terrae
496 2910 801 2982 chorosque
830 2911 1069 2968 siderum
1107 2922 1519 2985 extremumque
1554 2916 1739 2970 mundi
1765 2931 1885 2970 am-

288 2998 461 3053 bitum
494 2998 550 3054 in
588 3001 762 3056 medie
788 3012 873 3058 est
900 3004 1275 3071 constitutum,
1316 3005 1369 3060 in
1424 3006 1561 3061 duas
1595 3016 1779 3078 partes
1806 3022 1836 3061 a
1865 3009 1887 3040 ⁶

285 3089 628 3159 sapientibus
666 3095 849 3148 mundi
894 3096 1215 3167 divinaeque
1254 3097 1569 3167 Scripturae
1629 3098 1881 3154 divisum.

1985 1915 2200 1987 quando
2226 1916 2272 1946 ”
2296 1913 2570 1985 praedicta
2599 1912 2825 1967 visibilis
2848 1912 3032 1965 mundi
3061 1906 3108 1943 ’⁸
3135 1910 3329 1980 spatia,
3358 1919 3578 1979 propter

1987 2008 2069 2063 sui
2114 2003 2466 2060 subtilitatem
2508 2019 2573 2058 ac
2614 2017 2785 2074 paene
2832 2000 3348 2071 incorporalitatem,
3392 2000 3574 2054 inania

1987 2112 2080 2152 seu
2114 2111 2280 2151 vacua
2326 2110 2433 2171 n‘on
2481 2094 2775 2163 incongrue
2817 2091 3186 2162 appellantur,
3238 2092 3379 2147 sicut
3416 2091 3463 2122 ’°
3501 2091 3580 2144 ait

1986 2185 2204 2258 quidam
2232 2193 2512 2255 poetarum
2538 2201 2551 2236 :
2800 2192 2809 2197 ‘

2171 2288 2299 2337 Aera
2326 2299 2415 2347 per
2440 2298 2638 2335 vacuum
2660 2282 2785 2335 saltu
2810 2284 3090 2346 iaculabere
3113 2296 3307 2349 corpus.

1986 2364 2121 2428 item
2154 2359 2411 2439 Virgilius
2438 2367 2491 2422 in
2523 2367 2872 2423 duodecimo:
2968 2406 2977 2413 .

2170 2468 2295 2519 Tum
2319 2465 2443 2530 lapis
2467 2469 2572 2532 ipse
2599 2469 2686 2518 viri
2713 2480 2915 2517 vacuum
2939 2481 3030 2531 per
3054 2469 3202 2519 inane
3230 2469 3441 2519 volutus.

1986 2555 2188 2610 Eadem
2227 2553 2367 2609 ratio
2389 2561 2474 2608 est
2499 2552 2724 2607 alterius
2753 2551 3235 2623 interpretattonis,
3260 2568 3399 2623 quae
3421 2554 3572 2618 dicit,

1988 2655 2187 2702 terram
2232 2643 2558 2700 invisibilem
2604 2643 3123 2714 ineompositamque
3183 2643 3369 2700 fuisse.
3434 2644 3575 2713 Quid

1985 2741 2130 2799 enim
2174 2740 2318 2795 aliud
2360 2738 2736 2795 rationabilius
2778 2738 2882 2794 ista
2918 2738 3262 2795 invisibilitas
3310 2741 3571 2811 mysticae

1988 2842 2167 2889 terrae
2213 2832 2580 2904 signiﬁcaret,
2620 2846 2783 2900 quam
2817 2830 3248 2901 primordialium
3282 2846 3569 2887 causarum

1986 2926 2282 2996 corporalis
2310 2934 2593 2981 creaturae
2625 2924 3034 2987 obscuritatem,
3076 2922 3222 2977 nullo
3259 2924 3457 2979 coloris
3493 2924 3573 2978 lu-

1986 3019 2152 3084 mine,
2174 3017 2320 3072 nulla
2347 3017 2645 3072 formarum
2668 3015 2991 3070 discretione
3014 3014 3192 3070 adhuc
3216 3014 3567 3070 declaratam.

1987 3109 2209 3179 insuper
2254 3109 2415 3164 etiam
2469 3108 2788 3179 purissimos
2842 3106 3145 3163 intellectus
3197 3117 3566 3178 superantem.

288 3179 520 3236 Inferior
543 3184 687 3237 enim
724 3200 853 3254 pars
891 3200 921 3239 a
969 3195 1110 3241 terra
1164 3202 1335 3257 usque
1378 3188 1399 3219 "
1451 3189 1517 3243 ad
1563 3187 1743 3243 lunam
1788 3203 1884 3243 aer

1987 3199 2180 3257 Merito
2241 3215 2455 3269 quoque
2510 3213 2708 3255 causae
2757 3197 3135 3268 pritnordiales
3180 3198 3569 3269 incompositae

286 3271 509 3336 dicitur,
533 3271 639 3328 boc
664 3284 749 3329 est
776 3276 1033 3345 spiritus:
1068 3278 1317 3348 superior
1342 3292 1467 3333 vero
1488 3294 1518 3333 a
1562 3277 1686 3333 luna
1707 3293 1879 3349 usque

286 3363 351 3414 ad
398 3363 583 3418 sidera
625 3375 903 3422 extremae
945 3364 1208 3438 sphaerae
1245 3364 1452 3438 aether,
1493 3367 1544 3424 id
1594 3378 1679 3425 est
1714 3385 1883 3440 purus

286 3453 543 3522 spiritus;
586 3456 776 3511 ambae
815 3466 998 3513 autem
1043 3466 1192 3534 κῦφος
1220 3459 1242 3492 ⁸
1280 3475 1309 3514 a
1363 3460 1610 3526 Graecis,
1650 3475 1879 3516 vacuum

285 3556 379 3596 seu
414 3545 583 3600 inane
610 3561 641 3600 a
671 3540 885 3603 Latinis
926 3560 1210 3605 vocantur.
1244 3549 1351 3607 Sed
1390 3552 1738 3623 purissimum
1765 3552 1879 3609 cia-

283 3634 680 3706 rissimumque
716 3637 846 3692 illud
885 3642 1133 3710 superius
1167 3642 1399 3712 spatium
1427 3653 1641 3699 constat
1668 3659 1882 3715 semper

280 3738 401 3779 esse
446 3720 472 3756 ⁵
512 3728 944 3796 serenissimum,
974 3740 1300 3804 actcmoque
1355 3735 1571 3791 siientio
1612 3736 1878 3806 quietum,

278 3816 531 3886 exceptis
587 3817 925 3876 barmonicis
993 3824 1360 3878 consonantiis
1416 3824 1460 3856 ¹⁰
1516 3824 1877 3894 planetarum,

275 3920 501 3963 omnem
551 3908 835 3967 mortalem
879 3920 1260 3984 terrenumque
1302 3916 1343 3947 “
1377 3931 1595 3971 sensum
1629 3925 1878 3971 tonorum

278 4001 789 4073 semitonorumque
841 4003 882 4036 ¹²
932 4007 1183 4062 acumine
1234 4023 1539 4078 superans,
1590 4008 1879 4065 subtilissi-

276 4089 467 4159 mique
498 4092 640 4162 ignis
665 4094 901 4150 motibus
942 4095 1158 4158 labens,
1190 4097 1427 4153 diuturni
1456 4098 1741 4154 “luminis
1770 4099 1880 4169 plc-

277 4196 440 4247 nnm,
509 4199 729 4254 praeter
771 4189 1199 4258 portiunculam,
1244 4206 1407 4261 quam
1458 4194 1653 4249 umbra
1702 4203 1881 4253 terrae

272 4270 510 4337 obtinet,
525 4292 666 4345 quae
691 4293 793 4333 nox
816 4276 1140 4350 appellatur,
1156 4280 1381 4351 ideoque
1401 4280 1602 4338 dicitur
1624 4300 1876 4341 vacuum.

273 4358 384 4417 Nec
416 4366 717 4432 immerito,
749 4371 1003 4438 quoniam
1041 4373 1187 4426 omni
1230 4362 1445 4429 terrena
1491 4374 1535 4407 ί*
1583 4391 1879 4447 crassaque

271 4452 415 4507 mole
458 4463 644 4518 vacat,
692 4456 948 4527 nulloque
987 4475 1250 4530 corporeo
1304 4464 1544 4532 pondere
1596 4465 1869 4536 impletur.

270 4539 634 4598 Planctarum
676 4547 877 4601 etenim
922 4549 1064 4619 globi
1096 4550 1355 4606 levissimi
1402 4552 1448 4584 ¹⁸
1477 4562 1533 4608 et
1566 4555 1872 4624 Spirituales

267 4643 418 4697 sunt,
467 4634 622 4690 nulla
669 4637 713 4669 ¹⁶
760 4645 974 4695 terrena
1014 4639 1274 4710 qualitate
1316 4655 1629 4712 gravantur,
1670 4646 1870 4701 nullam

266 4724 673 4780 obscuritatem
721 4726 979 4783 eilieiunt.
1026 4729 1210 4785 Lunae
1241 4732 1506 4802 siquidem
1547 4735 1867 4799 humiditas,

265 4815 605 4887 “sane.
629 4834 769 4889 quae
794 4820 845 4876 in
870 4837 933 4877 ea
961 4833 1242 4893 apparent,
1274 4841 1379 4881 non
1402 4843 1467 4882 ex
1491 4842 1624 4883 suae
1645 4837 1872 4885 naturae

264 4908 540 4973 puritate,
598 4911 697 4964 sed
748 4926 816 4966 ex
890 4921 1141 4969 terrenae
1189 4914 1346 4971 molis
1387 4917 1698 4986 vaporibus,
1735 4933 1871 4988 quos

1983 3293 2394 3361 praedicantur;
2425 3297 2549 3346 sunt
2577 3291 2720 3344 enim
2750 3288 3020 3358 simplices
3061 3290 3317 3359 omnique
3353 3306 3573 3361 compo-

1984 3382 2181 3437 sitione
2208 3381 2428 3435 omnino
2456 3392 2725 3435 carentes.
2766 3378 2899 3434 Nam
2945 3380 2997 3434 in
3039 3381 3133 3436 eis‘
3152 3387 3237 3436 est
3285 3380 3572 3437 ineﬂ'abilis

1983 3474 2187 3536 unitas,
2233 3471 2713 3541 inseparabilisque
2753 3457 3216 3542 iu'contpositaque
3263 3472 3569 3537 harmonia,

1984 3565 2366 3622 universaliter
2434 3561 2798 3619 diderentium
2859 3578 2954 3619 seu
3021 3563 3276 3619 similium
3332 3566 3572 3635 partiuut

1984 3656 2380 3728 copulatiouem
2426 3657 2861 3728 supergrediens.
2904 3657 3044 3724 Quid
3073 3658 3249 3714 dicam
3288 3660 3355 3715 de
3390 3661 3571 3715 causis

1983 3746 2368 3817 principalibus
2425 3747 2803 3803 intellectualis
2850 3749 3154 3804 essentiae?
3196 3748 3386 3805 Nonne
3438 3766 3569 3806 con-

1983 3837 2363 3908 gruentissime
2402 3837 2720 3893 tenebrosae
2764 3837 2944 3908 abyssi
2991 3838 3256 3895 vocabulo
3291 3856 3320 3894 a
3359 3839 3568 3910 Spiritu

1983 3938 2170 3985 sancto
2197 3928 2494 4000 appellatae
2515 3928 2671 3983 sunt?
2709 3928 2950 3998 Abyssus
2974 3930 3118 3983 enim
3160 3930 3414 3985 dicuntur
3442 3945 3569 3999 pro-

1982 4035 2103 4095 pter
2127 4039 2315 4080 earum
2354 4022 2952 4094 incomprehensibilem
2992 4023 3353 4089 altitudinem,
3388 4025 3568 4079 inlini-

1984 4126 2202 4185 tamque
2232 4115 2313 4170 sui
2338 4130 2434 4186 per
2458 4114 2639 4169 omnia
2668 4113 3029 4179 diil'usionem,
3055 4129 3194 4184 quae
3215 4112 3360 4169 nullo
3388 4115 3567 4184 perci-

1981 4210 2129 4280 pitur
2158 4224 2319 4264 scnsu
2341 4247 2358 4273 ,
2395 4206 2541 4264 nullo
2574 4205 3052 4274 comprehenditur
3082 4206 3378 4267 intellectu,
3408 4221 3570 4276 prae-

1982 4315 2088 4371 que
2115 4298 2400 4355 inetl'abilis
2432 4313 2565 4353 suae
2591 4297 2844 4368 puritatis
2872 4294 3189 4351 excellentia
3219 4296 3566 4351 tenebrarum

1982 4392 2199 4447 nomine
2246 4390 2502 4462 appellari
2542 4398 2877 4444 meruerunt.
2922 4387 3201 4457 Siquidem
3242 4397 3299 4443 et
3349 4388 3430 4443 sol
3461 4389 3564 4444 iste

1981 4484 2252 4541 sensibilis
2300 4481 2631 4537 intuentibus
2677 4495 2800 4535 eum
2846 4490 3007 4549 saepe
3057 4480 3251 4549 ingerit
3290 4478 3562 4543 tenebras,

1977 4590 2084 4630 non
2110 4572 2413 4628 valentibus
2437 4572 2693 4628 eximium
2723 4571 2807 4626 sui
2847 4571 3043 4624 intueri
3074 4569 3354 4640 fulgorem.
3386 4570 3562 4624 Tene-

1976 4669 2107 4721 brae
2165 4665 2345 4734 itaque
2392 4673 2545 4717 erant
2593 4676 2754 4733 super
2795 4677 3090 4716 causarum
3135 4662 3561 4732 primordialium
3633 4693 3640 4698 -

1977 4758 2248 4829 abyssum.
2280 4752 2414 4808 Nam
2450 4753 2766 4822 priusquam
2808 4753 2860 4806 in
2900 4751 3262 4822 spiritualium
3293 4753 3559 4808 essentia-

1977 4863 2095 4900 rum
2135 4845 2577 4901 numerositatem
2622 4842 3011 4913 procederent,
3040 4842 3221 4896 nullus
3259 4842 3563 4898 intellectus

1974 4937 2227 4994 conditus
2255 4938 2298 4975 ³⁷
2329 4949 2658 5006 cognoscere
2686 4949 2780 4989 eas
2803 4934 2851 4965 "
2881 4934 3076 5004 potuit,
3102 4934 3231 5003 quid
3259 4944 3460 4997 essent.
3495 4934 3558 4987 Et

1556 5064 1812 5123 VARIAE
1871 5066 2275 5127 LECTIONES.

330 5172 348 5204 ³
391 5171 496 5229 Sic
565 5173 729 5239 ACE;
773 5173 815 5228 D
859 5176 1079 5230 videtur.
1154 5179 1176 5209 ¹
1206 5174 1296 5231 Sic
1333 5174 1497 5243 ACE;
1542 5180 1586 5234 D
1621 5182 1674 5236 in
1700 5198 1782 5236 ea.
1858 5182 1881 5215 ³
1908 5181 2000 5239 Sic
2025 5182 2143 5246 CE;
2173 5179 2267 5235 AD
2309 5178 2539 5251 quidem.
2617 5182 2637 5213 ⁸
2670 5182 2761 5236 Sic
2785 5178 2948 5243 CDE;
2983 5179 3027 5232 Α
3058 5188 3127 5233 et.
3211 5179 3231 5209 ⁸
3261 5177 3314 5233 Si

330 5260 531 5322 rerum
583 5245 955 5315 corporalium.
1042 5246 1190 5322 fSic
1238 5247 1403 5322 αρε)
1451 5251 1493 5302 Α
1537 5262 1610 5304 est
1652 5268 1704 5305 a.
1778 5254 1799 5284 "
1852 5251 1945 5307 Sic
1991 5253 2161 5315 ADE;
2194 5268 2354 5320 usque
2396 5268 2509 5306 om.
2555 5252 2616 5308 C.
2693 5254 2715 5285 ⁸
2756 5250 2847 5307 Sic
2881 5250 3045 5314 CDE;
3083 5250 3318 5322 A3069»:

254 5243 531 5315 .errum
583 5245 955 5315 corporalium.
1042 5246 1064 5275 ⁶
1098 5246 1190 5301 Sic
1238 5247 1403 5311 CDE;
1451 5251 1493 5302 A
1537 5262 1610 5304 est
1652 5268 1704 5305 a.

471 5329 587 5385 pro
634 5310 838 5384 semper
880 5332 989 5369 esse
1029 5316 1099 5369 A'
1128 5310 1415 5385 superioris
1465 5336 1576 5375 esse
1623 5333 1865 5377 naturae.

251 5378 424 5449 CDE;
462 5378 510 5438 Ᾰ
549 5378 814 5438 terrenum
855 5395 901 5438 et
941 5378 1234 5439 mortalem.

250 5452 375 5522 CE;
411 5455 519 5508 AD
552 5464 721 5507 terra.
800 5454 843 5485 ”‘
874 5455 964 5509 Sic
1005 5454 1167 5522 CDE;
1208 5457 1251 5509 A
1299 5455 1544 5513 levissimi

253 5462 375 5515 UE;
411 5462 519 5508 AD
552 5464 721 5507 terra.
800 5462 843 5485 “’
874 5462 964 5509 Sic
1005 5462 1167 5522 GDE;
1208 5462 1251 5509 A
1299 5462 1544 5513 levissimi
1581 5462 1739 5532 globi.

253 5521 431 5595 {53¢
463 5523 601 5587 DE;
649 5523 739 5579 AC
783 5526 1135 5595 tonitruaque.
1217 5524 1261 5555 "
1293 5524 1384 5580 Sic
1426 5528 1588 5595 CDE;
1621 5533 1665 5585 A
1706 5534 1739 5595 ﬂ

1217 5524 1665 5597 *’SM_CDE{A

249 5665 422 5719 nium.

249 5730 421 5801 ειη-κ
460 5735 513 5790 Α
561 5750 655 5788 ειη
692 5750 1013 5805 cognoscere.

1314 5387 1357 5462 ξ’
1385 5387 1474 5462 Sic
1504 5392 1580 5462 A;
1614 5393 1744 5447 (ΣοΕ
1789 5393 2274 5462 εηιὶιοηονξωηᾳαθέ

1820 5463 1862 5495 ’⁸
1901 5462 1993 5518 Sic
2041 5460 2202 5527 CDE;
2240 5461 2287 5516 Α
2327 5472 2377 5515 et

253 5534 298 5551 "'
330 5534 431 5579 δῖε
463 5534 601 5587 υινλς
649 5534 739 5579 Μ)
783 5534 1135 5595 ιοηηηιαᾳιιε.
1217 5534 1261 5555 ³³
1293 5534 1384 5580 Sic
1426 5534 1588 5597 CDE;
1621 5534 1665 5585 A
1705 5534 1866 5602 ﬂatus
1901 5545 2188 5587 ventorum.
2269 5534 2314 5563 ¹⁰
2348 5534 2441 5588 Sic
2471 5534 2636 5595 CDE;
2691 5534 2737 5585 Α
2779 5544 2952 5584 rerum
3002 5534 3187 5579 risibili

248 5592 416 5660 ADE;
444 5610 559 5666 pro
592 5610 717 5662 prae
744 5595 904 5648 nimia
928 5594 970 5649 Ο
993 5597 1250 5665 praemia.
1307 5596 1352 5625 "
1381 5595 1473 5654 Sic
1502 5601 1618 5666 CE;
1649 5604 1732 5656 sui
1763 5619 1870 5658 om.
1899 5605 2011 5657 Al).
2087 5603 2134 5634 ⁸³
2164 5602 2257 5657 Sic
2281 5600 2444 5666 CDE;
2474 5606 2517 5655 A
2544 5602 2848 5669 deﬂuerent.
2929 5598 2975 5628 “
3002 5594 3092 5650 Sic
3137 5595 3188 5651 CI

249 5665 398 5696 ,δέκα
511 5664 567 5696 ί.
726 5663 888 5696 ρίὶίθο
946 5666 974 5696 Δ
1282 5670 1470 5696 ...αισαλέ
1508 5672 1772 5696 .__.--J.°..A..
1870 5673 1915 5696 ’ἢ
1967 5672 2057 5696 ΩΒ-
2103 5673 2264 5696 nntz‘.
2308 5673 2330 5696 Δ
2377 5674 2448 5696 ,ἔρ
2545 5672 2588 5696 ’⁸1
2625 5671 2714 5696 Ως..
2742 5669 2903 5696 Phﬂ.
3037 5668 3188 5696 ΑΛ..Ᾰῖ

601 5663 693 5717 Sic
726 5663 889 5727 CDE;
938 5663 1236 5721 A'tn'sibilis
1282 5670 1470 5724 mundi
1506 5663 1793 5742 praedicta.
1870 5673 1915 5705 “
1967 5672 2059 5729 Sic
2102 5673 2267 5738 CDE;
2296 5673 2343 5727 A
2372 5663 2469 5725 sic.
2545 5663 2715 5724 "'Sic
2742 5669 2905 5736 CDE;
2943 5666 2989 5721 Α
3033 5668 3293 5722 conditas.

3211 5177 3350 5233 'su
3390 5178 3552 5248 cos;

3417 5248 3438 5279 ⁹
3463 5253 3554 5308 Sic.

1979 5323 2023 5354 ¹⁰
2067 5322 2160 5378 Sic
2210 5319 2372 5388 CDE;
2424 5323 2470 5376 A
2525 5321 2799 5377 cantilenis
2849 5319 3318 5386 consonantiixque.
3389 5319 3431 5351 “
3463 5320 3555 5376 Sic

1985 5395 2274 5447 oriumaue.
2354 5391 2398 5424 ⁸³
2428 5393 2521 5447 Sic
2541 5393 2657 5447 CE:
2689 5391 2741 5446 Κ
2771 5390 2981 5447 diurni;
3024 5388 3064 5440 Ι)
3106 5388 3289 5439 divini.
3381 5389 3422 5418 “
3462 5390 3554 5445 Sic

2431 5408 2521 5447 διο
2541 5408 2657 5459 Lb;
2689 5408 2735 5446 Α
2771 5408 2981 5447 uturnt.‘
3025 5408 3064 5440 υ
3106 5408 3289 5439 atvtm.
3381 5408 3422 5418 "
3463 5408 3554 5445 an:

2431 5463 2555 5533 quia
2576 5463 2809 5533 inulla.‘
2854 5462 2894 5494 ³⁷
2936 5456 3187 5533 Sic_(}l*3__;_
3218 5457 3306 5509 AD
3337 5458 3550 5533 accidit.

2269 5533 2314 5563 ¹⁰
2348 5526 2636 5595 8ἰοὈι)Ε;
2691 5533 2737 5585 Α
2779 5544 2952 5584 rerum
3002 5526 3301 5581 visibilium.
3376 5529 3421 5559 “
3461 5529 3553 5588 Sic
3592 5560 3595 5563 -

2281 5600 2444 5666 CDE;
2474 5606 2517 5655 A
2544 5602 2848 5667 deﬂuerent.
2929 5598 2975 5628 “
3002 5594 3092 5650 Sic
3137 5595 3296 5661 CDE;
3346 5599 3387 5652 A
3417 5617 3553 5667 qua.

3380 5670 3425 5702 η

3096 5801 3205 5862 “‘x
