3912 6154
396 359 494 424 831

1771 363 2052 418 JOANNiS
2087 352 2281 419 SCOTI

3554 348 3658 411 εδει

395 488 572 542 adhuc
600 487 851 541 tenebrae
871 494 993 538 sunt
1022 497 1180 552 super
1213 482 1350 535 banc
1379 479 1652 552 abyssum,
1681 481 1804 550 quia
1829 478 1972 533 nullo
2005 486 2048 540 Λ
2079 480 2380 533 animorum
2412 480 2453 510 ίτ
2484 478 2725 532 notitiam
2754 460 3086 532 naturalibus
3111 460 3590 543 artiticialibusquc
3617 475 3662 503 “

395 577 689 646 percipitur
716 574 1016 633 intellectu,
1042 586 1106 626 eo
1132 579 1388 639 excepto,
1416 570 1505 640 qui
1537 586 1655 625 eam
1694 570 1744 624 in
1773 570 1973 638 princi-

394 669 483 737 pio
510 665 776 721 formavit.
818 665 892 718 Ex
934 660 1212 717 effectibus
1235 671 1444 725 autem,
1472 663 1573 717 hoc
1600 669 1715 727 est,
1751 675 1972 731 proces-

394 757 633 811 sionibus
677 754 794 824 ejus
845 754 897 807 in
952 752 1311 822 intelligibiles
1378 752 1580 808 formas
1633 751 1975 823 cognoscitur

368 848 749 912 "solummodo,
770 847 895 917 quia
917 856 1019 911 est,
1040 862 1142 901 non
1162 856 1339 900 autem
1364 845 1701 913 intelligitur,
1727 845 1853 914 quid
1868 852 1973 899 est.

462 938 548 992 18.
574 936 679 992 Sed
700 938 879 990 utrum
902 935 1129 1005 mystica
1148 933 1234 988 illa
1257 943 1400 989 terra
1422 934 1725 1000 invisibilis,
1752 935 1976 1005 ipsaque

392 1029 678 1083 tenebrosa
724 1027 951 1098 abyssus
993 1033 1048 1079 et
1092 1024 1470 1080 intellectualis
1513 1024 1810 1096 primarum
1843 1039 1991 1079 cau-.

392 1135 571 1173 sarum
603 1127 864 1190 perpetuo
903 1115 1186 1171 invisibilis
1216 1116 1235 1146 ι
1275 1116 1397 1181 erit,
1439 1115 1774 1187 abyssusque
1830 1122 1978 1170 tene—

390 1210 552 1264 brosa
585 1207 934 1263 aeternaliter
960 1203 1330 1275 permanebit,
1373 1219 1441 1258 an
1466 1203 1791 1275 quandoque
1814 1244 1829 1268 ,
1875 1203 1981 1258 hoc

388 1305 492 1361 est,
519 1304 642 1365 post
674 1295 835 1350 ﬁnem
877 1294 1037 1364 hujus
1081 1292 1266 1347 mundi
1307 1293 1328 1323 ²
1367 1290 1595 1346 visibilis
1634 1291 1687 1345 in
1728 1290 1976 1346 notitiam

391 1383 842 1443 intellectualium
871 1381 1327 1452 rationaliumque
1358 1382 1716 1438 essentiarum
1745 1396 1977 1451 perven-

392 1488 540 1533 turae
567 1482 716 1541 sunt,
748 1492 852 1530 non
892 1491 1056 1546 parva
1099 1474 1301 1545 indiget
1328 1473 1601 1543 indagine.
1634 1474 1779 1529 Disc.
1808 1473 1978 1528 Immo

390 1570 646 1633 maxima,
671 1577 727 1622 et
760 1581 828 1619 ne
866 1566 971 1622 hoc
1012 1565 1273 1619 intactum
1313 1563 1744 1634 praetermittas,
1781 1562 1980 1618 obnixe

390 1670 532 1732 pcto.
565 1660 705 1716 Μλα.
744 1658 863 1724 Dic,
892 1673 1131 1728 quaeso,
1173 1656 1302 1726 quid
1347 1655 1443 1710 tibi
1497 1654 1752 1710 videtur?
1792 1653 1930 1709 Num
1957 1654 1979 1685 ³

388 1749 761 1821 primordiales
812 1763 995 1803 rerum
1045 1761 1241 1801 causae
1289 1744 1334 1811 ⁸,
1402 1759 1538 1813 quas
1589 1750 1768 1800 terrae
1818 1753 1979 1813 atque

2076 571 2539 641 progressionibus
2571 569 2810 639 proferre
2842 584 2946 620 non
2978 567 3213 621 retardat
3243 565 3306 617 1’.

2149 661 2288 716 MAG.
2330 660 2665 730 Principales
2693 659 2874 728 itaque
2914 672 3107 711 Causae
3139 665 3193 710 et
3230 656 3282 709 in
3315 669 3401 719 ea,
3431 669 3660 723 quorum

2077 763 2274 803 causae
2322 757 2468 811 sunt,
2523 747 2877 817 proveniunt,
2931 754 2985 798 et
3048 744 3403 814 principium,
3451 743 3503 796 id
3559 753 3654 805 est,

2077 840 2398 909 sapientiam
2442 838 2624 892 Patris
2646 838 2716 900 ὀ,
2741 837 2791 890 ἰη
2818 851 2923 905 qua
2956 836 3127 888 factae
3152 842 3299 897 sunt,
3346 849 3455 887 non
3503 835 3651 888 relin-

2077 940 2270 1000 quunt,
2296 937 2368 994 et,
2397 931 2561 983 utsic
2583 926 2627 961 ’ί
2655 928 2852 989 dicam,
2885 924 3017 980 in”
3050 941 3107 980 se
3134 925 3262 995 ipsis
3288 936 3653 993 permanentes

2077 1021 2398 1086 invisibiles,
2429 1020 2666 1075 tenebris
2694 1018 2738 1049 “
2770 1034 2898 1074 suae
2925 1018 3273 1074 excellentiae
3300 1016 3515 1085 semper
3543 1019 3652 1071 als-

2079 1113 2342 1178 conditae,
2364 1112 2415 1167 in
2436 1109 2714 1166 eﬂ'ectibus
2741 1111 2853 1165 suis
2868 1109 3027 1164 veluti
3054 1109 3104 1162 in
3130 1107 3402 1177 quandam
3424 1107 3592 1162 lucem
3615 1107 3652 1137 ’δ

2080 1203 2406 1275 cognitionis
2455 1202 2721 1273 prolatae,
2778 1218 2882 1256 non
2930 1210 3144 1256 cessant
3192 1212 3474 1270 apparere.
3517 1198 3642 1251 Dtsc

2079 1293 2226 1350 Haec
2250 1292 2604 1365 probabiliter
2633 1291 2849 1347 suaderi
2880 1298 3125 1361 possunt.
3161 1288 3266 1341 Sed
3293 1299 3452 1340 nosse
3478 1282 3654 1342 velini,

2078 1392 2261 1439 utrum
2292 1382 2554 1454 principia
2595 1398 2801 1446 rerum,
2840 1395 2978 1451 quae
3016 1376 3447 1448 primordialium
3476 1383 3659 1431 causa-

2079 1487 2201 1527 rum
2227 1472 2533 1527 nominibus
2553 1470 2909 1542 appellantur,
2937 1468 3112 1539 seipsa
3139 1465 3656 1542 intelligunt,_priu~-

2080 1577 2242 1633 quam
2276 1562 2330 1616 in
2362 1562 2508 1633 ipsas
2534 1576 2640 1627 res,
2660 1575 2887 1631 quarum
2917 1572 3114 1613 causae
3136 1568 3259 1611 sunt
3282 1555 3352 1631 εξ,
3377 1539 3655 1624 proiiuanl.

2081 1652 2288 1708 necne?
2325 1652 2463 1708 MAG.
2513 1651 2594 1706 Ad
2654 1652 2756 1706 hoc
2807 1648 3044 1704 breviter
3093 1646 3546 1716 respondendum.
3604 1642 3656 1692 Si

2081 1743 2225 1797 Deus
2263 1743 2316 1797 in
2360 1740 2623 1812 sapientia
2655 1755 2752 1795 sua
2797 1738 2923 1792 fecit
2951 1736 3132 1791 omnia
3163 1750 3301 1804 quae
3346 1734 3486 1792 fecit.
3532 1742 3661 1784 teste

389 1843 569 1915 abyssi
612 1839 882 1895 vocabulis
929 1838 1258 1909 signiﬁcatas
1300 1850 1450 1902 esse,
1492 1851 1729 1906 praeque
1760 1820 2056 1891 incum-in
2086 1833 2381 1904 Scriptura,
2412 1848 2550 1903 quae
2577 1832 2728 1896 dicit,
2765 1829 2940 1883 omnia
2977 1829 3030 1880 in
3059 1824 3315 1896 sapientia
3350 1823 3539 1892 fecisti,
3578 1822 3659 1873 cui

388 1932 731 2005 prcbensibili
753 1926 1210 2001 atque'excellenti
1226 1927 1509 1982 altitudine
1522 1928 1822 1982 invisibiles
1838 1935 1981 1981 tene-

388 2028 684 2096 brosasque
699 2026 873 2080 dictas
887 2023 1233 2086 arbitramur,
1261 2022 1388 2075 dum
1404 2019 1426 2052 ⁸
1450 2034 1546 2089 per
1578 2021 1981 2090 generationem

389 2118 441 2170 lu
489 2130 685 2187 genera
738 2113 1087 2180 formasque,
1141 2110 1195 2164 in
1240 2123 1495 2164 numeros
1542 2106 1983 2177 diﬂ'erentiasque

389 2223 569 2262 rerum
611 2221 706 2259 seu
748 2219 908 2259 sensu
956 2217 1051 2256 seu
1103 2199 1373 2255 intellectu
1411 2198 1979 2269 comprehensibilium

387 2297 714 2367 procedunt,
783 2292 1078 2348 invisibiles
1129 2286 1809 2361 incomprehensibilesque
1861 2303 1982 2345 esse

388 2389 638 2442 desinunt
659 2385 683 2439 ?
707 2388 782 2438 An
808 2398 1022 2454 semper
1053 2383 1104 2437 in
1144 2381 1464 2437 excellentia
1494 2395 1626 2436 suae
1653 2389 1898 2445 naturae,
1926 2381 1979 2435 in

388 2495 494 2548 qua
532 2487 659 2532 ante
692 2476 875 2532 omnia
915 2476 967 2529 in
997 2474 1267 2546 principio
1296 2472 1544 2529 conditae
1569 2481 1729 2538 sunt,
1769 2488 1983 2544 perma-

371 2580 540 2634 'nent,
572 2579 634 2624 'et
666 2569 768 2622 sub
803 2566 1011 2621 nullum
1054 2579 1271 2631 sensum
1317 2563 1721 2618 intellectumve
1751 2565 1980 2627 cadunt,

390 2663 461 2716 ita
512 2671 570 2715 ut
612 2669 667 2715 et
703 2661 755 2713 in
805 2660 989 2720 rebus,
1020 2672 1248 2727 quarum
1286 2668 1484 2710 causae
1532 2663 1690 2719 sunt,
1733 2651 1983 2709 sensibus

389 2768 482 2808 seu
513 2749 873 2807 intellectibus
902 2746 1296 2818 quodammodo
1322 2752 1646 2817 appareant,
1672 2754 1728 2799 et
1754 2744 1984 2799 excelsi-

389 2843 627 2899 tudiuem
668 2855 800 2895 suae
843 2836 1505 2908 incompreltensibilitatis
1554 2852 1661 2890 non
1708 2838 1980 2899 deserant,

388 2951 453 2990 ac
492 2933 656 2987 veluti
709 2932 761 2986 in
815 2929 1054 2986 tenebris
1102 2927 1456 2999 quibusdam,
1496 2927 1553 2981 in
1606 2926 1983 2981 secretissimis

376 3027 510 3082 'dico
547 3024 762 3078 divinae
823 3020 1120 3091 sapientiae
1162 3018 1398 3079 sinibus,
1457 3030 1674 3087 semper
1723 3014 1984 3071 sedeant?

390 3118 536 3171 Ibsc.
600 3115 704 3169 Eas
771 3119 1031 3182 perpetuo
1106 3107 1405 3163 invisibiles
1480 3105 1905 3175 tenebrosasque
1959 3104 1982 3135 ‘

2080 1923 2328 1979 dubitare
2382 1921 2749 1993 permittitur,
2802 1919 3028 1980 omnia,
3088 1930 3227 1986 quae
3284 1914 3337 1968 in
3398 1912 3664 1982 sapientia

2070 2013 2220 2077 facta
2292 2021 2458 2079 sunt,
2533 2010 2674 2067 sicut
2746 2011 2859 2080 ipsa
2926 2005 3189 2077 sapientia
3243 2004 3494 2072 jseipsam
3568 2016 3661 2053 co-

2081 2103 2310 2175 gnoscit,
2342 2111 2419 2158 et
2465 2116 2604 2171 quae
2656 2101 2707 2155 in
2764 2101 2878 2169 ipsa
2930 2096 3070 2151 facta
3121 2101 3268 2159 sunt,
3326 2108 3431 2145 non
3489 2089 3659 2144 solum

2082 2198 2259 2269 seipsa
2289 2212 2634 2270 cognoscere,
2677 2193 2771 2249 sed
2812 2201 2867 2247 et
2909 2206 3109 2254 rerum,
3143 2203 3369 2259 quarum
3402 2185 3660 2254 principia

2083 2296 2228 2352 sunt,
2261 2288 2449 2343 notitia
2488 2304 2595 2342 non
2626 2284 2849 2340 carere?
2888 2282 3001 2336 Non
3030 2280 3173 2335 enim
3200 2275 3522 2332 credendum
3559 2285 3662 2339 est,

2088 2379 2142 2434 in
2207 2378 2389 2434 divina
2436 2376 2697 2448 sapientia
2759 2372 2960 2442 aliquid
3015 2369 3272 2438 insipiens
3319 2381 3375 2420 et
3432 2363 3666 2433 seipsum

2090 2470 2346 2540 ignorans
2368 2469 2641 2524 conditum
2670 2464 2858 2519 fuisse.
2883 2460 2989 2517 Sed
3016 2461 3081 2515 de
3104 2460 3189 2514 bis
3207 2456 3515 2528 diligentius
3542 2453 3666 2507 alibi

2082 2561 2552 2616 considerandum.
2618 2558 2762 2611 DISC.
2814 2554 2888 2608 ιω
2944 2552 3056 2605 ﬁat.
3110 2548 3243 2603 Nam
3298 2560 3406 2603 non
3449 2546 3665 2599 brevem

2084 2649 2559 2716 transitoriamque
2609 2646 2826 2716 quaerit
2867 2640 3285 2711 indagatioucm,
3335 2638 3381 2693 si
3436 2636 3667 2706 primor-

2084 2739 2254 2795 diales
2282 2753 2478 2794 causae
2520 2738 2726 2807 seipsas
2755 2734 2990 2804 sapiunt,
3030 2731 3286 2800 quoniam
3319 2729 3372 2782 in
3403 2726 3668 2798 sapientia

2085 2841 2302 2886 creatae
2331 2837 2475 2893 sunt,
2508 2825 2963 2895 aeternaliterque
3006 2822 3060 2876 in
3087 2835 3150 2876 ea
3174 2818 3496 2882 subsistunt,
3528 2831 3669 2885 quae

2084 2921 2287 2977 nullum
2317 2919 2576 2990 insipiens
2622 2917 2675 2971 in
2723 2930 2782 2971 se
2831 2915 3024 2985 recipit
3049 2915 3125 2978 “,
3172 2909 3442 2981 quomodo
3470 2923 3541 2962 ex
3581 2922 3671 2960 sa-

2084 3011 2352 3080 pientibus
2378 3009 2576 3065 "causis
2623 3008 2788 3061 multa
2820 3002 3142 3074 insipientia
3186 3001 3502 3072 procedunt.
3555 2998 3671 3052 Non

2084 3101 2227 3154 enim
2269 3100 2477 3164 omnia,
2504 3113 2643 3169 quae
2668 3113 2752 3152 ex
2797 3097 2866 3151 iis
2909 3093 3195 3167 proﬂuunt,
3228 3090 3491 3162 sapientia
3527 3097 3670 3143 sunt.

389 3222 508 3261 esse
583 3202 928 3261 crediderim.
999 3198 1056 3253 Si
1135 3198 1280 3252 enim
1344 3197 1462 3265 ipsa
1538 3194 1801 3264 sapientia
1888 3194 1981 3248 Dei
2009 3166 2063 3228 (λλ
2086 3191 2227 3245 Duas
2272 3189 2536 3259 siquidem
2594 3197 2816 3243 naturas
2868 3184 3168 3254 sapientiae
3215 3178 3506 3251 participes
3552 3192 3674 3232 csse

389 3297 585 3360 Patris,
612 3294 665 3347 in
700 3305 805 3361 qua
827 3289 849 3321 τ
873 3287 1053 3343 omnia
1077 3286 1215 3340 facta
1240 3292 1365 3339 sunt
1391 3296 1623 3352 vereque
1664 3282 1983 3347 subsistunt,

391 3396 446 3442 ct
469 3395 623 3441 extra
651 3396 816 3451 quam
862 3378 995 3433 nihil
1023 3391 1142 3432 esse
1190 3373 1507 3447 intelligitur
1529 3373 1574 3439 ⁸,
1616 3374 1670 3427 in
1694 3374 1869 3443 seipsa
1900 3373 1983 3427 in-

392 3467 901 3544 comprehensibilis
938 3464 1333 3532 invisibilisque
1369 3471 1682 3532 permanet;
1724 3462 1816 3514 lux
1840 3459 1984 3514 enim

393 3575 477 3621 est
519 3558 898 3619 inaccessibiiis
928 3597 943 3621 ,
992 3568 1209 3610 omnem
1273 3550 1606 3606 intellectum
1659 3563 1922 3620 superans
1967 3566 1983 3602 :

382 3656 525 3726 quid
557 3654 774 3716 mirum,
803 3649 847 3703 si
879 3660 1077 3703 causae
1102 3644 1368 3707 omnium,
1401 3657 1541 3712 quae
1581 3643 1634 3696 in
1681 3657 1766 3707 ea,
1802 3648 1857 3694 et
1890 3654 1988 3710 per

376 3759 540 3809 'eam,
568 3752 623 3797 et
645 3740 714 3795 ad
734 3754 853 3795 eam
883 3736 1056 3792 factae
1080 3742 1222 3797 sunt,
1252 3731 1551 3788 invisibiles
1579 3731 1988 3800 incomprehen—

396 3836 685 3903 sibilesque
714 3827 1067 3885 aeternaliter
1092 3825 1382 3880 credantur
1415 3835 1559 3883 esse.
1603 3829 1656 3876 et
1687 3821 1987 3874 incommu-

384 3925 637 3982 -tabiliter
658 3918 1013 3994 permanere?
1034 3916 1102 3970 Et
1122 3912 1371 3982 exemplo
1389 3915 1410 3946 ⁵
1433 3920 1649 3966 nostrae
1698 3921 1922 3964 naturae
1942 3908 1988 3940 ¹⁰

396 4015 528 4071 illud
571 4026 861 4085 possumus
906 4005 1174 4077 conjicere
1220 4004 1289 4058 “.
1319 4001 1454 4058 Nam
1493 4000 1636 4072 quod
1677 3999 1990 4055 intellectus

384 4120 587 4166 noster
628 4109 684 4164 in
726 4106 905 4176 seipse
936 4102 1172 4174 primum
1218 4097 1613 4155 rationabiliter
1645 4095 1905 4164 concipit,
1934 4102 1992 4152 et

382 4201 465 4255 ead
494 4200 740 4255 habitum
774 4209 945 4265 purae
973 4189 1354 4264 perfectaeque
1381 4187 1766 4260 intelligentiae
1789 4188 1990 4257 perdu-

384 4294 494 4356 'cil,
524 4303 740 4359 semper
782 4295 838 4340 et
884 4286 939 4339 in
994 4298 1053 4338 se
1100 4281 1328 4342 obtinet,
1372 4287 1427 4334 et
1473 4276 1795 4347 quibusdam
1825 4275 1993 4346 signis

385 4381 736 4437 extrinsecus
777 4375 1004 4446 profert.
1052 4371 1214 4428 Verbi
1255 4369 1445 4442 gratia,
1487 4367 1534 4423 si
1580 4381 1763 4422 veram
1806 4366 1993 4434 cogni—

385 4473 601 4528 stionem
650 4470 716 4523 de
765 4468 944 4538 aliquo
997 4461 1238 4519 sensibili
1284 4460 1368 4516 vel
1415 4457 1733 4529 intelligibili
1777 4457 1993 4527 sapiens

2087 3284 2379 3349 credimus,
2398 3281 2809 3336 intellectualem
2827 3280 2880 3334 in
2896 3277 3123 3349 angelis,
3137 3285 3189 3330 et
3208 3275 3253 3308 ’τ
3282 3273 3334 3328 iu
3360 3270 3671 3339 hominibus

2088 3370 2403 3427 rationalem
2431 3384 2446 3423 :
2471 3380 2650 3425 cetera
2694 3383 2841 3434 vero,
2872 3381 3011 3437 quae
3046 3381 3077 3419 a
3108 3363 3359 3419 sensibus
3387 3375 3479 3415 seu
3514 3359 3670 3412 intel-

2084 3464 2230 3518 iectu
2261 3463 2307 3495 ”
2339 3462 2723 3533 comprehendi
2775 3468 3033 3531 possunt,
3085 3444 3380 3527 sapientiae
3432 3452 3673 3521 expertia

2087 3553 2465 3608 existimamus
2493 3551 2540 3582 ¹⁹
2572 3565 2713 3606 esse.
2754 3548 3012 3616 Quamvis
3037 3546 3276 3602 breviter
3304 3543 3427 3612 quis
3452 3554 3678 3610 respon-

2088 3646 2215 3701 dere
2252 3642 2446 3707 valeat,
2488 3657 2593 3697 non
2624 3655 2741 3698 esse
2771 3640 2992 3704 mirum,
3020 3636 3073 3690 in
3118 3633 3450 3704 sapientibus
3498 3644 3680 3684 exem-

2088 3732 2329 3805 plaribus
2368 3730 2734 3801 insipientium
2770 3741 2965 3784 causas
3009 3725 3326 3786 subsistere,
3366 3720 3494 3775 dum
3530 3718 3680 3772 vidc-

2088 3838 2230 3889 mus,
2258 3822 2309 3875 in
2334 3820 2600 3877 solaribus
2630 3817 2794 3874 radiis
2814 3817 3159 3872 tenebrarum
3184 3810 3498 3867 occasiones
3522 3815 3682 3861 natu-

2092 3914 2280 3969 raliter
2312 3913 2513 3979 inesse,
2544 3913 2782 3981 dumque
2828 3910 2882 3964 in
2920 3924 2979 3964 se
3022 3907 3156 3978 ipsis
3205 3903 3379 3959 nullas
3422 3900 3681 3956 tenebras

2086 4018 2212 4059 esse
2243 4002 2449 4068 sinunt,
2479 4015 2572 4056 eas
2602 4009 2781 4054 tamen
2815 3997 2883 4052 de
2916 3995 3101 4051 causis
3140 3992 3194 4047 in
3222 4005 3280 4048 se
3311 3990 3490 4046 insitis
3515 3984 3681 4042 veluti

2092 4092 2195 4148 sibi
2223 4091 2500 4163 oppositas
2529 4090 2772 4161 gignunt.
3640 4074 3647 4082 ’

2159 4182 2251 4237 19.
2288 4183 2437 4237 Disc.
2475 4179 2615 4248 Quid
2645 4193 2775 4248 ergo
2809 4176 2927 4233 vult
2957 4175 3101 4246 quod
3118 4171 3375 4243 sequitur
3408 4180 3427 4222 ξ
3462 4165 3529 4221 Et
3558 4164 3684 4235 Spi-

2094 4280 2228 4334 ritus
2270 4276 2370 4332 Dei
2399 4274 2825 4345 superferebatur
2867 4286 3025 4342 super
3047 4284 3210 4340 aquas
3231 4266 3257 4319 7
3300 4264 3382 4318 An
3415 4261 3556 4316 forte
3582 4261 3687 4315 hoc

2080 4368 2361 4432 additum,
2393 4380 2462 4421 ne
2490 4363 2912 4421 aestimarentur
2948 4355 3329 4431 primordiales
3354 4365 3557 4409 causae
3580 4364 3689 4404 non

2100 4458 2273 4515 solum
2300 4454 2681 4512 intellectualis
2706 4450 3087 4518 rationalisque
3109 4453 3389 4500 creaturae
3407 4442 3686 4501 virtutem,

401 4563 613 4617 animus
641 4557 946 4629 perceperit
974 4556 1042 4620 ¹²,
1091 4553 1203 4623 ipsa
1251 4552 1485 4621 cognitio
1530 4558 1588 4605 et
1615 4550 1668 4603 in
1699 4563 1763 4603 eo
1796 4548 1841 4580 ³³
1887 4547 1993 4601 lixa
2022 4524 2072 4584 Ῑ)
2097 4567 2284 4604 verum
2310 4550 2474 4605 etiam
2502 4548 2547 4580 ³⁰
2574 4545 2849 4601 Creatoris
2874 4556 3062 4599 earum
3088 4534 3480 4607 intelligibilem
3502 4531 3690 4600 cogni-

394 4658 686 4724 permanet
724 4646 784 4710 "’,
814 4654 868 4700 et
892 4643 1204 4714 pbantasias
1244 4642 1416 4713 primo
1457 4640 1509 4695 in
1538 4640 1581 4673 ¹⁵
1608 4639 1990 4716 cegnitionem,

403 4744 598 4801 deinde
630 4741 674 4774 “
702 4741 754 4795 in
786 4753 999 4802 sensus,
1030 4736 1225 4793 deinde
1251 4735 1295 4767 ¹⁶
1327 4735 1379 4789 in
1408 4750 1601 4789 vocum
1629 4734 1804 4803 signa,
1833 4732 1994 4786 alios-

402 4850 509 4905 que
536 4842 721 4899 nutus,
749 4831 944 4900 quibus
964 4829 1178 4883 animus
1204 4833 1415 4882 secreta
1448 4840 1543 4878 sua
1571 4823 1845 4878 molimina
1874 4837 1994 4893 gra-

408 4924 577 4979 datim
628 4920 1010 4978 descendentia
1067 4916 1204 4972 solet
1253 4913 1487 4983 aperire,
1536 4912 1702 4981 inque
1759 4911 1991 4966 aliorum

2096 4643 2295 4697 tionem
2331 4653 2461 4710 prae
2509 4637 2674 4692 nimia
2725 4649 2854 4690 suae
2901 4640 3127 4688 naturae
3158 4623 3480 4683 excellentia
3525 4635 3691 4688 supe-

2097 4731 2257 4787 rare?
2295 4730 2361 4784 Et
2385 4729 2634 4799 Spiritus,
2670 4726 2862 4797 inquit,
2893 4722 2993 4777 Dei
3019 4718 3283 4791 ferebatur
3319 4729 3474 4782 super
3496 4727 3687 4781 aquas.

2095 4824 2174 4878 Ac
2204 4822 2250 4877 si
2280 4821 2489 4876 diceret
2523 4836 2536 4871 :
2568 4814 2993 4888 primordialium
3032 4820 3323 4866 causarum
3362 4802 3571 4858 infinita
3606 4801 3692 4852 iu-

2096 4908 2716 4982 comprehensibil-isqne
2754 4906 3013 4975 abyssus,
3060 4915 3124 4955 ac
3148 4912 3247 4969 per
3275 4898 3377 4951 hoc
3404 4891 3695 4949 invisibilis

1659 5065 1916 5122 VARIAE
1951 5066 2355 5123 LECTIONES.

479 5217 497 5249 ¹
547 5214 639 5273 Sic
681 5214 845 5275 CDE;
880 5204 924 5265 Α
951 5208 1223 5265 invisibilis
1271 5218 1410 5261 terra
1465 5214 1709 5275 perpetuo
1735 5207 1861 5261 erit.
1935 5209 1956 5237 ³
1990 5207 2080 5261 Sic
2118 5206 2282 5270 CDE;
2332 5208 2373 5258 A
2419 5202 2601 5256 mundi
2624 5202 2805 5254 huius.
2882 5202 2903 5231 ³
2940 5202 3030 5251 Sic
3060 5202 3226 5251 ADE;
3261 5202 3302 5245 υ
3338 5205 3457 5243 non.

392 5286 574 5343 -CDE:
603 5287 643 5342 A
679 5299 871 5341 causae
916 5296 1113 5334 rerum.
1196 5278 1217 5310 '
1249 5276 1343 5331 Sic
1382 5274 1544 5337 CDE;
1589 5274 1629 5327 A
1658 5291 1821 5343 ﬁcum.
1896 5277 1918 5308 ⁸
1947 5276 2037 5331 Sic
2080 5274 2243 5337 CDE;
2293 5274 2336 5328 A
2389 5274 2749 5343 tenebrasque.
2826 5271 2845 5301 "
2890 5269 2982 5323 Sic
3024 5264 3143 5325 CD;
3197 5260 3457 5343 Αιέὶιιίιιτρἶ

411 5286 574 5353 CDE;
603 5287 643 5342 Α
679 5299 871 5368 causae
906 5296 1113 5362 rerum.
1196 5278 1217 5310 '
1249 5275 1544 5377 SicﬁDE;
1589 5275 1629 5327 A
1681 5291 1821 5331 cum.
1896 5277 1918 5308 ⁸
1947 5276 2037 5331 Sic
2080 5275 2243 5337 CDE;
2293 5275 2336 5328 A
2362 5275 2749 5354 .tenebrasque.
2826 5275 2845 5301 ⁷
2890 5275 2982 5323 Sic
3024 5275 3143 5325 GI);
3197 5275 3289 5315 Ab
3331 5275 3363 5359 q

411 5357 574 5439 CDE;
612 5358 669 5438 ,Α
700 5353 1007 5453 intelligitur
1051 5364 1204 5445 essen
1317 5346 1408 5401 Slc
1451 5342 1567 5405 CE;
1601 5342 1695 5445 ΑΒ
1721 5344 1856 5428 Mite.
1904 5345 2174 5444 Eaemplo.
2247 5344 2291 5375 ‘°
2559 5340 2692 5438 CODE
2741 5351 2959 5393 naturae
3006 5344 3278 5429 nostrae.u
3313 5330 3329 5359 ¹
3360 5399 3363 5425 ἲ

412 5426 456 5479 Α
479 5441 762 5481 εοηειυενε·
840 5428 853 5455 ’
921 5421 1010 5475 SIC
1041 5417 1206 5481 CDE.
1244 5416 1288 5471 Α
1316 5415 1560 5481 Percepit
1720 5415 1810 5471 SIC
1838 5416 2003 5481 CDE,
2035 5416 2079 5468 A
2120 5431 2252 5481 ipso.
2333 5415 2345 5443 ‘
2417 5412 2511 5467 Sic
2534 5411 2577 5465 Δ
2601 5452 2614 5472 ,
2649 5410 2782 5481 CDE
2835 5412 3165 5481 permaneat...
3250 5397 3363 5481 δὲ

412 5426 456 5479 'A
479 5415 767 5498 concipere.
836 5415 887 5498 ξί
921 5417 1173 5498 Sie_CP_E
1192 5415 1560 5498 ;ﬂ.§_perc‘epit.

415 5580 709 5618 ctattousvc.
786 5580 827 5595 "
869 5580 961 5615 me
1003 5580 1172 5620 hum;
1204 5580 1249 5609 Λ
1278 5580 1473 5608 turtuu.
1552 5580 1567 5581 ί

348 5679 352 5683 .
416 5632 459 5684 C
479 5634 611 5686 sicut
638 5633 711 5683 in.
785 5632 833 5663 “
861 5630 953 5685 Sic
975 5626 1139 5689 CDE;
1169 5626 1211 5679 A
1236 5623 1578 5692 tenebrisque.

418 5712 559 5755 sunt.
635 5700 682 5731 "
718 5698 808 5753 Sic
833 5697 1004 5756 ADE;
1043 5697 1084 5750 (ἶ
1113 5693 1319 5763 recepit.

420 5771 701 5833 credimus.
778 5768 822 5801 '°
859 5767 949 5822 SLc
976 5764 1134 5830 CDE;
1166 5763 1211 5817 Α
1237 5773 1305 5817 οι.

1813 5488 1854 5518 ¹⁷
1898 5479 1997 5542 εἰσ
2028 5479 2192 5545 GDE;
2225 5484 2267 5536 A
2310 5485 2608 5536 animorum
2632 5479 2951 5548 aliquorum.

1550 5550 1597 5581 ²⁰
1636 5552 1922 5626 SicACDE;
1956 5556 2017 5626 Α
2053 5554 2219 5626 patris
2249 5552 2582 5626 sapientiam.

1656 5622 1703 5653 ”
1729 5623 1819 5679 Sic
1859 5624 1992 5680 CDE
2010 5666 2025 5687 ,
2054 5620 2097 5678 λ
2124 5622 2291 5675 lucem
2314 5620 2613 5690 quandam.

1396 5693 1438 5724 ’⁷
1472 5689 1573 5745 Sic
1598 5689 1763 5761 CDE;
1796 5705 1843 5748 et
1870 5710 1980 5748 om.
2005 5694 2068 5746 A.

3547 5187 3569 5217 ⁵
3600 5185 3701 5241 Sic

3537 5256 3559 5287 ³
3600 5256 3703 5312 Sic

3398 5326 3490 5381 Sic
3523 5325 3663 5380 CDE
3683 5344 3700 5388 ;

2835 5412 3165 5475 ρενηιαηᾳιαί.Δ
3235 5399 3285 5475 '1
3291 5397 3412 5475 _S_ic
3437 5395 3574 5475 (ξῦΕ
3593 5412 3631 5475 ς.
3646 5396 3702 5475 ﬁ

3032 5474 3074 5508 "
3109 5470 3202 5527 Sic
3246 5466 3411 5529 CDE;
3445 5465 3491 5518 Δ
3520 5465 3708 5529 artiﬁ-

2659 5533 2834 5601 “'Sic
2872 5545 3041 5601 ADE;
3072 5542 3113 5597 c
3140 5542 3238 5593 ita.
3314 5537 3360 5568 η
3396 5535 3488 5591 δίο
3516 5533 3701 5592 ADE;

2691 5579 3113 5676 "ogicnxﬁlé:
3135 5579 3703 5675 5%.th

2691 5702 2737 5730 In
2779 5687 2841 5730 ah
2872 5684 3169 5730 intellectu.
3247 5676 3293 5707 ¹¹¹
3331 5674 3425 5730 Sic
3447 5672 3617 5730 CDE;
3657 5672 3707 5727 Α

2882 5198 2903 5231 ³
2940 5197 3030 5251 Sic
3060 5193 3226 5251 ADE;
3261 5189 3302 5245 (Ξ
3338 5205 3465 5243 non.

2333 5411 2614 5472 "“SicA;
2649 5410 2782 5463 CDE

2143 5692 2188 5723 ’⁸
2231 5684 2524 5753 8ἱο’(]1)Ε;
2558 5689 2598 5741 Α
2645 5702 2740 5742 seu
2779 5687 2841 5740 ab
2872 5684 3169 5740 intellectu.
