3912 6154
327 239 434 296 555‘
447 304 450 305 ν

1183 249 1270 304 DE
1313 250 1655 312 DlYlSlONE
1697 257 2052 316 NATURAE.
2096 293 2163 303 —
2200 263 2404 320 LIBER
2441 267 2814 326 SECUNDUS.

3445 277 3550 331 534

320 361 706 434 tenebrosaque
724 367 918 422 merito
943 373 1230 440 appellata,
1258 391 1363 430 non
1385 377 1455 431 ita
1485 393 1700 444 omnem
1726 381 1879 437 intel-
1911 395 1952 450 Α
1987 386 2121 440 velle
2147 398 2198 442 et
2223 389 2438 444 Patrem
2465 391 2640 445 facere
2667 411 2680 458 ;
2715 392 2879 459 ipsius
2903 392 3042 446 enim
3063 393 3203 447 artio
3227 409 3383 448 suum
3407 399 3544 452 velle

318 451 502 506 lectum
571 459 940 529 rationemque
983 463 1270 520 altitudine
1333 467 1685 526 0b~cmilalis
1746 487 1881 526 suae

317 541 510 612 cffugit,
540 557 594 597 ut
621 547 780 599 etiam
811 565 837 598 a
869 547 1072 617 Spiritu
1106 553 1196 606 Dei
1230 557 1615 622 comprehendi
1644 572 1696 613 et
1719 575 1877 626 supe-

318 633 412 687 tari
445 651 548 688 non
582 639 772 704 possit.
803 639 858 690 D.
881 657 942 694 us
972 658 1206 712 namque
1235 645 1381 714 ipsas
1411 663 1456 698 v«
1477 648 1572 701 luti
1603 652 1870 718 quaedam

303 721 652 780 fundamenta
677 731 1048 800 principiaque
1076 744 1396 790 naturarum
1432 741 1696 804 omnium,
1731 757 1870 808 quae

313 816 374 867 ab
427 833 493 868 eo
534 829 686 883 sunt,
739 820 791 874 ltt
834 824 1104 894 principio
1133 825 1278 894 fcit,
1331 831 1872 903 superetniuentiqne

314 905 508 959 inﬁnita
539 909 555 940 ¹
602 926 697 963 sua
747 915 990 984 guostica
1053 916 1250 971 vit-tute
1291 935 1383 972 eas
1430 923 1865 990 comprehendit,

311 1001 633 1070 si-ir.tusqne
654 1005 770 1073 ejus
793 1024 897 1060 non
926 1008 1081 1062 locali
1109 1011 1404 1077 veltituinr,
1428 1014 1520 1066 sed
1540 1016 1865 1083 Cognitionis

308 1091 694 1162 t~tttiuetttizreis
715 1100 1070 1165 super-fertur.
1093 1103 1278 1157 Potest
1297 1119 1350 1157 et
1374 1105 1450 1158 sic
1475 1105 1580 1160 dlCl
1601 1123 1616 1160 :
1636 1105 1888 1176 Spiritus.

443 1183 874 1266 superferebatur
896 1205 1056 1259 super
1081 1208 1266 1262 aquas.
1295 1193 1416 1248 Non
1452 1197 1594 1249 cnim
1625 1202 1866 1266 printer?-

303 1253 456 1307 ditlcs
483 1256 726 1310 omnium
761 1253 971 1316 causas'
1002 1253 1184 1318 tantae
1220 1267 1572 1324 excellentiae
1609 1253 1730 1326 esse
1757 1253 1876 1328 cre-

302 1342 417 1398 dere
448 1345 730 1411 debemus.
769 1361 825 1406 ut
863 1354 1003 1408 nulla
1048 1357 1296 1426 superior
1323 1361 1344 1392 ²
1373 1375 1466 1416 eas
1521 1379 1682 1420 causa
1723 1379 1876 1436 prae-

301 1434 448 1490 cedat
469 1437 510 1501 ³,
539 1453 679 1508 quae
735 1456 830 1496 eas
866 1455 1102 1513 superat.
1134 1447 1228 1502 Est
1261 1451 1403 1505 enim
1433 1467 1536 1508 una
1578 1434 1875 1526 eademque

299 1526 530 1582 omnium
557 1544 743 1595 causa,
768 1545 832 1584 cx
857 1548 982 1600 qua,
1012 1543 1066 1588 et
1094 1549 1190 1604 per
1217 1554 1402 1608 quam,
1428 1541 1481 1594 in
1537 1558 1641 1612 qua
1663 1545 1707 1610 ⁸,
1731 1554 1787 1601 et
1807 1547 1875 1602 ad

296 1631 448 1687 quam
503 1634 686 1674 rerum
742 1624 984 1678 omnium
1031 1641 1230 1682 causae
1276 1639 1439 1699 atque
1483 1637 1873 1703 praecedentes

294 1708 602 1765 occasiones
642 1711 896 1780 primitus
943 1714 1120 1771 factae
1165 1729 1312 1774 sunt.
1349 1719 1582 1792 Ideoque
1619 1727 1870 1784 omnibus

294 1797 582 1864 superferri
642 1816 748 1859 non
785 1801 1070 1859 immerito
1108 1804 1390 1878 Scriptura
1441 1821 1692 1878 testatur,
1742 1816 1868 1887 quia

295 1885 574 1942 universae
620 1901 908 1948 creaturae
954 1909 984 1948 a
1029 1909 1090 1950 se
1134 1897 1440 1970 inclinantis
1467 1917 1588 1958 esse
1625 1885 1870 1962 ordinem

289 1977 578 2042 praecedit,
621 1986 676 2032 et
719 1979 771 2035 in
800 1995 922 2036 eam
956 1983 1172 2040 desinit.
1227 1985 1341 2042 Non
1373 1992 1516 2059 quod
1564 1993 1618 2047 in
1657 2008 1720 2048 ea
1767 1995 1872 2052 hoc

289 2063 430 2131 prius
462 2077 522 2121 et
569 2068 676 2126 hoc
711 2074 982 2140 posterius
1025 2077 1237 2136 ratione
1274 2089 1576 2152 temporum
1623 2094 1868 2141 creatum

295 2155 374 2220 sit,
413 2159 604 2212 simul.
633 2161 775 2215 enim
821 2173 896 2218 et-
926 2167 1106 2222 semel
1138 2169 1159 2200 ⁸
1200 2171 1381 2225 omnia
1425 2175 1773 2231 aeternaliter
1817 2178 1872 2232 in

291 2248 393 2316 ipsa
421 2259 554 2304 sunt
584 2249 627 2315 ⁸,
656 2261 713 2306 et
743 2251 810 2307 ab
863 2253 976 2324 ipsa
1007 2257 1148 2313 facta
1194 2269 1342 2325 sunt,
1379 2263 1470 2318 sed
1509 2267 1653 2334 quod
1682 2267 1874 2324 ordine

293 2339 546 2398 ineffabili
589 2345 1236 2420 incomprehensibilique
1273 2355 1419 2409 omni
1461 2356 1753 2412 intellectui
1795 2360 1876 2415 di-

292 2432 404 2486 vina
435 2435 786 2502 providentia
815 2437 1224 2495 universitatem
1257 2443 1507 2499 conditae
1553 2456 1778 2502 naturae
1806 2461 1872 2503 ex

289 2523 784 2579 non-existentibus
833 2527 886 2581 iu
939 2529 1233 2589 existentia
1281 2533 1575 2602 produxit,
1643 2536 1873 2604 quadam

286 2613 558 2668 essentiali
590 2615 852 2687 dignitate
893 2619 996 2674 alia
1043 2621 1206 2676 aliis"
1239 2622 1643 2693 praeferuntur,
1684 2625 1758 2680 ita
1818 2635 1874 2682 ut

287 2719 366 2770 ea,
413 2723 562 2779 quae
607 2711 753 2767 circa
810 2712 1171 2769 nniversalem
1221 2718 1462 2772 omnium
1513 2733 1752 2784 causam,
1796 2720 1877 2790 ip-

287 2808 396 2846 sum
447 2795 622 2851 Deum
668 2797 810 2864 dico,
864 2801 1108 2870 proxime
1153 2815 1315 2875 atque
1367 2806 1718 2870 immediate,
1775 2809 1877 2864 hoc

288 2883 441 2948 est',
501 2883 648 2939 nulla
696 2889 959 2955 superiori
1019 2896 1318 2946 creatura’
1365 2893 1683 2964 interposita
1751 2911 1884 2951 (που.

289 2970 482 3026 duntur
508 2983 566 3028 et
607 2974 980 3048 intelliguntur
1036 2996 1195 3048 esse,
1237 2983 1694 3054 principalissima
1746 3003 1878 3042 con-

291 3059 424 3114 ditae
500 3063 880 3122 univcrsitatis
955 3069 1215 3141 principia
1287 3071 1412 3140 jure
1469 3069 1947 3144 praedicenlur,C

289 3165 352 3206 ac
405 3153 608 3208 deinde
668 3155 772 3210 alia
833 3174 898 3212 ex
951 3159 1074 3214 aliis
1121 3175 1152 3214 a
1214 3177 1426 3219 summo
1483 3181 1658 3237 usque
1710 3169 1873 3224 deor-

287 3256 422 3308 sum,
479 3245 593 3300 hoc
650 3256 752 3310 est,
819 3250 887 3303 ab
936 3249 1090 3305 initio
1154 3251 1536 3311 intellectualis
1597 3267 1898 3317 creaturae.

287 3347 454 3402 usque
517 3336 589 3389 ad
649 3339 890 3393 omnium
953 3341 1238 3412 inﬁmum,
1301 3347 1443 3414 quod
1496 3356 1579 3403 est
1635 3365 1872 3421 corpus,

285 3420 637 3479 descendunt.
697 3428 934 3496 Spiritus
983 3447 1112 3503 ergo
1165 3433 1256 3488 Dei
1313 3449 1475 3504 super
1527 3420 1870 3498 tenebrosam

285 3510 535 3584 abyssum
565 3531 854 3574 causarum
876 3521 1114 3576 omnium
1137 3523 1561 3592 pritnordialiter
1603 3526 1869 3585 factarum

287 3606 642 3676 superfertur,
658 3609 781 3678 quia
816 3611 964 3667 solus
982 3613 1229 3668 conditor
1249 3615 1470 3684 spiritus
1491 3617 1736 3674 conditas
1751 3635 1876 3676 cau-

289 3707 378 3751 sas
414 3699 749 3768 cognitionis
775 3702 1092 3758 excellentia
1121 3689 1876 3781 supereminet,'omninmqne

287 3798 595 3849 causarum,
626 3805 762 3860 quas
787 3791 830 3824 ”
859 3802 1166 3861 creaverat,
1189 3810 1293 3850 una
1308 3810 1373 3850 ac
1404 3796 1514 3851 sola
1548 3801 1875 3868 praecedens

286 3881 337 3926 et
357 3881 798 3947 superest-ellcns
835 3898 998 3938 causa
1030 3893 1134 3948 est,
1170 3893 1224 3939 et
1243 3886 1728 3956 principalissimus
1753 3888 1874 3951 fons

284 3966 547 4032 omnium,
581 3985 721 4038 quae
752 3988 778 4024 a
837 3987 896 4026 se
949 3973 1001 4028 in
1037 3974 1303 4030 infinitum
1363 3977 1660 4046 proauum,
1715 3988 1768 4033 ct
1819 3981 1871 4035 in

287 4070 344 4112 te
387 4071 704 4126 recurrunt,
755 4071 804 4117 et
855 4082 883 4119 a
939 4066 1083 4122 nullo
1135 4069 1258 4134 alio,
1317 4068 1362 4124 si
1403 4070 1468 4124 de
1525 4069 1876 4141 Spiritusan-

283 4155 372 4202 ειο
417 4153 643 4221 proprie
699 4153 1036 4228 intelligitur,
1101 4159 1204 4212 nisi
1253 4175 1280 4212 a
1336 4159 1494 4215 Patre
1551 4171 1756 4218 manat.
1791 4165 1872 4226 Ab

285 4236 399 4307 ipso
421 4245 570 4297 enim
603 4255 688 4300 est
731 4245 900 4302 Filius
943 4265 1038 4318 per
1069 4249 1388 4306 ineﬂ'abilem
1443 4257 1869 4324 generationem,

281 4328 337 4384 ia
361 4345 468 4401 quo
490 4345 551 4389 ut
581 4337 634 4389 in
667 4339 928 4408 principio
949 4339 1075 4394 fecit
1103 4344 1316 4404 omnia:
1349 4345 1418 4399 ab
1443 4346 1559 4416 ipso
1588 4356 1670 4402 est
1701 4349 1874 4418 Spiri-

1963 481 2091 529 ‘est.
2121 476 2252 530 Nam
2277 491 2324 530 et
2352 481 2416 533 de
2451 481 2586 534 Filio
2606 493 2656 534 et
2685 481 2886 547 Spiritu
2914 495 3102 536 sancto
3126 483 3543 537 similiterintel-

1985 565 2253 630 ligendum
2283 569 2344 624 ³³.
2381 571 2579 624 Eurum
2603 573 2866 639 siquidem
2893 575 3140 640 operatio
3171 574 3242 626 nil
3271 575 3412 627 aliud
3438 585 3542 638 est,

1978 671 2140 722 quam
2167 675 2350 712 corum
2381 661 2648 718 voluntas.
2675 661 2782 717 Nec
2810 663 2912 715 alia
2945 663 3192 718 voluntas
3229 675 3304 716 cst
3343 662 3570 726 Patris,.

1979 749 2080 801 alia
2105 747 2150 780 “
2170 747 2309 811 Filii,
2342 751 2443 803 alia
2473 752 2762 820 "Spiritus
2781 755 2972 816 sancti,
3003 757 3094 808 sed
3119 769 3220 807 una
3246 757 3543 826 caduntque

1980 840 2254 902 voluntas,
2279 856 2422 893 unus
2447 857 2600 894 amor
2631 843 2790 894 trium
2817 843 3244 897 substantiarnm
3269 845 3430 896 unius
3459 859 3539 898 es-
3595 891 3602 903 ,

1976 929 2222 983 sentialis
2268 929 2546 993 bonitatis,
2577 946 2686 999 quo
2733 947 2791 984 se
2827 941 3004 986 movet
3028 930 3188 986 Pater
3215 931 3396 986 facere
3428 947 3546 986 ona-

1975 1020 2060 1072 ttia
2083 1019 2124 1050 ⁸⁸
2143 1020 2192 1072 itt
2211 1020 2364 1084 Filio,
2385 1021 2644 1088 perlicere
2665 1023 2708 1055 ⁸⁷
2731 1025 2781 1075 itt
2803 1021 3005 1091 Spiritu
3025 1035 3230 1078 sancto.
3258 1025 3318 1078 Et
3337 1025 3474 1094 quod
3503 1025 3542 1056 “‘

1972 1110 2102 1166 facit
2118 1109 2310 1176 Filius,
2329 1121 2382 1167 et
2399 1113 2438 1144 ¹⁹
2456 1112 2692 1183 Spiritus
2713 1125 2931 1168 sanctus
2950 1113 3158 1184 pet-[icit
3175 1115 3242 1179 ⁸ο,
3262 1124 3431 1170 totum
3455 1131 3542 1170 rc-

1977 1203 2150 1260 fertnr
2175 1207 2241 1261 ad
2271 1208 2489 1265 Patrem
2516 1210 2802 1266 facientem
2825 1222 2877 1268 et
2908 1214 3281 1283 perficientem
3299 1259 3313 1282 ,
3343 1221 3468 1290 quia
3492 1237 3558 1276 ex

1981 1293 2100 1363 ipso
2129 1307 2253 1353 sunt
2275 1299 2480 1354 omnia.
2511 1299 2592 1354 Ex
2622 1301 2743 1370 ipso
2766 1303 2910 1362 enim
2941 1313 3024 1360 est
3069 1305 3234 1360 Filius
3269 1323 3364 1376 per
3395 1325 3559 1380 gene-

1979 1387 2269 1453 rationem,
2299 1390 2389 1460 qui
2419 1387 2551 1446 facit
2593 1391 2806 1457 omnia;
2851 1408 2918 1447 ex
2947 1394 3064 1464 ipso
3093 1404 3178 1450 est
3231 1397 3464 1466 Spiritus
3511 1401 3554 1433 "

1980 1489 2200 1534 sanettts
2235 1497 2330 1549 per
2361 1483 2898 1554 processionem,.qui
2931 1487 3342 1556 perﬁcitomnia
3377 1509 3390 1543 :
3417 1506 3559 1547 sum-

1980 1585 2070 1624 ma
2102 1571 2360 1636 Trinitas,
2391 1589 2528 1642 quae
2552 1574 2872 1646 intelligitur
2895 1591 3016 1632 esse
3041 1591 3104 1630 ex
3137 1577 3220 1633 bis
3247 1594 3383 1647 quae
3411 1590 3554 1643 sunt,

1978 1668 2034 1715 et
2060 1660 2278 1729 sapiens
2289 1666 2858 1734 essecognosciturex
2879 1666 2966 1722 bis
2987 1680 3124 1734 quae
3146 1667 3384 1736 sapiunt,
3405 1676 3459 1722 et
3480 1668 3559 1720 vi-

1971 1765 2102 1805 vere
2123 1765 2188 1804 ex
2212 1751 2318 1817 his,
2343 1767 2482 1823 quae
2513 1764 2819 1819 moventur,
2840 1755 3276 1811 manifestissime
3295 1759 3560 1826 approba-

1975 1849 2062 1896 tur
2085 1843 2151 1897 “.
2173 1843 2266 1900 Est
2286 1843 2464 1915 igitur,
2487 1855 2548 1903 et
2565 1848 2798 1918 sapit,et
2818 1849 2965 1905 vivit.
2984 1849 3041 1904 Si
3065 1859 3262 1912 autem,
3288 1849 3426 1905 sicut
3442 1851 3562 1919 qui-

1974 1932 2097 1988 dam
2131 1931 2302 2006 Syrus
2337 1935 2680 1993 transtulisse
2716 1937 2908 2003 fertur,
2952 1939 3066 2009 qui.
3111 1948 3172 1994 ut
3214 1941 3311 1994 ait-
3339 1949 3560 1996 sanctus

1973 2019 2229 2087 Basilius,
2264 2031 2470 2080 tantum
2499 2039 2528 2078 a
2554 2025 2822 2080 mundana
2843 2025 3106 2096 sapientia
3134 2028 3561 2097 recessit,quan-

1975 2117 2092 2167 tum
2148 2129 2398 2170 verorum
2455 2117 2738 2172 doctrinae
2802 2119 3293 2188 appropinquavit,
3349 2119 3428 2174 sic
3487 2120 3568 2174 ιε·-

1973 2213 2134 2277 satur
2164 2225 2177 2260 :
2207 2205 2275 2260 Et
2315 2205 2543 2278 Spiritus
2575 2209 2671 2264 Dei
2705 2211 2752 2241 "
2783 2211 2988 2280 fovebat
3012 2227 3200 2282 aquas,
3237 2211 3449 2265 facilior
3478 2211 3560 2264 in-

1977 2297 2227 2354 tellectus
2243 2301 2504 2355 occurrit.
2536 2299 2770 2370 Spiritus
2793 2301 2936 2356 enim
2961 2307 3181 2356 sanctus
3216 2315 3410 2356 causas
3444 2299 3555 2370 pri—

1975 2387 2291 2454 mordiales,
2328 2405 2467 2460 quas
2501 2391 2664 2445 Pater
2699 2392 2752 2445 in
2784 2391 3072 2461 principio,
3130 2391 3183 2445 in
3232 2389 3370 2446 Filio
3404 2391 3554 2444 vidc-

1975 2479 2101 2536 iicet
2127 2495 2226 2536 suo
2258 2479 2481 2544 fecerat,
2511 2489 2568 2536 ut
2588 2480 2634 2511 ’δ
2662 2481 2714 2535 in
2741 2495 2831 2546 ea,
2857 2495 3087 2550 quorum
3110 2495 3306 2536 causae
3331 2479 3379 2511 ’⁵
3408 2487 3556 2541 sunt.

1975 2572 2358 2644 procederent,
2390 2571 2626 2638 fovebat,
2671 2573 2775 2630 hoc
2827 2582 2934 2633 est.
2975 2572 3140 2628 divini
3190 2573 3394 2628 amoris
3441 2571 3554 2625 fotu

1975 2665 2264 2721 nutriebat.
2291 2665 2369 2720 Ad
2392 2667 2496 2720 hoc
2525 2680 2756 2736 namque
2777 2680 2878 2720 ova
2907 2667 2976 2720 ab
2997 2665 3237 2730 alitibus,
3271 2680 3335 2734 ex
3365 2665 3558 2736 quibus

1977 2755 2114 2809 haec
2143 2755 2460 2823 metaphora
2496 2764 2773 2823 assumpta
2800 2762 2904 2820 est,
2927 2752 3212 2818 fovemur,
3263 2765 3322 2808 nt
3368 2755 3554 2808 intima

1979 2843 2373 2912 invisibilisqne
2401 2843 2485 2899 vis
2507 2844 2794 2906 seminum,
2847 2859 2988 2914 quae
3030 2845 3084 2899 in
3132 2843 3212 2898 eis
3259 2843 3411 2907 latet,
3463 2859 3560 2912 per

1978 2935 2494 2990 nnmeroslocornm
2549 2944 2958 3005 temporumque
2989 2935 3040 2988 in
3085 2933 3288 2988 formas
3321 2933 3558 2987 visibiles

1979 3026 2396 3096 corporalesque
2431 3025 2857 3096 pulchritudines
2885 3024 3007 3096 igne
3036 3038 3268 3091 aereque
3292 3023 3342 3074 in
3371 3022 3558 3076 bnmo-

1980 3118 2127 3173 ribus
2177 3117 2444 3173 seminum
2519 3125 2844 3186 terrenaque
2911 3113 3136 3170 materia
3205 3112 3556 3182 operantibus

1975 3217 2252 3280 erumpat.

2042 3330 2116 3385 20
2140 3331 2285 3386 Dtse.
2321 3329 2432 3385 Nec
2483 3328 2593 3387 hoc
2629 3338 2762 3384 sano
2803 3324 3092 3381 intellectui
3131 3332 3418 3394 repugnat,
3464 3321 3558 3375 sed

1975 3421 2199 3475 brevem
2221 3419 2657 3488 luculentamque
2699 3416 3140 3489 ἁνανιφαλαὶωσιν,
3167 3413 3272 3468 ltoc
3315 3420 3418 3474 est,
3477 3428 3561 3464 re-

1977 3511 2420 3582 capitulationem
2449 3509 2666 3565 velima
2724 3517 2776 3562 te
2837 3507 2976 3572 tieri,
3035 3513 3304 3576 quatenus
3359 3503 3560 3559 clarius

1978 3601 2395 3671 distinctiusqne
2445 3597 2656 3654 valeam
2685 3596 3002 3666 intelligere,
3050 3609 3188 3664 quae
3211 3595 3374 3650 verba
3433 3608 3558 3662 spe-

1977 3692 2190 3748 cialiter
2223 3691 2534 3764 praedictae
2561 3703 2748 3744 sacrae
2778 3687 3091 3758 Scriptprae
3129 3684 3432 3756 primitivas
3467 3699 3558 3738 re-

1979 3802 2098 3841 rum
2113 3799 2324 3849 causas,
2337 3799 2477 3854 quae
2498 3797 2787 3838 causarum
2805 3781 2852 3812 “
2865 3779 3104 3856 omnium
3129 3792 3348 3833 causam
3374 3775 3559 3830 volunt

1976 3874 2308 3948 signiﬁcare.
2337 3874 2476 3930 Mss.
2503 3873 2707 3928 Adesto
2735 3873 2903 3943 igitur
2924 3870 2992 3922 ad
3049 3869 3186 3923 haec
3249 3865 3560 3934 diligentius

1977 3969 2254 4024 intuenda.
2301 3965 2444 4022 Dtsc.
2485 3963 2710 4018 Praesto
2745 3976 2884 4016 sum.
2915 3959 3064 4014 Mtte.
3097 3956 3408 4011 Primitivus
3433 3969 3561 4007 cau—

1978 4075 2090 4124 sas,
2111 4073 2250 4128 quas
2273 4066 2493 4112 sanctus
2530 4053 2816 4125 Dionysius
2839 4051 3096 4122 principia
3126 4063 3300 4101 rerum
3327 4045 3558 4099 omnium

1977 4157 2156 4212 vocat,
2179 4145 2496 4216 simpliciter
2519 4142 2946 4215 generaliterque
2971 4139 3300 4211 signiﬁcatus
3328 4150 3447 4191 esse
3477 4138 3562 4190 liis

1976 4241 2156 4297 verbis
2175 4239 2412 4309 intellige
2442 4254 2457 4292 :
2489 4235 2556 4290 In
2607 4235 2862 4305 principio
2915 4231 3034 4302 fecit
3082 4231 3220 4285 Deus
3263 4228 3462 4282 caelum
3515 4237 3560 4280 et

1979 4331 2326 4393 terram,ltoc
2348 4327 2617 4390 cst,Deus
2669 4325 2720 4378 in
2775 4324 2939 4377 verbo
2994 4337 3092 4376 suo
3147 4319 3560 4388 intelligibilium

282 4429 366 4475 ωε
393 4435 622 4481 sanans
644 4443 741 4496 per
765 4429 805 4460 ιι
828 4431 1248 4498 υτοεεεείηηρητ,
1275 4434 1364 4504 qui
1388 4409 1559 4490 γαπ-ἠπ
1585 4409 1878 4505 δυρρέοηι,
1907 4417 1952 4474 D
1979 4420 2332 4479 essentiarnm
2360 4415 2800 4482 sensibiliumque
2823 4409 3201 4505 universaliter
3223 4423 3529 4505 causas-con
3546 4438 3560 4446 .

283 4511 388 4564 nia.
406 4513 577 4569 Pater
601 4515 863 4584 siquidem
887 4518 1202 4584 vnit-,Filius
1219 4520 1368 4588 facit,
1393 4522 1628 4594 Spiritus
1651 4535 1876 4583 sanctus

279 4600 513 4667 perlicit.
531 4602 648 4658 Nec
667 4605 769 4660 hoc
789 4606 1313 4678 tbeologiaevidetnr
1332 4611 1614 4678 obsistere,
1631 4630 1771 4682 quae
1795 4617 1876 4667 ili-

283 4691 372 4754 eit,
409 4690 635 4748 Patrem
660 4695 715 4748 in
737 4693 880 4750 Filio
901 4699 1076 4752 omnia
1097 4699 1299 4768 fecisse.
1317 4699 1430 4756 Non
1452 4703 1595 4758 enim
1623 4703 1765 4758 aliud
1791 4713 1876 4760 est

282 4775 494 4834 Patrem
526 4781 668 4836 velle
689 4785 869 4838 omnia
897 4784 1032 4851 fieri,
1059 4795 1112 4842 et
1139 4787 1280 4844 aliud
1303 4788 1514 4846 Patrem
1533 4791 1586 4846 in
1617 4791 1754 4846 Filio
1767 4809 1882 4848 om-

278 4865 366 4922 nia
407 4869 623 4937 facere,
650 4875 743 4928 sed
775 4892 940 4932 unum
973 4879 1221 4948 atqueid
1238 4880 1408 4950 ipsum
1461 4890 1544 4936 est
1575 4882 1617 4913 "
1663 4883 1879 4940 Patrem

1983 4511 2131 4565 didit.
2161 4508 2266 4564 Sed
2293 4508 2552 4577 propheta
2601 4519 2740 4576 quae
2797 4501 3120 4572 generaliter
3172 4499 3563 4570 pronuntiavit,

1985 4601 2292 4672 specialiter
2313 4600 2554 4655 dividere
2581 4597 2768 4653 voluit.
2798 4595 3002 4650 Causas
3024 4595 3206 4664 itaque
3233 4593 3562 4648 sensibilium

1985 4708 2188 4755 rerum,
2214 4691 2411 4761 quibus
2445 4689 2676 4744 mundus
2705 4688 2806 4742 iste
2836 4687 3139 4751 coniicitur,
3191 4699 3428 4756 praeque
3477 4685 3562 4739 ni-

1986 4787 2090 4839 mia
2119 4799 2248 4838 suae
2274 4793 2501 4838 naturae
2534 4780 2828 4836 subtilitate
2854 4778 3050 4834 mentis
3068 4777 3238 4833 oculis
3267 4777 3562 4831 incontem—

1988 4876 2234 4947 plabiles,
2267 4875 2571 4943 eximioque
2595 4871 2676 4928 sui
2703 4871 2936 4942 puritate
2953 4868 3098 4922 omni
3130 4882 3385 4940 corporea
3413 4882 3571 4924 cras»

1588 5033 1848 5092 VARIAE
1883 5030 2178 5091 LECTION
2187 5031 2288 5086 ES.

353 5136 372 5170 ⁸
407 5136 506 5216 Sic
533 5139 658 5208 DE;
688 5142 894 5216 iuﬁujta
917 5159 1026 5216 om.
1048 5142 1158 5216 AC.
1234 5145 1255 5174 ⁴¹
1295 5142 1388 5198 Sic
1413 5145 1578 5216 CDE';
1609 5147 1648 5200 Α
1683 5147 1924 5216 superior
1943 5147 2110 5201 nulla.
2150 5214 2155 5216 _
2192 5145 2213 5176 ³
2255 5143 2346 5198 Sic
2375 5143 2538 5216 CDE;
2643 5129 2918 5216 praecedat
2936 5119 3565 5216 Δτεμένη-[δὶς.(Σηιίῖτι

273 5202 322 5280 ᾼ
347 5217 400 5280 st
429 5209 487 5280 in
514 5202 663 5280 ψιπέ

741 5213 763 5244 ⁸
799 5211 889 5266 Sic
930 5213 1048 5276 CE;
1098 5215 1143 5268 Α
1181 5230 1299 5268 eum
1343 5215 1500 5270 simul
1549 5227 1602 5270 et
1650 5211 1847 5282 semel;
1909 5216 1953 5270 Ι)
1999 5214 2156 5270 simul
2203 5225 2251 5268 et
2299 5214 2458 5268 srmel
2495 5211 2653 5282 (enim
2703 5213 2838 5282 om.)

2932 5211 2954 5243 ⁶
2993 5212 3084 5266 Sic
3133 5210 3302 5273 (10E;
3356 5209 3394 5261 Α
3438 5212 3566 5264 sint.

275 5274 310 5357 '_
340 5275 436 5335 Sic
461 5274 635 5345 CDE;
673 5283 716 5336 A
745 5298 967 5357 quorum
1006 5274 1130 5357 alia,
1161 5283 1543 5357 aliisguatlam
1579 5274 1846 5340 essentiali
1861 5287 2146 5357 dignitate.
2222 5286 2244 5315 ⁸
2283 5284 2375 5338 Sic
2425 5274 2543 5357 Cf};
2579 5283 2675 5357 hoc
2728 5274 2830 5357 est'
2855 5299 2983 5357 oni;
3009 5283 3119 5357 Al}.
3196 5280 3218 5309 '
3257 5279 3348 5334 Sic

279 5342 926 5424 gerentum-superiori.
1005 5353 1047 5384 ¹⁰
1078 5355 1167 5408 Sic
1196 5342 1361 5424 ADE';
1398 5355 1451 5424 VC
1495 5373 1651 5424 quae.

278 5414 433 5482 CDE;
469 5419 509 5472 Δ
539 5414 941 5482 intelligendum
965 5431 1062 5476 est.

281 5461 478 5570 εςηρξὶι.
531 5489 577 5520 ιτ
605 5461 999 5570 SicﬁDEEA‘e-t
1024 5493 1336 5570 ρςςῆςρι-ςη
1383 5496 1426 5526 η
1457 5496 1528 5570 su

283 5551 774 5635 Spiritus-sanctus.
853 5561 906 5635 μ’]
931 5551 1038 5635 Sie-
1059 5562 1221 5635 CDE;
1255 5565 1295 5616 Δ
1324 5555 1406 5618 cst
1436 5576 1480 5617 et
1515 5551 1778 5635 Spiritus;

1759 5357 1807 5400 “~
1849 5355 1947 5412 Sic
1971 5355 2139 5417 ADE;

1173 5423 1214 5454 “
1247 5423 1336 5478 Sic
1379 5423 1540 5488 CDE';
1585 5424 1808 5495 proelia
1835 5426 1880 5480 A
1921 5437 1990 5478 et.

1383 5496 1426 5526 ³⁸
1457 5496 1546 5548 Sic
1577 5496 1742 5559 tiliE;
1775 5496 1817 5548 A
1849 5496 2120 5568 quidquid.
2201 5497 2239 5529 ὀ
2269 5496 2358 5549 Sic
2389 5496 2552 5559 CDE;
2583 5505 2629 5548 et
2661 5509 2746 5548 om

1389 5572 1406 5616 t
1436 5576 1480 5617 et
1515 5565 1778 5633 Spiritus;
1880 5567 1924 5598 ¹¹
1956 5567 2048 5620 Sic
2087 5565 2255 5623 (IDE;
2301 5569 2337 5618 .\
2372 5565 2754 5633 comprobatur.

2190 5371 2280 5424 per
2331 5369 2438 5408 om.
2471 5347 2538 5409 C.
2591 5423 2595 5424 ί
2636 5353 2678 5384 ¹¹
2727 5351 3026 5424 εἰσρυεὶς
3070 5352 3109 5424 Α
3145 5365 3313 5424 esse;
3368 5348 3433 5424 ,υ
3466 5347 3566 5424 Sic

2075 5425 2118 5456 "
2142 5417 2232 5479 Sic
2262 5424 2422 5497 (IliE;
2472 5425 2517 5497 Α
2546 5423 2731 5478 aliave.
2810 5423 2876 5497 _“
3362 5417 3413 5470 in
3452 5417 3565 5497 lilio

2201 5497 2239 5529 ὀ
2269 5496 2358 5549 Sic
2389 5495 2552 5559 CDE;
2583 5505 2629 5548 et
2661 5509 2769 5548 om.
2795 5492 2858 5546 Α.
2913 5491 3061 5541 "Sic
3097 5489 3258 5548 CDE;
3291 5489 3327 5541 Α
3365 5487 3565 5567 per/irit

2201 5566 2255 5615 i:
2301 5569 2337 5615 .\
2372 5565 2754 5615 continebatur.
2859 5563 2904 5591 ³³
2953 5560 3048 5612 Dei
3083 5577 3190 5615 om.
3235 5561 3294 5613 (ἶ.
3389 5561 3431 5590 ³³
3474 5561 3566 5615 5ιύ

281 5621 449 5689 CDE;
505 5629 550 5680 Α
604 5641 646 5683 et
697 5639 774 5684 ttt.
851 5633 894 5661 ”
927 5632 1015 5686 Sic
1046 5621 1219 5698 (ιυιςξ
1258 5635 1296 5688 Α
1327 5651 1506 5694 causa.
1559 5621 1626 5666 ἠ
1653 5637 1742 5692 Stc
1763 5621 1931 5703 iiltli;
1963 5638 2002 5690 A
2033 5653 2218 5690 suum:
2248 5621 2650 5704 statuarumque.
