3912 6154
354 170 420 225 Ξἳό
1665 174 1945 231 JOANNIS
1985 175 2181 232 SCOTI

3444 172 3550 228 556

316 284 549 339 situdine
574 295 838 364 carentes,
869 288 953 343 bis
978 291 1156 345 verbis
1206 291 1503 345 insinuatas
1528 305 1649 344 esse
1674 303 1877 356 cogno-
1908 293 1959 351 Α
1984 289 2164 344 verbis
2213 299 2395 358 aperte
2439 289 2825 358 distincteque,
2885 287 2937 341 ni
2998 286 3172 350 fallor,
3228 285 3550 341 declaratos.

318 389 453 431 see:
510 375 669 433 Terra
721 394 894 432 autem
941 391 1052 457 erat
1080 381 1348 434 invisibilis
1401 391 1447 433 et
1499 382 1880 451 incomposita;

318 466 399 522 sic
439 468 582 523 enim
626 469 1013 529 transtulerunt
1064 472 1413 543 Septuaginta
1472 473 1642 538 ‘;seu
1692 488 1884 530 secun-

317 555 443 611 dum
470 546 775 614 heliraicam
798 561 1080 617 veritatem
1105 577 1118 614 :
1148 560 1310 616 Terra
1351 573 1527 616 autem
1548 574 1659 617 erat
1709 565 1882 620 inanis

316 655 362 698 et
430 663 593 700 vacua
632 648 672 701 '.
738 647 942 703 Deinde
1003 649 1312 704 caelestium
1360 650 1813 727 invisibiliumque
1860 654 1882 685 ³

317 737 671 793 essentiarum
727 739 999 808 primitiva
1045 742 1331 811 principia,
1392 751 1539 798 tanta
1599 743 1882 800 altitudine

318 834 569 897 tantaque
599 827 898 889 subtilitate
927 830 1364 901 obseuritateque
1385 847 1513 887 suae
1559 833 1882 888 conditionis

312 928 527 968 Oltltlem
555 915 883 972 intellectum
928 919 1259 988 superantia,
1305 919 1390 975 bis
1442 920 1623 977 verbis
1663 923 1881 977 noveris

311 1018 432 1056 esse
454 1002 753 1060 introducta
777 1007 1055 1078 utriusque
1091 1009 1554 1078 interpretationis
1577 1026 1885 1067 consonan-

314 1094 385 1147 tia
410 1112 423 1148 :
450 1092 517 1149 Et
548 1099 786 1154 tenebrae
841 1104 989 1155 erant
1015 1120 1171 1172 super
1210 1104 1454 1174 abyssum
1483 1104 1524 1158 ‘.
1549 1105 1813 1173 Quoniam
1857 1107 1879 1139 '

311 1199 441 1240 vero
457 1202 743 1243 causarum
773 1191 1014 1246 omnium
1047 1207 1236 1258 causa,
1274 1194 1625 1265 omniumque
1677 1194 1880 1266 princi-

308 1278 524 1344 piorum
564 1276 885 1349 principitim
931 1282 1327 1356 singularisque
1358 1284 1496 1351 fons,
1533 1270 1601 1341 ex
1630 1302 1738 1357 quo
1763 1300 1879 1341 om-

310 1366 423 1432 nia,
451 1381 588 1436 quae
616 1369 670 1422 in
695 1370 844 1424 caelo
865 1381 920 1425 et
949 1373 1001 1437 in
1025 1382 1168 1429 terra
1190 1384 1317 1430 sunt
1343 1376 1388 1441 ⁸,
1416 1375 1707 1446 proﬂuunt,
1732 1378 1879 1433 inae-

209 1518 218 1531 .
308 1456 543 1512 cessibili
581 1458 1210 1535 incomprehensibilique
1253 1464 1388 1520 lucis
1432 1481 1565 1525 suae
1611 1467 1879 1524 excellen-

308 1547 383 1600 tia
415 1549 614 1611 omnia,
667 1565 806 1621 quae
834 1552 886 1607 in
932 1554 1370 1623 primordialibus
1398 1560 1581 1615 causis
1609 1561 1873 1625 condidit,

1985 382 2128 436 DISC.
2154 380 2335 435 Habeo
2362 378 2537 448 plane,
2568 378 2903 446 libenterque
2943 377 3166 445 accipio,
3212 374 3302 428 Dei
3334 374 3556 429 nomine

1984 469 2220 533 Patrem,
2262 468 2508 538 principii
2536 466 2730 522 Filium
2776 467 2854 529 ³⁸,
2893 466 3125 537 Spiritus
3150 465 3245 519 Dei
3289 464 3556 534 Spiritum

1983 570 2229 614 sanctum
2257 557 2618 629 significatos,
2669 564 2844 611 terrae
2888 571 3018 608 vero
3057 554 3319 609 vocabulo
3361 553 3557 607 visibi-

1982 650 2112 706 lium
2165 664 2392 712 causas,
2452 645 2629 717 abyssi
2664 642 3071 713 intelligibilium
3117 641 3415 706 iudicatas,
3468 640 3558 694 di-

1982 742 2140 795 vinae
2164 754 2293 793 vero
2321 748 2547 792 naturae
2562 734 3093 806 supereminentiam,
3115 735 3217 788 hoc
3239 742 3342 796 est,
3370 732 3564 785 altituo

1981 831 2160 885 dinem
2188 844 2381 884 causae
2409 818 2701 882 causarum
2741 823 3116 895 superlationis
3140 835 3236 876 seu
3263 820 3430 875 foetus
3460 835 3562 874 seu

1980 917 2327 975 fecunditatis
2363 915 2606 987 symbolo
2641 930 2761 970 esse
2795 928 3030 969 suasam.
3061 912 3202 968 ΜΑο.
3250 911 3406 965 Prius
3455 911 3568 963 ita-

1979 1022 2086 1079 que
2137 1021 2298 1076 quam
2348 1006 2417 1059 ad
2463 1003 2712 1058 senariae
2760 1000 3075 1070 quantitatis
3125 998 3565 1070 primordialium

1980 1114 2265 1155 causarum
2298 1097 2351 1151 in
2381 1110 2476 1151 sex
2510 1092 2867 1165 intelligibiles
2901 1091 3104 1161 primas
3134 1090 3248 1145 dies
3277 1106 3308 1143 a
3348 1089 3567 1143 theolo-

1978 1191 2065 1262 gia
2097 1189 2475 1244 distinctarum
2519 1185 2799 1239 veniamus
2837 1181 3349 1241 considerationem,
3385 1194 3568 1249 pauca

1979 1282 2046 1336 de
2081 1278 2254 1348 prima
2295 1287 2610 1342 summaque
2641 1271 2880 1325 omnium
2912 1283 3097 1333 causa,
3126 1266 3196 1324 de
3222 1276 3409 1322 sancta
3439 1266 3571 1322 dico

1979 1370 2264 1434 Trinitate,
2294 1367 2518 1422 dicenda
2550 1363 2804 1427 arbitror,
2839 1362 2883 1416 si
2918 1361 3013 1416 tibi
3043 1360 3273 1414 videtur.

2054 1460 2204 1526 DISc.
2231 1456 2313 1519 Nil
2347 1455 2555 1511 avidius
2587 1453 2933 1524 quaesierim,
2971 1451 3046 1506 nil
3071 1450 3342 1505 lubentius
3365 1447 3567 1502 audie-

1982 1551 2084 1605 rim
2111 1550 2187 1614 “,
2222 1547 2296 1602 nil
2323 1544 2591 1608 salubrius
2619 1541 2960 1608 crediderint,
2992 1539 3065 1595 nil
3094 1540 3254 1594 altius
3280 1538 3572 1593 intellexe-

309 1637 710 1704 superexaltat,
759 1650 813 1695 et
868 1648 1344 1716 supercognoscit,
1418 1649 1879 1718 superessentiali-
1908 1631 1956 1699 Β
1986 1641 2125 1708 rim,
2165 1652 2326 1708 quam
2373 1633 2516 1705 quod
2562 1633 2629 1695 de
2677 1631 2964 1696 universali
3013 1629 3251 1685 omnium
3300 1627 3572 1683 ineﬂ'abili

310 1733 475 1779 tatem
506 1730 1150 1805 superexcellentiamque
1198 1736 1219 1770 τ
1270 1737 1440 1807 ipsius
1461 1738 1548 1794 bis
1585 1740 1762 1795 verbis
1803 1740 1883 1799 ius

308 1814 454 1881 apice
505 1829 623 1871 esse
651 1817 949 1874 intimatam
991 1835 1006 1875 :
1063 1815 1132 1876 Et
1183 1823 1414 1894 Spiritus
1455 1825 1551 1881 Dei
1589 1828 1881 1897 ευμεν-[εγε-

309 1909 464 1959 batur
483 1906 504 1938 ⁸
527 1923 681 1977 super
725 1926 908 1993 aquas.
940 1910 1072 1966 Nam
1095 1916 1237 1990 quod
1257 1915 1563 1987 specialiter
1614 1917 1879 1991 theologia

309 1995 375 2049 de
405 1996 609 2081 Spiritu
636 2008 823 2054 sancto
848 2001 1088 2086 protulit,
1116 2003 1217 2059 boe
1241 2006 1604 2069 communiter
1630 2008 1696 2062 de
1727 2024 1876 2062 suin-

307 2102 393 2139 ma
417 2097 710 2158 sanctaque
735 2089 997 2147 Trinitate
1020 2109 1151 2149 sana
1178 2095 1310 2151 fides
1327 2105 1382 2152 et
1415 2096 1586 2153 credit
1605 2100 1626 2132 ⁸
1642 2106 1697 2153 et
1724 2096 1881 2153 intel-

305 2176 443 2248 ligit.
476 2176 673 2234 Sancta
698 2181 895 2236 etenim
922 2182 964 2213 ⁸⁸
995 2192 1047 2238 et
1072 2185 1441 2256 inseparabilis
1463 2187 1699 2245 Trinitas
1720 2189 1763 2220 “
1794 2188 1878 2242 in-

306 2268 459 2324 ﬁnite
479 2270 673 2341 abysso
705 2286 735 2325 a
768 2286 825 2327 se
846 2273 1094 2329 conditae
1122 2275 1437 2334 excellentia
1461 2293 1591 2334 suae
1613 2278 1881 2334 essentiae

310 2362 711 2434 sapientiaeque
781 2365 1132 2436 super-fertur.
1187 2367 1267 2439 Si,
1291 2385 1420 2426 vero
1469 2369 1616 2426 illum
1658 2370 1876 2443 Syrum,

310 2467 472 2522 quem
506 2446 724 2511 sanctus
752 2455 981 2527 Basilius
1001 2458 1054 2513 in
1077 2460 1346 2519 Exemero
1368 2477 1466 2519 suo
1498 2464 1708 2535 magnis
1759 2463 1876 2519 lau-

306 2544 464 2599 dibus
487 2546 782 2616 praedicat,
804 2549 897 2617 qui
927 2563 1026 2619 pro
1053 2566 1134 2614 eo,
1167 2552 1309 2622 quod
1332 2551 1419 2609 alii
1444 2554 1764 2624 interpretes
1785 2569 1880 2625 po-

307 2649 487 2700 suere,
502 2635 604 2691 hoc
615 2645 699 2692 est
715 2638 757 2669 “
773 2652 788 2691 :
804 2638 871 2705 Et
889 2638 1117 2710 Spiritus
1131 2640 1227 2695 Dei
1240 2643 1658 2713 superferebatur
1674 2643 1881 2714 "super

303 2741 488 2795 aquas,
504 2727 890 2798 interpretatus
909 2739 1037 2787 este
1059 2747 1183 2803 syra
1205 2732 1406 2805 lingua,
1429 2748 1568 2804 quae
1590 2733 1878 2793 hebraicae

304 2817 482 2872 vicina
512 2827 596 2874 est
627 2838 639 2872 :
684 2817 751 2873 Et
777 2818 1005 2890 Spiritus
1051 2822 1148 2877 Dei
1194 2824 1396 2894 fovebat
1434 2841 1619 2896 aquas,
1645 2825 1730 2881 vel
1763 2844 1776 2881 :
1808 2826 1879 2882 Et

309 2907 538 2975 Spiritus
586 2907 683 2963 Dei
731 2909 1044 2979 fecundabat
1075 2929 1259 2983 aquas,
1301 2916 1452 2985 sequi
1494 2916 1749 2983 volueris,
1796 2918 1875 2974 dl-

1983 1731 2131 1785 fonte
2154 1726 2298 1784 veris
2327 1722 2797 1795 probabilibusque
2829 1719 3569 1790 diciturinvestigationibus.

1982 1817 2097 1873 Non
2139 1816 2283 1871 enim
2317 1812 2420 1868 alia
2452 1811 2684 1866 fidelium
2729 1811 3034 1880 animarum
3076 1810 3222 1865 salus
3258 1818 3365 1867 est.
3395 1824 3573 1878 quam

1983 1910 2049 1964 de
2074 1922 2181 1962 uno
2229 1905 2469 1967 oinnium
2499 1901 2795 1976 principio,
2826 1917 2966 1972 quae
2995 1916 3125 1958 vere
3152 1892 3570 1970 praedicantur,

1983 1997 2230 2061 credere,
2273 2002 2329 2053 et
2352 2007 2491 2063 quae
2518 2007 2647 2046 vere
2686 1991 3015 2054 creduntur,
3047 1988 3364 2056 intelligere.
3415 1985 3570 2041 Msa.

1983 2087 2078 2142 Dic
2109 2087 2324 2153 itaque,
2360 2097 2561 2154 quaeso
2585 2121 2600 2145 ,
2640 2078 2765 2149 quid
2794 2077 3068 2148 intelligis,
3095 2076 3309 2147 quando
3350 2075 3572 2135 theolo-

1982 2178 2125 2249 giam
2149 2175 2412 2230 dicentem
2440 2171 2593 2226 audis
2619 2189 2632 2224 :
2664 2168 2730 2236 In
2754 2167 3007 2249 principio
3032 2166 3153 2236 fecit
3180 2164 3364 2221 Deus?
3407 2162 3568 2220 Disc.

1981 2268 2066 2323 Nil
2094 2266 2235 2321 aliud
2267 2264 2371 2319 nisi
2402 2264 2449 2295 ’³
2487 2262 2630 2333 quod
2676 2262 2815 2317 inter
2840 2276 2938 2316 nos
2964 2266 3311 2324 convenerat,
3340 2257 3571 2317 Patrem

1983 2359 2036 2414 in
2061 2358 2240 2414 Verbo
2266 2372 2364 2411 suo
2391 2353 2572 2410 omnia
2604 2352 2815 2408 fecisse.
2848 2351 2982 2406 Dum
3008 2351 3152 2409 enim
3181 2350 3346 2404 Deum
3375 2349 3570 2410 audio,

1986 2450 2153 2505 Deum
2203 2448 2417 2503 Patrem
2461 2446 2678 2517 cogito,
2727 2447 2852 2501 dum
2907 2442 3268 2515 principium,
3317 2440 3575 2510 intelligo

1982 2543 2151 2599 Deum
2200 2541 2455 2597 Verbum.
2511 2539 2651 2593 MAG.
2691 2537 2828 2605 Quid
2865 2545 2949 2593 est
2975 2536 3045 2602 ’⁵,
3071 2536 3215 2605 quod
3254 2532 3577 2603 Tlieologus

1982 2638 2091 2692 ait:
2117 2636 2183 2690 In
2204 2635 2457 2707 principio
2483 2632 2601 2703 fecit
2629 2631 2764 2686 Deus
2782 2632 2806 2685 ?
2826 2630 3018 2687 Utrum
3043 2627 3313 2696 intelligis,
3339 2624 3573 2679 Patrem

1984 2730 2219 2785 Verbum
2264 2724 2419 2782 suum
2470 2725 2645 2795 primo
2675 2723 2962 2795 genuisse,
3010 2736 3076 2775 ac
3121 2718 3315 2775 deinde
3344 2716 3576 2775 caelum

1984 2829 2038 2875 et
2062 2819 2111 2853 ⁸⁸
2137 2827 2334 2872 terram
2364 2815 2418 2870 in
2443 2829 2510 2870 eo
2538 2812 2766 2868 fecisse?
2800 2812 2880 2866 An
2910 2809 3050 2865 forte
3076 2824 3232 2864 suum
3261 2806 3494 2862 verbum
3522 2804 3577 2838 “

1984 2909 2330 2966 aeternaliter
2377 2906 2602 2978 genuit,
2652 2913 2708 2959 et
2752 2903 2804 2957 in
2845 2903 2959 2972 ipso
2989 2899 3331 2955 aeternaliter
3372 2897 3573 2956 omnia

304 3000 483 3054 \inam
514 3000 785 3069 pietatem,
809 3001 1090 3059 altitudine
1114 3020 1243 3060 suae
1263 2995 1581 3073 clementiae
1623 3008 1873 3065 tenebro-
1904 2985 1949 3047 (ἶ
1983 3003 2134 3068 fecit,
2165 3002 2239 3056 ita
2269 3008 2329 3055 ut
2357 2997 2504 3053 nullo
2527 2996 2686 3051 modo
2708 2993 2980 3065 processio
3019 2991 3180 3047 Verbi
3213 3007 3241 3043 a
3272 2988 3438 3065 Patre
3468 3004 3576 3058 per

305 3106 419 3144 sam
452 3091 875 3161 primordialiurn
898 3108 1180 3150 causarum
1207 3097 1459 3167 abyssum
1505 3108 1872 3167 superantem,

305 3198 534 3253 eamque
590 3185 859 3241 foventem
907 3195 963 3240 et
1001 3185 1396 3253 fecundantem,
1452 3198 1600 3244 nte:
1648 3191 1875 3247 occultis

305 3271 615 3341 ignotisque
642 3288 774 3328 suae
798 3282 1023 3328 naturae
1048 3274 1094 3306 ”’
1119 3274 1317 3331 ﬁnibus
1335 3277 1390 3331 in
1445 3279 1765 3348 cognitionis
1793 3279 1873 3333 fa-

307 3360 563 3415 cultatem
590 3376 686 3432 per
706 3364 1130 3433 generationem,
1156 3380 1359 3436 perque
1388 3368 1441 3421 in
1460 3368 1717 3439 1igenera
1740 3386 1803 3424 ac
1832 3370 1876 3402 "

305 3451 510 3506 formas
533 3452 847 3522 speciesque
895 3455 1142 3524 proprias
1171 3456 1498 3511 sensibilium
1560 3459 1870 3530 intelligibi—

302 3542 543 3613 liumque
566 3543 985 3599 substantiarum
1008 3546 1353 3617 multiplicem
1382 3552 1805 3620 processionem,
1820 3552 1875 3606 in

301 3648 428 3688 suos
447 3633 627 3689 varios
652 3634 1175 3706 innumerabilesque
1201 3639 1479 3707 prodith
1498 3639 1739 3706 effectus,
1787 3642 1873 3697 bis

295 3721 480 3777 verbis
501 3721 833 3777 insinuatum
861 3725 1101 3793 reperies
1131 3744 1143 3779 :
1168 3725 1238 3779 Et
1289 3725 1519 3797 Spiritus
1551 3729 1648 3784 Dei
1668 3731 1871 3800 fovebat

296 3829 481 3880 aquas,
517 3828 582 3869 ac
609 3829 707 3885 per
750 3813 854 3870 boc
901 3829 1165 3871 summam
1189 3832 1253 3872 ac
1282 3820 1325 3860 ιτ
1374 3820 1702 3891 singularem
1750 3837 1871 3878 orn-.-

296 3901 445 3956 nium
478 3917 727 3966 causam,
761 3913 1002 3961 sanctam
1032 3906 1152 3961 dico
1181 3906 1746 3981 Trinitatemmperte
1772 3912 1869 3966 de-

299 3992 555 4048 claratam
584 3994 668 4051 bis
696 3996 873 4053 verbis
900 3998 1136 4069 intellige
1167 4018 1180 4055 ε
1214 4001 1281 4055 1η
1304 4004 1558 4072 principio
1586 4005 1707 4074 fecit
1728 4005 1869 4061 Deus

298 4084 498 4139 caelum
537 4094 584 4140 et
617 4096 830 4153 terram,
876 4089 1090 4146 Patrem
1124 4093 1382 4149 videlicet
1425 4094 1520 4151 Dei
1555 4097 1775 4153 nomine
1802 4098 1868 4162 ⁸⁸,

303 4174 773 4247 Verbumqueejus
796 4178 1046 4248 principii
1082 4181 1459 4250 appellatione,
1488 4192 1543 4239 et
1566 4186 1724 4253 paulo
1749 4196 1869 4255 post

296 4265 555 4334 Spiritum
590 4276 832 4322 sanctum
878 4269 968 4323 ubi
1011 4270 1089 4323 ait
1129 4285 1145 4323 :
1183 4268 1408 4340 Spiritus
1447 4273 1542 4327 Dei
1580 4276 1869 4345 superfere—

298 4359 453 4409 batur
487 4358 552 4411 ¹⁹.
589 4358 703 4413 Νοη
732 4361 874 4414 enim
903 4360 969 4414 de
991 4360 1096 4414 alio
1114 4362 1305 4429 spiritu
1330 4362 1472 4417 hunc
1510 4362 1683 4419 locum
1712 4380 1865 4420 saera

297 4446 576 4516 Scriptura
615 4449 859 4517 protulit.
897 4450 1035 4504 Ecce
1069 4450 1235 4507 babes
1263 4460 1317 4506 et
1339 4452 1384 4482 “
1411 4468 1604 4508 causas
1630 4455 1865 4523 primor-

294 4537 483 4603 diales,
512 4549 567 4594 et
612 4554 898 4601 causarum
945 4557 1162 4601 causam
1219 4544 1509 4615 praedictis
1567 4545 1865 4617 tbeologiae

1979 3090 2378 3164 generationem
2409 3086 2697 3157 praecedat
2719 3085 2763 3116 ’⁷
2791 3082 3187 3154 processionem
3216 3079 3465 3167 omnium
3501 3080 3575 3134 de

1978 3181 2146 3238 nibilo
2177 3182 2230 3234 iu
2255 3179 2430 3235 Verbo
2461 3192 2555 3248 per
2580 3175 2909 3231 creationem
2937 3173 3021 3227 '3?
3042 3172 3111 3226 Et
3132 3179 3190 3225 ut
3217 3170 3573 3225 manifestius

1977 3272 2176 3334 (licam,
2203 3280 2383 3324 utrum
2426 3266 2802 3338 primoriliales
2832 3278 3028 3319 causae
3061 3263 3116 3316 in
3146 3259 3323 3315 Verbo
3353 3259 3479 3322 Dei,
3512 3260 3571 3313 iu

1977 3378 2083 3431 quo
2106 3359 2281 3416 factae
2303 3366 2446 3422 sunt,
2471 3372 2574 3412 non
2601 3371 2813 3424 semper
2833 3355 3069 3417 fuerunt,
3092 3359 3277 3406 eterat
3292 3349 3571 3413 Verbum,

1975 3452 2191 3522 quando
2221 3466 2325 3504 non
2354 3457 2509 3504 erant
2537 3445 2770 3502 causae?
2797 3445 2879 3498 An
2906 3451 3222 3499 coaeternae
3245 3441 3294 3494 ei
3326 3449 3483 3502 sunt,
3512 3448 3573 3492 et

1976 3558 2249 3613 nunquam
2276 3549 2394 3596 erat
2428 3539 2665 3594 Verbum
2695 3537 2810 3590 sine
2841 3535 3020 3588 causis
3047 3534 3101 3586 in
3128 3547 3186 3587 se
3216 3529 3483 3593 conditis,
3512 3537 3577 3582 et

1975 3632 2123 3688 nullo
2163 3630 2270 3687 alio
2316 3628 2475 3683 modo
2521 3624 2836 3694 intelligitur
2881 3621 3115 3676 Verbum
3161 3633 3353 3673 causas
3399 3617 3457 3669 in
3508 3633 3573 3671 se

1975 3724 2219 3781 conditas
2259 3720 2608 3793 praecedere,
2653 3716 2756 3771 nisi
2792 3714 2935 3784 quod
2967 3712 3198 3769 Verbum
3238 3718 3390 3765 creat
3416 3718 3570 3763 eau-

1973 3832 2061 3872 sas
2093 3814 2170 3880 ”,
2207 3828 2404 3869 causae
2447 3825 2575 3865 vero
2613 3816 2869 3864 creantur
2898 3821 2928 3859 a
2958 3803 3134 3859 Verbo
3160 3802 3298 3858 et'in
3336 3800 3577 3856 Verbo?

1972 3908 2120 3965 Disc.
2166 3902 2299 3959 illud
2349 3903 2582 3970 primum
2614 3913 2720 3953 non
2756 3896 2976 3951 omnino
3015 3892 3398 3948 concesserim.
3432 3890 3568 3953 Non

1971 3996 2114 4052 enim
2143 3994 2298 4048 video
2326 3992 2394 4058 ⁸ο,
2425 3988 2692 4060 quomodo
2716 3986 2888 4056 possit
2922 3983 3288 4054 temporaliter
3319 3998 3566 4052 praece-

1970 4091 2097 4145 dere
2123 4087 2398 4160 generatio
2419 4085 2578 4141 Verbi
2606 4098 2673 4138 ex
2703 4081 2863 4135 Patre
2891 4079 3220 4135 creationem
3248 4076 3503 4129 omnium
3532 4092 3567 4130 a

1970 4181 2126 4236 Patre
2170 4181 2222 4234 in
2253 4179 2429 4234 Verbo
2456 4186 2511 4231 et
2540 4191 2634 4246 per
2663 4174 2895 4228 Verbum
2915 4212 2932 4235 ,
2971 4171 3063 4225 sed
3102 4168 3234 4223 haec
3261 4175 3567 4221 coaeterna

1971 4272 2074 4328 sibi
2117 4285 2237 4326 esse
2286 4268 2329 4299 ³³
2376 4266 2628 4329 arbitror,
2681 4260 3084 4333 generationem
3119 4257 3240 4311 dico
3277 4253 3469 4316 Verbi,
3508 4264 3572 4309 et

1973 4363 2304 4423 creationem
2328 4358 2566 4414 omnium
2590 4356 2642 4411 in
2667 4353 2874 4418 Verbo;
2905 4350 3106 4408 nullum
3136 4347 3331 4418 quippe
3358 4346 3412 4399 in
3446 4344 3572 4401 Deo

1973 4454 2225 4510 accidens
2249 4460 2340 4507 aut
2372 4447 2693 4520 temporales
2739 4454 2917 4500 motus
2947 4453 3038 4497 aut
3068 4437 3393 4510 temporales
3421 4451 3569 4505 pro-

1972 4547 2244 4609 cessiones
2292 4552 2438 4600 recte
2463 4542 2586 4612 quis
2618 4539 2894 4601 existimat
2913 4536 2979 4592 'i.
3027 4534 3139 4590 Hoc
3171 4539 3375 4597 autem,
3407 4529 3573 4599 quod

1574 4727 1821 4782 VARIAE
1856 4724 2257 4783 LECTIONES.

372 4860 388 4890 ⁸
420 4857 515 4913 Sic
567 4857 687 4921 CD;
732 4857 777 4927 Α
805 4824 1128 4927 septuaginta
1154 4858 1475 4927 interpretes,
1534 4862 1555 4893 ³
1582 4861 1657 4912 sic
1686 4863 1821 4912 enim
1880 4890 1949 4900 ——
2006 4875 2167 4927 parua
2201 4872 2309 4911 om.
2341 4854 2403 4911 C.
2464 4851 2619 4927 _’V_S_ic
2673 4850 2796 4927 Cnet
2850 4861 2995 4927 corr.
3037 4840 3577 4927 AanEninleNigi-

297 4928 599 4998 biliumque.
675 4927 697 4958 ‘
738 4926 829 4981 Sic
853 4922 1007 4982 CDE:
1038 4926 1081 4980 A
1130 4922 1489 4998 super’aquas.

292 4999 447 5053 caelo
505 5007 712 5068 etquae
745 4998 797 5051 in
823 5006 965 5051 terra
1007 5005 1149 5068 sunt.

297 5068 461 5133 CDE;
502 5067 544 5122 A
574 5066 620 5122 et
652 5068 812 5121 credit
839 5084 970 5119 sana
1008 5066 1158 5135 ﬁdes.
1219 5066 1263 5097 “
1293 5068 1382 5121 Sic
1408 5067 1578 5128 CDE;
1628 5070 1673 5123 A
1704 5066 1860 5122 enim.

295 5157 388 5193 nm
423 5139 490 5193 Α.
587 5139 635 5170 ⁸³
675 5139 768 5191 Sir.
814 5139 984 5199 CDE;
1025 5139 1063 5187 A
1094 5139 1226 5204 [ι’τεύ

292 5226 394 5278 ι)Γο
422 5207 547 5263 acA
574 5208 648 5262 in.
719 5208 761 5240 "’
797 5207 889 5261 Sic
908 5205 1074 5269 CDE;
1098 5206 1226 5259 Aet.

1597 4929 1619 4961 ⁸
1646 4929 1737 4984 Sic
1784 4930 1951 4994 CDE;
1999 4922 2059 4982 A‘
2092 4928 2374 4997 quomodo,

1245 4998 1265 5069 ξ
1300 4997 1392 5069 Sic
1422 4998 1600 5069 "QDE;
1647 5000 1686 5052 Α
1728 5014 1983 5069 superque
2031 4997 2407 5069 escellentiam.

2457 4924 2477 4955 ο
2517 4923 2611 4976 Sic
2659 4919 2768 4981 AC;
2808 4925 2927 4970 sunt
2967 4929 3077 4967 om.
3127 4913 3206 4971 D;
3262 4911 3301 4965 Ε
3328 4926 3477 4979 quae
3514 4914 3576 4967 in

2513 4991 2657 5045 “Sic
2704 4989 2820 5051 CD;
2880 4984 2968 5039 ΑΕ
3022 4982 3303 5052 ferebatur.
3410 4984 3434 5014 ν
3470 4981 3578 5036 Sic

1987 5070 2025 5099 “
2076 5067 2166 5121 Sic
2207 5065 2370 5130 CDE;
2423 5065 2463 5118 A
2526 5063 2727 5130 unitas1
2753 5127 2789 5130 _
2826 5056 2874 5130 ίξ
2907 5055 2998 5108 Sic
3025 5051 3341 5130 ΕῼΕξμρς
3382 5060 3577 5130 εξξρξι

587 5119 768 5191 ἶίδίέὲ
814 5119 1063 5199 (ΖΒΕςἈ
1094 5119 1377 5204 ferebatur:
1420 5119 1916 5202 -ίθνδῖῐο-δῡῖξέηλλ
1974 5119 2192 5190 natu—rue
2223 5119 2378 5195 suae.
2457 5133 2500 5164 ”
2545 5122 3156 5204 Sic_CDE;_in”oiul.“Ah
3206 5121 3253 5204 ’ξ
3275 5119 3369 5204 ξῖε
3392 5119 3577 5204 (Emi:

1322 5206 1365 5239 ⁸⁸
1393 5205 1484 5264 Sic
1508 5208 1626 5272 DE;
1664 5210 1704 5261 A
1726 5209 1790 5261 in
1840 5208 1933 5263 Dei
1978 5206 2224 5269 nomine;
2256 5203 2296 5257 C
2321 5214 2367 5255 rt
2394 5203 2486 5257 Dei
2519 5201 2754 5272 nomine.

2838 5194 2878 5225 ι’
2912 5193 3003 5246 Sic
3028 5190 3193 5250 CDE;
3227 5189 3267 5243 Α
3295 5188 3579 5255 ferebatur

280 5257 649 5349 ςὲτὶῦεῗᾶἇιίᾶί
692 5257 884 5345 {sim};
906 5257 1074 5349 (iii—"71.8,
1096 5257 1539 5349 iv!“-
2294 5273 2383 5329 Sic
2406 5272 2570 5335 CDE;
2679 5268 2842 5349 liliu‘m
2882 5262 3041 5349 Dei.“
3075 5261 3131 5349 ξε

295 5343 555 5418 lubentius
579 5343 838 5418 audierim
863 5343 972 5418 om.
1017 5344 1079 5397 Α.
1156 5343 1202 5374 ³³
1251 5346 1339 5400 Sic
1364 5347 1528 5413 CDl'I;
1570 5350 1611 5402 Α
1641 5366 1817 5418 quam.

296 5418 340 5448 ’τ’
374 5416 466 5472 Sic
510 5417 627 5481 CE;
684 5414 1015 5471 ADrerbum
1058 5430 1233 5467 suum.
1352 5420 1393 5449 ’π
1453 5422 1542 5473 Sic
1596 5414 1762 5473 CDE:
1818 5419 1856 5471 Α

292 5488 625 5553 eretttt'onem.
720 5488 763 5518 "
795 5484 885 5539 Sic
912 5482 1044 5537 CDE
1070 5525 1083 5546 ,
1133 5484 1173 5535 A
1224 5500 1410 5543 musas
1443 5500 1602 5543 creat.

292 5556 453 5623 CDE;
505 5557 545 5611 Α
586 5554 701 5626 quis
750 5555 1013 5608 existimat
1046 5564 1197 5607 recte.

1911 5349 1955 5379 ⁸³
1991 5348 2081 5402 Sic
2124 5344 2287 5408 CDE;
2326 5360 2425 5411 pro
2476 5352 2548 5394 est
2572 5338 2652 5411 AA_
2682 5339 2746 5390 de
2785 5336 2898 5391 hoc.

1901 5416 2190 5486 praecedet.

1720 5488 1761 5519 ³⁰
1798 5485 1907 5544 Sic
1934 5486 2099 5550 CD15;
2151 5485 2193 5539 Λ
2238 5485 2372 5538 dico.

2994 5331 3041 5362 ⁸⁵³
3077 5330 3167 5383 Sic
3197 5328 3359 5390 CDE;
3400 5328 3445 5381 A
3479 5347 3574 5381 ac.

2754 5420 2835 5457 νη
2871 5420 2960 5471 per
2997 5402 3308 5457 creationem
3344 5399 3385 5451 li
3438 5415 3579 5464 pro-

2737 5423 2851 5531 iiE;
2903 5472 2942 5525 Α
2990 5487 3097 5525 esse
3145 5471 3262 5524 sibi.
3370 5467 3415 5498 ”
3471 5466 3577 5521 Sic

2306 5408 2351 5444 ’ἦ
2386 5413 2477 5468 Sic
2522 5408 2687 5471 ADE;
2754 5420 2835 5457 ινα
2871 5420 2960 5471 per
2997 5408 3308 5457 Creattouent
3344 5408 3385 5451 ll
3438 5415 3577 5464 pro-

2306 5501 2372 5537 το.
2482 5481 2645 5534 “Sic
2691 5423 2851 5537 (liiE;
2903 5472 2942 5525 Α
2990 5487 3097 5525 esse
3145 5471 3262 5524 sibi.
3370 5467 3415 5498 δ’
3471 5466 3577 5521 Sic

2482 5482 2524 5518 δι
2552 5481 2645 5534 Sic
2691 5479 2728 5532 (ἶ
