3912 6154
270 267 364 322 557

1062 266 1149 322 DE
1190 264 1526 322 DlYlSiONE
1565 262 1913 319 NATUllAE.
1949 294 2019 303 -——
2060 263 2258 318 LIBER
2301 259 2681 317 SECUNDUS.
2733 314 2742 325 ,

3398 250 3500 303 5338
3522 298 3525 299 ,

265 383 519 454 posterius
548 382 878 452 propositum
919 382 934 413 ¹
972 390 1077 445 est,
1120 398 1225 437 non
1283 383 1574 449 incongrue
1608 392 1826 433 conces-
1859 379 1901 438 A
1930 390 2267 445 consequens
2287 385 2368 431 est
2381 376 2427 408 “
2448 363 3501 437 dicere,nemonovitFiliumnisiPater.

265 475 452 537 »ει-ἰπὶ,
497 474 599 529 ltoc
642 483 750 536 est,
777 473 1177 543 generationem
1212 471 1368 526 Verbi
1410 487 1436 523 a
1482 470 1643 524 Patre
1684 468 1830 523 nullo

263 568 414 621 modo
440 564 766 619 creationem
796 562 1035 618 omnium
1077 564 1130 616 in
1164 561 1340 618 Verbo
1377 578 1409 616 a
1437 561 1598 615 Patre
1631 569 1834 628 tempo-

264 654 443 709 raliter
468 654 823 722 praecedere,
861 653 953 707 sed
994 661 1336 708 coaeternam
1376 651 1478 706 sibi
1519 665 1658 707 esse.
1697 649 1831 704 Nam

259 755 309 800 et
344 743 613 814 Propheta
653 744 784 798 dicit
823 743 1039 797 Patrem
1085 742 1363 810 alloquens
1395 760 1407 796 :
1445 741 1635 796 Omnia
1664 743 1722 794 iu
1748 758 1835 794 sa-

213 856 217 861 ν
260 834 448 902 pientiu
517 833 707 901 fecisti.
752 832 923 889 Simul
987 832 1132 887 enim
1198 832 1359 886 Pater
1411 840 1469 887 et
1511 832 1832 901 sapientiam

264 938 406 976 suam
436 922 639 993 genuit,
665 930 720 974 et
751 922 801 976 in
829 922 942 991 ipsa
964 916 987 952 "
1016 923 1199 976 omnia
1226 921 1373 976 fecit.
1419 920 1485 975 Et
1512 921 1638 975 alibi
1691 921 1835 975 idem

262 1013 525 1083 Propheta
553 1028 618 1067 ex
646 1027 874 1082 persona
898 1012 1078 1067 Patris
1108 1012 1185 1066 ait
1213 1027 1229 1066 :
1256 1011 1529 1066 Eructavit
1551 1029 1642 1065 cor
1663 1027 1833 1064 nteant

262 1105 465 1157 verbum
513 1103 734 1167 bonum,
788 1103 907 1155 dico
951 1103 972 1134 ³
1009 1119 1103 1172 ego
1133 1118 1290 1171 opera
1333 1119 1449 1156 mea
1489 1103 1615 1173 regi.
1663 1103 1741 1157 Ac
1788 1104 1834 1156 si

262 1202 440 1261 aperte
468 1192 694 1256 diceret,
725 1207 788 1245 ex
838 1202 1048 1248 secreto
1089 1193 1421 1247 substantiae
1457 1208 1609 1247 meae
1657 1191 1836 1247 Verbo

264 1282 312 1334 in
353 1298 419 1337 co
460 1292 715 1338 nascente
759 1298 919 1352 opera
950 1299 1070 1338 mea
1102 1284 1153 1337 iu
1188 1299 1254 1338 eo
1288 1284 1426 1338 facio
1454 1283 1503 1348 ‘,
1547 1299 1686 1354 quae
1735 1299 1836 1354 ego

265 1372 357 1439 ipsi
379 1373 401 1404 ³
432 1374 678 1442 regnanti
729 1374 814 1428 do.
860 1372 988 1428 Item
1029 1374 1224 1429 iterum
1266 1374 1335 1427 ad
1368 1374 1620 1429 Patrem:
1648 1374 1838 1427 Tecum

262 1462 569 1530 principium
596 1463 649 1515 iu
673 1462 758 1516 die
772 1464 975 1517 virtutis
1005 1474 1146 1517 tuae.
1172 1464 1252 1518 Ae
1277 1464 1322 1518 si
1339 1465 1565 1518 dixisset
1591 1481 1604 1516 :
1635 1463 1836 1517 Tecqu

263 1566 472 1620 semper
507 1560 618 1613 est.
661 1561 716 1607 et
750 1554 804 1607 in
846 1562 897 1608 te
942 1554 1265 1623 principium
1305 1556 1571 1619 omnium,
1604 1554 1705 1609 boc
1733 1563 1835 1615 est.

264 1639 495 1697 Verbum
521 1651 691 1698 tuum.
734 1644 792 1700 Si
832 1660 963 1715 ergo
1014 1661 1228 1715 semper
1263 1646 1700 1717 principiumest
1730 1647 1750 1678 '
1783 1647 1834 1700 in

264 1731 417 1785 Patre
459 1742 519 1787 et
552 1749 677 1788 eum
721 1734 913 1801 Patre,
952 1751 1228 1805 nunquam
1264 1708 1393 1792 erat
1423 1708 1478 1791 et
1512 1736 1835 1807 principium
1868 1708 1913 1767 Β

264 1835 362 1873 non
382 1830 530 1885 erat,
553 1822 648 1876 sed
674 1838 887 1893 semper
916 1823 1261 1894 principimn.
1290 1825 1359 1879 Et
1401 1826 1532 1895 quia
1559 1828 1579 1859 ⁷
1611 1842 1716 1882 non
1749 1842 1839 1881 ac-

264 1910 389 1965 cidit
413 1912 473 1966 ei
499 1913 821 1982 principium
859 1929 1000 1980 esse,
1026 1931 1298 1985 nunquam
1325 1917 1445 1970 sine
1475 1917 1579 1981 bis,
1610 1933 1838 1987 quorum

265 2000 586 2070 principium
604 2010 712 2067 est,
736 2003 907 2057 erat“.
932 2002 1000 2057 In
1026 2004 1110 2057 die
1129 2005 1335 2057 virtutis
1355 2014 1494 2058 tuae.
1521 2005 1588 2059 In
1607 2005 1713 2070 die,
1742 2008 1841 2060 hoc

264 2100 342 2144 est
366 2132 383 2157 ,
437 2093 494 2146 in
538 2095 727 2149 notitia
771 2096 1148 2153 intellectualis
1182 2107 1237 2152 et
1259 2099 1537 2154 rationalis
1560 2108 1841 2154 creaturae

268 2186 629 2251 generationis
648 2202 676 2240 a
700 2195 752 2241 te
775 2187 820 2240 ⁹.
853 2187 1073 2243 Virtutis
1096 2199 1238 2255 tuae,
1269 2191 1371 2246 hoc
1414 2200 1521 2257 est,
1548 2193 1844 2263 sapientiae

269 2284 407 2328 tuae.
453 2276 580 2331 Dies
603 2277 748 2331 enim
788 2278 1003 2333 virtutis
1032 2278 1212 2334 Patris
1245 2281 1297 2334 in
1341 2281 1444 2335 hoc
1473 2280 1587 2336 loco
1615 2295 1721 2336 non
1759 2282 1842 2336 iu-

267 2380 507 2434 congrue
558 2367 876 2438 intelligitur
930 2368 1167 2439 cognitio
1220 2368 1503 2425 inel‘fabilis
1548 2371 1847 2428 nativitatis

269 2457 359 2511 Dei
390 2458 555 2514 Verbi
585 2476 651 2514 ex
679 2460 788 2515 Deo
810 2459 990 2527 Patre,
1016 2468 1274 2529 quantum
1311 2461 1469 2515 datur
1495 2470 1779 2517 creaturae
1804 2463 1845 2494 ‘°

269 2548 573 2620 intelligere
595 2551 735 2620 quod
765 2560 986 2620 superat
1017 2539 1231 2606 omnem
1262 2552 1596 2607 intellectum
1622 2592 1637 2617 ,
1681 2561 1736 2607 et
1779 2554 1846 2607 ad

272 2637 445 2694 lucem
484 2640 909 2695 inaccessibilem
951 2640 1263 2695 conceditur
1292 2655 1543 2695 accessus
1573 2657 1667 2711 per
1695 2644 1849 2695 theo-

271 2729 521 2797 pbanias,
555 2731 659 2786 lioc
686 2740 786 2796 est,
817 2731 1029 2786 divinas
1064 2731 1452 2800 apparitiones,
1480 2746 1615 2800 quas
1646 2730 1849 2784 theolo-

272 2823 355 2891 gia
402 2823 556 2892 puris
600 2822 962 2878 iutellectibus
1004 2823 1236 2893 ingerit,
1273 2831 1327 2875 ct
1364 2820 1618 2876 inetiabili
1665 2822 1844 2886 modo,

273 2912 516 2983 nullique
537 2914 751 2985 cognito
779 2914 970 2985 inﬁgit,
1001 2923 1060 2968 ut
1083 2914 1149 2969 de
1177 2915 1215 2945 ¹¹
1244 2913 1463 2968 omnino
1489 2929 1584 2982 per
1613 2913 1848 2982 seipsum

275 3005 549 3075 incognito
577 3006 817 3061 habitum
841 3008 1110 3075 quendam
1144 3021 1302 3061 verae
1327 3004 1650 3075 cognitionis
1680 3005 1731 3058 in
1763 3019 1849 3059 se-

275 3096 523 3165 metipsis
542 3096 870 3166 possideant.
896 3096 1080 3151 Virtus
1103 3097 1244 3152 enim
1274 3096 1451 3151 Patris
1476 3104 1559 3150 est
1583 3096 1846 3164 sapientia

277 3187 480 3252 Patris,
505 3189 558 3242 iu
592 3205 696 3257 qua
722 3189 903 3243 omnia
937 3188 1087 3243 fecit.
1117 3187 1223 3243 Sed
1252 3189 1338 3242 illa
1371 3187 1608 3257 cognitio
1638 3187 1850 3243 divinae

275 3278 642 3346 generationis
679 3278 856 3334 adhuc
901 3279 954 3333 in
994 3294 1081 3333 me
1118 3287 1201 3333 est
1236 3294 1333 3347 per
1378 3278 1556 3343 (idem,
1585 3278 1638 3333 in
1664 3278 1854 3349 angelo

278 3376 361 3420 est
391 3367 438 3398 "
467 3382 563 3436 per
607 3369 880 3437 speciem;
918 3370 1081 3423 immo
1109 3370 1271 3424 etiam
1317 3369 1363 3401 ι’
1407 3384 1506 3424 nec
1536 3369 1589 3423 in
1640 3384 1727 3423 me
1771 3379 1854 3424 est

280 3469 374 3523 per
400 3457 656 3526 speciem,
674 3474 773 3513 nec
793 3460 845 3513 in
863 3460 1058 3528 angelo
1075 3459 1138 3513 ⁸⁵.
1160 3458 1555 3519 Generationem
1584 3461 1720 3516 enim
1742 3461 1853 3529 ejus

277 3548 393 3613 quis
421 3550 726 3603 θῆαι-ηιὺὶιὲ
757 3549 944 3605 Nullus
964 3551 1160 3620 quippe
1185 3552 1487 3620 hominum,
1513 3552 1656 3606 nulla
1685 3552 1856 3608 caele-

282 3640 445 3694 stium
477 3641 736 3695 virtutum
766 3642 1165 3712 generationem
1208 3642 1371 3698 Verbi
1418 3658 1446 3696 a
1483 3642 1643 3697 Patre
1683 3651 1858 3711 potest

281 3748 634 3801 cognoscere,
665 3735 955 3803 quomodo,
1000 3737 1083 3790 vel
1109 3736 1283 3806 qualis
1309 3746 1423 3802 est;
1463 3738 1601 3792 sicut
1630 3738 1674 3769 ”
1699 3753 1858 3792 nemo

284 3823 438 3876 novit
482 3824 757 3878 hominum
794 3826 878 3879 vel
925 3826 1255 3895 angelorum,
1297 3826 1423 3896 quid
1461 3834 1547 3881 est
1589 3826 1673 3882 vel
1711 3828 1853 3896 quis,

283 3912 378 3981 qui
410 3913 453 3944 “
494 3914 698 3984 genuit,
730 3924 785 3969 ct
815 3916 853 3947 ι’
880 3916 999 3986 quis
1023 3924 1106 3970 est
1136 3916 1218 3971 vel
1249 3917 1375 3985 quid
1399 3925 1503 3978 est,
1533 3917 1672 3987 quod
1702 3917 1857 3995 geni-

285 4012 403 4055 tum
434 4013 549 4069 est;
591 4004 684 4058 sed
714 4007 861 4060 solus
889 4007 1042 4062 novit
1066 4008 1192 4076 quid
1225 4008 1427 4074 genuit,
1459 4008 1549 4077 qui
1579 4009 1781 4077 genuit,
1807 4017 1861 4062 et

284 4096 556 4164 quomodo
585 4095 629 4127 ¹⁸
650 4098 889 4165 genitum
917 4106 1018 4162 est,
1049 4097 1191 4166 quod
1221 4098 1263 4128 ¹⁹
1292 4097 1531 4166 genitum
1559 4105 1642 4152 est
1676 4097 1743 4162 ”,
1783 4108 1859 4163 et,

286 4187 381 4255 qui
409 4202 472 4256 ge
496 4188 608 4253 :uit,
638 4188 790 4242 novit
812 4189 1068 4258 seipsum,
1097 4189 1225 4259 quid
1258 4190 1301 4221 ²¹
1339 4197 1451 4250 εει,
1489 4198 1542 4243 ει
1569 4190 1860 4258 quomodo,

286 4286 343 4329 et
386 4277 614 4345 qualiter
652 4280 860 4347 genuit,
897 4279 1038 4347 quod
1069 4280 1115 4310 ’³
1144 4281 1209 4333 de
1252 4293 1311 4333 se
1351 4277 1563 4345 genuit;
1615 4278 1863 4334 similiter

1934 464 2097 521 ct'cui
2128 466 2242 520 vult
2267 466 2427 521 Pater
2455 462 2729 519 revelare?
2762 461 2835 515 ita
2863 468 2922 514 ut
2946 455 3324 524 intelligamus.
3357 465 3506 504 reve-

1934 556 2114 608 lare"
2153 570 2248 622 per
2294 552 2681 622 theopbanias;
2730 565 2854 604 nam
2899 544 3187 603 essentiam
3233 541 3412 595 Patris
3455 546 3529 590 et-

1934 645 2056 700 Filii
2085 653 2141 699 et
2168 644 2403 713 Spiritus
2429 643 2627 703 sancti,
2655 651 2818 710 atque
2845 635 3175 693 substantias
3201 645 3385 687 eorum
3415 644 3512 699 per

1936 737 2146 804 seipsas
2170 735 2479 788 immediate
2506 733 2555 765 ”
2582 741 2863 786 creaturae
2909 727 3139 783 revelari
3184 721 3512 793 impossibile
3570 780 3591 807 ,ἑ

1936 837 2037 881 est.
2065 825 2327 880 Similiter
2347 824 2415 880 de
2436 824 2593 879 modo
2613 833 2670 877 et
2689 822 2948 892 qualitate
2973 818 3187 873 divinae
3214 812 3514 885 generatio-

1937 917 2022 972 nis
2043 916 2467 984 intelligendum,
2491 914 2534 969 si
2560 924 2736 968 tamen
2758 911 2975 983 proprie
3006 909 3202 965 dicitur
3239 908 3304 961 de
3329 905 3509 958 divina
3568 894 3600 943 "5

1939 1016 2130 1061 natura
2154 1007 2269 1076 quis
2291 1013 2345 1059 et
2360 1005 2504 1077 quid.
2523 1003 2651 1057 Plus
2673 1002 2813 1056 enim
2837 1009 2918 1054 εει
2940 1014 3100 1069 quam
3131 1008 3384 1066 persona,
3403 991 3514 1046 et"

1938 1096 2060 1165 plus
2100 1107 2185 1150 est
2227 1110 2388 1164 quam
2425 1093 2749 1157 substantia,
2779 1090 3045 1153 similiter,
3080 1088 3125 1141 si
3157 1084 3372 1157 proprie
3402 1098 3517 1137 mo-

1938 1187 2038 1241 dus
2058 1196 2111 1241 et
2131 1185 2362 1254 qualitas
2381 1184 2448 1237 de
2471 1198 2533 1237 ca
2559 1193 2747 1236 natura
2766 1180 3123 1250 praedicanda
3145 1185 3269 1231 sunt
3290 1174 3359 1240 ³⁸,
3378 1188 3517 1243 quae

1939 1285 2160 1343 superat
2191 1289 2407 1328 omnem
2445 1273 2660 1326 modum
2692 1284 3017 1338 omnemque
3059 1265 3392 1336 qualitatem,
3425 1279 3515 1316 ce-

1941 1372 2185 1431 teraque,
2218 1377 2356 1432 quae
2394 1361 2687 1416 secundum
2719 1359 2970 1414 accidens
2996 1358 3264 1411 dicuntur.
3280 1354 3370 1433 ⁵Ι)ε
3402 1353 3520 1420 qui-

1940 1454 2040 1508 bus
2069 1454 2120 1507 in
2148 1453 2316 1522 priori
2341 1453 2383 1483 ³¹
2419 1451 2557 1505 libro
2586 1450 2727 1504 inter
2770 1466 2868 1503 nos
2904 1446 3176 1503 convenit.
3215 1443 3473 1512 Sequitur
3501 1460 3512 1491 :

1942 1544 2007 1599 lu
2036 1544 2398 1615 splendoribus
2440 1552 2740 1597 sanctorum
2783 1556 2849 1594 ea:
2887 1549 3032 1592 utero
3082 1546 3202 1590 aute
3243 1531 3519 1601 luciferum

1942 1636 2094 1705 genui
2122 1644 2171 1688 te
2198 1636 2262 1687 ³⁸.
2309 1634 2453 1689 Ordo
2494 1634 2778 1687 verborum
2813 1648 2824 1683 :
2866 1645 2933 1684 ex
2976 1637 3129 1683 utero
3175 1624 3334 1694 genui
3375 1632 3429 1676 te
3464 1623 3518 1673 iu

1941 1726 2298 1796 splendoribus
2318 1734 2615 1779 sanctorum
2645 1733 2766 1776 ante
2784 1719 3083 1788 luciferum.
3110 1716 3333 1772 Uterum
3360 1713 3404 1744 ³³
3433 1714 3522 1768 llic

1942 1817 2180 1888 intellige
2229 1825 2471 1872 secretos
2520 1823 2774 1883 paternae
2824 1809 3158 1866 substantiae
3207 1807 3395 1867 sinus.
3448 1819 3517 1858 ex

1941 1907 2139 1977 quibus
2158 1906 2462 1976 unigenitus
2493 1904 2659 1959 Filius
2679 1902 2748 1968 "',
2795 1901 2886 1971 qui
2910 1907 2996 1955 est
3035 1897 3272 1952 Verbum
3321 1893 3519 1955 Patris,

1942 2009 2102 2052 natus
2130 2012 2231 2061 εει,
2258 2005 2314 2050 ει
2340 1998 2406 2051 de
2437 1995 2630 2064 quibus
2674 2007 2888 2062 semper
2928 1988 3189 2053 nascitur,
3225 1994 3280 2040 ct
3311 1985 3365 2039 in
3404 1983 3524 2052 qni-

1941 2089 2062 2150 bus,
2087 2088 2211 2140 dum
2239 2100 2452 2155 semper
2474 2084 2730 2145 nascitur,
2757 2095 2971 2149 semper
2994 2087 3192 2132 manet.
3223 2075 3297 2129 De
3323 2071 3519 2143 quibus
3537 2100 3570 2123 ..ι

1946 2176 1996 2229 iu
2028 2175 2318 2245 Evangelii)
2343 2175 2543 2229 dictum
2571 2181 2654 2226 est
2685 2189 2698 2225 :
2733 2170 2901 2224 Deum
2932 2184 3079 2222 neruo
3104 2165 3228 2220 vidit
3269 2178 3539 2233 unquam,

1947 2267 2255 2337 Uuigenilus
2282 2277 2454 2320 autem
2477 2262 2524 2316 F
2528 2264 2647 2318 ilius
2669 2262 2837 2332 “'qui
2858 2270 2929 2314 est
2959 2260 3011 2313 in
3032 2258 3232 2312 sinibus
3252 2255 3297 2285 ³⁸
3321 2252 3518 2313 Patris,

1944 2358 2051 2429 ipse
2081 2358 2334 2411 narrabit.
2366 2355 2483 2410 Non
2516 2354 2659 2409 enim
2700 2359 2978 2423 separatur
3021 2365 3051 2402 a
3093 2346 3285 2408 Patre,
3324 2343 3451 2416 quia
3477 2340 3522 2373 ³⁸

1947 2449 2295 2505 aeternalitcr
2327 2458 2383 2502 et
2412 2443 2925 2514 incommutabiliter
2957 2449 3040 2494 est
3070 2440 3120 2492 in
3151 2437 3342 2498 Patre,
3384 2435 3527 2489 sicut

1946 2541 2061 2611 ipse
2089 2540 2165 2594 ait
2197 2557 2209 2592 :
2242 2538 2354 2609 Ego
2385 2539 2440 2591 in
2480 2533 2642 2588 Patre
2669 2543 2716 2587 et
2749 2530 2914 2585 Pater
2946 2530 3000 2583 in
3026 2545 3124 2582 me.
3172 2527 3333 2581 Pater
3364 2524 3526 2594 igitur

1945 2649 2010 2686 ea:
2049 2641 2193 2685 utero
2237 2645 2335 2685 suo
2381 2626 2565 2699 genuit
2614 2624 2809 2679 Filium
2862 2636 3019 2676 sumn
3063 2615 3524 2687 in.spleudoribus

1948 2731 2265 2776 sanctorum.
2300 2717 2566 2774 Nascente
2591 2717 2735 2773 enim
2761 2706 2911 2768 'Filio
2933 2727 3003 2766 ex
3021 2711 3180 2766 Patre
3212 2705 3525 2777 splendores

1951 2814 2087 2866 tiunt
2116 2820 2450 2874 sanctorum,
2487 2807 2590 2861 ltoc
2618 2815 2718 2869 est,
2759 2801 3097 2872 cognitiones
3129 2797 3442 2857 electorum,
3470 2802 3527 2847 et

1949 2900 2471 2971 praedestinationes
2509 2893 2890 2952 substantiales
2932 2891 2985 2944 in
3033 2889 3208 2942 Verbo
3252 2885 3385 2948 Dei,
3431 2883 3525 2952 qui

1951 3006 2077 3052 nos,
2120 2985 2362 3057 apostolo
2401 2994 2570 3049 teste,
2608 2989 2732 3037 ante
2772 2988 3011 3047 tempora
3062 2973 3325 3029 secularia
3372 2987 3528 3042 prae—

1954 3078 2242 3135 destinavit
2294 3077 2348 3131 in
2418 3090 2661 3145 regnum.
2732 3070 2846 3124 Non
2910 3068 3047 3122 dixit
3100 3073 3223 3119 ante
3285 3071 3561 3132 tempora.

1954 3178 2207 3233 acterna;
2258 3177 2499 3236 tempora
2538 3164 2680 3221 enim
2718 3171 2935 3215 acterna
2980 3162 3108 3211 sunt
3158 3153 3202 3185 ³⁷
3247 3150 3428 3207 Patris
3476 3161 3555 3209 et.

1954 3266 2074 3322 Filii
2119 3273 2176 3318 et
2202 3262 2434 3333 Spiritus
2484 3259 2657 3317 sancti
2689 3254 3056 3313 eoesseutialis
3096 3250 3431 3312 aeternitas,
3472 3247 3529 3298 in

1956 3378 2061 3430 qua
2086 3355 2468 3414 substantiales
2493 3339 2803 3423 splendores
2828 3356 3160 3408 sanctorum,
3185 3342 3538 3409 omnituon
3560 3364 3595 3403 τι

1960 3466 2137 3505 rcrtuu
2189 3444 2562 3519 pritttordialcs
2613 3456 2811 3497 causae
2882 3436 3229 3493 aeternaliter
3289 3431 3537 3494 conditae

1957 3549 2104 3603 sunt,
2129 3540 2470 3608 ipsarumque
2496 3549 2781 3590 causarum
2809 3529 3028 3587 eﬂ‘eetus
3052 3537 3106 3583 et
3130 3526 3175 3558 ³⁸
3207 3522 3456 3597 praesciti
3481 3531 3537 3576 ct

1960 3628 2341 3700 praedestinati
2383 3626 2630 3690 fuerunt;
2674 3622 2769 3679 sed
2806 3630 2933 3676 ante
2973 3627 3213 3689 tempora
3247 3613 3545 3676 sccularia,

1960 3721 2016 3775 in
2066 3721 2261 3790 quibus
2294 3733 2491 3773 causae
2537 3715 2704 3771 semel
2741 3730 2805 3769 ac
2846 3712 2890 3746 "
2918 3709 3077 3767 simul
3104 3706 3452 3771 aciei-nalitcr
3480 3705 3536 3758 in

1961 3812 2226 3883 principio
2262 3812 2466 3874 factae,
2519 3809 2708 3863 ordine
2746 3806 2981 3876 quodam
3024 3800 3329 3857 seculorum
3386 3796 3538 3851 simi-

1963 3903 2086 3959 liter
2110 3901 2463 3972 praedeﬁnito
2490 3909 2648 3969 atque
2671 3895 3037 3965 praecognito,
3076 3890 3129 3957 in
3164 3888 3386 3943 ell‘cctus
3409 3899 3536 3939 suos
3564 3924 3579 3931 ν,

1963 3995 2079 4049 sive
2129 3992 2368 4048 visibiles
2422 3990 2541 4044 sive
2591 3984 2926 4046 invisibiles,
2972 3981 3157 4047 divina
3201 3973 3579 4046 providenlitu

1963 4085 2373 4142 administrante
2397 4122 2411 4147 ,
2453 4081 2765 4151 procedunt.
2808 4069 3333 4128 Praedestinationes
3370 4064 3542 4133 siqui-

1963 4179 2086 4234 dem
2122 4185 2176 4230 ει
2216 4171 2682 4245 praecognitiones
2716 4176 3047 4230 sanctorum,
3087 4174 3220 4229 quas
3248 4154 3535 4209 Psalnnsta

1966 4272 2193 4341 fulgores
2225 4267 2504 4327 nominat,
2552 4274 2839 4328 rerumque
2885 4253 3122 4309 omnium
3162 4246 3452 4301 visibilium
3489 4253 3543 4297 et
3586 4332 3589 4337 Ι

287 4367 435 4433 quod
464 4367 508 4397 ’³
539 4345 773 4436 genitum
803 4345 1094 4436 esu—novit
1127 4368 1384 4437 seipsum,
1421 4356 1548 4435 quid
1578 4367 1623 4398 ’δ
1652 4376 1766 4433 εει,
1808 4378 1863 4424 ει
1889 4391 1938 4450 D
1967 4359 2314 4416 invisibilium
2352 4357 2587 4410 rationes
2624 4351 2769 4408 Pult'i
2806 4357 2862 4403 el
2896 4345 3033 4411 Ὲῖὶίο
3070 4348 3385 4447 “gemma?
3422 4349 3543 4450 θῗδθ

290 4459 577 4525 quomodo,
600 4472 655 4513 et
683 4459 918 4528 qualiter
938 4462 1176 4529 genitum
1203 4468 1305 4523 est,
1336 4470 1392 4514 et
1419 4460 1569 4514 novit
1586 4474 1743 4526 eum,
1768 4463 1857 4530 qui

293 4565 352 4600 se
378 4550 558 4619 genuit
582 4590 596 4613 .
645 4551 765 4618 quis
789 4551 858 4615 ³⁸,
893 4561 944 4604 ει
974 4551 1100 4619 quid
1127 4559 1230 4606 est.
1268 4551 1326 4606 Si
1356 4551 1499 4605 enim
1524 4566 1685 4606 nemo
1716 4552 1865 4607 novit

293 4637 506 4693 Patrem
532 4641 630 4694 nisi
659 4639 849 4705 Filius,
874 4651 929 4695 ct
954 4641 1038 4695 cui
1062 4640 1173 4695 vult
1199 4640 1365 4695 Filius
1394 4641 1651 4707 revelare,
1686 4657 1863 4697 itonne

1968 4456 2257 4511 credimus.
2299 4451 2365 4505 In
2403 4448 2554 4504 Verbi
2584 4448 2727 4506 cuitu
2753 4444 2861 4510 Dei.
2893 4437 3295 4507 dispensatione,
3327 4433 3401 4487 ait
3435 4431 3544 4483 Au-

1969 4547 2249 4617 gustinus.
2298 4560 2401 4597 non
2445 4542 2586 4610 facta
2614 4580 2627 4603 ,
2673 4536 2761 4592 sed
2808 4543 3019 4588 aeterna
3060 4536 3203 4581 sunt.
3250 4522 3362 4617 Non
3400 4520 3543 4575 facta

1970 4614 2131 4704 dicit,
2175 4638 2351 4692 adhuc
2381 4633 2712 4704 temporibus
2737 4637 2791 4684 et
2820 4625 2950 4680 locis
2990 4637 3085 4691 per
3112 4614 3538 4690 generationem,
3564 4660 3577 4668 .

1570 4750 1651 4803 \‘A
1664 4750 1820 4804 RlAE
1862 4748 2261 4805 LECTIONES.

371 4864 385 4891 '
424 4862 511 4915 Sic
556 4861 718 4924 (ZDE;
767 4862 805 4914 Α
853 4862 1096 4929 positum.
1170 4865 1189 4894 ²
1218 4860 1309 4915 Sie
1353 4859 1616 4931 ACLDE
1673 4860 1724 4915 in
1754 4879 1877 4931 quo.
1952 4862 2087 4918 ’S'rc
2129 4863 2291 4925 CDE;
2338 4860 2634 4915 A-‘dedico.

1211 4931 1349 4983 “Sic
1391 4930 1554 4992 CDE;
1603 4941 1675 4983 est
1725 4948 1832 4985 om.
1882 4932 1943 4987 Α.

300 4934 321 4964 ⁸
352 4932 439 4985 Sic
481 4931 600 4995 CD;
647 4933 690 4984 Α
738 4931 851 4993 illi;
905 4931 946 4985 Ε
990 4934 1116 4997 ipse.

298 5014 406 5055 erat
436 5004 545 5055 siue
574 5004 685 5066 his,
720 5018 940 5071 quorum
971 5001 1281 5071 principium
1320 5010 1415 5054 est.

300 5071 391 5123 AD
432 5083 668 5124 na'urue.
734 5069 806 5101 ’¹¹
831 5070 921 5124 Sic
954 5069 1118 5128 ADE:
1151 5069 1192 5124 C
1219 5074 1375 5123 unde.

301 5198 414 5264 ccli
502 5211 524 5241 ⁸
551 5210 645 5265 Sic
680 5198 796 5271 CB;
830 5211 919 5279 qui
950 5198 1066 5262 inn.
1091 5198 1223 5262 'AD.

304 5279 442 5334 solus
468 5312 535 5322 ——
564 5282 793 5347 genitum
830 5290 900 5332 est
937 5295 1044 5333 om.
1074 5279 1135 5331 C.

304 5352 446 5414 quid.
541 5353 588 5383 ’⁵
619 5350 711 5405 Sic
756 5350 921 5413 ΑΒΕ,
958 5349 998 5403 C
1046 5350 1201 5414 quod.

306 5421 357 5452 "
383 5421 465 5475 Sic
495 5422 563 5484 C;
589 5422 633 5474 A
656 5420 1019 5479 Immediulae;
1053 5419 1141 5471 DE
1181 5419 1526 5471 iumedietatc.

300 5495 346 5543 it
385 5491 430 5543 in
456 5493 644 5558 primo.
724 5490 767 5520 "
793 5490 830 5541 Λ
858 5506 922 5541 ea:
960 5488 1021 5542 γ.
1058 5492 1116 5540 Α.
1142 5489 1196 5541 L.
1224 5490 1288 5541 (ἐ.
1320 5503 1388 5542 te.

306 5564 352 5591 ³³
386 5561 468 5614 Sic
492 5562 657 5621 Chii;
714 5559 750 5611 Λ
794 5561 929 5610 .‘ilttt.
1030 5558 1075 5589 ³⁸
1106 5559 1195 5610 Sic
1220 5558 1380 5621 (lilii;
1422 5558 1461 5610 Α
1486 5562 1593 5610 (mi.

318 5628 467 5696 CDE;
504 5642 549 5685 et
572 5646 681 5687 om.
707 5630 769 5683 Λ.
850 5629 892 5662 ³³
922 5630 1011 5683 Sic
1045 5628 1159 5695 (1E;
1190 5628 1275 5681 Al)
1297 5639 1368 5679 cl.

1322 5210 1361 5241 ³⁷
1392 5208 1482 5261 Sic
1510 5207 1673 5273 CUE;
1706 5210 1745 5262 Α
1774 5212 1871 5265 rel.

1510 4998 1651 5074 ’δε
1684 5000 1799 5074 DE;
1851 5004 1890 5056 Α
1938 5021 1969 5056 a
2015 5015 2064 5058 te
2109 4998 2574 5074 generationis

1473 5070 1514 5101 "
1543 5068 1633 5123 Sic
1675 5072 1835 5137 CDE;
1879 5084 1951 5127 est
2000 5068 2207 5128 umfA.

302 5158 384 5194 me
402 5184 415 5207 ,
449 5159 537 5212 nec
560 5144 613 5212 iu
638 5141 819 5211 angelo
850 5150 923 5212 est
950 5156 1042 5210 per
1066 5141 1319 5212 spegiem;
1344 5140 1727 5212 r_D_uer_iume
1756 5151 1830 5195 est
1872 5159 1963 5212 per
1996 5144 2212 5211 speciem
2261 5158 2353 5195 nec
2383 5143 2437 5194 in
2463 5136 2669 5212 angelo:

1227 5278 1390 5332 uSic
1415 5278 1659 5350 (1095A
1709 5290 1754 5332 et
1798 5283 1945 5350 quid.

1299 5351 1344 5380 ³⁵
1369 5349 1458 5402 Sic
1503 5347 1668 5411 CDE;
1712 5350 1755 5402 Α
1787 5347 1907 5420 quis
1934 5363 2026 5405 est.

1609 5420 1650 5447 "
1680 5419 1769 5472 Sic
1816 5422 1977 5483 CDIC;
2014 5434 2057 5474 cl
2108 5438 2215 5474 om.
2275 5426 2336 5474 Λ.

1466 5486 1512 5517 ³³
1544 5489 1631 5540 Sic
1656 5489 1771 5551 (lii;
1807 5494 1842 5543 Λ
1883 5493 1945 5544 Et
1973 5496 2190 5549 iterum.
2228 5493 2266 5545 Π
2307 5490 2511 5543 Verum.
2591 5488 2634 5518 δ’*
2657 5516 2723 5525 μα
2755 5486 2820 5513 ³³⁵
2856 5486 2944 5533 Sic
2972 5486 3163 5553 (ἐι-ηιξ.

1695 5559 1735 5592 ³⁷
1764 5547 1859 5618 Sic
1890 5562 2056 5628 (Ibis;
2110 5563 2149 5615 Α
2170 5547 2300 5617 sunt
2338 5562 2470 5615 cnim
2527 5566 2752 5625 tempore
2785 5564 2990 5605 (t(.'t’t‘lttt
3027 5547 3198 5600 l‘atris
3224 5550 3295 5595 ct.

2712 4853 2734 4884 ’⁸
2760 4852 2850 4905 Sic
2896 4849 3061 4909 CDE;
3111 4843 3152 4898 A
3183 4840 3322 4912 facio
3364 4841 3419 4893 iu
3463 4856 3568 4908 cas

2771 4923 2792 4954 ⁸
2824 4921 2915 4976 Sic
2962 4917 3124 4979 CDE;
3173 4915 3544 5014 Awllqlllltflllttl‘t‘tt

2288 4978 2984 5065 tritinia—sdgenerationis
3020 4978 3119 5041 ait.
3214 4983 3255 5014 ιο
3295 4978 3384 5033 εῑιε
3432 4979 3546 5036 ce;

2288 5073 2331 5103 ¹³
2363 5071 2454 5125 Sic
2496 5067 2660 5129 CDE;
2693 5065 2736 5117 Α
2765 5074 2833 5116 et.
2944 5061 2986 5129 ‘5
3017 5058 3106 5129 Sic
3136 5053 3256 5129 Cl‘l;
3296 5051 3336 5101 Α
3377 5065 3466 5100 nec
3496 5064 3550 5105 ιη

2630 5123 2669 5189 φ’.
2762 5135 2806 5165 ³⁸
2842 5132 2933 5185 Sic
2959 5128 3122 5187 CDE;
3167 5123 3207 5176 Λ
3242 5136 3361 5173 nam
3393 5132 3550 5173 nemo

2630 5203 2792 5258 "Sic
2817 5203 2933 5261 DE;
2967 5200 3004 5252 A
3031 5190 3303 5261 quidquid.
3326 5256 3336 5261 _
3382 5186 3425 5215 ’θ
3457 5185 3546 5261 sed

2039 5216 2131 5266 Sic
2156 5216 2268 5271 DE;
2303 5216 2342 5263 A
2385 5216 2527 5280 quia.
2630 5216 2792 5258 "Sic
2818 5216 2933 5262 me;
2967 5216 3303 5279 Aquiculzau.
3457 5216 3545 5265 an.

2035 5284 2081 5313 ²²
2105 5281 2381 5339 Sit‘Cl)E;
2438 5281 2477 5332 Α
2525 5275 2804 5347 quidquid.
2903 5272 2947 5303 ⁸³
2976 5270 3067 5323 Str.
3109 5262 3270 5345 (illis;
3312 5256 3350 5308 Α
3391 5255 3548 5337 (μιαί.-

2128 5352 2172 5382 “
2196 5352 2285 5388 Qa.
2314 5351 2480 5388 (intr-
2535 5350 2565 5388 Α
2602 5349 2717 5388 ora
2818 5346 2859 5373 ιτ
2893 5342 2982 5388 Sic
3022 5335 3183 5388 cun;
3230 5329 3267 5379 Λ
3313 5325 3548 5377 revelari.

2128 5352 2172 5382 “
2196 5352 2286 5406 Sic
2314 5351 2481 5407 CDE:
2531 5339 2568 5400 Ᾱ
2602 5339 2718 5400 erit.
2818 5346 2859 5373 ’7
2893 5342 2982 5395 Sic
3022 5339 3183 5390 cum
3230 5339 3290 5405 Α,
3313 5339 3547 5405 revelari.

2128 5439 2215 5474 Illi.
2275 5426 2336 5474 Λ.
2424 5422 2469 5449 ⁵³
2510 5420 2598 5471 Sic
2648 5416 2811 5471 (10E:
2850 5413 2885 5464 Λ
2937 5411 3022 5461 sit.
3150 5403 3211 5478 3‘_
3239 5399 3327 5476 Sic
3378 5394 3546 5450 Allia;

2128 5510 2155 5523 υ
2228 5493 2266 5523 Π
2591 5488 2634 5518 δ’*
2657 5516 2723 5523 ...-
2755 5486 2820 5513 ³³⁸
2856 5481 2944 5523 Sir.
2972 5475 3133 5523 (Illliz
3172 5469 3337 5523 i'u'ttts
3369 5483 3475 5514 um.
3510 5463 3547 5514 λ

2591 5488 2634 5518 δ”
2657 5516 2723 5525 μα
2755 5486 2820 5513 ³³⁸
2856 5481 2944 5533 Sic
2972 5476 3134 5535 (10E;
3172 5476 3337 5524 cuius
3369 5483 3475 5514 om.
3510 5476 3547 5514 λ

2597 5576 2622 5590 η
2650 5566 2752 5590 ...νη
2786 5564 2990 5590 "rm-nn
3027 5546 3198 5590 I‘ntris
3224 5550 3295 5590 t‘l.
3392 5535 3438 5566 ⁸⁸

2031 4935 2051 4967 ⁷
2090 4933 2180 4988 Sic
2205 4933 2337 4987 (JDE
2362 4950 2376 4995 ;
2427 4932 2469 4983 Α
2494 4942 2683 4999 quare.

1970 5213 2012 5244 ¹⁸
2039 5214 2131 5266 Sic
2156 5212 2268 5271 DE;
2303 5211 2342 5263 A
2385 5212 2527 5280 quia.
