  <div class='ocr_page' id='page_1' title='image "/cluster/home/n/w/nwhite01/storage/ocr_20150623/122/hvd.32044054759840/317.png"; bbox 0 0 3912 6154; ppageno 0'>
   <div class='ocr_carea' id='block_1_1' title="bbox 405 189 507 247">
    <p class='ocr_par' dir='ltr' id='par_1_1' title="bbox 405 189 507 247">
     <span class='ocr_line' id='line_1_1' title="bbox 405 189 507 247; baseline 0.049 -5"><span class='ocrx_word' id='word_1_1' title='bbox 405 189 507 247; x_wconf 71' lang='grc'><strong>559</strong></span> 
     </span>
    </p>
   </div>
   <div class='ocr_carea' id='block_1_2' title="bbox 1784 201 2295 259">
    <p class='ocr_par' dir='ltr' id='par_1_2' title="bbox 1784 201 2295 259">
     <span class='ocr_line' id='line_1_2' title="bbox 1784 201 2295 259; baseline 0.01 -5"><span class='ocrx_word' id='word_1_2' title='bbox 1784 201 2063 256; x_wconf 67' lang='lat' dir='ltr'><strong>JOANNIS</strong></span> <span class='ocrx_word' id='word_1_3' title='bbox 2102 203 2295 259; x_wconf 85' lang='lat' dir='ltr'><strong>SCO&#39;l&#39;l</strong></span> 
     </span>
    </p>
   </div>
   <div class='ocr_carea' id='block_1_3' title="bbox 3564 212 3665 267">
    <p class='ocr_par' dir='ltr' id='par_1_3' title="bbox 3564 212 3665 267">
     <span class='ocr_line' id='line_1_3' title="bbox 3564 212 3665 267; baseline -0.02 0"><span class='ocrx_word' id='word_1_4' title='bbox 3564 212 3665 267; x_wconf 77' lang='lat'><strong>360</strong></span> 
     </span>
    </p>
   </div>
   <div class='ocr_carea' id='block_1_4' title="bbox 407 304 3658 385">
    <p class='ocr_par' dir='ltr' id='par_1_4' title="bbox 407 304 3658 385">
     <span class='ocr_line' id='line_1_4' title="bbox 407 304 3658 385; baseline 0.008 -31"><span class='ocrx_word' id='word_1_5' title='bbox 407 304 547 358; x_wconf 83' lang='lat' dir='ltr'><strong>facta</strong></span> <span class='ocrx_word' id='word_1_6' title='bbox 599 321 727 362; x_wconf 89' lang='lat' dir='ltr'><strong>vero</strong></span> <span class='ocrx_word' id='word_1_7' title='bbox 778 314 1126 367; x_wconf 88' lang='lat' dir='ltr'><strong>aeterualiter</strong></span> <span class='ocrx_word' id='word_1_8' title='bbox 1162 314 1215 366; x_wconf 92' lang='lat' dir='ltr'><strong>in</strong></span> <span class='ocrx_word' id='word_1_9' title='bbox 1267 313 1441 368; x_wconf 83' lang='lat' dir='ltr'><strong>Verbo</strong></span> <span class='ocrx_word' id='word_1_10' title='bbox 1482 314 1636 383; x_wconf 82' lang='lat' dir='ltr'><strong>juxta</strong></span> <span class='ocrx_word' id='word_1_11' title='bbox 1671 315 1988 384; x_wconf 87' lang='lat' dir='ltr'><strong>primordia-</strong></span> <span class='ocrx_word' id='word_1_12' title='bbox 2013 322 2064 379; x_wconf 75' lang='grc' dir='ltr'>Α</span> <span class='ocrx_word' id='word_1_13' title='bbox 2091 332 2280 373; x_wconf 80' lang='lat' dir='ltr'><strong>versus</strong></span> <span class='ocrx_word' id='word_1_14' title='bbox 2318 318 2652 375; x_wconf 77' lang='lat' dir='ltr'><strong>horizontem</strong></span> <span class='ocrx_word' id='word_1_15' title='bbox 2682 362 2696 385; x_wconf 89' lang='lat'><strong>,</strong></span> <span class='ocrx_word' id='word_1_16' title='bbox 2743 320 2989 378; x_wconf 87' lang='lat' dir='ltr'><strong>Christus</strong></span> <span class='ocrx_word' id='word_1_17' title='bbox 3028 323 3319 379; x_wconf 90' lang='lat' dir='ltr'><strong>secundum</strong></span> <span class='ocrx_word' id='word_1_18' title='bbox 3351 338 3571 379; x_wconf 86' lang='lat' dir='ltr'><strong>carnem</strong></span> <span class='ocrx_word' id='word_1_19' title='bbox 3597 339 3658 381; x_wconf 77' lang='lat' dir='ltr'><strong>ex</strong></span> 
     </span>
    </p>
   </div>
   <div class='ocr_carea' id='block_1_5' title="bbox 405 390 1984 475">
    <p class='ocr_par' dir='ltr' id='par_1_5' title="bbox 405 390 1984 475">
     <span class='ocr_line' id='line_1_5' title="bbox 405 390 1984 475; baseline 0.009 -31"><span class='ocrx_word' id='word_1_20' title='bbox 405 390 536 447; x_wconf 79' lang='lat' dir='ltr'><strong>lium</strong></span> <span class='ocrx_word' id='word_1_21' title='bbox 570 410 857 455; x_wconf 83' lang='lat' dir='ltr'><strong>causarum</strong></span> <span class='ocrx_word' id='word_1_22' title='bbox 895 402 1255 457; x_wconf 77' lang='lat' dir='ltr'><strong>conditionem</strong></span> <span class='ocrx_word' id='word_1_23' title='bbox 1319 402 1387 457; x_wconf 84' lang='lat' dir='ltr'><strong>In</strong></span> <span class='ocrx_word' id='word_1_24' title='bbox 1416 402 1670 472; x_wconf 81' lang='lat' dir='ltr'><strong>principio</strong></span> <span class='ocrx_word' id='word_1_25' title='bbox 1695 406 1832 458; x_wconf 80' lang='lat' dir='ltr'><strong>enim</strong></span> <span class='ocrx_word' id='word_1_26' title='bbox 1864 405 1984 475; x_wconf 74' lang='lat' dir='ltr'><strong>fecit</strong></span> 
     </span>
    </p>
   </div>
   <div class='ocr_carea' id='block_1_6' title="bbox 408 488 1984 563">
    <p class='ocr_par' dir='ltr' id='par_1_6' title="bbox 408 488 1984 563">
     <span class='ocr_line' id='line_1_6' title="bbox 408 488 1984 563; baseline 0.008 -24"><span class='ocrx_word' id='word_1_27' title='bbox 408 488 547 544; x_wconf 75' lang='lat' dir='ltr'><strong>Deus</strong></span> <span class='ocrx_word' id='word_1_28' title='bbox 573 494 777 550; x_wconf 84' lang='lat' dir='ltr'><strong>caelum</strong></span> <span class='ocrx_word' id='word_1_29' title='bbox 832 504 881 548; x_wconf 87' lang='lat' dir='ltr'><strong>et</strong></span> <span class='ocrx_word' id='word_1_30' title='bbox 918 504 1111 547; x_wconf 88' lang='lat' dir='ltr'><strong>terram</strong></span> <span class='ocrx_word' id='word_1_31' title='bbox 1144 497 1181 547; x_wconf 77' lang='grc' dir='ltr'><strong>ί.</strong></span> <span class='ocrx_word' id='word_1_32' title='bbox 1221 494 1369 549; x_wconf 75' lang='lat' dir='ltr'><strong>Idem</strong></span> <span class='ocrx_word' id='word_1_33' title='bbox 1400 494 1527 549; x_wconf 85' lang='lat' dir='ltr'><strong>alibi</strong></span> <span class='ocrx_word' id='word_1_34' title='bbox 1559 514 1571 548; x_wconf 88' lang='lat'><strong>:</strong></span> <span class='ocrx_word' id='word_1_35' title='bbox 1611 494 1836 549; x_wconf 77' lang='lat' dir='ltr'><strong><em>Verbum</em></strong></span> <span class='ocrx_word' id='word_1_36' title='bbox 1863 497 1984 563; x_wconf 85' lang='lat' dir='ltr'><strong>Dei,</strong></span> 
     </span>
    </p>
   </div>
   <div class='ocr_carea' id='block_1_7' title="bbox 406 584 1986 659">
    <p class='ocr_par' dir='ltr' id='par_1_7' title="bbox 406 584 1986 659">
     <span class='ocr_line' id='line_1_7' title="bbox 406 584 1986 659; baseline 0 -18"><span class='ocrx_word' id='word_1_37' title='bbox 406 587 645 659; x_wconf 83' lang='lat' dir='ltr'><strong>inquit’,</strong></span> <span class='ocrx_word' id='word_1_38' title='bbox 671 602 763 656; x_wconf 86' lang='lat' dir='ltr'><strong>per</strong></span> <span class='ocrx_word' id='word_1_39' title='bbox 790 585 929 655; x_wconf 86' lang='lat' dir='ltr'><strong>quod</strong></span> <span class='ocrx_word' id='word_1_40' title='bbox 951 584 1092 650; x_wconf 76' lang='lat' dir='ltr'><strong>facta</strong></span> <span class='ocrx_word' id='word_1_41' title='bbox 1121 594 1243 643; x_wconf 80' lang='lat' dir='ltr'><strong>sunt</strong></span> <span class='ocrx_word' id='word_1_42' title='bbox 1266 585 1460 649; x_wconf 71' lang='lat' dir='ltr'><strong>omnia”,</strong></span> <span class='ocrx_word' id='word_1_43' title='bbox 1492 584 1582 638; x_wconf 90' lang='lat' dir='ltr'><strong>ubi</strong></span> <span class='ocrx_word' id='word_1_44' title='bbox 1635 586 1986 642; x_wconf 89' lang='lat' dir='ltr'><strong>incommuta-</strong></span> 
     </span>
    </p>
   </div>
   <div class='ocr_carea' id='block_1_8' title="bbox 404 673 1981 743">
    <p class='ocr_par' dir='ltr' id='par_1_8' title="bbox 404 673 1981 743">
     <span class='ocr_line' id='line_1_8' title="bbox 404 673 1981 743; baseline -0.001 -11"><span class='ocrx_word' id='word_1_45' title='bbox 404 678 585 733; x_wconf 88' lang='lat' dir='ltr'><strong>biliter</strong></span> <span class='ocrx_word' id='word_1_46' title='bbox 609 677 795 730; x_wconf 89' lang='lat' dir='ltr'><strong>vivunt</strong></span> <span class='ocrx_word' id='word_1_47' title='bbox 821 674 1025 739; x_wconf 90' lang='lat' dir='ltr'><strong>omnia,</strong></span> <span class='ocrx_word' id='word_1_48' title='bbox 1050 688 1156 729; x_wconf 92' lang='lat' dir='ltr'><strong>non</strong></span> <span class='ocrx_word' id='word_1_49' title='bbox 1183 674 1355 728; x_wconf 89' lang='lat' dir='ltr'><strong>solum</strong></span> <span class='ocrx_word' id='word_1_50' title='bbox 1405 690 1543 743; x_wconf 88' lang='lat' dir='ltr'><strong>quae</strong></span> <span class='ocrx_word' id='word_1_51' title='bbox 1573 673 1789 730; x_wconf 67' lang='lat' dir='ltr'><strong>luerunt</strong></span> <span class='ocrx_word' id='word_1_52' title='bbox 1816 676 1856 739; x_wconf 84' lang='grc'><strong>³,</strong></span> <span class='ocrx_word' id='word_1_53' title='bbox 1889 677 1981 731; x_wconf 86' lang='lat' dir='ltr'><strong>sed</strong></span> 
     </span>
    </p>
   </div>
   <div class='ocr_carea' id='block_1_9' title="bbox 403 766 1982 841">
    <p class='ocr_par' dir='ltr' id='par_1_9' title="bbox 403 766 1982 841">
     <span class='ocr_line' id='line_1_9' title="bbox 403 766 1982 841; baseline -0.001 -16"><span class='ocrx_word' id='word_1_54' title='bbox 403 786 541 841; x_wconf 86' lang='lat' dir='ltr'><strong>quae</strong></span> <span class='ocrx_word' id='word_1_55' title='bbox 575 770 753 823; x_wconf 90' lang='lat' dir='ltr'><strong>futura</strong></span> <span class='ocrx_word' id='word_1_56' title='bbox 801 775 964 832; x_wconf 91' lang='lat' dir='ltr'><strong>sunt;</strong></span> <span class='ocrx_word' id='word_1_57' title='bbox 1018 782 1118 822; x_wconf 91' lang='lat' dir='ltr'><strong>nec</strong></span> <span class='ocrx_word' id='word_1_58' title='bbox 1163 776 1343 820; x_wconf 88' lang='lat' dir='ltr'><strong>tamen</strong></span> <span class='ocrx_word' id='word_1_59' title='bbox 1375 767 1425 820; x_wconf 92' lang='lat' dir='ltr'><strong>in</strong></span> <span class='ocrx_word' id='word_1_60' title='bbox 1467 767 1560 822; x_wconf 90' lang='lat' dir='ltr'><strong>illo</strong></span> <span class='ocrx_word' id='word_1_61' title='bbox 1607 766 1845 833; x_wconf 87' lang='lat' dir='ltr'><strong>fuerunt,</strong></span> <span class='ocrx_word' id='word_1_62' title='bbox 1881 783 1982 824; x_wconf 87' lang='lat' dir='ltr'><strong>nec</strong></span> 
     </span>
    </p>
   </div>
   <div class='ocr_carea' id='block_1_10' title="bbox 402 857 1978 924">
    <p class='ocr_par' dir='ltr' id='par_1_10' title="bbox 402 857 1978 924">
     <span class='ocr_line' id='line_1_10' title="bbox 402 857 1978 924; baseline 0.001 -13"><span class='ocrx_word' id='word_1_63' title='bbox 402 861 580 913; x_wconf 87' lang='lat' dir='ltr'><strong>futura</strong></span> <span class='ocrx_word' id='word_1_64' title='bbox 620 865 773 921; x_wconf 88' lang='lat' dir='ltr'><strong>sunt,</strong></span> <span class='ocrx_word' id='word_1_65' title='bbox 806 857 899 912; x_wconf 90' lang='lat' dir='ltr'><strong>sed</strong></span> <span class='ocrx_word' id='word_1_66' title='bbox 944 857 1314 912; x_wconf 83' lang='lat' dir='ltr'><strong>tantummodo</strong></span> <span class='ocrx_word' id='word_1_67' title='bbox 1350 866 1498 924; x_wconf 90' lang='lat' dir='ltr'><strong>sunt,</strong></span> <span class='ocrx_word' id='word_1_68' title='bbox 1534 866 1588 911; x_wconf 94' lang='lat' dir='ltr'><strong>et</strong></span> <span class='ocrx_word' id='word_1_69' title='bbox 1620 858 1802 913; x_wconf 85' lang='lat' dir='ltr'><strong>omnia</strong></span> <span class='ocrx_word' id='word_1_70' title='bbox 1833 867 1978 923; x_wconf 90' lang='lat' dir='ltr'><strong>sunt,</strong></span> 
     </span>
    </p>
   </div>
   <div class='ocr_carea' id='block_1_11' title="bbox 399 948 1977 1017">
    <p class='ocr_par' dir='ltr' id='par_1_11' title="bbox 399 948 1977 1017">
     <span class='ocr_line' id='line_1_11' title="bbox 399 948 1977 1017; baseline 0.001 -14"><span class='ocrx_word' id='word_1_71' title='bbox 399 960 452 1004; x_wconf 90' lang='lat' dir='ltr'><strong>et</strong></span> <span class='ocrx_word' id='word_1_72' title='bbox 491 949 670 1004; x_wconf 84' lang='lat' dir='ltr'><strong>omnia</strong></span> <span class='ocrx_word' id='word_1_73' title='bbox 712 965 878 1003; x_wconf 87' lang='lat' dir='ltr'><strong>unttm</strong></span> <span class='ocrx_word' id='word_1_74' title='bbox 922 956 1083 1014; x_wconf 88' lang='lat' dir='ltr'><strong>sunt,</strong></span> <span class='ocrx_word' id='word_1_75' title='bbox 1126 959 1182 1003; x_wconf 90' lang='lat' dir='ltr'><strong>et</strong></span> <span class='ocrx_word' id='word_1_76' title='bbox 1243 948 1415 1017; x_wconf 80' lang='lat' dir='ltr'><strong>magis</strong></span> <span class='ocrx_word' id='word_1_77' title='bbox 1455 966 1616 1003; x_wconf 90' lang='lat' dir='ltr'><strong>unum</strong></span> <span class='ocrx_word' id='word_1_78' title='bbox 1653 950 1797 1004; x_wconf 77' lang='lat' dir='ltr'><strong>est&quot;.</strong></span> <span class='ocrx_word' id='word_1_79' title='bbox 1846 950 1977 1005; x_wconf 89' lang='lat' dir='ltr'><strong>Item</strong></span> 
     </span>
    </p>
   </div>
   <div class='ocr_carea' id='block_1_12' title="bbox 395 1037 1977 1110">
    <p class='ocr_par' dir='ltr' id='par_1_12' title="bbox 395 1037 1977 1110">
     <span class='ocr_line' id='line_1_12' title="bbox 395 1037 1977 1110; baseline 0.001 -17"><span class='ocrx_word' id='word_1_80' title='bbox 395 1039 633 1094; x_wconf 90' lang='lat' dir='ltr'><strong>Joannes</strong></span> <span class='ocrx_word' id='word_1_81' title='bbox 670 1037 976 1110; x_wconf 84' lang='lat' dir='ltr'><strong>Theologus</strong></span> <span class='ocrx_word' id='word_1_82' title='bbox 1019 1040 1072 1093; x_wconf 89' lang='lat' dir='ltr'><strong>in</strong></span> <span class='ocrx_word' id='word_1_83' title='bbox 1101 1039 1395 1110; x_wconf 81' lang='lat' dir='ltr'><strong>Evangelia</strong></span> <span class='ocrx_word' id='word_1_84' title='bbox 1438 1056 1452 1093; x_wconf 89' lang='lat'><strong>:</strong></span> <span class='ocrx_word' id='word_1_85' title='bbox 1493 1040 1647 1105; x_wconf 80' lang='lat' dir='ltr'><strong>Quod</strong></span> <span class='ocrx_word' id='word_1_86' title='bbox 1677 1040 1874 1108; x_wconf 80' lang='lat' dir='ltr'><strong>factum</strong></span> <span class='ocrx_word' id='word_1_87' title='bbox 1903 1053 1977 1095; x_wconf 80' lang='lat' dir='ltr'><strong>est</strong></span> 
     </span>
    </p>
   </div>
   <div class='ocr_carea' id='block_1_13' title="bbox 394 1130 1976 1202">
    <p class='ocr_par' dir='ltr' id='par_1_13' title="bbox 394 1130 1976 1202">
     <span class='ocr_line' id='line_1_13' title="bbox 394 1130 1976 1202; baseline 0.003 -20"><span class='ocrx_word' id='word_1_88' title='bbox 394 1134 448 1185; x_wconf 81' lang='lat' dir='ltr'><strong>in</strong></span> <span class='ocrx_word' id='word_1_89' title='bbox 474 1132 606 1202; x_wconf 77' lang='lat' dir='ltr'><strong>ipso,</strong></span> <span class='ocrx_word' id='word_1_90' title='bbox 640 1133 744 1186; x_wconf 85' lang='lat' dir='ltr'><strong>vita</strong></span> <span class='ocrx_word' id='word_1_91' title='bbox 773 1142 905 1185; x_wconf 87' lang='lat' dir='ltr'><strong>erat.</strong></span> <span class='ocrx_word' id='word_1_92' title='bbox 953 1131 1022 1185; x_wconf 88' lang='lat' dir='ltr'><strong>In</strong></span> <span class='ocrx_word' id='word_1_93' title='bbox 1060 1130 1423 1201; x_wconf 80' lang='lat' dir='ltr'><strong>splendoribus</strong></span> <span class='ocrx_word' id='word_1_94' title='bbox 1459 1132 1644 1200; x_wconf 79' lang='lat' dir='ltr'><strong>itaque</strong></span> <span class='ocrx_word' id='word_1_95' title='bbox 1674 1141 1976 1186; x_wconf 80' lang='lat' dir='ltr'><strong>sanctorum</strong></span> 
     </span>
    </p>
   </div>
   <div class='ocr_carea' id='block_1_14' title="bbox 397 1212 1973 1293">
    <p class='ocr_par' dir='ltr' id='par_1_14' title="bbox 397 1212 1973 1293">
     <span class='ocr_line' id='line_1_14' title="bbox 397 1212 1973 1293; baseline 0.001 -16"><span class='ocrx_word' id='word_1_96' title='bbox 397 1223 559 1278; x_wconf 80' lang='lat' dir='ltr'><strong>Pater</strong></span> <span class='ocrx_word' id='word_1_97' title='bbox 598 1241 663 1279; x_wconf 78' lang='lat' dir='ltr'><strong>ex</strong></span> <span class='ocrx_word' id='word_1_98' title='bbox 693 1234 839 1278; x_wconf 80' lang='lat' dir='ltr'><strong>utero</strong></span> <span class='ocrx_word' id='word_1_99' title='bbox 879 1240 973 1277; x_wconf 81' lang='lat' dir='ltr'><strong>suo</strong></span> <span class='ocrx_word' id='word_1_100' title='bbox 1013 1224 1035 1256; x_wconf 84' lang='lat'>&#39;</span> <span class='ocrx_word' id='word_1_101' title='bbox 1072 1240 1223 1277; x_wconf 83' lang='lat' dir='ltr'><strong>suum</strong></span> <span class='ocrx_word' id='word_1_102' title='bbox 1276 1212 1451 1293; x_wconf 71' lang='lat' dir='ltr'><strong>genuit</strong></span> <span class='ocrx_word' id='word_1_103' title='bbox 1489 1221 1707 1287; x_wconf 80' lang='lat' dir='ltr'><strong>Filium,</strong></span> <span class='ocrx_word' id='word_1_104' title='bbox 1742 1224 1845 1277; x_wconf 91' lang='lat' dir='ltr'><strong>hoc</strong></span> <span class='ocrx_word' id='word_1_105' title='bbox 1871 1231 1973 1289; x_wconf 85' lang='lat' dir='ltr'><strong>est,</strong></span> 
     </span>
    </p>
   </div>
   <div class='ocr_carea' id='block_1_15' title="bbox 392 1313 1978 1384">
    <p class='ocr_par' dir='ltr' id='par_1_15' title="bbox 392 1313 1978 1384">
     <span class='ocr_line' id='line_1_15' title="bbox 392 1313 1978 1384; baseline 0.001 -16"><span class='ocrx_word' id='word_1_106' title='bbox 392 1313 447 1368; x_wconf 93' lang='lat' dir='ltr'><strong>in</strong></span> <span class='ocrx_word' id='word_1_107' title='bbox 482 1315 619 1369; x_wconf 81' lang='lat' dir='ltr'><strong>Filio</strong></span> <span class='ocrx_word' id='word_1_108' title='bbox 641 1329 739 1369; x_wconf 91' lang='lat' dir='ltr'><strong>suo</strong></span> <span class='ocrx_word' id='word_1_109' title='bbox 763 1315 784 1345; x_wconf 80' lang='lat'><strong><em>‘</em></strong></span> <span class='ocrx_word' id='word_1_110' title='bbox 820 1315 1099 1384; x_wconf 89' lang='lat' dir='ltr'><strong>unigenito</strong></span> <span class='ocrx_word' id='word_1_111' title='bbox 1135 1314 1493 1383; x_wconf 78' lang='lat' dir='ltr'><strong>cognitionem</strong></span> <span class='ocrx_word' id='word_1_112' title='bbox 1522 1313 1824 1369; x_wconf 89' lang='lat' dir='ltr'><strong>futurorum</strong></span> <span class='ocrx_word' id='word_1_113' title='bbox 1858 1330 1978 1370; x_wconf 89' lang='lat' dir='ltr'><strong>san-</strong></span> 
     </span>
    </p>
   </div>
   <div class='ocr_carea' id='block_1_16' title="bbox 391 1404 1978 1473">
    <p class='ocr_par' dir='ltr' id='par_1_16' title="bbox 391 1404 1978 1473">
     <span class='ocr_line' id='line_1_16' title="bbox 391 1404 1978 1473; baseline 0.002 -15"><span class='ocrx_word' id='word_1_114' title='bbox 391 1412 609 1459; x_wconf 88' lang='lat' dir='ltr'><strong>ctorum</strong></span> <span class='ocrx_word' id='word_1_115' title='bbox 644 1404 859 1473; x_wconf 84' lang='lat' dir='ltr'><strong>genuit,</strong></span> <span class='ocrx_word' id='word_1_116' title='bbox 888 1405 1054 1459; x_wconf 87' lang='lat' dir='ltr'><strong>immo</strong></span> <span class='ocrx_word' id='word_1_117' title='bbox 1105 1404 1268 1459; x_wconf 90' lang='lat' dir='ltr'><strong>etiam</strong></span> <span class='ocrx_word' id='word_1_118' title='bbox 1301 1405 1321 1435; x_wconf 86' lang='lat'>&quot;</span> <span class='ocrx_word' id='word_1_119' title='bbox 1353 1419 1447 1459; x_wconf 90' lang='lat' dir='ltr'><strong>eos</strong></span> <span class='ocrx_word' id='word_1_120' title='bbox 1483 1405 1706 1460; x_wconf 87' lang='lat' dir='ltr'><strong>creavit.</strong></span> <span class='ocrx_word' id='word_1_121' title='bbox 1757 1404 1978 1461; x_wconf 90' lang='lat' dir='ltr'><strong>Sancto-</strong></span> 
     </span>
    </p>
   </div>
   <div class='ocr_carea' id='block_1_17' title="bbox 392 1492 1975 1565">
    <p class='ocr_par' dir='ltr' id='par_1_17' title="bbox 392 1492 1975 1565">
     <span class='ocr_line' id='line_1_17' title="bbox 392 1492 1975 1565; baseline 0.003 -20"><span class='ocrx_word' id='word_1_122' title='bbox 392 1508 512 1546; x_wconf 91' lang='lat' dir='ltr'><strong>rum</strong></span> <span class='ocrx_word' id='word_1_123' title='bbox 549 1493 745 1563; x_wconf 86' lang='lat' dir='ltr'><strong>quippe</strong></span> <span class='ocrx_word' id='word_1_124' title='bbox 785 1493 837 1546; x_wconf 89' lang='lat' dir='ltr'><strong>in</strong></span> <span class='ocrx_word' id='word_1_125' title='bbox 873 1492 1139 1563; x_wconf 81' lang='lat' dir='ltr'><strong>sapientia</strong></span> <span class='ocrx_word' id='word_1_126' title='bbox 1172 1492 1349 1548; x_wconf 85' lang='lat' dir='ltr'><strong>Patris</strong></span> <span class='ocrx_word' id='word_1_127' title='bbox 1392 1494 1648 1565; x_wconf 88' lang='lat' dir='ltr'><strong>cognitio,</strong></span> <span class='ocrx_word' id='word_1_128' title='bbox 1675 1510 1861 1549; x_wconf 91' lang='lat' dir='ltr'><strong>eorum</strong></span> <span class='ocrx_word' id='word_1_129' title='bbox 1891 1504 1975 1552; x_wconf 91' lang='lat' dir='ltr'><strong>est</strong></span> 
     </span>
    </p>
   </div>
   <div class='ocr_carea' id='block_1_18' title="bbox 389 1583 1969 1642">
    <p class='ocr_par' dir='ltr' id='par_1_18' title="bbox 389 1583 1969 1642">
     <span class='ocr_line' id='line_1_18' title="bbox 389 1583 1969 1642; baseline 0.003 -6"><span class='ocrx_word' id='word_1_130' title='bbox 389 1584 614 1639; x_wconf 86' lang='lat' dir='ltr'><strong>creatio.</strong></span> <span class='ocrx_word' id='word_1_131' title='bbox 661 1583 968 1641; x_wconf 88' lang='lat' dir='ltr'><strong>Intellectus</strong></span> <span class='ocrx_word' id='word_1_132' title='bbox 1019 1584 1163 1639; x_wconf 91' lang='lat' dir='ltr'><strong>enim</strong></span> <span class='ocrx_word' id='word_1_133' title='bbox 1209 1585 1449 1639; x_wconf 89' lang='lat' dir='ltr'><strong>omnium</strong></span> <span class='ocrx_word' id='word_1_134' title='bbox 1499 1585 1553 1639; x_wconf 93' lang='lat' dir='ltr'><strong>in</strong></span> <span class='ocrx_word' id='word_1_135' title='bbox 1592 1586 1701 1642; x_wconf 87' lang='lat' dir='ltr'><strong>Deo</strong></span> <span class='ocrx_word' id='word_1_136' title='bbox 1735 1586 1969 1642; x_wconf 88' lang='lat' dir='ltr'><strong>essentia</strong></span> 
     </span>
    </p>
   </div>
   <div class='ocr_carea' id='block_1_19' title="bbox 2091 407 3664 483">
    <p class='ocr_par' dir='ltr' id='par_1_19' title="bbox 2091 407 3664 483">
     <span class='ocr_line' id='line_1_19' title="bbox 2091 407 3664 483; baseline 0.004 -23"><span class='ocrx_word' id='word_1_137' title='bbox 2091 407 2311 478; x_wconf 78' lang='lat' dir='ltr'><strong>Virgine</strong></span> <span class='ocrx_word' id='word_1_138' title='bbox 2340 418 2499 463; x_wconf 92' lang='lat' dir='ltr'><strong>natus</strong></span> <span class='ocrx_word' id='word_1_139' title='bbox 2531 410 2783 476; x_wconf 89' lang='lat' dir='ltr'><strong>traditur,</strong></span> <span class='ocrx_word' id='word_1_140' title='bbox 2820 412 2961 467; x_wconf 87' lang='lat' dir='ltr'><strong>sicut</strong></span> <span class='ocrx_word' id='word_1_141' title='bbox 2988 413 3031 447; x_wconf 83' lang='grc'><strong>¹⁹</strong></span> <span class='ocrx_word' id='word_1_142' title='bbox 3066 422 3284 468; x_wconf 87' lang='lat' dir='ltr'><strong>sanctus</strong></span> <span class='ocrx_word' id='word_1_143' title='bbox 3311 423 3465 483; x_wconf 82' lang='lat' dir='ltr'><strong>pater</strong></span> <span class='ocrx_word' id='word_1_144' title='bbox 3484 413 3664 482; x_wconf 74' lang='lat' dir='ltr'><strong>Angu-</strong></span> 
     </span>
    </p>
   </div>
   <div class='ocr_carea' id='block_1_20' title="bbox 2088 499 3665 573">
    <p class='ocr_par' dir='ltr' id='par_1_20' title="bbox 2088 499 3665 573">
     <span class='ocr_line' id='line_1_20' title="bbox 2088 499 3665 573; baseline 0.004 -20"><span class='ocrx_word' id='word_1_145' title='bbox 2088 499 2264 554; x_wconf 88' lang='lat' dir='ltr'><strong>stinus</strong></span> <span class='ocrx_word' id='word_1_146' title='bbox 2291 499 2342 553; x_wconf 90' lang='lat' dir='ltr'><strong>in</strong></span> <span class='ocrx_word' id='word_1_147' title='bbox 2370 499 2671 556; x_wconf 87' lang='lat' dir='ltr'><strong>Decadibus</strong></span> <span class='ocrx_word' id='word_1_148' title='bbox 2704 503 2816 558; x_wconf 87' lang='lat' dir='ltr'><strong>suis</strong></span> <span class='ocrx_word' id='word_1_149' title='bbox 2839 504 3044 559; x_wconf 87' lang='lat' dir='ltr'><strong>scribit.</strong></span> <span class='ocrx_word' id='word_1_150' title='bbox 3069 504 3175 559; x_wconf 85' lang='lat' dir='ltr'><strong>Sed</strong></span> <span class='ocrx_word' id='word_1_151' title='bbox 3198 505 3449 573; x_wconf 84' lang='lat' dir='ltr'><strong>quoniam</strong></span> <span class='ocrx_word' id='word_1_152' title='bbox 3477 519 3665 559; x_wconf 85' lang='lat' dir='ltr'><strong>sacrae</strong></span> 
     </span>
    </p>
   </div>
   <div class='ocr_carea' id='block_1_21' title="bbox 2088 592 3665 666">
    <p class='ocr_par' dir='ltr' id='par_1_21' title="bbox 2088 592 3665 666">
     <span class='ocr_line' id='line_1_21' title="bbox 2088 592 3665 666; baseline 0.003 -20"><span class='ocrx_word' id='word_1_153' title='bbox 2088 592 2402 661; x_wconf 81' lang='lat' dir='ltr'><strong>Scripturae</strong></span> <span class='ocrx_word' id='word_1_154' title='bbox 2434 593 2805 663; x_wconf 89' lang='lat' dir='ltr'><strong>interpretatio</strong></span> <span class='ocrx_word' id='word_1_155' title='bbox 2835 596 3041 649; x_wconf 84' lang='lat' dir='ltr'><strong>infinita</strong></span> <span class='ocrx_word' id='word_1_156' title='bbox 3080 604 3183 660; x_wconf 81' lang='lat' dir='ltr'><strong>est,</strong></span> <span class='ocrx_word' id='word_1_157' title='bbox 3221 597 3362 665; x_wconf 89' lang='lat' dir='ltr'><strong>quod</strong></span> <span class='ocrx_word' id='word_1_158' title='bbox 3393 595 3665 666; x_wconf 85' lang='lat' dir='ltr'><strong>praesenti</strong></span> 
     </span>
    </p>
   </div>
   <div class='ocr_carea' id='block_1_22' title="bbox 2085 682 3668 757">
    <p class='ocr_par' dir='ltr' id='par_1_22' title="bbox 2085 682 3668 757">
     <span class='ocr_line' id='line_1_22' title="bbox 2085 682 3668 757; baseline 0.003 -20"><span class='ocrx_word' id='word_1_159' title='bbox 2085 682 2432 752; x_wconf 77' lang='lat' dir='ltr'><strong>diSputationi</strong></span> <span class='ocrx_word' id='word_1_160' title='bbox 2464 687 2635 753; x_wconf 87' lang='lat' dir='ltr'><strong>magis</strong></span> <span class='ocrx_word' id='word_1_161' title='bbox 2662 688 2950 742; x_wconf 88' lang='lat' dir='ltr'><strong>convenire</strong></span> <span class='ocrx_word' id='word_1_162' title='bbox 2972 687 3201 751; x_wconf 82' lang='lat' dir='ltr'><strong>videtur,</strong></span> <span class='ocrx_word' id='word_1_163' title='bbox 3229 689 3352 757; x_wconf 83' lang='lat' dir='ltr'><strong>quia</strong></span> <span class='ocrx_word' id='word_1_164' title='bbox 3384 704 3489 743; x_wconf 90' lang='lat' dir='ltr'><strong>non</strong></span> <span class='ocrx_word' id='word_1_165' title='bbox 3532 687 3668 742; x_wconf 87' lang='lat' dir='ltr'><strong>satis</strong></span> 
     </span>
    </p>
   </div>
   <div class='ocr_carea' id='block_1_23' title="bbox 2082 772 3205 846">
    <p class='ocr_par' dir='ltr' id='par_1_23' title="bbox 2082 772 3205 846">
     <span class='ocr_line' id='line_1_23' title="bbox 2082 772 3205 846; baseline 0.004 -22"><span class='ocrx_word' id='word_1_166' title='bbox 2082 772 2262 837; x_wconf 89' lang='lat' dir='ltr'><strong>video,</strong></span> <span class='ocrx_word' id='word_1_167' title='bbox 2286 773 2372 827; x_wconf 90' lang='lat' dir='ltr'><strong>dic</strong></span> <span class='ocrx_word' id='word_1_168' title='bbox 2400 773 2478 838; x_wconf 78' lang='grc'><strong>’⁸,</strong></span> <span class='ocrx_word' id='word_1_169' title='bbox 2514 790 2735 844; x_wconf 87' lang='lat' dir='ltr'><strong>quaeso,</strong></span> <span class='ocrx_word' id='word_1_170' title='bbox 2764 785 2926 846; x_wconf 86' lang='lat' dir='ltr'><strong>atque</strong></span> <span class='ocrx_word' id='word_1_171' title='bbox 2949 778 3205 832; x_wconf 85' lang='lat' dir='ltr'><strong>edissere.</strong></span> 
     </span>
    </p>
   </div>
   <div class='ocr_carea' id='block_1_24' title="bbox 2150 862 3660 935">
    <p class='ocr_par' dir='ltr' id='par_1_24' title="bbox 2150 862 3660 935">
     <span class='ocr_line' id='line_1_24' title="bbox 2150 862 3660 935; baseline 0.003 -19"><span class='ocrx_word' id='word_1_172' title='bbox 2150 862 2240 916; x_wconf 69' lang='lat' dir='ltr'><strong>2L</strong></span> <span class='ocrx_word' id='word_1_173' title='bbox 2273 862 2412 919; x_wconf 76' lang='lat' dir='ltr'><strong>MAG.</strong></span> <span class='ocrx_word' id='word_1_174' title='bbox 2447 863 2574 918; x_wconf 80' lang='lat' dir='ltr'><strong>Mihi</strong></span> <span class='ocrx_word' id='word_1_175' title='bbox 2617 866 2834 935; x_wconf 86' lang='lat' dir='ltr'><strong>quidem</strong></span> <span class='ocrx_word' id='word_1_176' title='bbox 2884 866 2936 919; x_wconf 93' lang='lat' dir='ltr'><strong>in</strong></span> <span class='ocrx_word' id='word_1_177' title='bbox 2966 867 3071 921; x_wconf 83' lang='lat' dir='ltr'><strong>hoc</strong></span> <span class='ocrx_word' id='word_1_178' title='bbox 3097 866 3217 922; x_wconf 90' lang='lat' dir='ltr'><strong>loco</strong></span> <span class='ocrx_word' id='word_1_179' title='bbox 3249 881 3369 921; x_wconf 88' lang='lat' dir='ltr'><strong>mea</strong></span> <span class='ocrx_word' id='word_1_180' title='bbox 3396 865 3593 921; x_wconf 75' lang='lat' dir='ltr'><strong>sufﬁcit</strong></span> <span class='ocrx_word' id='word_1_181' title='bbox 3618 868 3660 899; x_wconf 82' lang='lat'><strong>&quot;</strong></span> 
     </span>
    </p>
   </div>
   <div class='ocr_carea' id='block_1_25' title="bbox 2081 952 3659 1024">
    <p class='ocr_par' dir='ltr' id='par_1_25' title="bbox 2081 952 3659 1024">
     <span class='ocr_line' id='line_1_25' title="bbox 2081 952 3659 1024; baseline 0.003 -17"><span class='ocrx_word' id='word_1_182' title='bbox 2081 952 2414 1022; x_wconf 83' lang='lat' dir='ltr'><strong>simplicitas,</strong></span> <span class='ocrx_word' id='word_1_183' title='bbox 2444 954 2571 1023; x_wconf 83' lang='lat' dir='ltr'><strong>quia</strong></span> <span class='ocrx_word' id='word_1_184' title='bbox 2615 969 2721 1008; x_wconf 93' lang='lat' dir='ltr'><strong>non</strong></span> <span class='ocrx_word' id='word_1_185' title='bbox 2765 955 3014 1010; x_wconf 77' lang='lat' dir='ltr'><strong>convenit</strong></span> <span class='ocrx_word' id='word_1_186' title='bbox 3045 958 3091 988; x_wconf 81' lang='lat'>“</span> <span class='ocrx_word' id='word_1_187' title='bbox 3117 955 3345 1009; x_wconf 86' lang='lat' dir='ltr'><strong>aliorum</strong></span> <span class='ocrx_word' id='word_1_188' title='bbox 3372 955 3659 1024; x_wconf 77' lang='lat' dir='ltr'><strong>sagacitas.</strong></span> 
     </span>
    </p>
   </div>
   <div class='ocr_carea' id='block_1_26' title="bbox 2079 1040 3659 1115">
    <p class='ocr_par' dir='ltr' id='par_1_26' title="bbox 2079 1040 3659 1115">
     <span class='ocr_line' id='line_1_26' title="bbox 2079 1040 3659 1115; baseline 0.003 -20"><span class='ocrx_word' id='word_1_189' title='bbox 2079 1040 2296 1097; x_wconf 81' lang='lat' dir='ltr'><strong>Lucifer</strong></span> <span class='ocrx_word' id='word_1_190' title='bbox 2324 1044 2426 1097; x_wconf 90' lang='lat' dir='ltr'><strong>iste</strong></span> <span class='ocrx_word' id='word_1_191' title='bbox 2453 1044 2711 1114; x_wconf 84' lang='lat' dir='ltr'><strong>mysticus</strong></span> <span class='ocrx_word' id='word_1_192' title='bbox 2740 1053 2902 1115; x_wconf 89' lang='lat' dir='ltr'><strong>atque</strong></span> <span class='ocrx_word' id='word_1_193' title='bbox 2940 1046 3309 1113; x_wconf 87' lang='lat' dir='ltr'><strong>propheticus,</strong></span> <span class='ocrx_word' id='word_1_194' title='bbox 3357 1053 3482 1099; x_wconf 89' lang='lat' dir='ltr'><strong>ante</strong></span> <span class='ocrx_word' id='word_1_195' title='bbox 3510 1044 3659 1113; x_wconf 90' lang='lat' dir='ltr'><strong>cujus</strong></span> 
     </span>
    </p>
   </div>
   <div class='ocr_carea' id='block_1_27' title="bbox 2078 1132 3658 1206">
    <p class='ocr_par' dir='ltr' id='par_1_27' title="bbox 2078 1132 3658 1206">
     <span class='ocr_line' id='line_1_27' title="bbox 2078 1132 3658 1206; baseline 0.003 -21"><span class='ocrx_word' id='word_1_196' title='bbox 2078 1140 2257 1186; x_wconf 92' lang='lat' dir='ltr'><strong>ortum</strong></span> <span class='ocrx_word' id='word_1_197' title='bbox 2289 1132 2599 1202; x_wconf 82' lang='lat' dir='ltr'><strong>splendores</strong></span> <span class='ocrx_word' id='word_1_198' title='bbox 2627 1142 2935 1189; x_wconf 87' lang='lat' dir='ltr'><strong>sanctorum</strong></span> <span class='ocrx_word' id='word_1_199' title='bbox 2963 1135 3017 1189; x_wconf 93' lang='lat' dir='ltr'><strong>in</strong></span> <span class='ocrx_word' id='word_1_200' title='bbox 3052 1132 3224 1190; x_wconf 86' lang='lat' dir='ltr'><strong>Verbo</strong></span> <span class='ocrx_word' id='word_1_201' title='bbox 3259 1136 3353 1190; x_wconf 87' lang='lat' dir='ltr'><strong>Dei</strong></span> <span class='ocrx_word' id='word_1_202' title='bbox 3384 1136 3658 1206; x_wconf 88' lang='lat' dir='ltr'><strong>unigenito</strong></span> 
     </span>
    </p>
   </div>
   <div class='ocr_carea' id='block_1_28' title="bbox 2078 1226 3657 1298">
    <p class='ocr_par' dir='ltr' id='par_1_28' title="bbox 2078 1226 3657 1298">
     <span class='ocr_line' id='line_1_28' title="bbox 2078 1226 3657 1298; baseline -0.001 -16"><span class='ocrx_word' id='word_1_203' title='bbox 2078 1227 2451 1297; x_wconf 85' lang='lat' dir='ltr'><strong>intelliguntur</strong></span> <span class='ocrx_word' id='word_1_204' title='bbox 2479 1242 2617 1292; x_wconf 90' lang='lat' dir='ltr'><strong>esse,</strong></span> <span class='ocrx_word' id='word_1_205' title='bbox 2647 1228 2805 1281; x_wconf 88' lang='lat' dir='ltr'><strong>istum</strong></span> <span class='ocrx_word' id='word_1_206' title='bbox 2839 1229 3096 1282; x_wconf 90' lang='lat' dir='ltr'><strong>mundum</strong></span> <span class='ocrx_word' id='word_1_207' title='bbox 3141 1226 3406 1282; x_wconf 80' lang='lat' dir='ltr'><strong>visibilem</strong></span> <span class='ocrx_word' id='word_1_208' title='bbox 3454 1227 3657 1298; x_wconf 80' lang='lat' dir='ltr'><strong>signiﬁ-</strong></span> 
     </span>
    </p>
   </div>
   <div class='ocr_carea' id='block_1_29' title="bbox 2077 1318 3659 1388">
    <p class='ocr_par' dir='ltr' id='par_1_29' title="bbox 2077 1318 3659 1388">
     <span class='ocr_line' id='line_1_29' title="bbox 2077 1318 3659 1388; baseline -0.001 -14"><span class='ocrx_word' id='word_1_209' title='bbox 2077 1334 2202 1374; x_wconf 88' lang='lat' dir='ltr'><strong>care</strong></span> <span class='ocrx_word' id='word_1_210' title='bbox 2243 1321 2453 1375; x_wconf 83' lang='lat' dir='ltr'><strong>videtur</strong></span> <span class='ocrx_word' id='word_1_211' title='bbox 2479 1320 2791 1385; x_wconf 77' lang='lat' dir='ltr'><strong>verisimile,</strong></span> <span class='ocrx_word' id='word_1_212' title='bbox 2835 1334 2899 1373; x_wconf 90' lang='lat' dir='ltr'><strong>ea</strong></span> <span class='ocrx_word' id='word_1_213' title='bbox 2943 1320 3113 1374; x_wconf 90' lang='lat' dir='ltr'><strong>forma</strong></span> <span class='ocrx_word' id='word_1_214' title='bbox 3157 1318 3466 1383; x_wconf 88' lang='lat' dir='ltr'><strong>locutionis,</strong></span> <span class='ocrx_word' id='word_1_215' title='bbox 3522 1334 3659 1388; x_wconf 87' lang='lat' dir='ltr'><strong>quae</strong></span> 
     </span>
    </p>
   </div>
   <div class='ocr_carea' id='block_1_30' title="bbox 2076 1411 3656 1482">
    <p class='ocr_par' dir='ltr' id='par_1_30' title="bbox 2076 1411 3656 1482">
     <span class='ocr_line' id='line_1_30' title="bbox 2076 1411 3656 1482; baseline -0.001 -17"><span class='ocrx_word' id='word_1_216' title='bbox 2076 1426 2267 1482; x_wconf 90' lang='lat' dir='ltr'><strong>graece</strong></span> <span class='ocrx_word' id='word_1_217' title='bbox 2299 1412 2496 1466; x_wconf 91' lang='lat' dir='ltr'><strong>dicitur</strong></span> <span class='ocrx_word' id='word_1_218' title='bbox 2547 1411 2831 1482; x_wconf 76' lang='grc' dir='ltr'><strong>σννεκδοχή</strong></span> <span class='ocrx_word' id='word_1_219' title='bbox 2857 1452 2871 1473; x_wconf 86' lang='lat'><strong>,</strong></span> <span class='ocrx_word' id='word_1_220' title='bbox 2929 1419 2985 1466; x_wconf 90' lang='lat' dir='ltr'><strong>et</strong></span> <span class='ocrx_word' id='word_1_221' title='bbox 3029 1411 3416 1480; x_wconf 89' lang='lat' dir='ltr'><strong>interpretatur</strong></span> <span class='ocrx_word' id='word_1_222' title='bbox 3460 1425 3656 1464; x_wconf 85' lang='lat' dir='ltr'><strong>conce-</strong></span> 
     </span>
    </p>
   </div>
   <div class='ocr_carea' id='block_1_31' title="bbox 2074 1499 3658 1570">
    <p class='ocr_par' dir='ltr' id='par_1_31' title="bbox 2074 1499 3658 1570">
     <span class='ocr_line' id='line_1_31' title="bbox 2074 1499 3658 1570; baseline -0.002 -16"><span class='ocrx_word' id='word_1_223' title='bbox 2074 1502 2206 1570; x_wconf 90' lang='lat' dir='ltr'><strong>ptio,</strong></span> <span class='ocrx_word' id='word_1_224' title='bbox 2232 1517 2338 1570; x_wconf 85' lang='lat' dir='ltr'><strong>qua</strong></span> <span class='ocrx_word' id='word_1_225' title='bbox 2377 1502 2550 1555; x_wconf 89' lang='lat' dir='ltr'><strong>forma</strong></span> <span class='ocrx_word' id='word_1_226' title='bbox 2580 1514 2706 1567; x_wconf 78' lang='lat' dir='ltr'><strong>pars</strong></span> <span class='ocrx_word' id='word_1_227' title='bbox 2732 1516 2762 1554; x_wconf 90' lang='lat' dir='ltr'><strong>a</strong></span> <span class='ocrx_word' id='word_1_228' title='bbox 2795 1509 2925 1564; x_wconf 93' lang='lat' dir='ltr'><strong>toto,</strong></span> <span class='ocrx_word' id='word_1_229' title='bbox 2959 1509 3238 1569; x_wconf 86' lang='lat' dir='ltr'><strong>totumque</strong></span> <span class='ocrx_word' id='word_1_230' title='bbox 3262 1514 3291 1552; x_wconf 87' lang='lat' dir='ltr'><strong>a</strong></span> <span class='ocrx_word' id='word_1_231' title='bbox 3317 1508 3470 1568; x_wconf 87' lang='lat' dir='ltr'><strong>parte</strong></span> <span class='ocrx_word' id='word_1_232' title='bbox 3496 1499 3658 1569; x_wconf 86' lang='lat' dir='ltr'><strong>signi-</strong></span> 
     </span>
    </p>
   </div>
   <div class='ocr_carea' id='block_1_32' title="bbox 2076 1590 3655 1662">
    <p class='ocr_par' dir='ltr' id='par_1_32' title="bbox 2076 1590 3655 1662">
     <span class='ocr_line' id='line_1_32' title="bbox 2076 1590 3655 1662; baseline -0.001 -18"><span class='ocrx_word' id='word_1_233' title='bbox 2076 1590 2288 1646; x_wconf 82' lang='lat' dir='ltr'><strong>ﬁcatur.</strong></span> <span class='ocrx_word' id='word_1_234' title='bbox 2313 1591 2471 1646; x_wconf 86' lang='lat' dir='ltr'><strong>Prius</strong></span> <span class='ocrx_word' id='word_1_235' title='bbox 2491 1593 2656 1661; x_wconf 81' lang='lat' dir='ltr'><strong>igitur</strong></span> <span class='ocrx_word' id='word_1_236' title='bbox 2685 1606 2846 1662; x_wconf 91' lang='lat' dir='ltr'><strong>quam</strong></span> <span class='ocrx_word' id='word_1_237' title='bbox 2884 1591 2933 1623; x_wconf 74' lang='lat'>“</span> <span class='ocrx_word' id='word_1_238' title='bbox 2955 1591 3186 1646; x_wconf 85' lang='lat' dir='ltr'><strong>mundus</strong></span> <span class='ocrx_word' id='word_1_239' title='bbox 3209 1591 3310 1645; x_wconf 89' lang='lat' dir='ltr'><strong>iste</strong></span> <span class='ocrx_word' id='word_1_240' title='bbox 3339 1590 3562 1645; x_wconf 83' lang='lat' dir='ltr'><strong>visibilis</strong></span> <span class='ocrx_word' id='word_1_241' title='bbox 3602 1591 3655 1643; x_wconf 91' lang='lat' dir='ltr'><strong>in</strong></span> 
     </span>
    </p>
   </div>
   <div class='ocr_carea' id='block_1_33' title="bbox 388 1674 3655 1754">
    <p class='ocr_par' dir='ltr' id='par_1_33' title="bbox 388 1674 3655 1754">
     <span class='ocr_line' id='line_1_33' title="bbox 388 1674 3655 1754; baseline -0.002 -15"><span class='ocrx_word' id='word_1_242' title='bbox 388 1676 630 1739; x_wconf 85' lang='lat' dir='ltr'><strong>omnium</strong></span> <span class='ocrx_word' id='word_1_243' title='bbox 658 1686 756 1731; x_wconf 75' lang='grc' dir='ltr'><strong>εει·</strong></span> <span class='ocrx_word' id='word_1_244' title='bbox 789 1675 1066 1746; x_wconf 80' lang='lat' dir='ltr'><strong>Siquidem</strong></span> <span class='ocrx_word' id='word_1_245' title='bbox 1098 1676 1152 1731; x_wconf 84' lang='lat' dir='ltr'><strong>id</strong></span> <span class='ocrx_word' id='word_1_246' title='bbox 1182 1675 1352 1746; x_wconf 82' lang='lat' dir='ltr'><strong>ipsum</strong></span> <span class='ocrx_word' id='word_1_247' title='bbox 1380 1684 1463 1731; x_wconf 79' lang='lat' dir='ltr'><strong>est.</strong></span> <span class='ocrx_word' id='word_1_248' title='bbox 1484 1676 1594 1731; x_wconf 83' lang='lat' dir='ltr'><strong>Deo</strong></span> <span class='ocrx_word' id='word_1_249' title='bbox 1618 1692 1965 1748; x_wconf 82' lang='lat' dir='ltr'><strong>cognoscere,</strong></span> <span class='ocrx_word' id='word_1_250' title='bbox 2000 1674 2045 1732; x_wconf 86' lang='grc' dir='ltr'><strong>Β</strong></span> <span class='ocrx_word' id='word_1_251' title='bbox 2072 1697 2268 1754; x_wconf 88' lang='lat' dir='ltr'><strong>genera</strong></span> <span class='ocrx_word' id='word_1_252' title='bbox 2296 1691 2350 1735; x_wconf 92' lang='lat' dir='ltr'><strong>et</strong></span> <span class='ocrx_word' id='word_1_253' title='bbox 2380 1682 2589 1751; x_wconf 81' lang='lat' dir='ltr'><strong>species</strong></span> <span class='ocrx_word' id='word_1_254' title='bbox 2626 1695 2922 1752; x_wconf 86' lang='lat' dir='ltr'><strong>omnesque</strong></span> <span class='ocrx_word' id='word_1_255' title='bbox 2964 1694 3217 1734; x_wconf 90' lang='lat' dir='ltr'><strong>numeros</strong></span> <span class='ocrx_word' id='word_1_256' title='bbox 3250 1678 3532 1734; x_wconf 82' lang='lat' dir='ltr'><strong>sensibiles</strong></span> <span class='ocrx_word' id='word_1_257' title='bbox 3561 1693 3655 1748; x_wconf 83' lang='lat' dir='ltr'><strong>per</strong></span> 
     </span>
    </p>
   </div>
   <div class='ocr_carea' id='block_1_34' title="bbox 387 1766 1963 1840">
    <p class='ocr_par' dir='ltr' id='par_1_34' title="bbox 387 1766 1963 1840">
     <span class='ocr_line' id='line_1_34' title="bbox 387 1766 1963 1840; baseline 0.001 -17"><span class='ocrx_word' id='word_1_258' title='bbox 387 1768 701 1840; x_wconf 84' lang='lat' dir='ltr'><strong>priusquam</strong></span> <span class='ocrx_word' id='word_1_259' title='bbox 729 1767 896 1834; x_wconf 83' lang='lat' dir='ltr'><strong>ﬁant&#39;,</strong></span> <span class='ocrx_word' id='word_1_260' title='bbox 938 1782 1076 1838; x_wconf 87' lang='lat' dir='ltr'><strong>quae</strong></span> <span class='ocrx_word' id='word_1_261' title='bbox 1102 1766 1266 1834; x_wconf 82' lang='lat' dir='ltr'><strong>facit,</strong></span> <span class='ocrx_word' id='word_1_262' title='bbox 1300 1776 1354 1823; x_wconf 88' lang='lat' dir='ltr'><strong>et</strong></span> <span class='ocrx_word' id='word_1_263' title='bbox 1379 1767 1559 1823; x_wconf 85' lang='lat' dir='ltr'><strong>facere</strong></span> <span class='ocrx_word' id='word_1_264' title='bbox 1599 1784 1737 1839; x_wconf 90' lang='lat' dir='ltr'><strong>quae</strong></span> <span class='ocrx_word' id='word_1_265' title='bbox 1764 1785 1963 1840; x_wconf 85' lang='lat' dir='ltr'><strong>cogno-</strong></span> 
     </span>
    </p>
   </div>
   <div class='ocr_carea' id='block_1_35' title="bbox 385 1842 1961 1931">
    <p class='ocr_par' dir='ltr' id='par_1_35' title="bbox 385 1842 1961 1931">
     <span class='ocr_line' id='line_1_35' title="bbox 385 1842 1961 1931; baseline -0.001 -16"><span class='ocrx_word' id='word_1_266' title='bbox 385 1861 491 1916; x_wconf 85' lang='lat' dir='ltr'><strong>scit</strong></span> <span class='ocrx_word' id='word_1_267' title='bbox 531 1842 569 1914; x_wconf 70' lang='grc' dir='ltr'><strong>ε’</strong></span> <span class='ocrx_word' id='word_1_268' title='bbox 601 1875 927 1931; x_wconf 82' lang='lat' dir='ltr'><strong>cognoscere</strong></span> <span class='ocrx_word' id='word_1_269' title='bbox 965 1860 1111 1915; x_wconf 89' lang='lat' dir='ltr'><strong>enim</strong></span> <span class='ocrx_word' id='word_1_270' title='bbox 1143 1860 1164 1892; x_wconf 81' lang='lat'><strong>&quot;</strong></span> <span class='ocrx_word' id='word_1_271' title='bbox 1201 1869 1254 1917; x_wconf 90' lang='lat' dir='ltr'><strong>et</strong></span> <span class='ocrx_word' id='word_1_272' title='bbox 1294 1860 1474 1917; x_wconf 86' lang='lat' dir='ltr'><strong>facere</strong></span> <span class='ocrx_word' id='word_1_273' title='bbox 1512 1860 1609 1916; x_wconf 87' lang='lat' dir='ltr'><strong>Dei</strong></span> <span class='ocrx_word' id='word_1_274' title='bbox 1653 1877 1817 1916; x_wconf 91' lang='lat' dir='ltr'><strong>unum</strong></span> <span class='ocrx_word' id='word_1_275' title='bbox 1858 1870 1961 1916; x_wconf 89' lang='lat' dir='ltr'><strong>est.</strong></span> 
     </span>
    </p>
   </div>
   <div class='ocr_carea' id='block_1_36' title="bbox 383 1953 1962 2027">
    <p class='ocr_par' dir='ltr' id='par_1_36' title="bbox 383 1953 1962 2027">
     <span class='ocr_line' id='line_1_36' title="bbox 383 1953 1962 2027; baseline -0.001 -18"><span class='ocrx_word' id='word_1_276' title='bbox 383 1953 520 2010; x_wconf 80' lang='lat' dir='ltr'><strong>Nam</strong></span> <span class='ocrx_word' id='word_1_277' title='bbox 565 1956 938 2027; x_wconf 85' lang='lat' dir='ltr'><strong>cegnosccndo</strong></span> <span class='ocrx_word' id='word_1_278' title='bbox 981 1954 1146 2021; x_wconf 84' lang='lat' dir='ltr'><strong>facit,</strong></span> <span class='ocrx_word' id='word_1_279' title='bbox 1192 1963 1255 2009; x_wconf 86' lang='lat' dir='ltr'><strong>et</strong></span> <span class='ocrx_word' id='word_1_280' title='bbox 1312 1954 1561 2010; x_wconf 86' lang='lat' dir='ltr'><strong>faciendo</strong></span> <span class='ocrx_word' id='word_1_281' title='bbox 1607 1953 1886 2026; x_wconf 82' lang='lat' dir='ltr'><strong>cognoscit</strong></span> <span class='ocrx_word' id='word_1_282' title='bbox 1919 1953 1962 2007; x_wconf 80' lang='lat'><strong>&#39;.</strong></span> 
     </span>
    </p>
   </div>
   <div class='ocr_carea' id='block_1_37' title="bbox 382 2046 1968 2125">
    <p class='ocr_par' dir='ltr' id='par_1_37' title="bbox 382 2046 1968 2125">
     <span class='ocr_line' id='line_1_37' title="bbox 382 2046 1968 2125; baseline -0.003 -19"><span class='ocrx_word' id='word_1_283' title='bbox 382 2046 632 2125; x_wconf 81' lang='lat' dir='ltr'><strong>Cognitio</strong></span> <span class='ocrx_word' id='word_1_284' title='bbox 655 2063 759 2102; x_wconf 91' lang='lat' dir='ltr'><strong>non</strong></span> <span class='ocrx_word' id='word_1_285' title='bbox 788 2047 1060 2117; x_wconf 88' lang='lat' dir='ltr'><strong>praecedit</strong></span> <span class='ocrx_word' id='word_1_286' title='bbox 1082 2047 1306 2112; x_wconf 82' lang='lat' dir='ltr'><strong>factum,</strong></span> <span class='ocrx_word' id='word_1_287' title='bbox 1334 2063 1433 2102; x_wconf 89' lang='lat' dir='ltr'><strong>nec</strong></span> <span class='ocrx_word' id='word_1_288' title='bbox 1462 2046 1663 2102; x_wconf 86' lang='lat' dir='ltr'><strong>factum</strong></span> <span class='ocrx_word' id='word_1_289' title='bbox 1691 2047 1968 2118; x_wconf 83' lang='lat' dir='ltr'><strong>praecedit</strong></span> 
     </span>
    </p>
   </div>
   <div class='ocr_carea' id='block_1_38' title="bbox 381 2138 1964 2209">
    <p class='ocr_par' dir='ltr' id='par_1_38' title="bbox 381 2138 1964 2209">
     <span class='ocr_line' id='line_1_38' title="bbox 381 2138 1964 2209; baseline 0.001 -18"><span class='ocrx_word' id='word_1_290' title='bbox 381 2139 784 2209; x_wconf 81' lang='lat' dir='ltr'><strong>cognitionem,</strong></span> <span class='ocrx_word' id='word_1_291' title='bbox 836 2139 962 2209; x_wconf 87' lang='lat' dir='ltr'><strong>quia</strong></span> <span class='ocrx_word' id='word_1_292' title='bbox 992 2138 1033 2170; x_wconf 83' lang='grc'><strong>¹⁰</strong></span> <span class='ocrx_word' id='word_1_293' title='bbox 1086 2140 1253 2193; x_wconf 90' lang='lat' dir='ltr'><strong>semel</strong></span> <span class='ocrx_word' id='word_1_294' title='bbox 1297 2147 1353 2193; x_wconf 89' lang='lat' dir='ltr'><strong>et</strong></span> <span class='ocrx_word' id='word_1_295' title='bbox 1399 2138 1558 2193; x_wconf 89' lang='lat' dir='ltr'><strong>simul</strong></span> <span class='ocrx_word' id='word_1_296' title='bbox 1615 2147 1741 2194; x_wconf 87' lang='lat' dir='ltr'><strong>sunt</strong></span> <span class='ocrx_word' id='word_1_297' title='bbox 1783 2140 1964 2193; x_wconf 88' lang='lat' dir='ltr'><strong>omnia</strong></span> 
     </span>
    </p>
   </div>
   <div class='ocr_carea' id='block_1_39' title="bbox 380 2227 1962 2307">
    <p class='ocr_par' dir='ltr' id='par_1_39' title="bbox 380 2227 1962 2307">
     <span class='ocr_line' id='line_1_39' title="bbox 380 2227 1962 2307; baseline -0.003 -20"><span class='ocrx_word' id='word_1_298' title='bbox 380 2238 669 2287; x_wconf 88' lang='lat' dir='ltr'><strong>coaeterna</strong></span> <span class='ocrx_word' id='word_1_299' title='bbox 699 2239 915 2307; x_wconf 83' lang='lat' dir='ltr'><strong>praeter</strong></span> <span class='ocrx_word' id='word_1_300' title='bbox 939 2229 980 2259; x_wconf 80' lang='grc'><strong>¹²</strong></span> <span class='ocrx_word' id='word_1_301' title='bbox 1013 2230 1274 2284; x_wconf 90' lang='lat' dir='ltr'><strong>rationem</strong></span> <span class='ocrx_word' id='word_1_302' title='bbox 1298 2228 1533 2284; x_wconf 87' lang='lat' dir='ltr'><strong>creantis</strong></span> <span class='ocrx_word' id='word_1_303' title='bbox 1553 2237 1608 2282; x_wconf 92' lang='lat' dir='ltr'><strong>et</strong></span> <span class='ocrx_word' id='word_1_304' title='bbox 1635 2229 1823 2283; x_wconf 88' lang='lat' dir='ltr'><strong>creati.</strong></span> <span class='ocrx_word' id='word_1_305' title='bbox 1849 2227 1962 2283; x_wconf 87' lang='lat' dir='ltr'><strong>Non</strong></span> 
     </span>
    </p>
   </div>
   <div class='ocr_carea' id='block_1_40' title="bbox 380 2319 1956 2393">
    <p class='ocr_par' dir='ltr' id='par_1_40' title="bbox 380 2319 1956 2393">
     <span class='ocr_line' id='line_1_40' title="bbox 380 2319 1956 2393; baseline -0.002 -16"><span class='ocrx_word' id='word_1_306' title='bbox 380 2322 525 2377; x_wconf 85' lang='lat' dir='ltr'><strong>enim</strong></span> <span class='ocrx_word' id='word_1_307' title='bbox 568 2321 712 2377; x_wconf 88' lang='lat' dir='ltr'><strong>Deus</strong></span> <span class='ocrx_word' id='word_1_308' title='bbox 753 2321 1005 2391; x_wconf 86' lang='lat' dir='ltr'><strong>cognovit</strong></span> <span class='ocrx_word' id='word_1_309' title='bbox 1043 2322 1223 2376; x_wconf 89' lang='lat' dir='ltr'><strong>omnia</strong></span> <span class='ocrx_word' id='word_1_310' title='bbox 1253 2364 1266 2389; x_wconf 92' lang='lat'><strong>,</strong></span> <span class='ocrx_word' id='word_1_311' title='bbox 1303 2331 1590 2393; x_wconf 88' lang='lat' dir='ltr'><strong>postquam</strong></span> <span class='ocrx_word' id='word_1_312' title='bbox 1632 2319 1773 2375; x_wconf 84' lang='lat' dir='ltr'><strong>facta</strong></span> <span class='ocrx_word' id='word_1_313' title='bbox 1814 2328 1956 2384; x_wconf 85' lang='lat' dir='ltr'><strong>sunt,</strong></span> 
     </span>
    </p>
   </div>
   <div class='ocr_carea' id='block_1_41' title="bbox 378 2412 1964 2487">
    <p class='ocr_par' dir='ltr' id='par_1_41' title="bbox 378 2412 1964 2487">
     <span class='ocr_line' id='line_1_41' title="bbox 378 2412 1964 2487; baseline -0.002 -16"><span class='ocrx_word' id='word_1_314' title='bbox 378 2414 476 2471; x_wconf 79' lang='lat' dir='ltr'><strong>sed</strong></span> <span class='ocrx_word' id='word_1_315' title='bbox 501 2422 794 2485; x_wconf 90' lang='lat' dir='ltr'><strong>antequam</strong></span> <span class='ocrx_word' id='word_1_316' title='bbox 838 2412 981 2470; x_wconf 79' lang='lat' dir='ltr'><strong>facta</strong></span> <span class='ocrx_word' id='word_1_317' title='bbox 1009 2424 1193 2470; x_wconf 89' lang='lat' dir='ltr'><strong>essent</strong></span> <span class='ocrx_word' id='word_1_318' title='bbox 1217 2458 1232 2482; x_wconf 92' lang='lat'><strong>,</strong></span> <span class='ocrx_word' id='word_1_319' title='bbox 1274 2416 1525 2487; x_wconf 83' lang='lat' dir='ltr'><strong>cognovit</strong></span> <span class='ocrx_word' id='word_1_320' title='bbox 1553 2415 1733 2469; x_wconf 85' lang='lat' dir='ltr'><strong>omnia</strong></span> <span class='ocrx_word' id='word_1_321' title='bbox 1759 2455 1773 2478; x_wconf 96' lang='lat'><strong>,</strong></span> <span class='ocrx_word' id='word_1_322' title='bbox 1824 2427 1964 2483; x_wconf 86' lang='lat' dir='ltr'><strong>quae</strong></span> 
     </span>
    </p>
   </div>
   <div class='ocr_carea' id='block_1_42' title="bbox 377 2506 1960 2577">
    <p class='ocr_par' dir='ltr' id='par_1_42' title="bbox 377 2506 1960 2577">
     <span class='ocr_line' id='line_1_42' title="bbox 377 2506 1960 2577; baseline -0.001 -15"><span class='ocrx_word' id='word_1_323' title='bbox 377 2506 627 2563; x_wconf 82' lang='lat' dir='ltr'><strong>facienda</strong></span> <span class='ocrx_word' id='word_1_324' title='bbox 669 2515 846 2562; x_wconf 89' lang='lat' dir='ltr'><strong>erant.</strong></span> <span class='ocrx_word' id='word_1_325' title='bbox 896 2506 963 2561; x_wconf 85' lang='lat' dir='ltr'><strong>Et</strong></span> <span class='ocrx_word' id='word_1_326' title='bbox 987 2508 1130 2577; x_wconf 90' lang='lat' dir='ltr'><strong>quod</strong></span> <span class='ocrx_word' id='word_1_327' title='bbox 1174 2516 1258 2563; x_wconf 89' lang='lat' dir='ltr'><strong>est</strong></span> <span class='ocrx_word' id='word_1_328' title='bbox 1290 2507 1590 2563; x_wconf 89' lang='lat' dir='ltr'><strong>mirabilius</strong></span> <span class='ocrx_word' id='word_1_329' title='bbox 1616 2547 1630 2571; x_wconf 94' lang='lat'><strong>,</strong></span> <span class='ocrx_word' id='word_1_330' title='bbox 1676 2517 1960 2576; x_wconf 87' lang='lat' dir='ltr'><strong>propterea</strong></span> 
     </span>
    </p>
   </div>
   <div class='ocr_carea' id='block_1_43' title="bbox 376 2595 1964 2668">
    <p class='ocr_par' dir='ltr' id='par_1_43' title="bbox 376 2595 1964 2668">
     <span class='ocr_line' id='line_1_43' title="bbox 376 2595 1964 2668; baseline -0.001 -18"><span class='ocrx_word' id='word_1_331' title='bbox 376 2597 559 2651; x_wconf 85' lang='lat' dir='ltr'><strong>omnia</strong></span> <span class='ocrx_word' id='word_1_332' title='bbox 585 2604 741 2660; x_wconf 88' lang='lat' dir='ltr'><strong>sunt,</strong></span> <span class='ocrx_word' id='word_1_333' title='bbox 787 2595 912 2665; x_wconf 88' lang='lat' dir='ltr'><strong>quia</strong></span> <span class='ocrx_word' id='word_1_334' title='bbox 957 2598 1307 2668; x_wconf 81' lang='lat' dir='ltr'><strong>praecognita</strong></span> <span class='ocrx_word' id='word_1_335' title='bbox 1347 2605 1488 2653; x_wconf 91' lang='lat' dir='ltr'><strong>sunt.</strong></span> <span class='ocrx_word' id='word_1_336' title='bbox 1530 2596 1674 2651; x_wconf 83' lang='lat' dir='ltr'><strong>Nihil</strong></span> <span class='ocrx_word' id='word_1_337' title='bbox 1702 2596 1846 2650; x_wconf 88' lang='lat' dir='ltr'><strong>enim</strong></span> <span class='ocrx_word' id='word_1_338' title='bbox 1881 2605 1964 2650; x_wconf 88' lang='lat' dir='ltr'><strong>est</strong></span> 
     </span>
    </p>
   </div>
   <div class='ocr_carea' id='block_1_44' title="bbox 376 2686 1958 2754">
    <p class='ocr_par' dir='ltr' id='par_1_44' title="bbox 376 2686 1958 2754">
     <span class='ocr_line' id='line_1_44' title="bbox 376 2686 1958 2754; baseline -0.001 -14"><span class='ocrx_word' id='word_1_339' title='bbox 376 2687 523 2743; x_wconf 86' lang='lat' dir='ltr'><strong>aliud</strong></span> <span class='ocrx_word' id='word_1_340' title='bbox 549 2687 788 2742; x_wconf 91' lang='lat' dir='ltr'><strong>omnium</strong></span> <span class='ocrx_word' id='word_1_341' title='bbox 816 2686 1085 2754; x_wconf 71' lang='lat' dir='ltr'><strong>esisentia,</strong></span> <span class='ocrx_word' id='word_1_342' title='bbox 1127 2688 1231 2741; x_wconf 90' lang='lat' dir='ltr'><strong>nisi</strong></span> <span class='ocrx_word' id='word_1_343' title='bbox 1265 2688 1505 2743; x_wconf 90' lang='lat' dir='ltr'><strong>omnium</strong></span> <span class='ocrx_word' id='word_1_344' title='bbox 1547 2687 1601 2741; x_wconf 92' lang='lat' dir='ltr'><strong>in</strong></span> <span class='ocrx_word' id='word_1_345' title='bbox 1646 2687 1824 2743; x_wconf 88' lang='lat' dir='ltr'><strong>divina</strong></span> <span class='ocrx_word' id='word_1_346' title='bbox 1869 2701 1958 2740; x_wconf 84' lang='lat' dir='ltr'><strong>sa-</strong></span> 
     </span>
    </p>
   </div>
   <div class='ocr_carea' id='block_1_45' title="bbox 368 2777 1955 2850">
    <p class='ocr_par' dir='ltr' id='par_1_45' title="bbox 368 2777 1955 2850">
     <span class='ocr_line' id='line_1_45' title="bbox 368 2777 1955 2850; baseline -0.001 -18"><span class='ocrx_word' id='word_1_347' title='bbox 368 2778 577 2849; x_wconf 85' lang='lat' dir='ltr'><strong>pientia</strong></span> <span class='ocrx_word' id='word_1_348' title='bbox 601 2779 855 2850; x_wconf 85' lang='lat' dir='ltr'><strong>cognitio.</strong></span> <span class='ocrx_word' id='word_1_349' title='bbox 882 2777 949 2832; x_wconf 86' lang='lat' dir='ltr'><strong>In</strong></span> <span class='ocrx_word' id='word_1_350' title='bbox 972 2778 1084 2848; x_wconf 75' lang='lat' dir='ltr'><strong>ipso</strong></span> <span class='ocrx_word' id='word_1_351' title='bbox 1105 2778 1241 2832; x_wconf 86' lang='lat' dir='ltr'><strong>enim</strong></span> <span class='ocrx_word' id='word_1_352' title='bbox 1269 2779 1504 2844; x_wconf 77' lang='lat' dir='ltr'><strong>vivimus,</strong></span> <span class='ocrx_word' id='word_1_353' title='bbox 1531 2790 1579 2832; x_wconf 87' lang='lat' dir='ltr'><strong>et</strong></span> <span class='ocrx_word' id='word_1_354' title='bbox 1606 2778 1649 2809; x_wconf 85' lang='grc'>¹²</span> <span class='ocrx_word' id='word_1_355' title='bbox 1676 2793 1955 2840; x_wconf 79' lang='lat' dir='ltr'><strong>morentur,</strong></span> 
     </span>
    </p>
   </div>
   <div class='ocr_carea' id='block_1_46' title="bbox 374 2854 1955 2939">
    <p class='ocr_par' dir='ltr' id='par_1_46' title="bbox 374 2854 1955 2939">
     <span class='ocr_line' id='line_1_46' title="bbox 374 2854 1955 2939; baseline -0.001 -17"><span class='ocrx_word' id='word_1_356' title='bbox 374 2854 423 2923; x_wconf 79' lang='lat' dir='ltr'><strong>et</strong></span> <span class='ocrx_word' id='word_1_357' title='bbox 451 2884 652 2923; x_wconf 72' lang='lat' dir='ltr'><strong>sumus.</strong></span> <span class='ocrx_word' id='word_1_358' title='bbox 684 2868 920 2939; x_wconf 85' lang='lat' dir='ltr'><strong>Cognitio</strong></span> <span class='ocrx_word' id='word_1_359' title='bbox 950 2868 1093 2922; x_wconf 91' lang='lat' dir='ltr'><strong>enim</strong></span> <span class='ocrx_word' id='word_1_360' title='bbox 1118 2908 1133 2934; x_wconf 81' lang='lat'><strong>,</strong></span> <span class='ocrx_word' id='word_1_361' title='bbox 1175 2875 1235 2922; x_wconf 90' lang='lat' dir='ltr'><strong>ut</strong></span> <span class='ocrx_word' id='word_1_362' title='bbox 1274 2867 1351 2924; x_wconf 87' lang='lat' dir='ltr'><strong>ait</strong></span> <span class='ocrx_word' id='word_1_363' title='bbox 1390 2875 1608 2923; x_wconf 85' lang='lat' dir='ltr'><strong>sanctus</strong></span> <span class='ocrx_word' id='word_1_364' title='bbox 1650 2866 1955 2938; x_wconf 80' lang='lat' dir='ltr'><strong>Dionysius,</strong></span> 
     </span>
    </p>
   </div>
   <div class='ocr_carea' id='block_1_47' title="bbox 374 2957 2028 3039">
    <p class='ocr_par' dir='ltr' id='par_1_47' title="bbox 374 2957 2028 3039">
     <span class='ocr_line' id='line_1_47' title="bbox 374 2957 2028 3039; baseline -0.002 -25"><span class='ocrx_word' id='word_1_365' title='bbox 374 2977 555 3015; x_wconf 78' lang='lat' dir='ltr'><strong>eorum</strong></span> <span class='ocrx_word' id='word_1_366' title='bbox 574 2977 707 3031; x_wconf 82' lang='lat' dir='ltr'><strong>quae</strong></span> <span class='ocrx_word' id='word_1_367' title='bbox 730 2969 872 3026; x_wconf 75' lang='lat' dir='ltr'><strong>sunt,</strong></span> <span class='ocrx_word' id='word_1_368' title='bbox 902 2977 984 3027; x_wconf 83' lang='lat' dir='ltr'><strong>ea,</strong></span> <span class='ocrx_word' id='word_1_369' title='bbox 1011 2977 1145 3031; x_wconf 88' lang='lat' dir='ltr'><strong>quae</strong></span> <span class='ocrx_word' id='word_1_370' title='bbox 1170 2969 1310 3023; x_wconf 77' lang='lat' dir='ltr'><strong>sunt,</strong></span> <span class='ocrx_word' id='word_1_371' title='bbox 1338 2969 1431 3014; x_wconf 82' lang='lat' dir='ltr'><strong>est.</strong></span> <span class='ocrx_word' id='word_1_372' title='bbox 1461 2958 1773 3031; x_wconf 80' lang='lat' dir='ltr'><strong>Splendores</strong></span> <span class='ocrx_word' id='word_1_373' title='bbox 1797 2957 1959 3029; x_wconf 86' lang='lat' dir='ltr'><strong>igitur</strong></span> <span class='ocrx_word' id='word_1_374' title='bbox 1988 3019 2028 3039; x_wconf 51' lang='grc' dir='ltr'><strong><em>η</em></strong></span> 
     </span>
    </p>
   </div>
   <div class='ocr_carea' id='block_1_48' title="bbox 373 3049 1956 3121">
    <p class='ocr_par' dir='ltr' id='par_1_48' title="bbox 373 3049 1956 3121">
     <span class='ocr_line' id='line_1_48' title="bbox 373 3049 1956 3121; baseline -0.003 -15"><span class='ocrx_word' id='word_1_375' title='bbox 373 3063 678 3106; x_wconf 76' lang='lat' dir='ltr'><strong>sanctorum</strong></span> <span class='ocrx_word' id='word_1_376' title='bbox 722 3061 850 3107; x_wconf 93' lang='lat' dir='ltr'><strong>sunt</strong></span> <span class='ocrx_word' id='word_1_377' title='bbox 898 3067 1085 3108; x_wconf 91' lang='lat' dir='ltr'><strong>eorum</strong></span> <span class='ocrx_word' id='word_1_378' title='bbox 1132 3051 1185 3106; x_wconf 91' lang='lat' dir='ltr'><strong>in</strong></span> <span class='ocrx_word' id='word_1_379' title='bbox 1232 3051 1497 3121; x_wconf 89' lang='lat' dir='ltr'><strong>sapientia</strong></span> <span class='ocrx_word' id='word_1_380' title='bbox 1543 3051 1726 3105; x_wconf 88' lang='lat' dir='ltr'><strong>divina</strong></span> <span class='ocrx_word' id='word_1_381' title='bbox 1754 3090 1768 3112; x_wconf 89' lang='lat'><strong>,</strong></span> <span class='ocrx_word' id='word_1_382' title='bbox 1817 3058 1873 3102; x_wconf 92' lang='lat' dir='ltr'><strong>et</strong></span> <span class='ocrx_word' id='word_1_383' title='bbox 1903 3049 1956 3103; x_wconf 90' lang='lat' dir='ltr'><strong>in</strong></span> 
     </span>
    </p>
   </div>
   <div class='ocr_carea' id='block_1_49' title="bbox 371 3140 1957 3213">
    <p class='ocr_par' dir='ltr' id='par_1_49' title="bbox 371 3140 1957 3213">
     <span class='ocr_line' id='line_1_49' title="bbox 371 3140 1957 3213; baseline 0 -17"><span class='ocrx_word' id='word_1_384' title='bbox 371 3143 809 3213; x_wconf 90' lang='lat' dir='ltr'><strong>primordialibus</strong></span> <span class='ocrx_word' id='word_1_385' title='bbox 835 3142 949 3198; x_wconf 90' lang='lat' dir='ltr'><strong>suis</strong></span> <span class='ocrx_word' id='word_1_386' title='bbox 973 3143 1019 3182; x_wconf 71' lang='grc'>⁸³</span> <span class='ocrx_word' id='word_1_387' title='bbox 1046 3142 1224 3198; x_wconf 87' lang='lat' dir='ltr'><strong>causis</strong></span> <span class='ocrx_word' id='word_1_388' title='bbox 1251 3142 1430 3197; x_wconf 90' lang='lat' dir='ltr'><strong>clarae</strong></span> <span class='ocrx_word' id='word_1_389' title='bbox 1457 3142 1812 3212; x_wconf 87' lang='lat' dir='ltr'><strong>cognitaeque</strong></span> <span class='ocrx_word' id='word_1_390' title='bbox 1850 3140 1957 3196; x_wconf 89' lang='lat' dir='ltr'><strong>Deo</strong></span> 
     </span>
    </p>
   </div>
   <div class='ocr_carea' id='block_1_50' title="bbox 371 3233 1954 3303">
    <p class='ocr_par' dir='ltr' id='par_1_50' title="bbox 371 3233 1954 3303">
     <span class='ocr_line' id='line_1_50' title="bbox 371 3233 1954 3303; baseline -0.001 -14"><span class='ocrx_word' id='word_1_391' title='bbox 371 3235 805 3291; x_wconf 87' lang='lat' dir='ltr'><strong>substitutiones.</strong></span> <span class='ocrx_word' id='word_1_392' title='bbox 833 3235 899 3289; x_wconf 87' lang='lat' dir='ltr'><strong>Et</strong></span> <span class='ocrx_word' id='word_1_393' title='bbox 931 3235 1032 3291; x_wconf 88' lang='lat' dir='ltr'><strong>hoc</strong></span> <span class='ocrx_word' id='word_1_394' title='bbox 1056 3244 1226 3290; x_wconf 90' lang='lat' dir='ltr'><strong>totum</strong></span> <span class='ocrx_word' id='word_1_395' title='bbox 1255 3245 1375 3288; x_wconf 82' lang='lat' dir='ltr'><strong>ante</strong></span> <span class='ocrx_word' id='word_1_396' title='bbox 1403 3233 1699 3303; x_wconf 76' lang='lat' dir='ltr'><strong>luciferum,</strong></span> <span class='ocrx_word' id='word_1_397' title='bbox 1727 3234 1831 3288; x_wconf 93' lang='lat' dir='ltr'><strong>hoc</strong></span> <span class='ocrx_word' id='word_1_398' title='bbox 1852 3243 1954 3298; x_wconf 91' lang='lat' dir='ltr'><strong>est,</strong></span> 
     </span>
    </p>
   </div>
   <div class='ocr_carea' id='block_1_51' title="bbox 372 3321 1957 3394">
    <p class='ocr_par' dir='ltr' id='par_1_51' title="bbox 372 3321 1957 3394">
     <span class='ocr_line' id='line_1_51' title="bbox 372 3321 1957 3394; baseline -0.001 -14"><span class='ocrx_word' id='word_1_399' title='bbox 372 3334 428 3380; x_wconf 86' lang='lat' dir='ltr'><strong>et</strong></span> <span class='ocrx_word' id='word_1_400' title='bbox 454 3325 711 3380; x_wconf 90' lang='lat' dir='ltr'><strong>nativitas</strong></span> <span class='ocrx_word' id='word_1_401' title='bbox 739 3323 903 3379; x_wconf 83' lang='lat' dir='ltr'><strong>Verbi</strong></span> <span class='ocrx_word' id='word_1_402' title='bbox 940 3340 1006 3380; x_wconf 82' lang='lat' dir='ltr'><strong>ex</strong></span> <span class='ocrx_word' id='word_1_403' title='bbox 1042 3325 1222 3388; x_wconf 88' lang='lat' dir='ltr'><strong>Patre,</strong></span> <span class='ocrx_word' id='word_1_404' title='bbox 1252 3332 1308 3378; x_wconf 91' lang='lat' dir='ltr'><strong>et</strong></span> <span class='ocrx_word' id='word_1_405' title='bbox 1339 3321 1594 3392; x_wconf 87' lang='lat' dir='ltr'><strong>splendor</strong></span> <span class='ocrx_word' id='word_1_406' title='bbox 1635 3323 1957 3394; x_wconf 84' lang='lat' dir='ltr'><strong>cognitionis</strong></span> 
     </span>
    </p>
   </div>
   <div class='ocr_carea' id='block_1_52' title="bbox 372 3412 1954 3478">
    <p class='ocr_par' dir='ltr' id='par_1_52' title="bbox 372 3412 1954 3478">
     <span class='ocr_line' id='line_1_52' title="bbox 372 3412 1954 3478; baseline -0.003 -7"><span class='ocrx_word' id='word_1_407' title='bbox 372 3424 682 3473; x_wconf 78' lang='lat' dir='ltr'><strong>sanctorum</strong></span> <span class='ocrx_word' id='word_1_408' title='bbox 709 3455 724 3478; x_wconf 95' lang='lat'><strong>,</strong></span> <span class='ocrx_word' id='word_1_409' title='bbox 768 3414 935 3469; x_wconf 91' lang='lat' dir='ltr'><strong>immo</strong></span> <span class='ocrx_word' id='word_1_410' title='bbox 963 3415 1128 3469; x_wconf 90' lang='lat' dir='ltr'><strong>etiam</strong></span> <span class='ocrx_word' id='word_1_411' title='bbox 1166 3412 1408 3467; x_wconf 87' lang='lat' dir='ltr'><strong>omnium</strong></span> <span class='ocrx_word' id='word_1_412' title='bbox 1457 3412 1859 3477; x_wconf 74' lang='lat' dir='ltr'><strong>naturarum“,</strong></span> <span class='ocrx_word' id='word_1_413' title='bbox 1901 3413 1954 3467; x_wconf 92' lang='lat' dir='ltr'><strong>in</strong></span> 
     </span>
    </p>
   </div>
   <div class='ocr_carea' id='block_1_53' title="bbox 370 3502 1955 3574">
    <p class='ocr_par' dir='ltr' id='par_1_53' title="bbox 370 3502 1955 3574">
     <span class='ocr_line' id='line_1_53' title="bbox 370 3502 1955 3574; baseline 0.001 -18"><span class='ocrx_word' id='word_1_414' title='bbox 370 3503 757 3574; x_wconf 89' lang='lat' dir='ltr'><strong>principalibus</strong></span> <span class='ocrx_word' id='word_1_415' title='bbox 797 3503 908 3558; x_wconf 92' lang='lat' dir='ltr'><strong>suis</strong></span> <span class='ocrx_word' id='word_1_416' title='bbox 954 3504 1132 3558; x_wconf 88' lang='lat' dir='ltr'><strong>causis</strong></span> <span class='ocrx_word' id='word_1_417' title='bbox 1171 3502 1447 3572; x_wconf 84' lang='lat' dir='ltr'><strong>praecedit</strong></span> <span class='ocrx_word' id='word_1_418' title='bbox 1490 3502 1795 3558; x_wconf 87' lang='lat' dir='ltr'><strong>luciferum.</strong></span> <span class='ocrx_word' id='word_1_419' title='bbox 1849 3503 1955 3558; x_wconf 89' lang='lat' dir='ltr'><strong>Sed</strong></span> 
     </span>
    </p>
   </div>
   <div class='ocr_carea' id='block_1_54' title="bbox 376 3589 1953 3660">
    <p class='ocr_par' dir='ltr' id='par_1_54' title="bbox 376 3589 1953 3660">
     <span class='ocr_line' id='line_1_54' title="bbox 376 3589 1953 3660; baseline -0.001 -14"><span class='ocrx_word' id='word_1_420' title='bbox 376 3592 498 3660; x_wconf 91' lang='lat' dir='ltr'><strong>quis</strong></span> <span class='ocrx_word' id='word_1_421' title='bbox 533 3599 618 3647; x_wconf 92' lang='lat' dir='ltr'><strong>est</strong></span> <span class='ocrx_word' id='word_1_422' title='bbox 652 3592 755 3646; x_wconf 90' lang='lat' dir='ltr'><strong>iste</strong></span> <span class='ocrx_word' id='word_1_423' title='bbox 804 3589 1017 3656; x_wconf 83' lang='lat' dir='ltr'><strong>lucifer,</strong></span> <span class='ocrx_word' id='word_1_424' title='bbox 1070 3598 1196 3646; x_wconf 88' lang='lat' dir='ltr'><strong>ante</strong></span> <span class='ocrx_word' id='word_1_425' title='bbox 1247 3591 1402 3657; x_wconf 84' lang='lat' dir='ltr'><strong>cujus</strong></span> <span class='ocrx_word' id='word_1_426' title='bbox 1451 3597 1632 3645; x_wconf 89' lang='lat' dir='ltr'><strong>ortum</strong></span> <span class='ocrx_word' id='word_1_427' title='bbox 1681 3591 1953 3659; x_wconf 89' lang='lat' dir='ltr'><strong>praedicta</strong></span> 
     </span>
    </p>
   </div>
   <div class='ocr_carea' id='block_1_55' title="bbox 372 3680 1952 3759">
    <p class='ocr_par' dir='ltr' id='par_1_55' title="bbox 372 3680 1952 3759">
     <span class='ocr_line' id='line_1_55' title="bbox 372 3680 1952 3759; baseline -0.001 -22"><span class='ocrx_word' id='word_1_428' title='bbox 372 3682 554 3738; x_wconf 87' lang='lat' dir='ltr'><strong>omnia</strong></span> <span class='ocrx_word' id='word_1_429' title='bbox 584 3681 957 3759; x_wconf 86' lang='lat' dir='ltr'><strong>intelliguntur</strong></span> <span class='ocrx_word' id='word_1_430' title='bbox 984 3696 1107 3737; x_wconf 89' lang='lat' dir='ltr'><strong>esse</strong></span> <span class='ocrx_word' id='word_1_431' title='bbox 1130 3722 1146 3746; x_wconf 95' lang='lat'><strong>,</strong></span> <span class='ocrx_word' id='word_1_432' title='bbox 1198 3680 1380 3736; x_wconf 88' lang='lat' dir='ltr'><strong>multis</strong></span> <span class='ocrx_word' id='word_1_433' title='bbox 1408 3681 1683 3751; x_wconf 85' lang='lat' dir='ltr'><strong>variisque</strong></span> <span class='ocrx_word' id='word_1_434' title='bbox 1715 3681 1888 3737; x_wconf 88' lang='lat' dir='ltr'><strong>modis</strong></span> <span class='ocrx_word' id='word_1_435' title='bbox 1922 3697 1952 3735; x_wconf 89' lang='lat' dir='ltr'><strong>a</strong></span> 
     </span>
    </p>
   </div>
   <div class='ocr_carea' id='block_1_56' title="bbox 371 3762 1954 3848">
    <p class='ocr_par' dir='ltr' id='par_1_56' title="bbox 371 3762 1954 3848">
     <span class='ocr_line' id='line_1_56' title="bbox 371 3762 1954 3848; baseline -0.001 -19"><span class='ocrx_word' id='word_1_436' title='bbox 371 3771 707 3842; x_wconf 83' lang='lat' dir='ltr'><strong>sapientibus</strong></span> <span class='ocrx_word' id='word_1_437' title='bbox 737 3780 1024 3838; x_wconf 86' lang='lat' dir='ltr'><strong>tractatur,</strong></span> <span class='ocrx_word' id='word_1_438' title='bbox 1053 3787 1280 3848; x_wconf 73' lang='lat' dir='ltr'><strong>qporum</strong></span> <span class='ocrx_word' id='word_1_439' title='bbox 1311 3762 1609 3827; x_wconf 87' lang='lat' dir='ltr'><strong>sententias</strong></span> <span class='ocrx_word' id='word_1_440' title='bbox 1630 3771 1844 3842; x_wconf 89' lang='lat' dir='ltr'><strong>longum</strong></span> <span class='ocrx_word' id='word_1_441' title='bbox 1871 3781 1954 3827; x_wconf 88' lang='lat' dir='ltr'><strong>est</strong></span> 
     </span>
    </p>
   </div>
   <div class='ocr_carea' id='block_1_57' title="bbox 372 3860 1951 3932">
    <p class='ocr_par' dir='ltr' id='par_1_57' title="bbox 372 3860 1951 3932">
     <span class='ocr_line' id='line_1_57' title="bbox 372 3860 1951 3932; baseline 0 -15"><span class='ocrx_word' id='word_1_442' title='bbox 372 3862 531 3918; x_wconf 87' lang='lat' dir='ltr'><strong>modo</strong></span> <span class='ocrx_word' id='word_1_443' title='bbox 559 3863 919 3918; x_wconf 86' lang='lat' dir='ltr'><strong>introducere.</strong></span> <span class='ocrx_word' id='word_1_444' title='bbox 953 3861 1088 3917; x_wconf 85' lang='lat' dir='ltr'><strong>Nam</strong></span> <span class='ocrx_word' id='word_1_445' title='bbox 1127 3863 1171 3894; x_wconf 70' lang='grc' dir='ltr'><strong>ιδ</strong></span> <span class='ocrx_word' id='word_1_446' title='bbox 1198 3862 1338 3931; x_wconf 88' lang='lat' dir='ltr'><strong>quod</strong></span> <span class='ocrx_word' id='word_1_447' title='bbox 1371 3877 1468 3932; x_wconf 91' lang='lat' dir='ltr'><strong>per</strong></span> <span class='ocrx_word' id='word_1_448' title='bbox 1491 3860 1684 3917; x_wconf 83' lang='lat' dir='ltr'><strong>Isaiam</strong></span> <span class='ocrx_word' id='word_1_449' title='bbox 1715 3862 1951 3932; x_wconf 89' lang='lat' dir='ltr'><strong>prophe-</strong></span> 
     </span>
    </p>
   </div>
   <div class='ocr_carea' id='block_1_58' title="bbox 371 3951 1952 4022">
    <p class='ocr_par' dir='ltr' id='par_1_58' title="bbox 371 3951 1952 4022">
     <span class='ocr_line' id='line_1_58' title="bbox 371 3951 1952 4022; baseline 0.002 -18"><span class='ocrx_word' id='word_1_450' title='bbox 371 3961 482 4007; x_wconf 87' lang='lat' dir='ltr'><strong>tam</strong></span> <span class='ocrx_word' id='word_1_451' title='bbox 513 3952 713 4007; x_wconf 88' lang='lat' dir='ltr'><strong>dicitur</strong></span> <span class='ocrx_word' id='word_1_452' title='bbox 739 3970 753 4006; x_wconf 90' lang='lat'><strong>:</strong></span> <span class='ocrx_word' id='word_1_453' title='bbox 788 3951 1062 4018; x_wconf 82' lang='lat' dir='ltr'><strong>Quomodo</strong></span> <span class='ocrx_word' id='word_1_454' title='bbox 1093 3953 1276 4009; x_wconf 81' lang='lat' dir='ltr'><strong>cecidit</strong></span> <span class='ocrx_word' id='word_1_455' title='bbox 1309 3953 1374 4006; x_wconf 89' lang='lat' dir='ltr'><strong>de</strong></span> <span class='ocrx_word' id='word_1_456' title='bbox 1416 3951 1559 4006; x_wconf 80' lang='lat' dir='ltr'><strong>caelo</strong></span> <span class='ocrx_word' id='word_1_457' title='bbox 1586 3951 1774 4022; x_wconf 79' lang='lat' dir='ltr'><strong>lucifer</strong></span> <span class='ocrx_word' id='word_1_458' title='bbox 1800 3969 1952 4007; x_wconf 78' lang='lat' dir='ltr'><strong>mane</strong></span> 
     </span>
    </p>
   </div>
   <div class='ocr_carea' id='block_1_59' title="bbox 371 4042 1953 4114">
    <p class='ocr_par' dir='ltr' id='par_1_59' title="bbox 371 4042 1953 4114">
     <span class='ocr_line' id='line_1_59' title="bbox 371 4042 1953 4114; baseline 0.003 -20"><span class='ocrx_word' id='word_1_459' title='bbox 371 4042 591 4105; x_wconf 76' lang='lat' dir='ltr'><strong>oriens?</strong></span> <span class='ocrx_word' id='word_1_460' title='bbox 642 4045 708 4101; x_wconf 87' lang='lat' dir='ltr'><strong>de</strong></span> <span class='ocrx_word' id='word_1_461' title='bbox 750 4042 965 4099; x_wconf 89' lang='lat' dir='ltr'><strong>diabolo</strong></span> <span class='ocrx_word' id='word_1_462' title='bbox 1003 4052 1189 4114; x_wconf 89' lang='lat' dir='ltr'><strong>aperte</strong></span> <span class='ocrx_word' id='word_1_463' title='bbox 1233 4043 1562 4113; x_wconf 86' lang='lat' dir='ltr'><strong>intelligitur,</strong></span> <span class='ocrx_word' id='word_1_464' title='bbox 1614 4042 1790 4112; x_wconf 88' lang='lat' dir='ltr'><strong>deque</strong></span> <span class='ocrx_word' id='word_1_465' title='bbox 1835 4042 1953 4112; x_wconf 86' lang='lat' dir='ltr'><strong>ejus</strong></span> 
     </span>
    </p>
   </div>
   <div class='ocr_carea' id='block_1_60' title="bbox 368 4132 1951 4205">
    <p class='ocr_par' dir='ltr' id='par_1_60' title="bbox 368 4132 1951 4205">
     <span class='ocr_line' id='line_1_60' title="bbox 368 4132 1951 4205; baseline 0.001 -17"><span class='ocrx_word' id='word_1_466' title='bbox 368 4147 620 4205; x_wconf 77' lang='lat' dir='ltr'><strong>corpore,</strong></span> <span class='ocrx_word' id='word_1_467' title='bbox 650 4132 792 4203; x_wconf 83' lang='lat' dir='ltr'><strong>quod</strong></span> <span class='ocrx_word' id='word_1_468' title='bbox 822 4133 1056 4187; x_wconf 78' lang='lat' dir='ltr'><strong>maxime</strong></span> <span class='ocrx_word' id='word_1_469' title='bbox 1086 4134 1137 4186; x_wconf 93' lang='lat' dir='ltr'><strong>in</strong></span> <span class='ocrx_word' id='word_1_470' title='bbox 1171 4132 1350 4202; x_wconf 90' lang='lat' dir='ltr'><strong>impiis</strong></span> <span class='ocrx_word' id='word_1_471' title='bbox 1378 4143 1432 4186; x_wconf 92' lang='lat' dir='ltr'><strong>et</strong></span> <span class='ocrx_word' id='word_1_472' title='bbox 1459 4132 1718 4201; x_wconf 76' lang='lat' dir='ltr'><strong>apostolis</strong></span> <span class='ocrx_word' id='word_1_473' title='bbox 1743 4141 1796 4186; x_wconf 90' lang='lat' dir='ltr'><strong>et</strong></span> <span class='ocrx_word' id='word_1_474' title='bbox 1824 4132 1951 4189; x_wconf 83' lang='lat' dir='ltr'><strong>bae-</strong></span> 
     </span>
    </p>
   </div>
   <div class='ocr_carea' id='block_1_61' title="bbox 368 4219 1952 4292">
    <p class='ocr_par' dir='ltr' id='par_1_61' title="bbox 368 4219 1952 4292">
     <span class='ocr_line' id='line_1_61' title="bbox 368 4219 1952 4292; baseline -0.001 -17"><span class='ocrx_word' id='word_1_475' title='bbox 368 4220 554 4276; x_wconf 87' lang='lat' dir='ltr'><strong>reticis</strong></span> <span class='ocrx_word' id='word_1_476' title='bbox 582 4221 627 4255; x_wconf 80' lang='lat'>&quot;</span> <span class='ocrx_word' id='word_1_477' title='bbox 657 4221 989 4292; x_wconf 88' lang='lat' dir='ltr'><strong>dignoscitur</strong></span> <span class='ocrx_word' id='word_1_478' title='bbox 1022 4221 1374 4283; x_wconf 85' lang='lat' dir='ltr'><strong>constitutum</strong></span> <span class='ocrx_word' id='word_1_479' title='bbox 1405 4220 1471 4272; x_wconf 63' lang='grc' dir='ltr'><strong>ιτ.</strong></span> <span class='ocrx_word' id='word_1_480' title='bbox 1508 4219 1828 4275; x_wconf 90' lang='lat' dir='ltr'><strong>Psalmistae</strong></span> <span class='ocrx_word' id='word_1_481' title='bbox 1856 4235 1952 4274; x_wconf 84' lang='lat' dir='ltr'><strong>au-</strong></span> 
     </span>
    </p>
   </div>
   <div class='ocr_carea' id='block_1_62' title="bbox 302 4311 1949 4383">
    <p class='ocr_par' dir='ltr' id='par_1_62' title="bbox 302 4311 1949 4383">
     <span class='ocr_line' id='line_1_62' title="bbox 302 4311 1949 4383; baseline 0.002 -19"><span class='ocrx_word' id='word_1_482' title='bbox 302 4348 309 4355; x_wconf 81' lang='lat'><strong>.</strong></span> <span class='ocrx_word' id='word_1_483' title='bbox 366 4321 475 4365; x_wconf 79' lang='lat' dir='ltr'><strong>tem</strong></span> <span class='ocrx_word' id='word_1_484' title='bbox 514 4311 706 4369; x_wconf 89' lang='lat' dir='ltr'><strong>lucifer</strong></span> <span class='ocrx_word' id='word_1_485' title='bbox 751 4313 1070 4383; x_wconf 87' lang='lat' dir='ltr'><strong>quibusdam</strong></span> <span class='ocrx_word' id='word_1_486' title='bbox 1116 4312 1329 4373; x_wconf 85' lang='lat' dir='ltr'><strong>videtur</strong></span> <span class='ocrx_word' id='word_1_487' title='bbox 1378 4312 1430 4371; x_wconf 91' lang='lat' dir='ltr'><strong>in</strong></span> <span class='ocrx_word' id='word_1_488' title='bbox 1484 4312 1878 4383; x_wconf 84' lang='lat' dir='ltr'><strong>significatione</strong></span> <span class='ocrx_word' id='word_1_489' title='bbox 1904 4313 1949 4346; x_wconf 80' lang='grc' dir='ltr'>ί⁸</span> 
     </span>
    </p>
   </div>
   <div class='ocr_carea' id='block_1_63' title="bbox 367 4394 1947 4471">
    <p class='ocr_par' dir='ltr' id='par_1_63' title="bbox 367 4394 1947 4471">
     <span class='ocr_line' id='line_1_63' title="bbox 367 4394 1947 4471; baseline 0.004 -18"><span class='ocrx_word' id='word_1_490' title='bbox 367 4400 536 4470; x_wconf 89' lang='lat' dir='ltr'><strong>ipsius</strong></span> <span class='ocrx_word' id='word_1_491' title='bbox 572 4394 906 4458; x_wconf 85' lang='lat' dir='ltr'><strong>clarissimae</strong></span> <span class='ocrx_word' id='word_1_492' title='bbox 957 4402 1180 4466; x_wconf 88' lang='lat' dir='ltr'><strong>stellae,</strong></span> <span class='ocrx_word' id='word_1_493' title='bbox 1229 4416 1368 4471; x_wconf 87' lang='lat' dir='ltr'><strong>quae</strong></span> <span class='ocrx_word' id='word_1_494' title='bbox 1404 4401 1542 4457; x_wconf 87' lang='lat' dir='ltr'><strong>solet</strong></span> <span class='ocrx_word' id='word_1_495' title='bbox 1584 4412 1763 4457; x_wconf 91' lang='lat' dir='ltr'><strong>ortum</strong></span> <span class='ocrx_word' id='word_1_496' title='bbox 1815 4404 1947 4460; x_wconf 88' lang='lat' dir='ltr'><strong>solis</strong></span> 
     </span>
    </p>
   </div>
   <div class='ocr_carea' id='block_1_64' title="bbox 365 4488 1944 4570">
    <p class='ocr_par' dir='ltr' id='par_1_64' title="bbox 365 4488 1944 4570">
     <span class='ocr_line' id='line_1_64' title="bbox 365 4488 1944 4570; baseline 0.004 -25"><span class='ocrx_word' id='word_1_497' title='bbox 365 4495 690 4569; x_wconf 85' lang='lat' dir='ltr'><strong>praecedere</strong></span> <span class='ocrx_word' id='word_1_498' title='bbox 742 4505 868 4550; x_wconf 90' lang='lat' dir='ltr'><strong>ante</strong></span> <span class='ocrx_word' id='word_1_499' title='bbox 895 4494 1048 4564; x_wconf 89' lang='lat' dir='ltr'><strong>cujus</strong></span> <span class='ocrx_word' id='word_1_500' title='bbox 1076 4494 1265 4550; x_wconf 88' lang='lat' dir='ltr'><strong>stellae</strong></span> <span class='ocrx_word' id='word_1_501' title='bbox 1310 4488 1702 4570; x_wconf 72' lang='lat' dir='ltr'><strong>a&#39;pparitionem</strong></span> <span class='ocrx_word' id='word_1_502' title='bbox 1730 4511 1944 4551; x_wconf 85' lang='lat' dir='ltr'><strong>sursum</strong></span> 
     </span>
    </p>
   </div>
   <div class='ocr_carea' id='block_1_65' title="bbox 1979 4363 2028 4422">
    <p class='ocr_par' dir='ltr' id='par_1_65' title="bbox 1979 4363 2028 4422">
     <span class='ocr_line' id='line_1_65' title="bbox 1979 4363 2028 4422; baseline 0 0"><span class='ocrx_word' id='word_1_503' title='bbox 1979 4363 2028 4422; x_wconf 89' lang='lat' dir='ltr'><strong>D</strong></span> 
     </span>
    </p>
   </div>
   <div class='ocr_carea' id='block_1_66' title="bbox 2070 1771 3651 1843">
    <p class='ocr_par' dir='ltr' id='par_1_66' title="bbox 2070 1771 3651 1843">
     <span class='ocr_line' id='line_1_66' title="bbox 2070 1771 3651 1843; baseline -0.002 -17"><span class='ocrx_word' id='word_1_504' title='bbox 2070 1772 2474 1843; x_wconf 87' lang='lat' dir='ltr'><strong>generationem</strong></span> <span class='ocrx_word' id='word_1_505' title='bbox 2519 1773 2869 1842; x_wconf 86' lang='lat' dir='ltr'><strong>procederet,</strong></span> <span class='ocrx_word' id='word_1_506' title='bbox 2915 1781 3041 1826; x_wconf 88' lang='lat' dir='ltr'><strong>ante</strong></span> <span class='ocrx_word' id='word_1_507' title='bbox 3085 1780 3324 1841; x_wconf 87' lang='lat' dir='ltr'><strong>tempora</strong></span> <span class='ocrx_word' id='word_1_508' title='bbox 3368 1771 3651 1831; x_wconf 83' lang='lat' dir='ltr'><strong>secularia,</strong></span> 
     </span>
    </p>
   </div>
   <div class='ocr_carea' id='block_1_67' title="bbox 2068 1859 3655 1934">
    <p class='ocr_par' dir='ltr' id='par_1_67' title="bbox 2068 1859 3655 1934">
     <span class='ocr_line' id='line_1_67' title="bbox 2068 1859 3655 1934; baseline -0.004 -17"><span class='ocrx_word' id='word_1_509' title='bbox 2068 1863 2209 1919; x_wconf 91' lang='lat' dir='ltr'><strong>Deus</strong></span> <span class='ocrx_word' id='word_1_510' title='bbox 2231 1873 2384 1934; x_wconf 86' lang='lat' dir='ltr'><strong>pater</strong></span> <span class='ocrx_word' id='word_1_511' title='bbox 2410 1861 2640 1918; x_wconf 87' lang='lat' dir='ltr'><strong>Verbum</strong></span> <span class='ocrx_word' id='word_1_512' title='bbox 2667 1877 2822 1917; x_wconf 88' lang='lat' dir='ltr'><strong>suum</strong></span> <span class='ocrx_word' id='word_1_513' title='bbox 2838 1861 3041 1932; x_wconf 85' lang='lat' dir='ltr'><strong>genuit,</strong></span> <span class='ocrx_word' id='word_1_514' title='bbox 3058 1862 3110 1915; x_wconf 92' lang='lat' dir='ltr'><strong>in</strong></span> <span class='ocrx_word' id='word_1_515' title='bbox 3137 1876 3244 1930; x_wconf 87' lang='lat' dir='ltr'><strong>quo</strong></span> <span class='ocrx_word' id='word_1_516' title='bbox 3258 1869 3313 1914; x_wconf 91' lang='lat' dir='ltr'><strong>et</strong></span> <span class='ocrx_word' id='word_1_517' title='bbox 3331 1876 3428 1930; x_wconf 89' lang='lat' dir='ltr'><strong>per</strong></span> <span class='ocrx_word' id='word_1_518' title='bbox 3447 1860 3590 1929; x_wconf 80' lang='lat' dir='ltr'><strong>quod</strong></span> <span class='ocrx_word' id='word_1_519' title='bbox 3605 1859 3655 1891; x_wconf 70' lang='lat'><strong>”</strong></span> 
     </span>
    </p>
   </div>
   <div class='ocr_carea' id='block_1_68' title="bbox 2064 1948 3655 2020">
    <p class='ocr_par' dir='ltr' id='par_1_68' title="bbox 2064 1948 3655 2020">
     <span class='ocr_line' id='line_1_68' title="bbox 2064 1948 3655 2020; baseline -0.007 -12"><span class='ocrx_word' id='word_1_520' title='bbox 2064 1953 2305 2008; x_wconf 91' lang='lat' dir='ltr'><strong>omnium</strong></span> <span class='ocrx_word' id='word_1_521' title='bbox 2354 1960 2668 2006; x_wconf 86' lang='lat' dir='ltr'><strong>naturarum</strong></span> <span class='ocrx_word' id='word_1_522' title='bbox 2714 1952 2759 1983; x_wconf 78' lang='grc'><strong>⁸⁵</strong></span> <span class='ocrx_word' id='word_1_523' title='bbox 2810 1950 3186 2020; x_wconf 87' lang='lat' dir='ltr'><strong>primordiales</strong></span> <span class='ocrx_word' id='word_1_524' title='bbox 3240 1965 3434 2005; x_wconf 86' lang='lat' dir='ltr'><strong>causas</strong></span> <span class='ocrx_word' id='word_1_525' title='bbox 3476 1948 3655 2019; x_wconf 73' lang='lat' dir='ltr'><strong>pet-fe.</strong></span> 
     </span>
    </p>
   </div>
   <div class='ocr_carea' id='block_1_69' title="bbox 2067 2040 3652 2112">
    <p class='ocr_par' dir='ltr' id='par_1_69' title="bbox 2067 2040 3652 2112">
     <span class='ocr_line' id='line_1_69' title="bbox 2067 2040 3652 2112; baseline -0.006 -10"><span class='ocrx_word' id='word_1_526' title='bbox 2067 2046 2339 2107; x_wconf 86' lang='lat' dir='ltr'><strong>ctissimas</strong></span> <span class='ocrx_word' id='word_1_527' title='bbox 2381 2044 2603 2109; x_wconf 82' lang='lat' dir='ltr'><strong>creavit,</strong></span> <span class='ocrx_word' id='word_1_528' title='bbox 2656 2058 2792 2112; x_wconf 88' lang='lat' dir='ltr'><strong>quae</strong></span> <span class='ocrx_word' id='word_1_529' title='bbox 2835 2042 3014 2097; x_wconf 86' lang='lat' dir='ltr'><strong>divina</strong></span> <span class='ocrx_word' id='word_1_530' title='bbox 3052 2040 3386 2111; x_wconf 83' lang='lat' dir='ltr'><strong>providentia</strong></span> <span class='ocrx_word' id='word_1_531' title='bbox 3428 2040 3652 2094; x_wconf 54' lang='lat' dir='ltr'><strong>utimini.</strong></span> 
     </span>
    </p>
   </div>
   <div class='ocr_carea' id='block_1_70' title="bbox 2067 2129 3654 2203">
    <p class='ocr_par' dir='ltr' id='par_1_70' title="bbox 2067 2129 3654 2203">
     <span class='ocr_line' id='line_1_70' title="bbox 2067 2129 3654 2203; baseline -0.003 -13"><span class='ocrx_word' id='word_1_532' title='bbox 2067 2144 2274 2190; x_wconf 86' lang='lat' dir='ltr'><strong>strante</strong></span> <span class='ocrx_word' id='word_1_533' title='bbox 2322 2132 2553 2188; x_wconf 88' lang='lat' dir='ltr'><strong>mirabili</strong></span> <span class='ocrx_word' id='word_1_534' title='bbox 2606 2134 2838 2203; x_wconf 87' lang='lat' dir='ltr'><strong>quadam</strong></span> <span class='ocrx_word' id='word_1_535' title='bbox 2890 2132 3170 2186; x_wconf 87' lang='lat' dir='ltr'><strong>harmonia</strong></span> <span class='ocrx_word' id='word_1_536' title='bbox 3222 2129 3654 2200; x_wconf 82' lang='lat' dir='ltr'><strong>processionibus</strong></span> 
     </span>
    </p>
   </div>
   <div class='ocr_carea' id='block_1_71' title="bbox 2067 2226 3649 2299">
    <p class='ocr_par' dir='ltr' id='par_1_71' title="bbox 2067 2226 3649 2299">
     <span class='ocr_line' id='line_1_71' title="bbox 2067 2226 3649 2299; baseline -0.004 -15"><span class='ocrx_word' id='word_1_537' title='bbox 2067 2229 2179 2284; x_wconf 88' lang='lat' dir='ltr'><strong>suis</strong></span> <span class='ocrx_word' id='word_1_538' title='bbox 2206 2242 2305 2298; x_wconf 88' lang='lat' dir='ltr'><strong>per</strong></span> <span class='ocrx_word' id='word_1_539' title='bbox 2337 2228 2760 2299; x_wconf 85' lang='lat' dir='ltr'><strong>generationem,</strong></span> <span class='ocrx_word' id='word_1_540' title='bbox 2793 2226 3032 2280; x_wconf 88' lang='lat' dir='ltr'><strong>numeris</strong></span> <span class='ocrx_word' id='word_1_541' title='bbox 3059 2226 3295 2280; x_wconf 86' lang='lat' dir='ltr'><strong>locorum</strong></span> <span class='ocrx_word' id='word_1_542' title='bbox 3344 2234 3400 2279; x_wconf 91' lang='lat' dir='ltr'><strong>et</strong></span> <span class='ocrx_word' id='word_1_543' title='bbox 3444 2232 3649 2293; x_wconf 88' lang='lat' dir='ltr'><strong>tempo-</strong></span> 
     </span>
    </p>
   </div>
   <div class='ocr_carea' id='block_1_72' title="bbox 2066 2317 3651 2390">
    <p class='ocr_par' dir='ltr' id='par_1_72' title="bbox 2066 2317 3651 2390">
     <span class='ocr_line' id='line_1_72' title="bbox 2066 2317 3651 2390; baseline -0.004 -15"><span class='ocrx_word' id='word_1_544' title='bbox 2066 2337 2184 2375; x_wconf 90' lang='lat' dir='ltr'><strong>rum</strong></span> <span class='ocrx_word' id='word_1_545' title='bbox 2215 2321 2282 2386; x_wconf 80' lang='lat'><strong>“,</strong></span> <span class='ocrx_word' id='word_1_546' title='bbox 2316 2335 2572 2390; x_wconf 89' lang='lat' dir='ltr'><strong>generum</strong></span> <span class='ocrx_word' id='word_1_547' title='bbox 2607 2335 2819 2389; x_wconf 90' lang='lat' dir='ltr'><strong>quoque</strong></span> <span class='ocrx_word' id='word_1_548' title='bbox 2848 2334 2912 2374; x_wconf 90' lang='lat' dir='ltr'><strong>ac</strong></span> <span class='ocrx_word' id='word_1_549' title='bbox 2940 2319 3240 2388; x_wconf 88' lang='lat' dir='ltr'><strong>specierum</strong></span> <span class='ocrx_word' id='word_1_550' title='bbox 3269 2317 3651 2387; x_wconf 85' lang='lat' dir='ltr'><strong>multiplicibus</strong></span> 
     </span>
    </p>
   </div>
   <div class='ocr_carea' id='block_1_73' title="bbox 2064 2394 3649 2479">
    <p class='ocr_par' dir='ltr' id='par_1_73' title="bbox 2064 2394 3649 2479">
     <span class='ocr_line' id='line_1_73' title="bbox 2064 2394 3649 2479; baseline -0.003 -12"><span class='ocrx_word' id='word_1_551' title='bbox 2064 2412 2384 2468; x_wconf 69' lang='lat' dir='ltr'><strong>differentiis</strong></span> <span class='ocrx_word' id='word_1_552' title='bbox 2426 2413 2571 2468; x_wconf 89' lang='lat' dir='ltr'><strong>hunc</strong></span> <span class='ocrx_word' id='word_1_553' title='bbox 2614 2413 2868 2467; x_wconf 89' lang='lat' dir='ltr'><strong>mundum</strong></span> <span class='ocrx_word' id='word_1_554' title='bbox 2910 2411 3177 2467; x_wconf 78' lang='lat' dir='ltr'><strong>visibilem</strong></span> <span class='ocrx_word' id='word_1_555' title='bbox 3216 2409 3285 2463; x_wconf 89' lang='lat' dir='ltr'><strong>ab</strong></span> <span class='ocrx_word' id='word_1_556' title='bbox 3337 2394 3509 2473; x_wconf 82' lang='lat' dir='ltr'><strong>initio,</strong></span> <span class='ocrx_word' id='word_1_557' title='bbox 3541 2424 3649 2479; x_wconf 87' lang='lat' dir='ltr'><strong>quo</strong></span> 
     </span>
    </p>
   </div>
   <div class='ocr_carea' id='block_1_74' title="bbox 2064 2499 3650 2573">
    <p class='ocr_par' dir='ltr' id='par_1_74' title="bbox 2064 2499 3650 2573">
     <span class='ocr_line' id='line_1_74' title="bbox 2064 2499 3650 2573; baseline -0.005 -13"><span class='ocrx_word' id='word_1_558' title='bbox 2064 2504 2260 2573; x_wconf 87' lang='lat' dir='ltr'><strong>coepit,</strong></span> <span class='ocrx_word' id='word_1_559' title='bbox 2291 2518 2462 2573; x_wconf 84' lang='lat' dir='ltr'><strong>usque</strong></span> <span class='ocrx_word' id='word_1_560' title='bbox 2496 2503 2562 2558; x_wconf 89' lang='lat' dir='ltr'><strong>ad</strong></span> <span class='ocrx_word' id='word_1_561' title='bbox 2594 2503 2774 2567; x_wconf 86' lang='lat' dir='ltr'><strong>linem,</strong></span> <span class='ocrx_word' id='word_1_562' title='bbox 2805 2518 2914 2572; x_wconf 89' lang='lat' dir='ltr'><strong>quo</strong></span> <span class='ocrx_word' id='word_1_563' title='bbox 2941 2502 3149 2557; x_wconf 87' lang='lat' dir='ltr'><strong>desinet</strong></span> <span class='ocrx_word' id='word_1_564' title='bbox 3175 2516 3312 2565; x_wconf 85' lang='lat' dir='ltr'><strong>esse,</strong></span> <span class='ocrx_word' id='word_1_565' title='bbox 3341 2515 3445 2554; x_wconf 92' lang='lat' dir='ltr'><strong>non</strong></span> <span class='ocrx_word' id='word_1_566' title='bbox 3485 2499 3650 2553; x_wconf 86' lang='lat' dir='ltr'><strong>aboli-</strong></span> 
     </span>
    </p>
   </div>
   <div class='ocr_carea' id='block_1_75' title="bbox 2065 2593 3681 2663">
    <p class='ocr_par' dir='ltr' id='par_1_75' title="bbox 2065 2593 3681 2663">
     <span class='ocr_line' id='line_1_75' title="bbox 2065 2593 3681 2663; baseline -0.002 -14"><span class='ocrx_word' id='word_1_567' title='bbox 2065 2596 2208 2649; x_wconf 90' lang='lat' dir='ltr'><strong>tione</strong></span> <span class='ocrx_word' id='word_1_568' title='bbox 2232 2594 2520 2657; x_wconf 90' lang='lat' dir='ltr'><strong>essentiae,</strong></span> <span class='ocrx_word' id='word_1_569' title='bbox 2552 2594 2643 2648; x_wconf 88' lang='lat' dir='ltr'><strong>sed</strong></span> <span class='ocrx_word' id='word_1_570' title='bbox 2670 2594 2990 2663; x_wconf 88' lang='lat' dir='ltr'><strong>qualitatum</strong></span> <span class='ocrx_word' id='word_1_571' title='bbox 3030 2602 3085 2648; x_wconf 88' lang='lat' dir='ltr'><strong>et</strong></span> <span class='ocrx_word' id='word_1_572' title='bbox 3123 2593 3486 2663; x_wconf 89' lang='lat' dir='ltr'><strong>quantitatum</strong></span> <span class='ocrx_word' id='word_1_573' title='bbox 3530 2607 3681 2660; x_wconf 30' lang='lat' dir='ltr'><strong>mna</strong></span> 
     </span>
    </p>
   </div>
   <div class='ocr_carea' id='block_1_76' title="bbox 2065 2682 3646 2754">
    <p class='ocr_par' dir='ltr' id='par_1_76' title="bbox 2065 2682 3646 2754">
     <span class='ocr_line' id='line_1_76' title="bbox 2065 2682 3646 2754; baseline -0.003 -15"><span class='ocrx_word' id='word_1_574' title='bbox 2065 2685 2264 2739; x_wconf 81' lang='lat' dir='ltr'><strong>latione</strong></span> <span class='ocrx_word' id='word_1_575' title='bbox 2311 2685 2540 2739; x_wconf 89' lang='lat' dir='ltr'><strong>naturali</strong></span> <span class='ocrx_word' id='word_1_576' title='bbox 2595 2700 2755 2739; x_wconf 89' lang='lat' dir='ltr'><strong>cursu</strong></span> <span class='ocrx_word' id='word_1_577' title='bbox 2801 2685 3103 2754; x_wconf 80' lang='lat' dir='ltr'><strong>perﬁciunt.</strong></span> <span class='ocrx_word' id='word_1_578' title='bbox 3163 2684 3229 2739; x_wconf 85' lang='lat' dir='ltr'><strong>Et</strong></span> <span class='ocrx_word' id='word_1_579' title='bbox 3287 2698 3354 2737; x_wconf 91' lang='lat' dir='ltr'><strong>ne</strong></span> <span class='ocrx_word' id='word_1_580' title='bbox 3409 2682 3646 2746; x_wconf 79' lang='lat' dir='ltr'><strong>mireris.</strong></span> 
     </span>
    </p>
   </div>
   <div class='ocr_carea' id='block_1_77' title="bbox 2064 2775 3649 2846">
    <p class='ocr_par' dir='ltr' id='par_1_77' title="bbox 2064 2775 3649 2846">
     <span class='ocr_line' id='line_1_77' title="bbox 2064 2775 3649 2846; baseline -0.003 -15"><span class='ocrx_word' id='word_1_581' title='bbox 2064 2785 2232 2831; x_wconf 88' lang='lat' dir='ltr'><strong>totum</strong></span> <span class='ocrx_word' id='word_1_582' title='bbox 2261 2777 2403 2831; x_wconf 91' lang='lat' dir='ltr'><strong>hunc</strong></span> <span class='ocrx_word' id='word_1_583' title='bbox 2431 2776 2688 2831; x_wconf 90' lang='lat' dir='ltr'><strong>mundum</strong></span> <span class='ocrx_word' id='word_1_584' title='bbox 2732 2785 2887 2845; x_wconf 89' lang='lat' dir='ltr'><strong>parte</strong></span> <span class='ocrx_word' id='word_1_585' title='bbox 2931 2791 3025 2831; x_wconf 89' lang='lat' dir='ltr'><strong>sua</strong></span> <span class='ocrx_word' id='word_1_586' title='bbox 3057 2775 3348 2846; x_wconf 84' lang='lat' dir='ltr'><strong>significari</strong></span> <span class='ocrx_word' id='word_1_587' title='bbox 3390 2775 3458 2838; x_wconf 81' lang='lat'><strong>&quot;,</strong></span> <span class='ocrx_word' id='word_1_588' title='bbox 3506 2788 3649 2843; x_wconf 86' lang='lat' dir='ltr'><strong>quae</strong></span> 
     </span>
    </p>
   </div>
   <div class='ocr_carea' id='block_1_78' title="bbox 2060 2866 3651 2939">
    <p class='ocr_par' dir='ltr' id='par_1_78' title="bbox 2060 2866 3651 2939">
     <span class='ocr_line' id='line_1_78' title="bbox 2060 2866 3651 2939; baseline -0.004 -15"><span class='ocrx_word' id='word_1_589' title='bbox 2060 2879 2142 2925; x_wconf 84' lang='lat' dir='ltr'><strong>est</strong></span> <span class='ocrx_word' id='word_1_590' title='bbox 2167 2869 2376 2934; x_wconf 89' lang='lat' dir='ltr'><strong>lucifer,</strong></span> <span class='ocrx_word' id='word_1_591' title='bbox 2404 2885 2528 2923; x_wconf 91' lang='lat' dir='ltr'><strong>cum</strong></span> <span class='ocrx_word' id='word_1_592' title='bbox 2557 2869 2757 2934; x_wconf 86' lang='lat' dir='ltr'><strong>videas,</strong></span> <span class='ocrx_word' id='word_1_593' title='bbox 2781 2884 2880 2939; x_wconf 91' lang='lat' dir='ltr'><strong>per</strong></span> <span class='ocrx_word' id='word_1_594' title='bbox 2900 2870 3072 2939; x_wconf 90' lang='lat' dir='ltr'><strong>ipsum</strong></span> <span class='ocrx_word' id='word_1_595' title='bbox 3103 2867 3293 2932; x_wconf 88' lang='lat' dir='ltr'><strong>solem,</strong></span> <span class='ocrx_word' id='word_1_596' title='bbox 3326 2866 3412 2920; x_wconf 92' lang='lat' dir='ltr'><strong>cui</strong></span> <span class='ocrx_word' id='word_1_597' title='bbox 3434 2881 3651 2933; x_wconf 85' lang='lat' dir='ltr'><strong>semper</strong></span> 
     </span>
    </p>
   </div>
   <div class='ocr_carea' id='block_1_79' title="bbox 2060 2956 3643 3029">
    <p class='ocr_par' dir='ltr' id='par_1_79' title="bbox 2060 2956 3643 3029">
     <span class='ocr_line' id='line_1_79' title="bbox 2060 2956 3643 3029; baseline -0.001 -17"><span class='ocrx_word' id='word_1_598' title='bbox 2060 2958 2250 3016; x_wconf 87' lang='lat' dir='ltr'><strong>lucifer</strong></span> <span class='ocrx_word' id='word_1_599' title='bbox 2277 2961 2531 3014; x_wconf 88' lang='lat' dir='ltr'><strong>adhaeret</strong></span> <span class='ocrx_word' id='word_1_600' title='bbox 2560 2959 2630 3024; x_wconf 72' lang='lat'><strong>“,</strong></span> <span class='ocrx_word' id='word_1_601' title='bbox 2662 2975 2767 3013; x_wconf 93' lang='lat' dir='ltr'><strong>non</strong></span> <span class='ocrx_word' id='word_1_602' title='bbox 2808 2959 2950 3015; x_wconf 89' lang='lat' dir='ltr'><strong>enim</strong></span> <span class='ocrx_word' id='word_1_603' title='bbox 2992 2958 3150 3029; x_wconf 88' lang='lat' dir='ltr'><strong>longe</strong></span> <span class='ocrx_word' id='word_1_604' title='bbox 3204 2958 3273 3012; x_wconf 90' lang='lat' dir='ltr'><strong>ab</strong></span> <span class='ocrx_word' id='word_1_605' title='bbox 3308 2972 3374 3011; x_wconf 91' lang='lat' dir='ltr'><strong>eo</strong></span> <span class='ocrx_word' id='word_1_606' title='bbox 3420 2956 3643 3021; x_wconf 82' lang='lat' dir='ltr'><strong>recedit,</strong></span> 
     </span>
    </p>
   </div>
   <div class='ocr_carea' id='block_1_80' title="bbox 2060 3045 3649 3119">
    <p class='ocr_par' dir='ltr' id='par_1_80' title="bbox 2060 3045 3649 3119">
     <span class='ocr_line' id='line_1_80' title="bbox 2060 3045 3649 3119; baseline -0.003 -15"><span class='ocrx_word' id='word_1_607' title='bbox 2060 3049 2155 3104; x_wconf 87' lang='lat' dir='ltr'><strong>sed</strong></span> <span class='ocrx_word' id='word_1_608' title='bbox 2196 3060 2290 3104; x_wconf 92' lang='lat' dir='ltr'><strong>aut</strong></span> <span class='ocrx_word' id='word_1_609' title='bbox 2318 3049 2476 3119; x_wconf 90' lang='lat' dir='ltr'><strong>paulo</strong></span> <span class='ocrx_word' id='word_1_610' title='bbox 2503 3057 2631 3104; x_wconf 90' lang='lat' dir='ltr'><strong>ante</strong></span> <span class='ocrx_word' id='word_1_611' title='bbox 2657 3045 2830 3118; x_wconf 85' lang='lat' dir='ltr'><strong>ipsum</strong></span> <span class='ocrx_word' id='word_1_612' title='bbox 2858 3049 3121 3104; x_wconf 88' lang='lat' dir='ltr'><strong>orientem</strong></span> <span class='ocrx_word' id='word_1_613' title='bbox 3151 3048 3342 3113; x_wconf 90' lang='lat' dir='ltr'><strong>oritur,</strong></span> <span class='ocrx_word' id='word_1_614' title='bbox 3375 3056 3466 3100; x_wconf 89' lang='lat' dir='ltr'><strong>aut</strong></span> <span class='ocrx_word' id='word_1_615' title='bbox 3485 3046 3649 3116; x_wconf 86' lang='lat' dir='ltr'><strong>paulo</strong></span> 
     </span>
    </p>
   </div>
   <div class='ocr_carea' id='block_1_81' title="bbox 2059 3138 3646 3209">
    <p class='ocr_par' dir='ltr' id='par_1_81' title="bbox 2059 3138 3646 3209">
     <span class='ocr_line' id='line_1_81' title="bbox 2059 3138 3646 3209; baseline -0.001 -15"><span class='ocrx_word' id='word_1_616' title='bbox 2059 3148 2181 3209; x_wconf 89' lang='lat' dir='ltr'><strong>post</strong></span> <span class='ocrx_word' id='word_1_617' title='bbox 2225 3141 2561 3197; x_wconf 86' lang='lat' dir='ltr'><strong>occidentem</strong></span> <span class='ocrx_word' id='word_1_618' title='bbox 2614 3140 2849 3205; x_wconf 83' lang='lat' dir='ltr'><strong>occidit,</strong></span> <span class='ocrx_word' id='word_1_619' title='bbox 2897 3140 3041 3195; x_wconf 86' lang='lat' dir='ltr'><strong>hunc</strong></span> <span class='ocrx_word' id='word_1_620' title='bbox 3098 3140 3327 3194; x_wconf 88' lang='lat' dir='ltr'><strong>eundem</strong></span> <span class='ocrx_word' id='word_1_621' title='bbox 3386 3138 3646 3193; x_wconf 86' lang='lat' dir='ltr'><strong>mundum</strong></span> 
     </span>
    </p>
   </div>
   <div class='ocr_carea' id='block_1_82' title="bbox 2059 3229 3642 3305">
    <p class='ocr_par' dir='ltr' id='par_1_82' title="bbox 2059 3229 3642 3305">
     <span class='ocr_line' id='line_1_82' title="bbox 2059 3229 3642 3305; baseline -0.003 -17"><span class='ocrx_word' id='word_1_622' title='bbox 2059 3233 2369 3289; x_wconf 86' lang='lat' dir='ltr'><strong>sensibilem</strong></span> <span class='ocrx_word' id='word_1_623' title='bbox 2422 3234 2645 3305; x_wconf 86' lang='lat' dir='ltr'><strong>mystice</strong></span> <span class='ocrx_word' id='word_1_624' title='bbox 2692 3232 2981 3304; x_wconf 79' lang='lat' dir='ltr'><strong>significari</strong></span> <span class='ocrx_word' id='word_1_625' title='bbox 3010 3273 3025 3295; x_wconf 89' lang='lat'><strong>,</strong></span> <span class='ocrx_word' id='word_1_626' title='bbox 3070 3232 3281 3286; x_wconf 85' lang='lat' dir='ltr'><strong>dicente</strong></span> <span class='ocrx_word' id='word_1_627' title='bbox 3307 3229 3597 3284; x_wconf 85' lang='lat' dir='ltr'><strong>Salomone</strong></span> <span class='ocrx_word' id='word_1_628' title='bbox 3628 3247 3642 3283; x_wconf 90' lang='lat'><strong>:</strong></span> 
     </span>
    </p>
   </div>
   <div class='ocr_carea' id='block_1_83' title="bbox 2060 3316 3648 3396">
    <p class='ocr_par' dir='ltr' id='par_1_83' title="bbox 2060 3316 3648 3396">
     <span class='ocr_line' id='line_1_83' title="bbox 2060 3316 3648 3396; baseline -0.003 -18"><span class='ocrx_word' id='word_1_629' title='bbox 2060 3323 2201 3390; x_wconf 81' lang='lat' dir='ltr'><strong>Quid</strong></span> <span class='ocrx_word' id='word_1_630' title='bbox 2228 3334 2303 3378; x_wconf 88' lang='lat' dir='ltr'><strong>est</strong></span> <span class='ocrx_word' id='word_1_631' title='bbox 2330 3325 2466 3396; x_wconf 81' lang='lat' dir='ltr'><strong>quod</strong></span> <span class='ocrx_word' id='word_1_632' title='bbox 2492 3324 2589 3393; x_wconf 76' lang='lat' dir='ltr'><strong>fuit</strong></span> <span class='ocrx_word' id='word_1_633' title='bbox 2612 3325 2637 3378; x_wconf 85' lang='lat'><strong><em>?</em></strong></span> <span class='ocrx_word' id='word_1_634' title='bbox 2661 3325 2830 3394; x_wconf 75' lang='lat' dir='ltr'><strong>ipsum</strong></span> <span class='ocrx_word' id='word_1_635' title='bbox 2857 3324 2996 3391; x_wconf 85' lang='lat' dir='ltr'><strong>quod</strong></span> <span class='ocrx_word' id='word_1_636' title='bbox 3019 3316 3256 3391; x_wconf 71' lang='lat' dir='ltr'><strong>futurum</strong></span> <span class='ocrx_word' id='word_1_637' title='bbox 3278 3329 3372 3373; x_wconf 81' lang='lat' dir='ltr'><strong>est.</strong></span> <span class='ocrx_word' id='word_1_638' title='bbox 3399 3320 3540 3384; x_wconf 79' lang='lat' dir='ltr'><strong>Quid</strong></span> <span class='ocrx_word' id='word_1_639' title='bbox 3570 3329 3648 3374; x_wconf 74' lang='lat' dir='ltr'><strong>est</strong></span> 
     </span>
    </p>
   </div>
   <div class='ocr_carea' id='block_1_84' title="bbox 2057 3405 3647 3486">
    <p class='ocr_par' dir='ltr' id='par_1_84' title="bbox 2057 3405 3647 3486">
     <span class='ocr_line' id='line_1_84' title="bbox 2057 3405 3647 3486; baseline -0.006 -17"><span class='ocrx_word' id='word_1_640' title='bbox 2057 3415 2196 3486; x_wconf 87' lang='lat' dir='ltr'><strong>quod</strong></span> <span class='ocrx_word' id='word_1_641' title='bbox 2226 3414 2460 3485; x_wconf 77' lang='lat' dir='ltr'><strong>futurum</strong></span> <span class='ocrx_word' id='word_1_642' title='bbox 2485 3425 2557 3469; x_wconf 77' lang='lat' dir='ltr'><strong>est</strong></span> <span class='ocrx_word' id='word_1_643' title='bbox 2580 3415 2604 3468; x_wconf 84' lang='lat'><strong><em>?</em></strong></span> <span class='ocrx_word' id='word_1_644' title='bbox 2628 3415 2796 3484; x_wconf 82' lang='lat' dir='ltr'><strong>ipsum</strong></span> <span class='ocrx_word' id='word_1_645' title='bbox 2827 3413 2964 3484; x_wconf 83' lang='lat' dir='ltr'><strong>quod</strong></span> <span class='ocrx_word' id='word_1_646' title='bbox 3007 3412 3307 3481; x_wconf 78' lang='lat' dir='ltr'><strong>faciendum</strong></span> <span class='ocrx_word' id='word_1_647' title='bbox 3346 3419 3443 3462; x_wconf 72' lang='lat' dir='ltr'><strong>est.</strong></span> <span class='ocrx_word' id='word_1_648' title='bbox 3494 3405 3647 3461; x_wconf 80' lang='lat' dir='ltr'><strong>Nihil</strong></span> 
     </span>
    </p>
   </div>
   <div class='ocr_carea' id='block_1_85' title="bbox 2059 3498 3648 3570">
    <p class='ocr_par' dir='ltr' id='par_1_85' title="bbox 2059 3498 3648 3570">
     <span class='ocr_line' id='line_1_85' title="bbox 2059 3498 3648 3570; baseline -0.006 -12"><span class='ocrx_word' id='word_1_649' title='bbox 2059 3504 2154 3559; x_wconf 73' lang='lat' dir='ltr'><strong>sub</strong></span> <span class='ocrx_word' id='word_1_650' title='bbox 2199 3503 2307 3558; x_wconf 80' lang='lat' dir='ltr'><strong>sole</strong></span> <span class='ocrx_word' id='word_1_651' title='bbox 2335 3520 2541 3559; x_wconf 84' lang='lat' dir='ltr'><strong>novum.</strong></span> <span class='ocrx_word' id='word_1_652' title='bbox 2582 3501 2761 3559; x_wconf 84' lang='lat' dir='ltr'><strong>Solem</strong></span> <span class='ocrx_word' id='word_1_653' title='bbox 2807 3502 2858 3536; x_wconf 65' lang='grc' dir='ltr'><strong>εί</strong></span> <span class='ocrx_word' id='word_1_654' title='bbox 2899 3501 3162 3570; x_wconf 89' lang='lat' dir='ltr'><strong>siquidem</strong></span> <span class='ocrx_word' id='word_1_655' title='bbox 3203 3514 3307 3552; x_wconf 89' lang='lat' dir='ltr'><strong>non</strong></span> <span class='ocrx_word' id='word_1_656' title='bbox 3351 3498 3648 3564; x_wconf 80' lang='lat' dir='ltr'><strong>incongrue</strong></span> 
     </span>
    </p>
   </div>
   <div class='ocr_carea' id='block_1_86' title="bbox 2057 3585 3647 3663">
    <p class='ocr_par' dir='ltr' id='par_1_86' title="bbox 2057 3585 3647 3663">
     <span class='ocr_line' id='line_1_86' title="bbox 2057 3585 3647 3663; baseline -0.007 -11"><span class='ocrx_word' id='word_1_657' title='bbox 2057 3595 2149 3652; x_wconf 89' lang='lat' dir='ltr'><strong>hic</strong></span> <span class='ocrx_word' id='word_1_658' title='bbox 2195 3594 2544 3663; x_wconf 88' lang='lat' dir='ltr'><strong>intelligimus</strong></span> <span class='ocrx_word' id='word_1_659' title='bbox 2583 3609 2798 3649; x_wconf 87' lang='lat' dir='ltr'><strong>onmem</strong></span> <span class='ocrx_word' id='word_1_660' title='bbox 2847 3591 3109 3647; x_wconf 87' lang='lat' dir='ltr'><strong>visibilem</strong></span> <span class='ocrx_word' id='word_1_661' title='bbox 3151 3597 3474 3645; x_wconf 86' lang='lat' dir='ltr'><strong>creaturam.</strong></span> <span class='ocrx_word' id='word_1_662' title='bbox 3526 3585 3647 3641; x_wconf 83' lang='lat' dir='ltr'><strong>Non</strong></span> 
     </span>
    </p>
   </div>
   <div class='ocr_carea' id='block_1_87' title="bbox 2055 3679 3648 3756">
    <p class='ocr_par' dir='ltr' id='par_1_87' title="bbox 2055 3679 3648 3756">
     <span class='ocr_line' id='line_1_87' title="bbox 2055 3679 3648 3756; baseline -0.007 -12"><span class='ocrx_word' id='word_1_663' title='bbox 2055 3688 2200 3744; x_wconf 86' lang='lat' dir='ltr'><strong>enim</strong></span> <span class='ocrx_word' id='word_1_664' title='bbox 2229 3687 2565 3745; x_wconf 89' lang='lat' dir='ltr'><strong>solummodo</strong></span> <span class='ocrx_word' id='word_1_665' title='bbox 2592 3687 2658 3741; x_wconf 85' lang='lat' dir='ltr'><strong>de</strong></span> <span class='ocrx_word' id='word_1_666' title='bbox 2682 3702 2744 3740; x_wconf 90' lang='lat' dir='ltr'><strong>ea</strong></span> <span class='ocrx_word' id='word_1_667' title='bbox 2773 3695 2927 3756; x_wconf 86' lang='lat' dir='ltr'><strong>parte</strong></span> <span class='ocrx_word' id='word_1_668' title='bbox 2969 3683 3153 3739; x_wconf 80' lang='lat' dir='ltr'><strong>mutuli</strong></span> <span class='ocrx_word' id='word_1_669' title='bbox 3200 3679 3361 3748; x_wconf 85' lang='lat' dir='ltr'><strong>hujus</strong></span> <span class='ocrx_word' id='word_1_670' title='bbox 3396 3680 3463 3743; x_wconf 76' lang='grc'><strong>³⁸,</strong></span> <span class='ocrx_word' id='word_1_671' title='bbox 3501 3693 3648 3748; x_wconf 84' lang='lat' dir='ltr'><strong>quae</strong></span> 
     </span>
    </p>
   </div>
   <div class='ocr_carea' id='block_1_88' title="bbox 2056 3770 3646 3845">
    <p class='ocr_par' dir='ltr' id='par_1_88' title="bbox 2056 3770 3646 3845">
     <span class='ocr_line' id='line_1_88' title="bbox 2056 3770 3646 3845; baseline -0.006 -13"><span class='ocrx_word' id='word_1_672' title='bbox 2056 3777 2196 3832; x_wconf 90' lang='lat' dir='ltr'><strong>intra</strong></span> <span class='ocrx_word' id='word_1_673' title='bbox 2223 3777 2452 3832; x_wconf 89' lang='lat' dir='ltr'><strong>solarem</strong></span> <span class='ocrx_word' id='word_1_674' title='bbox 2476 3777 2736 3833; x_wconf 89' lang='lat' dir='ltr'><strong>circulum</strong></span> <span class='ocrx_word' id='word_1_675' title='bbox 2759 3774 3232 3845; x_wconf 84' lang='lat' dir='ltr'><strong>comprehenditur</strong></span> <span class='ocrx_word' id='word_1_676' title='bbox 3258 3773 3327 3836; x_wconf 83' lang='grc'><strong>³⁸,</strong></span> <span class='ocrx_word' id='word_1_677' title='bbox 3363 3782 3565 3826; x_wconf 87' lang='lat' dir='ltr'><strong>terram</strong></span> <span class='ocrx_word' id='word_1_678' title='bbox 3599 3770 3646 3804; x_wconf 77' lang='lat'>“</span> 
     </span>
    </p>
   </div>
   <div class='ocr_carea' id='block_1_89' title="bbox 2057 3861 3647 3937">
    <p class='ocr_par' dir='ltr' id='par_1_89' title="bbox 2057 3861 3647 3937">
     <span class='ocr_line' id='line_1_89' title="bbox 2057 3861 3647 3937; baseline -0.004 -15"><span class='ocrx_word' id='word_1_679' title='bbox 2057 3868 2178 3923; x_wconf 90' lang='lat' dir='ltr'><strong>dico</strong></span> <span class='ocrx_word' id='word_1_680' title='bbox 2209 3883 2579 3937; x_wconf 88' lang='lat' dir='ltr'><strong>aquarumque</strong></span> <span class='ocrx_word' id='word_1_681' title='bbox 2606 3876 2871 3931; x_wconf 89' lang='lat' dir='ltr'><strong>naturam,</strong></span> <span class='ocrx_word' id='word_1_682' title='bbox 2906 3881 3032 3921; x_wconf 88' lang='lat' dir='ltr'><strong>acra</strong></span> <span class='ocrx_word' id='word_1_683' title='bbox 3079 3877 3293 3934; x_wconf 82' lang='lat' dir='ltr'><strong>quoque</strong></span> <span class='ocrx_word' id='word_1_684' title='bbox 3332 3877 3455 3916; x_wconf 89' lang='lat' dir='ltr'><strong>cum</strong></span> <span class='ocrx_word' id='word_1_685' title='bbox 3504 3861 3647 3916; x_wconf 86' lang='lat' dir='ltr'><strong>infe-</strong></span> 
     </span>
    </p>
   </div>
   <div class='ocr_carea' id='block_1_90' title="bbox 2054 3954 3647 4029">
    <p class='ocr_par' dir='ltr' id='par_1_90' title="bbox 2054 3954 3647 4029">
     <span class='ocr_line' id='line_1_90' title="bbox 2054 3954 3647 4029; baseline -0.004 -15"><span class='ocrx_word' id='word_1_686' title='bbox 2054 3959 2201 4016; x_wconf 87' lang='lat' dir='ltr'><strong>riore</strong></span> <span class='ocrx_word' id='word_1_687' title='bbox 2231 3959 2278 3991; x_wconf 83' lang='grc'><strong>³³</strong></span> <span class='ocrx_word' id='word_1_688' title='bbox 2306 3959 2543 4014; x_wconf 85' lang='lat' dir='ltr'><strong>aetheris</strong></span> <span class='ocrx_word' id='word_1_689' title='bbox 2566 3967 2738 4029; x_wconf 88' lang='lat' dir='ltr'><strong>parte,</strong></span> <span class='ocrx_word' id='word_1_690' title='bbox 2772 3974 2877 4027; x_wconf 86' lang='lat' dir='ltr'><strong>qua</strong></span> <span class='ocrx_word' id='word_1_691' title='bbox 2903 3957 3107 4012; x_wconf 89' lang='lat' dir='ltr'><strong>lunaris</strong></span> <span class='ocrx_word' id='word_1_692' title='bbox 3150 3955 3338 4027; x_wconf 87' lang='lat' dir='ltr'><strong>globus</strong></span> <span class='ocrx_word' id='word_1_693' title='bbox 3384 3954 3647 4019; x_wconf 85' lang='lat' dir='ltr'><strong>volvitur,</strong></span> 
     </span>
    </p>
   </div>
   <div class='ocr_carea' id='block_1_91' title="bbox 2055 4044 3647 4120">
    <p class='ocr_par' dir='ltr' id='par_1_91' title="bbox 2055 4044 3647 4120">
     <span class='ocr_line' id='line_1_91' title="bbox 2055 4044 3647 4120; baseline -0.005 -13"><span class='ocrx_word' id='word_1_694' title='bbox 2055 4050 2142 4107; x_wconf 85' lang='lat' dir='ltr'><strong>his</strong></span> <span class='ocrx_word' id='word_1_695' title='bbox 2158 4049 2333 4104; x_wconf 82' lang='lat' dir='ltr'><strong>verbis</strong></span> <span class='ocrx_word' id='word_1_696' title='bbox 2350 4049 2983 4120; x_wconf 86' lang='lat' dir='ltr'><strong>theologisignilicantur,</strong></span> <span class='ocrx_word' id='word_1_697' title='bbox 2999 4061 3187 4101; x_wconf 88' lang='lat' dir='ltr'><strong>verum</strong></span> <span class='ocrx_word' id='word_1_698' title='bbox 3210 4046 3375 4100; x_wconf 86' lang='lat' dir='ltr'><strong>etiam</strong></span> <span class='ocrx_word' id='word_1_699' title='bbox 3398 4044 3444 4076; x_wconf 72' lang='lat'><strong>”</strong></span> <span class='ocrx_word' id='word_1_700' title='bbox 3476 4059 3647 4113; x_wconf 88' lang='lat' dir='ltr'><strong>supra</strong></span> 
     </span>
    </p>
   </div>
   <div class='ocr_carea' id='block_1_92' title="bbox 2055 4135 3648 4210">
    <p class='ocr_par' dir='ltr' id='par_1_92' title="bbox 2055 4135 3648 4210">
     <span class='ocr_line' id='line_1_92' title="bbox 2055 4135 3648 4210; baseline -0.004 -16"><span class='ocrx_word' id='word_1_701' title='bbox 2055 4141 2239 4195; x_wconf 89' lang='lat' dir='ltr'><strong>mundi</strong></span> <span class='ocrx_word' id='word_1_702' title='bbox 2282 4141 2454 4210; x_wconf 87' lang='lat' dir='ltr'><strong>spatia</strong></span> <span class='ocrx_word' id='word_1_703' title='bbox 2481 4157 2511 4194; x_wconf 95' lang='lat' dir='ltr'><strong>a</strong></span> <span class='ocrx_word' id='word_1_704' title='bbox 2542 4140 2705 4196; x_wconf 89' lang='lat' dir='ltr'><strong>solari</strong></span> <span class='ocrx_word' id='word_1_705' title='bbox 2730 4140 2869 4193; x_wconf 91' lang='lat' dir='ltr'><strong>linea</strong></span> <span class='ocrx_word' id='word_1_706' title='bbox 2893 4151 3065 4208; x_wconf 87' lang='lat' dir='ltr'><strong>usque</strong></span> <span class='ocrx_word' id='word_1_707' title='bbox 3090 4135 3158 4190; x_wconf 90' lang='lat' dir='ltr'><strong>ad</strong></span> <span class='ocrx_word' id='word_1_708' title='bbox 3182 4144 3485 4191; x_wconf 81' lang='lat' dir='ltr'><strong>extremum</strong></span> <span class='ocrx_word' id='word_1_709' title='bbox 3517 4150 3648 4188; x_wconf 82' lang='lat' dir='ltr'><strong>cae-</strong></span> 
     </span>
    </p>
   </div>
   <div class='ocr_carea' id='block_1_93' title="bbox 2056 4225 3649 4300">
    <p class='ocr_par' dir='ltr' id='par_1_93' title="bbox 2056 4225 3649 4300">
     <span class='ocr_line' id='line_1_93' title="bbox 2056 4225 3649 4300; baseline -0.003 -17"><span class='ocrx_word' id='word_1_710' title='bbox 2056 4230 2206 4286; x_wconf 88' lang='lat' dir='ltr'><strong>lestis</strong></span> <span class='ocrx_word' id='word_1_711' title='bbox 2241 4232 2506 4300; x_wconf 86' lang='lat' dir='ltr'><strong>sphaerae</strong></span> <span class='ocrx_word' id='word_1_712' title='bbox 2537 4230 2816 4285; x_wconf 91' lang='lat' dir='ltr'><strong>ambitum.</strong></span> <span class='ocrx_word' id='word_1_713' title='bbox 2864 4228 2922 4283; x_wconf 88' lang='lat' dir='ltr'><strong>In</strong></span> <span class='ocrx_word' id='word_1_714' title='bbox 2968 4228 3053 4282; x_wconf 89' lang='lat' dir='ltr'><strong>his</strong></span> <span class='ocrx_word' id='word_1_715' title='bbox 3088 4228 3230 4282; x_wconf 89' lang='lat' dir='ltr'><strong>enim</strong></span> <span class='ocrx_word' id='word_1_716' title='bbox 3264 4225 3515 4280; x_wconf 86' lang='lat' dir='ltr'><strong>omnibus</strong></span> <span class='ocrx_word' id='word_1_717' title='bbox 3539 4226 3649 4278; x_wconf 88' lang='lat' dir='ltr'><strong>sub</strong></span> 
     </span>
    </p>
   </div>
   <div class='ocr_carea' id='block_1_94' title="bbox 2054 4314 3649 4384">
    <p class='ocr_par' dir='ltr' id='par_1_94' title="bbox 2054 4314 3649 4384">
     <span class='ocr_line' id='line_1_94' title="bbox 2054 4314 3649 4384; baseline -0.006 -7"><span class='ocrx_word' id='word_1_718' title='bbox 2054 4321 2188 4384; x_wconf 88' lang='lat' dir='ltr'><strong>sole,</strong></span> <span class='ocrx_word' id='word_1_719' title='bbox 2217 4321 2320 4375; x_wconf 86' lang='lat' dir='ltr'><strong>hoc</strong></span> <span class='ocrx_word' id='word_1_720' title='bbox 2343 4330 2448 4384; x_wconf 88' lang='lat' dir='ltr'><strong>est,</strong></span> <span class='ocrx_word' id='word_1_721' title='bbox 2475 4321 2575 4375; x_wconf 92' lang='lat' dir='ltr'><strong>sub</strong></span> <span class='ocrx_word' id='word_1_722' title='bbox 2602 4320 2802 4375; x_wconf 87' lang='lat' dir='ltr'><strong>mundo</strong></span> <span class='ocrx_word' id='word_1_723' title='bbox 2836 4335 2940 4374; x_wconf 92' lang='lat' dir='ltr'><strong>non</strong></span> <span class='ocrx_word' id='word_1_724' title='bbox 2972 4319 3018 4350; x_wconf 86' lang='grc'><strong>³⁸</strong></span> <span class='ocrx_word' id='word_1_725' title='bbox 3039 4326 3360 4379; x_wconf 88' lang='lat' dir='ltr'><strong>estnovum,</strong></span> <span class='ocrx_word' id='word_1_726' title='bbox 3383 4316 3496 4370; x_wconf 83' lang='lat' dir='ltr'><strong>sive</strong></span> <span class='ocrx_word' id='word_1_727' title='bbox 3517 4314 3649 4382; x_wconf 83' lang='lat' dir='ltr'><strong>quis</strong></span> 
     </span>
    </p>
   </div>
   <div class='ocr_carea' id='block_1_95' title="bbox 2054 4404 3646 4481">
    <p class='ocr_par' dir='ltr' id='par_1_95' title="bbox 2054 4404 3646 4481">
     <span class='ocr_line' id='line_1_95' title="bbox 2054 4404 3646 4481; baseline -0.005 -16"><span class='ocrx_word' id='word_1_728' title='bbox 2054 4410 2335 4481; x_wconf 85' lang='lat' dir='ltr'><strong>intelligat,</strong></span> <span class='ocrx_word' id='word_1_729' title='bbox 2368 4409 2441 4464; x_wconf 91' lang='lat' dir='ltr'><strong>nil</strong></span> <span class='ocrx_word' id='word_1_730' title='bbox 2468 4424 2666 4464; x_wconf 85' lang='lat' dir='ltr'><strong>novum</strong></span> <span class='ocrx_word' id='word_1_731' title='bbox 2695 4424 2815 4464; x_wconf 86' lang='lat' dir='ltr'><strong>esse</strong></span> <span class='ocrx_word' id='word_1_732' title='bbox 2857 4409 2911 4462; x_wconf 92' lang='lat' dir='ltr'><strong>in</strong></span> <span class='ocrx_word' id='word_1_733' title='bbox 2946 4408 3244 4478; x_wconf 86' lang='lat' dir='ltr'><strong>praesentis</strong></span> <span class='ocrx_word' id='word_1_734' title='bbox 3274 4406 3416 4461; x_wconf 85' lang='lat' dir='ltr'><strong>vitae</strong></span> <span class='ocrx_word' id='word_1_735' title='bbox 3460 4404 3646 4458; x_wconf 87' lang='lat' dir='ltr'><strong>curri-</strong></span> 
     </span>
    </p>
   </div>
   <div class='ocr_carea' id='block_1_96' title="bbox 2054 4497 3652 4573">
    <p class='ocr_par' dir='ltr' id='par_1_96' title="bbox 2054 4497 3652 4573">
     <span class='ocr_line' id='line_1_96' title="bbox 2054 4497 3652 4573; baseline -0.008 -14"><span class='ocrx_word' id='word_1_736' title='bbox 2054 4501 2350 4572; x_wconf 89' lang='lat' dir='ltr'><strong>culo,quod</strong></span> <span class='ocrx_word' id='word_1_737' title='bbox 2375 4502 2525 4573; x_wconf 88' lang='lat' dir='ltr'><strong>prius</strong></span> <span class='ocrx_word' id='word_1_738' title='bbox 2550 4501 2603 4555; x_wconf 89' lang='lat' dir='ltr'><strong>in</strong></span> <span class='ocrx_word' id='word_1_739' title='bbox 2628 4499 2857 4555; x_wconf 89' lang='lat' dir='ltr'><strong>naturali</strong></span> <span class='ocrx_word' id='word_1_740' title='bbox 2872 4514 3054 4553; x_wconf 91' lang='lat' dir='ltr'><strong>rerum</strong></span> <span class='ocrx_word' id='word_1_741' title='bbox 3079 4498 3268 4554; x_wconf 85' lang='lat' dir='ltr'><strong>ordine</strong></span> <span class='ocrx_word' id='word_1_742' title='bbox 3282 4497 3326 4529; x_wconf 78' lang='lat'><strong>“</strong></span> <span class='ocrx_word' id='word_1_743' title='bbox 3342 4511 3451 4552; x_wconf 86' lang='lat' dir='ltr'><strong>non</strong></span> <span class='ocrx_word' id='word_1_744' title='bbox 3473 4507 3652 4564; x_wconf 81' lang='lat' dir='ltr'><strong>appa-</strong></span> 
     </span>
    </p>
   </div>
   <div class='ocr_carea' id='block_1_97' title="bbox 1643 4672 2346 4734">
    <p class='ocr_par' dir='ltr' id='par_1_97' title="bbox 1643 4672 2346 4734">
     <span class='ocr_line' id='line_1_97' title="bbox 1643 4672 2346 4734; baseline -0.003 -3"><span class='ocrx_word' id='word_1_745' title='bbox 1643 4677 1732 4731; x_wconf 79' lang='lat' dir='ltr'><strong>VA</strong></span> <span class='ocrx_word' id='word_1_746' title='bbox 1741 4675 1904 4734; x_wconf 78' lang='lat' dir='ltr'><strong>RIAE</strong></span> <span class='ocrx_word' id='word_1_747' title='bbox 1942 4672 2346 4731; x_wconf 83' lang='lat' dir='ltr'><strong>LECTIONES.</strong></span> 
     </span>
    </p>
   </div>
   <div class='ocr_carea' id='block_1_98' title="bbox 436 4810 1872 4883">
    <p class='ocr_par' dir='ltr' id='par_1_98' title="bbox 436 4810 1872 4883">
     <span class='ocr_line' id='line_1_98' title="bbox 436 4810 1872 4883; baseline 0.002 -19"><span class='ocrx_word' id='word_1_748' title='bbox 436 4810 455 4842; x_wconf 78' lang='grc'>⁸</span> <span class='ocrx_word' id='word_1_749' title='bbox 482 4810 528 4864; x_wconf 77' lang='grc' dir='ltr'><strong>Α</strong></span> <span class='ocrx_word' id='word_1_750' title='bbox 558 4810 678 4880; x_wconf 79' lang='lat' dir='ltr'><strong>fecit</strong></span> <span class='ocrx_word' id='word_1_751' title='bbox 705 4811 772 4866; x_wconf 75' lang='grc' dir='ltr'><strong>Β.</strong></span> <span class='ocrx_word' id='word_1_752' title='bbox 805 4810 864 4865; x_wconf 84' lang='lat' dir='ltr'><strong>C.</strong></span> <span class='ocrx_word' id='word_1_753' title='bbox 897 4823 945 4866; x_wconf 87' lang='lat' dir='ltr'><strong>et</strong></span> <span class='ocrx_word' id='word_1_754' title='bbox 976 4812 1036 4866; x_wconf 90' lang='lat' dir='ltr'><strong>T.</strong></span> <span class='ocrx_word' id='word_1_755' title='bbox 1112 4816 1132 4846; x_wconf 81' lang='grc'>³</span> <span class='ocrx_word' id='word_1_756' title='bbox 1161 4813 1254 4869; x_wconf 88' lang='lat' dir='ltr'><strong>Sic</strong></span> <span class='ocrx_word' id='word_1_757' title='bbox 1282 4814 1446 4877; x_wconf 55' lang='lat' dir='ltr'><strong>(DE;</strong></span> <span class='ocrx_word' id='word_1_758' title='bbox 1478 4815 1641 4883; x_wconf 82' lang='lat' dir='ltr'><strong>inquit</strong></span> <span class='ocrx_word' id='word_1_759' title='bbox 1668 4831 1777 4870; x_wconf 92' lang='lat' dir='ltr'><strong>om.</strong></span> <span class='ocrx_word' id='word_1_760' title='bbox 1808 4817 1872 4868; x_wconf 90' lang='lat' dir='ltr'><strong>A.</strong></span> 
     </span>
    </p>
   </div>
   <div class='ocr_carea' id='block_1_99' title="bbox 1968 4809 3272 4880">
    <p class='ocr_par' dir='ltr' id='par_1_99' title="bbox 1968 4809 3272 4880">
     <span class='ocr_line' id='line_1_99' title="bbox 1968 4809 3272 4880; baseline -0.002 -13"><span class='ocrx_word' id='word_1_761' title='bbox 1968 4814 1988 4845; x_wconf 87' lang='grc'>³</span> <span class='ocrx_word' id='word_1_762' title='bbox 2019 4812 2111 4869; x_wconf 89' lang='lat' dir='ltr'><strong>Sic</strong></span> <span class='ocrx_word' id='word_1_763' title='bbox 2151 4812 2313 4876; x_wconf 83' lang='lat' dir='ltr'><strong>CDE;</strong></span> <span class='ocrx_word' id='word_1_764' title='bbox 2343 4812 2387 4865; x_wconf 84' lang='lat' dir='ltr'><strong>A</strong></span> <span class='ocrx_word' id='word_1_765' title='bbox 2428 4812 2594 4880; x_wconf 78' lang='lat' dir='ltr'><strong>fuere.</strong></span> <span class='ocrx_word' id='word_1_766' title='bbox 2669 4810 2688 4842; x_wconf 83' lang='grc'><strong>’⁸</strong></span> <span class='ocrx_word' id='word_1_767' title='bbox 2718 4809 2809 4866; x_wconf 88' lang='lat' dir='ltr'><strong>Sic</strong></span> <span class='ocrx_word' id='word_1_768' title='bbox 2848 4809 2999 4864; x_wconf 84' lang='lat' dir='ltr'><strong>CDE.</strong></span> <span class='ocrx_word' id='word_1_769' title='bbox 3075 4810 3097 4843; x_wconf 85' lang='grc'><strong><em>³</em></strong></span> <span class='ocrx_word' id='word_1_770' title='bbox 3123 4810 3272 4877; x_wconf 82' lang='lat' dir='ltr'><strong>Quae</strong></span> 
     </span>
    </p>
   </div>
   <div class='ocr_carea' id='block_1_100' title="bbox 363 4811 3645 4953">
    <p class='ocr_par' dir='ltr' id='par_1_100' title="bbox 363 4811 3645 4953">
     <span class='ocr_line' id='line_1_100' title="bbox 436 4811 3645 4883; baseline 0 -19"><span class='ocrx_word' id='word_1_771' title='bbox 436 4811 455 4842; x_wconf 77' lang='grc'>⁸</span> <span class='ocrx_word' id='word_1_772' title='bbox 482 4811 528 4864; x_wconf 79' lang='grc' dir='ltr'><strong>Α</strong></span> <span class='ocrx_word' id='word_1_773' title='bbox 558 4811 678 4880; x_wconf 79' lang='lat' dir='ltr'><strong>fecit</strong></span> <span class='ocrx_word' id='word_1_774' title='bbox 705 4811 772 4866; x_wconf 76' lang='grc' dir='ltr'><strong>Β.</strong></span> <span class='ocrx_word' id='word_1_775' title='bbox 805 4811 864 4865; x_wconf 83' lang='lat' dir='ltr'><strong>C.</strong></span> <span class='ocrx_word' id='word_1_776' title='bbox 897 4823 945 4866; x_wconf 86' lang='lat' dir='ltr'><strong>et</strong></span> <span class='ocrx_word' id='word_1_777' title='bbox 976 4812 1036 4866; x_wconf 90' lang='lat' dir='ltr'><strong>T.</strong></span> <span class='ocrx_word' id='word_1_778' title='bbox 1112 4816 1132 4846; x_wconf 81' lang='grc'>³</span> <span class='ocrx_word' id='word_1_779' title='bbox 1161 4813 1254 4869; x_wconf 89' lang='lat' dir='ltr'><strong>Sic</strong></span> <span class='ocrx_word' id='word_1_780' title='bbox 1282 4814 1446 4877; x_wconf 58' lang='lat' dir='ltr'><strong>(DE;</strong></span> <span class='ocrx_word' id='word_1_781' title='bbox 1478 4815 1641 4883; x_wconf 86' lang='lat' dir='ltr'><strong>inquit</strong></span> <span class='ocrx_word' id='word_1_782' title='bbox 1668 4831 1777 4870; x_wconf 91' lang='lat' dir='ltr'><strong>om.</strong></span> <span class='ocrx_word' id='word_1_783' title='bbox 1808 4817 1872 4868; x_wconf 90' lang='lat' dir='ltr'><strong>A.</strong></span> <span class='ocrx_word' id='word_1_784' title='bbox 1968 4814 1988 4845; x_wconf 86' lang='grc'>³</span> <span class='ocrx_word' id='word_1_785' title='bbox 2019 4812 2111 4869; x_wconf 91' lang='lat' dir='ltr'><strong>Sic</strong></span> <span class='ocrx_word' id='word_1_786' title='bbox 2151 4812 2313 4876; x_wconf 83' lang='lat' dir='ltr'><strong>CDE;</strong></span> <span class='ocrx_word' id='word_1_787' title='bbox 2343 4812 2387 4865; x_wconf 85' lang='lat' dir='ltr'><strong>A</strong></span> <span class='ocrx_word' id='word_1_788' title='bbox 2428 4812 2594 4880; x_wconf 77' lang='lat' dir='ltr'><strong>fuere.</strong></span> <span class='ocrx_word' id='word_1_789' title='bbox 2669 4811 2688 4842; x_wconf 79' lang='grc'><strong>’⁸</strong></span> <span class='ocrx_word' id='word_1_790' title='bbox 2718 4811 2809 4866; x_wconf 90' lang='lat' dir='ltr'><strong>Sic</strong></span> <span class='ocrx_word' id='word_1_791' title='bbox 2848 4811 2999 4864; x_wconf 84' lang='lat' dir='ltr'><strong>CDE.</strong></span> <span class='ocrx_word' id='word_1_792' title='bbox 3075 4811 3097 4843; x_wconf 84' lang='grc'><strong><em>³</em></strong></span> <span class='ocrx_word' id='word_1_793' title='bbox 3123 4811 3272 4877; x_wconf 82' lang='lat' dir='ltr'><strong>Quae</strong></span> <span class='ocrx_word' id='word_1_794' title='bbox 3377 4812 3428 4865; x_wconf 74' lang='lat' dir='ltr'><strong>St</strong></span> <span class='ocrx_word' id='word_1_795' title='bbox 3470 4811 3645 4865; x_wconf 81' lang='lat' dir='ltr'><strong>verba</strong></span> 
     </span>
     <span class='ocr_line' id='line_1_101' title="bbox 363 4825 3643 4953; baseline -0 -20"><span class='ocrx_word' id='word_1_796' title='bbox 363 4894 447 4953; x_wconf 52' lang='lat' dir='ltr'><strong>eo</strong></span> <span class='ocrx_word' id='word_1_797' title='bbox 465 4890 611 4953; x_wconf 77' lang='lat' dir='ltr'><strong>utero</strong></span> <span class='ocrx_word' id='word_1_798' title='bbox 633 4897 728 4935; x_wconf 71' lang='lat' dir='ltr'><strong>suo</strong></span> <span class='ocrx_word' id='word_1_799' title='bbox 753 4897 931 4953; x_wconf 83' lang='lat' dir='ltr'><strong>usque</strong></span> <span class='ocrx_word' id='word_1_800' title='bbox 956 4884 1022 4937; x_wconf 84' lang='lat' dir='ltr'><strong>ad</strong></span> <span class='ocrx_word' id='word_1_801' title='bbox 1047 4884 1208 4939; x_wconf 82' lang='lat' dir='ltr'><strong>verba</strong></span> <span class='ocrx_word' id='word_1_802' title='bbox 1235 4886 1484 4939; x_wconf 77' lang='lat' dir='ltr'><strong>essentiae</strong></span> <span class='ocrx_word' id='word_1_803' title='bbox 1511 4884 1602 4938; x_wconf 75' lang='lat' dir='ltr'><strong>sed</strong></span> <span class='ocrx_word' id='word_1_804' title='bbox 1625 4885 1937 4953; x_wconf 73' lang='lat' dir='ltr'><strong>qualitatum</strong></span> <span class='ocrx_word' id='word_1_805' title='bbox 1966 4893 2012 4936; x_wconf 90' lang='lat' dir='ltr'><strong>et</strong></span> <span class='ocrx_word' id='word_1_806' title='bbox 2038 4884 2389 4953; x_wconf 80' lang='lat' dir='ltr'><strong>quantitatum</strong></span> <span class='ocrx_word' id='word_1_807' title='bbox 2414 4881 2708 4953; x_wconf 7' lang='lat' dir='ltr'><strong>intutatione</strong></span> <span class='ocrx_word' id='word_1_808' title='bbox 2747 4881 2977 4953; x_wconf 66' lang='lat' dir='ltr'><strong>naturqu</strong></span> <span class='ocrx_word' id='word_1_809' title='bbox 3012 4898 3166 4934; x_wconf 76' lang='lat' dir='ltr'><strong>cursu</strong></span> <span class='ocrx_word' id='word_1_810' title='bbox 3190 4825 3467 4953; x_wconf 42' lang='lat' dir='ltr'><strong>pergunt</strong></span> <span class='ocrx_word' id='word_1_811' title='bbox 3491 4884 3643 4953; x_wconf 60' lang='lat' dir='ltr'><strong>(cap.</strong></span> 
     </span>
    </p>
   </div>
   <div class='ocr_carea' id='block_1_101' title="bbox 362 4949 3641 5022">
    <p class='ocr_par' dir='ltr' id='par_1_101' title="bbox 362 4949 3641 5022">
     <span class='ocr_line' id='line_1_102' title="bbox 362 4949 3641 5022; baseline 0 -20"><span class='ocrx_word' id='word_1_812' title='bbox 362 4949 457 5020; x_wconf 72' lang='lat'><strong>2|)</strong></span> <span class='ocrx_word' id='word_1_813' title='bbox 484 4950 802 5019; x_wconf 84' lang='lat' dir='ltr'><strong>legunturiu</strong></span> <span class='ocrx_word' id='word_1_814' title='bbox 826 4949 946 5007; x_wconf 81' lang='lat' dir='ltr'><strong>cod.</strong></span> <span class='ocrx_word' id='word_1_815' title='bbox 978 4953 1020 5007; x_wconf 85' lang='lat' dir='ltr'><strong>E</strong></span> <span class='ocrx_word' id='word_1_816' title='bbox 1048 4954 1259 5009; x_wconf 90' lang='lat' dir='ltr'><strong>desunt.</strong></span> <span class='ocrx_word' id='word_1_817' title='bbox 1336 4955 1358 4985; x_wconf 86' lang='lat'><strong><em>‘</em></strong></span> <span class='ocrx_word' id='word_1_818' title='bbox 1388 4955 1478 5008; x_wconf 82' lang='lat' dir='ltr'><strong>Sic</strong></span> <span class='ocrx_word' id='word_1_819' title='bbox 1500 4949 1662 5018; x_wconf 76' lang='lat' dir='ltr'><strong>CDE;</strong></span> <span class='ocrx_word' id='word_1_820' title='bbox 1688 4953 1798 5022; x_wconf 82' lang='lat' dir='ltr'><strong>ﬁlio</strong></span> <span class='ocrx_word' id='word_1_821' title='bbox 1828 4970 1923 5006; x_wconf 84' lang='lat' dir='ltr'><strong>suo</strong></span> <span class='ocrx_word' id='word_1_822' title='bbox 1943 4949 2060 5007; x_wconf 44' lang='lat' dir='ltr'><strong>om;</strong></span> <span class='ocrx_word' id='word_1_823' title='bbox 2080 4953 2144 5011; x_wconf 75' lang='grc' dir='ltr'><strong>Α.</strong></span> <span class='ocrx_word' id='word_1_824' title='bbox 2219 4954 2238 4983; x_wconf 89' lang='grc'>⁷</span> <span class='ocrx_word' id='word_1_825' title='bbox 2273 4952 2363 5006; x_wconf 89' lang='lat' dir='ltr'><strong>Sic</strong></span> <span class='ocrx_word' id='word_1_826' title='bbox 2392 4951 2510 5022; x_wconf 85' lang='lat' dir='ltr'><strong>CD;</strong></span> <span class='ocrx_word' id='word_1_827' title='bbox 2538 4951 2578 5022; x_wconf 76' lang='grc' dir='ltr'>Α</span> <span class='ocrx_word' id='word_1_828' title='bbox 2606 4961 2717 5022; x_wconf 23' lang='lat' dir='ltr'><strong>et.”</strong></span> <span class='ocrx_word' id='word_1_829' title='bbox 2747 4950 2770 4983; x_wconf 83' lang='grc'><strong><em>⁸</em></strong></span> <span class='ocrx_word' id='word_1_830' title='bbox 2797 4950 2887 5006; x_wconf 88' lang='lat' dir='ltr'><strong>Sic</strong></span> <span class='ocrx_word' id='word_1_831' title='bbox 2907 4950 3023 5010; x_wconf 87' lang='lat' dir='ltr'><strong>CD;</strong></span> <span class='ocrx_word' id='word_1_832' title='bbox 3055 4953 3100 5004; x_wconf 80' lang='grc' dir='ltr'><strong>Α</strong></span> <span class='ocrx_word' id='word_1_833' title='bbox 3120 4967 3262 5016; x_wconf 81' lang='lat' dir='ltr'><strong>ergo.</strong></span> <span class='ocrx_word' id='word_1_834' title='bbox 3339 4950 3482 5022; x_wconf 79' lang='lat' dir='ltr'><strong>&#39;_Sic</strong></span> <span class='ocrx_word' id='word_1_835' title='bbox 3510 4950 3641 5013; x_wconf 89' lang='lat' dir='ltr'><strong>CD;</strong></span> 
     </span>
    </p>
   </div>
   <div class='ocr_carea' id='block_1_102' title="bbox 363 5021 982 5089">
    <p class='ocr_par' dir='ltr' id='par_1_102' title="bbox 363 5021 982 5089">
     <span class='ocr_line' id='line_1_103' title="bbox 363 5021 982 5089; baseline 0.008 -16"><span class='ocrx_word' id='word_1_836' title='bbox 363 5025 407 5073; x_wconf 77' lang='grc' dir='ltr'><strong>Α</strong></span> <span class='ocrx_word' id='word_1_837' title='bbox 435 5021 693 5089; x_wconf 74' lang='lat' dir='ltr'><strong>cognoscit</strong></span> <span class='ocrx_word' id='word_1_838' title='bbox 721 5022 982 5089; x_wconf 78' lang='lat' dir='ltr'><strong>faciendo.</strong></span> 
     </span>
    </p>
   </div>
   <div class='ocr_carea' id='block_1_103' title="bbox 362 5089 1959 5160">
    <p class='ocr_par' dir='ltr' id='par_1_103' title="bbox 362 5089 1959 5160">
     <span class='ocr_line' id='line_1_104' title="bbox 362 5089 1959 5160; baseline 0.001 -15"><span class='ocrx_word' id='word_1_839' title='bbox 362 5104 472 5145; x_wconf 89' lang='lat' dir='ltr'><strong>om.</strong></span> <span class='ocrx_word' id='word_1_840' title='bbox 504 5089 570 5144; x_wconf 82' lang='lat' dir='ltr'><strong>A.</strong></span> <span class='ocrx_word' id='word_1_841' title='bbox 662 5090 706 5122; x_wconf 72' lang='lat'><strong>“</strong></span> <span class='ocrx_word' id='word_1_842' title='bbox 733 5093 824 5147; x_wconf 87' lang='lat' dir='ltr'><strong>Sic</strong></span> <span class='ocrx_word' id='word_1_843' title='bbox 845 5093 969 5160; x_wconf 97' lang='lat' dir='ltr'><strong>CD;</strong></span> <span class='ocrx_word' id='word_1_844' title='bbox 1015 5095 1060 5147; x_wconf 83' lang='lat' dir='ltr'><strong>A</strong></span> <span class='ocrx_word' id='word_1_845' title='bbox 1093 5094 1258 5148; x_wconf 89' lang='lat' dir='ltr'><strong>immo</strong></span> <span class='ocrx_word' id='word_1_846' title='bbox 1285 5104 1332 5147; x_wconf 90' lang='lat' dir='ltr'><strong>et</strong></span> <span class='ocrx_word' id='word_1_847' title='bbox 1356 5103 1667 5146; x_wconf 87' lang='lat' dir='ltr'><strong>naturarum</strong></span> <span class='ocrx_word' id='word_1_848' title='bbox 1702 5094 1959 5147; x_wconf 86' lang='lat' dir='ltr'><strong>omnium.</strong></span> 
     </span>
    </p>
   </div>
   <div class='ocr_carea' id='block_1_104' title="bbox 363 5162 634 5225">
    <p class='ocr_par' dir='ltr' id='par_1_104' title="bbox 363 5162 634 5225">
     <span class='ocr_line' id='line_1_105' title="bbox 363 5162 634 5225; baseline 0.004 -12"><span class='ocrx_word' id='word_1_849' title='bbox 363 5162 634 5225; x_wconf 74' lang='lat' dir='ltr'><strong>apostatis.</strong></span> 
     </span>
    </p>
   </div>
   <div class='ocr_carea' id='block_1_105' title="bbox 367 5229 869 5298">
    <p class='ocr_par' dir='ltr' id='par_1_105' title="bbox 367 5229 869 5298">
     <span class='ocr_line' id='line_1_106' title="bbox 367 5229 869 5298; baseline 0.002 -13"><span class='ocrx_word' id='word_1_850' title='bbox 367 5229 410 5260; x_wconf 80' lang='lat'>&quot;</span> <span class='ocrx_word' id='word_1_851' title='bbox 438 5232 529 5286; x_wconf 88' lang='lat' dir='ltr'><strong>Sic</strong></span> <span class='ocrx_word' id='word_1_852' title='bbox 551 5231 666 5298; x_wconf 88' lang='lat' dir='ltr'><strong>CD;</strong></span> <span class='ocrx_word' id='word_1_853' title='bbox 701 5234 746 5286; x_wconf 81' lang='grc' dir='ltr'>Α</span> <span class='ocrx_word' id='word_1_854' title='bbox 775 5235 869 5288; x_wconf 76' lang='lat' dir='ltr'><strong>sic.</strong></span> 
     </span>
    </p>
   </div>
   <div class='ocr_carea' id='block_1_106' title="bbox 328 5372 1497 5439">
    <p class='ocr_par' dir='ltr' id='par_1_106' title="bbox 328 5372 1497 5439">
     <span class='ocr_line' id='line_1_107' title="bbox 328 5372 1497 5439; baseline 0.003 -19"><span class='ocrx_word' id='word_1_855' title='bbox 328 5372 616 5439; x_wconf 69' lang='lat' dir='ltr'><strong>‘amnium.</strong></span> <span class='ocrx_word' id='word_1_856' title='bbox 694 5373 740 5405; x_wconf 81' lang='lat'>“</span> <span class='ocrx_word' id='word_1_857' title='bbox 787 5372 1059 5435; x_wconf 38' lang='lat' dir='ltr'><strong>Sic—AD;</strong></span> <span class='ocrx_word' id='word_1_858' title='bbox 1108 5372 1149 5428; x_wconf 91' lang='lat' dir='ltr'><strong>C</strong></span> <span class='ocrx_word' id='word_1_859' title='bbox 1201 5388 1497 5439; x_wconf 85' lang='lat' dir='ltr'><strong>corporum.</strong></span> 
     </span>
    </p>
   </div>
   <div class='ocr_carea' id='block_1_107' title="bbox 363 5438 1168 5506">
    <p class='ocr_par' dir='ltr' id='par_1_107' title="bbox 363 5438 1168 5506">
     <span class='ocr_line' id='line_1_108' title="bbox 363 5438 1168 5506; baseline 0.002 -14"><span class='ocrx_word' id='word_1_860' title='bbox 363 5438 411 5478; x_wconf 65' lang='grc' dir='ltr'><strong>ε’</strong></span> <span class='ocrx_word' id='word_1_861' title='bbox 440 5439 532 5495; x_wconf 90' lang='lat' dir='ltr'><strong>Sic</strong></span> <span class='ocrx_word' id='word_1_862' title='bbox 575 5442 735 5506; x_wconf 82' lang='lat' dir='ltr'><strong>CDE;</strong></span> <span class='ocrx_word' id='word_1_863' title='bbox 777 5444 821 5496; x_wconf 83' lang='lat' dir='ltr'><strong>A</strong></span> <span class='ocrx_word' id='word_1_864' title='bbox 852 5441 952 5497; x_wconf 82' lang='lat' dir='ltr'><strong>Per</strong></span> <span class='ocrx_word' id='word_1_865' title='bbox 980 5444 1168 5499; x_wconf 89' lang='lat' dir='ltr'><strong>solem.</strong></span> 
     </span>
    </p>
   </div>
   <div class='ocr_carea' id='block_1_108' title="bbox 363 5508 2788 5586">
    <p class='ocr_par' dir='ltr' id='par_1_108' title="bbox 363 5508 2788 5586">
     <span class='ocr_line' id='line_1_109' title="bbox 363 5508 2788 5586; baseline -0.002 -21"><span class='ocrx_word' id='word_1_866' title='bbox 661 5514 1199 5586; x_wconf 50' lang='lat' dir='ltr'><strong>comprencnduntur;</strong></span> <span class='ocrx_word' id='word_1_867' title='bbox 1260 5511 1306 5586; x_wconf 50' lang='grc' dir='ltr'><strong>ξ’</strong></span> <span class='ocrx_word' id='word_1_868' title='bbox 1335 5511 1425 5567; x_wconf 89' lang='lat' dir='ltr'><strong>Sic</strong></span> <span class='ocrx_word' id='word_1_869' title='bbox 1451 5512 1614 5576; x_wconf 86' lang='lat' dir='ltr'><strong>CDE;</strong></span> <span class='ocrx_word' id='word_1_870' title='bbox 1648 5512 1689 5565; x_wconf 87' lang='lat' dir='ltr'><strong>A</strong></span> <span class='ocrx_word' id='word_1_871' title='bbox 1715 5508 1993 5586; x_wconf 80' lang='lat' dir='ltr'><strong>terrarum.</strong></span> <span class='ocrx_word' id='word_1_872' title='bbox 2042 5508 2117 5586; x_wconf 76' lang='lat'><strong>__”</strong></span> <span class='ocrx_word' id='word_1_873' title='bbox 2142 5509 2232 5564; x_wconf 89' lang='lat' dir='ltr'><strong>Sic</strong></span> <span class='ocrx_word' id='word_1_874' title='bbox 2252 5509 2414 5586; x_wconf 78' lang='lat' dir='ltr'><strong>CDE;</strong></span> <span class='ocrx_word' id='word_1_875' title='bbox 2440 5508 2483 5560; x_wconf 82' lang='grc' dir='ltr'><strong>Α</strong></span> <span class='ocrx_word' id='word_1_876' title='bbox 2506 5508 2788 5578; x_wconf 75' lang='lat' dir='ltr'><strong>inferioris.</strong></span> 
     </span>
    </p>
   </div>
   <div class='ocr_carea' id='block_1_109' title="bbox 861 5580 2497 5653">
    <p class='ocr_par' dir='ltr' id='par_1_109' title="bbox 861 5580 2497 5653">
     <span class='ocr_line' id='line_1_110' title="bbox 861 5580 2497 5653; baseline -0.004 -15"><span class='ocrx_word' id='word_1_877' title='bbox 861 5583 905 5614; x_wconf 78' lang='lat'><strong>“</strong></span> <span class='ocrx_word' id='word_1_878' title='bbox 946 5583 1034 5637; x_wconf 87' lang='lat' dir='ltr'><strong>Sic</strong></span> <span class='ocrx_word' id='word_1_879' title='bbox 1069 5582 1231 5649; x_wconf 71' lang='lat' dir='ltr'><strong>(IDE,</strong></span> <span class='ocrx_word' id='word_1_880' title='bbox 1262 5584 1303 5634; x_wconf 85' lang='grc' dir='ltr'><strong>Λ</strong></span> <span class='ocrx_word' id='word_1_881' title='bbox 1331 5598 1431 5636; x_wconf 88' lang='lat' dir='ltr'><strong>non</strong></span> <span class='ocrx_word' id='word_1_882' title='bbox 1469 5593 1734 5653; x_wconf 71' lang='lat' dir='ltr'><strong>appareret</strong></span> <span class='ocrx_word' id='word_1_883' title='bbox 1765 5583 1816 5635; x_wconf 87' lang='lat' dir='ltr'><strong>in</strong></span> <span class='ocrx_word' id='word_1_884' title='bbox 1843 5581 2071 5637; x_wconf 85' lang='lat' dir='ltr'><strong>naturali</strong></span> <span class='ocrx_word' id='word_1_885' title='bbox 2106 5595 2274 5633; x_wconf 86' lang='lat' dir='ltr'><strong>rerum</strong></span> <span class='ocrx_word' id='word_1_886' title='bbox 2298 5580 2497 5633; x_wconf 80' lang='lat' dir='ltr'><strong>ordine.</strong></span> 
     </span>
    </p>
   </div>
   <div class='ocr_carea' id='block_1_110' title="bbox 363 5576 781 5646">
    <p class='ocr_par' dir='ltr' id='par_1_110' title="bbox 363 5576 781 5646">
     <span class='ocr_line' id='line_1_111' title="bbox 363 5576 781 5646; baseline -0.002 -11"><span class='ocrx_word' id='word_1_887' title='bbox 363 5576 524 5646; x_wconf 74' lang='lat' dir='ltr'><strong>CDE;</strong></span> <span class='ocrx_word' id='word_1_888' title='bbox 558 5583 597 5635; x_wconf 73' lang='grc' dir='ltr'><strong>Α</strong></span> <span class='ocrx_word' id='word_1_889' title='bbox 632 5576 781 5636; x_wconf 79' lang='lat' dir='ltr'><strong>nihil.</strong></span> 
     </span>
    </p>
   </div>
   <div class='ocr_carea' id='block_1_111' title="bbox 1074 5020 3647 5124">
    <p class='ocr_par' dir='ltr' id='par_1_111' title="bbox 1074 5020 3647 5124">
     <span class='ocr_line' id='line_1_112' title="bbox 1074 5020 3647 5124; baseline -0.002 -47"><span class='ocrx_word' id='word_1_890' title='bbox 1074 5024 1116 5055; x_wconf 77' lang='grc'>³⁸</span> <span class='ocrx_word' id='word_1_891' title='bbox 1152 5024 1243 5079; x_wconf 90' lang='lat' dir='ltr'><strong>Sic</strong></span> <span class='ocrx_word' id='word_1_892' title='bbox 1266 5024 1386 5089; x_wconf 92' lang='lat' dir='ltr'><strong>CD;</strong></span> <span class='ocrx_word' id='word_1_893' title='bbox 1411 5024 1453 5076; x_wconf 86' lang='lat' dir='ltr'><strong>A</strong></span> <span class='ocrx_word' id='word_1_894' title='bbox 1482 5039 1665 5088; x_wconf 87' lang='lat' dir='ltr'><strong>quare.</strong></span> <span class='ocrx_word' id='word_1_895' title='bbox 1690 5020 1715 5059; x_wconf 55' lang='lat' dir='ltr'>F</span> <span class='ocrx_word' id='word_1_896' title='bbox 1742 5024 1782 5054; x_wconf 82' lang='lat'>“</span> <span class='ocrx_word' id='word_1_897' title='bbox 1810 5022 1902 5078; x_wconf 88' lang='lat' dir='ltr'><strong>Sic</strong></span> <span class='ocrx_word' id='word_1_898' title='bbox 1928 5022 2046 5087; x_wconf 90' lang='lat' dir='ltr'><strong>CD;</strong></span> <span class='ocrx_word' id='word_1_899' title='bbox 2082 5024 2123 5074; x_wconf 78' lang='grc' dir='ltr'>Α</span> <span class='ocrx_word' id='word_1_900' title='bbox 2155 5031 2382 5124; x_wconf 61' lang='lat' dir='ltr'><strong>propter.</strong></span> <span class='ocrx_word' id='word_1_901' title='bbox 2462 5021 2504 5051; x_wconf 80' lang='grc'><strong>¹³</strong></span> <span class='ocrx_word' id='word_1_902' title='bbox 2532 5020 2623 5073; x_wconf 77' lang='lat' dir='ltr'><strong>Sit:</strong></span> <span class='ocrx_word' id='word_1_903' title='bbox 2651 5021 2775 5083; x_wconf 88' lang='lat' dir='ltr'><strong>CD;</strong></span> <span class='ocrx_word' id='word_1_904' title='bbox 2806 5031 2853 5073; x_wconf 88' lang='lat' dir='ltr'><strong>et</strong></span> <span class='ocrx_word' id='word_1_905' title='bbox 2877 5036 2987 5075; x_wconf 90' lang='lat' dir='ltr'><strong>om.</strong></span> <span class='ocrx_word' id='word_1_906' title='bbox 3009 5022 3075 5074; x_wconf 85' lang='lat' dir='ltr'><strong>A.</strong></span> <span class='ocrx_word' id='word_1_907' title='bbox 3153 5022 3196 5052; x_wconf 84' lang='grc'><strong>¹³</strong></span> <span class='ocrx_word' id='word_1_908' title='bbox 3227 5022 3316 5076; x_wconf 89' lang='lat' dir='ltr'><strong>Sic</strong></span> <span class='ocrx_word' id='word_1_909' title='bbox 3337 5020 3465 5080; x_wconf 93' lang='lat' dir='ltr'><strong>CD;</strong></span> <span class='ocrx_word' id='word_1_910' title='bbox 3524 5022 3647 5073; x_wconf 73' lang='lat' dir='ltr'><strong>suis</strong></span> 
     </span>
     <span class='ocr_line' id='line_1_113' title="bbox 1093 5090 3645 5124; baseline 0 0"><span class='ocrx_word' id='word_1_911' title='bbox 1093 5094 1257 5124; x_wconf 50' lang='grc' dir='ltr'><strong>εφη...</strong></span> <span class='ocrx_word' id='word_1_912' title='bbox 1287 5104 1332 5124; x_wconf 73' lang='grc' dir='ltr'><strong>..ο</strong></span> <span class='ocrx_word' id='word_1_913' title='bbox 1356 5103 1665 5124; x_wconf 78' lang='lat'><strong>..................</strong></span> <span class='ocrx_word' id='word_1_914' title='bbox 1703 5094 1932 5124; x_wconf 77' lang='lat'><strong>........-.....</strong></span> <span class='ocrx_word' id='word_1_915' title='bbox 2039 5094 2084 5124; x_wconf 76' lang='grc' dir='ltr'>η</span> <span class='ocrx_word' id='word_1_916' title='bbox 2111 5092 2202 5124; x_wconf 69' lang='lat' dir='ltr'><strong>om</strong></span> <span class='ocrx_word' id='word_1_917' title='bbox 2281 5090 2349 5124; x_wconf 73' lang='lat' dir='ltr'><strong>n.</strong></span> <span class='ocrx_word' id='word_1_918' title='bbox 2384 5091 2411 5124; x_wconf 66' lang='grc' dir='ltr'>Α</span> <span class='ocrx_word' id='word_1_919' title='bbox 2452 5106 2672 5124; x_wconf 47' lang='lat' dir='ltr'><strong>unum...</strong></span> <span class='ocrx_word' id='word_1_920' title='bbox 2771 5090 2813 5120; x_wconf 72' lang='grc' dir='ltr'><strong>ιε</strong></span> <span class='ocrx_word' id='word_1_921' title='bbox 2842 5091 2930 5124; x_wconf 60' lang='lat' dir='ltr'><strong>ea.</strong></span> <span class='ocrx_word' id='word_1_922' title='bbox 2952 5091 3066 5124; x_wconf 81' lang='lat' dir='ltr'><strong>l‘n-</strong></span> <span class='ocrx_word' id='word_1_923' title='bbox 3116 5092 3143 5124; x_wconf 76' lang='grc' dir='ltr'><strong>Α</strong></span> <span class='ocrx_word' id='word_1_924' title='bbox 3187 5102 3232 5124; x_wconf 65' lang='grc' dir='ltr'><strong>..ι</strong></span> <span class='ocrx_word' id='word_1_925' title='bbox 3266 5090 3539 5124; x_wconf 59' lang='grc' dir='ltr'><strong>ιηηριερςρ</strong></span> <span class='ocrx_word' id='word_1_926' title='bbox 3592 5100 3645 5124; x_wconf 73' lang='grc' dir='ltr'><strong><em>οι</em></strong></span> 
     </span>
    </p>
   </div>
   <div class='ocr_carea' id='block_1_112' title="bbox 714 5092 3642 5239">
    <p class='ocr_par' dir='ltr' id='par_1_112' title="bbox 714 5092 3642 5239">
     <span class='ocr_line' id='line_1_114' title="bbox 733 5092 3642 5160; baseline -0.002 -14"><span class='ocrx_word' id='word_1_927' title='bbox 733 5093 824 5147; x_wconf 90' lang='lat' dir='ltr'><strong>Sic</strong></span> <span class='ocrx_word' id='word_1_928' title='bbox 845 5093 969 5160; x_wconf 97' lang='lat' dir='ltr'><strong>CD;</strong></span> <span class='ocrx_word' id='word_1_929' title='bbox 1015 5095 1060 5147; x_wconf 83' lang='lat' dir='ltr'><strong>A</strong></span> <span class='ocrx_word' id='word_1_930' title='bbox 1093 5094 1258 5148; x_wconf 89' lang='lat' dir='ltr'><strong>immo</strong></span> <span class='ocrx_word' id='word_1_931' title='bbox 1285 5104 1332 5147; x_wconf 90' lang='lat' dir='ltr'><strong>et</strong></span> <span class='ocrx_word' id='word_1_932' title='bbox 1356 5103 1667 5146; x_wconf 87' lang='lat' dir='ltr'><strong>naturarum</strong></span> <span class='ocrx_word' id='word_1_933' title='bbox 1702 5094 1959 5147; x_wconf 86' lang='lat' dir='ltr'><strong>omnium.</strong></span> <span class='ocrx_word' id='word_1_934' title='bbox 2039 5094 2084 5124; x_wconf 80' lang='lat'>”</span> <span class='ocrx_word' id='word_1_935' title='bbox 2111 5092 2203 5147; x_wconf 90' lang='lat' dir='ltr'><strong>Sic</strong></span> <span class='ocrx_word' id='word_1_936' title='bbox 2233 5092 2351 5154; x_wconf 87' lang='lat' dir='ltr'><strong>CD;</strong></span> <span class='ocrx_word' id='word_1_937' title='bbox 2378 5092 2419 5143; x_wconf 74' lang='grc' dir='ltr'>Α</span> <span class='ocrx_word' id='word_1_938' title='bbox 2450 5106 2693 5159; x_wconf 81' lang='lat' dir='ltr'><strong>namque.</strong></span> <span class='ocrx_word' id='word_1_939' title='bbox 2771 5092 2813 5120; x_wconf 82' lang='grc'><strong>¹⁶</strong></span> <span class='ocrx_word' id='word_1_940' title='bbox 2842 5092 2931 5144; x_wconf 88' lang='lat' dir='ltr'><strong>Sic</strong></span> <span class='ocrx_word' id='word_1_941' title='bbox 2952 5092 3068 5156; x_wconf 87' lang='lat' dir='ltr'><strong>CD;</strong></span> <span class='ocrx_word' id='word_1_942' title='bbox 3109 5092 3152 5146; x_wconf 84' lang='lat' dir='ltr'><strong>A</strong></span> <span class='ocrx_word' id='word_1_943' title='bbox 3185 5102 3232 5146; x_wconf 87' lang='lat' dir='ltr'><strong>et</strong></span> <span class='ocrx_word' id='word_1_944' title='bbox 3261 5092 3539 5145; x_wconf 77' lang='lat' dir='ltr'><strong>haereticis</strong></span> <span class='ocrx_word' id='word_1_945' title='bbox 3591 5100 3642 5142; x_wconf 85' lang='lat' dir='ltr'><strong>et</strong></span> 
     </span>
     <span class='ocr_line' id='line_1_115' title="bbox 714 5160 3642 5239; baseline -0.001 -22"><span class='ocrx_word' id='word_1_946' title='bbox 714 5164 754 5239; x_wconf 62' lang='grc' dir='ltr'>ξ’</span> <span class='ocrx_word' id='word_1_947' title='bbox 783 5161 874 5239; x_wconf 86' lang='lat' dir='ltr'><strong>Sic</strong></span> <span class='ocrx_word' id='word_1_948' title='bbox 902 5162 1070 5239; x_wconf 28' lang='lat' dir='ltr'><strong>C;A_A_</strong></span> <span class='ocrx_word' id='word_1_949' title='bbox 1081 5163 1418 5239; x_wconf 61' lang='lat' dir='ltr'><strong>constitutum</strong></span> <span class='ocrx_word' id='word_1_950' title='bbox 1439 5161 1774 5239; x_wconf 74' lang='lat' dir='ltr'><strong>intelligitur;</strong></span> <span class='ocrx_word' id='word_1_951' title='bbox 1798 5164 1856 5239; x_wconf 85' lang='lat' dir='ltr'><strong>_D</strong></span> <span class='ocrx_word' id='word_1_952' title='bbox 1899 5164 2236 5239; x_wconf 65' lang='lat' dir='ltr'><strong>constitutum</strong></span> <span class='ocrx_word' id='word_1_953' title='bbox 2285 5160 2626 5239; x_wconf 58' lang='lat' dir='ltr'><strong>dignoscitur.</strong></span> <span class='ocrx_word' id='word_1_954' title='bbox 2703 5162 2747 5193; x_wconf 80' lang='grc'>⁸⁸</span> <span class='ocrx_word' id='word_1_955' title='bbox 2783 5160 2874 5215; x_wconf 90' lang='lat' dir='ltr'><strong>Sic</strong></span> <span class='ocrx_word' id='word_1_956' title='bbox 2912 5160 3642 5239; x_wconf 27' lang='lat' dir='ltr'><strong>inAhs‘igniﬁcatignem.</strong></span> 
     </span>
    </p>
   </div>
   <div class='ocr_carea' id='block_1_113' title="bbox 494 5229 3641 5315">
    <p class='ocr_par' dir='ltr' id='par_1_113' title="bbox 494 5229 3641 5315">
     <span class='ocr_line' id='line_1_116' title="bbox 494 5229 3641 5315; baseline -0.002 -29"><span class='ocrx_word' id='word_1_957' title='bbox 494 5247 529 5313; x_wconf 83' lang='lat' dir='ltr'><strong>_c</strong></span> <span class='ocrx_word' id='word_1_958' title='bbox 551 5231 670 5315; x_wconf 52' lang='lat' dir='ltr'><strong>Cp;</strong></span> <span class='ocrx_word' id='word_1_959' title='bbox 701 5234 869 5315; x_wconf 42' lang='lat' dir='ltr'><strong>Alfio.</strong></span> <span class='ocrx_word' id='word_1_960' title='bbox 961 5229 1013 5266; x_wconf 74' lang='grc'><strong>’²⁰</strong></span> <span class='ocrx_word' id='word_1_961' title='bbox 1038 5233 1130 5315; x_wconf 78' lang='lat' dir='ltr'><strong>Sic</strong></span> <span class='ocrx_word' id='word_1_962' title='bbox 1150 5233 1339 5315; x_wconf 43' lang='grc' dir='ltr'><strong><em>λ</em></strong></span> <span class='ocrx_word' id='word_1_963' title='bbox 1370 5229 1898 5315; x_wconf 47' lang='grc' dir='ltr'><strong>νλρειιιιίζιιίςςηάωη</strong></span> <span class='ocrx_word' id='word_1_964' title='bbox 1925 5234 2169 5315; x_wconf 62' lang='lat' dir='ltr'><strong>arbitror.</strong></span> <span class='ocrx_word' id='word_1_965' title='bbox 2201 5229 2718 5315; x_wconf 10' lang='lat' dir='ltr'><strong>Drsc.n{\)ic,rquaeso</strong></span> <span class='ocrx_word' id='word_1_966' title='bbox 2743 5241 2881 5315; x_wconf 59' lang='lat' dir='ltr'><strong>cet;_</strong></span> <span class='ocrx_word' id='word_1_967' title='bbox 2926 5230 2983 5315; x_wconf 42' lang='grc' dir='ltr'><strong>ἒξ.</strong></span> <span class='ocrx_word' id='word_1_968' title='bbox 3007 5229 3258 5315; x_wconf 55' lang='lat' dir='ltr'><strong>SichD;</strong></span> <span class='ocrx_word' id='word_1_969' title='bbox 3287 5238 3331 5286; x_wconf 74' lang='grc' dir='ltr'><strong>Α</strong></span> <span class='ocrx_word' id='word_1_970' title='bbox 3384 5229 3641 5315; x_wconf 52' lang='lat' dir='ltr'><strong>onmem.</strong></span> 
     </span>
    </p>
   </div>
   <div class='ocr_carea' id='block_1_114' title="bbox 369 5299 3644 5439">
    <p class='ocr_par' dir='ltr' id='par_1_114' title="bbox 369 5299 3644 5439">
     <span class='ocr_line' id='line_1_117' title="bbox 369 5299 3644 5375; baseline -0.002 -19"><span class='ocrx_word' id='word_1_971' title='bbox 369 5301 415 5332; x_wconf 81' lang='lat'><strong>&quot;</strong></span> <span class='ocrx_word' id='word_1_972' title='bbox 449 5300 541 5357; x_wconf 90' lang='lat' dir='ltr'><strong>Sic</strong></span> <span class='ocrx_word' id='word_1_973' title='bbox 583 5302 706 5363; x_wconf 83' lang='lat' dir='ltr'><strong>AD;</strong></span> <span class='ocrx_word' id='word_1_974' title='bbox 753 5303 794 5359; x_wconf 91' lang='lat' dir='ltr'><strong>C</strong></span> <span class='ocrx_word' id='word_1_975' title='bbox 840 5304 1095 5374; x_wconf 81' lang='lat' dir='ltr'><strong>cognovit.</strong></span> <span class='ocrx_word' id='word_1_976' title='bbox 1171 5303 1219 5334; x_wconf 83' lang='lat'>“</span> <span class='ocrx_word' id='word_1_977' title='bbox 1245 5302 1336 5356; x_wconf 90' lang='lat' dir='ltr'><strong>Sic</strong></span> <span class='ocrx_word' id='word_1_978' title='bbox 1384 5302 1503 5367; x_wconf 89' lang='lat' dir='ltr'><strong>CD;</strong></span> <span class='ocrx_word' id='word_1_979' title='bbox 1554 5301 1594 5354; x_wconf 79' lang='grc' dir='ltr'><strong>Α</strong></span> <span class='ocrx_word' id='word_1_980' title='bbox 1641 5303 1944 5374; x_wconf 78' lang='lat' dir='ltr'><strong>priusquam</strong></span> <span class='ocrx_word' id='word_1_981' title='bbox 1996 5304 2174 5370; x_wconf 84' lang='lat' dir='ltr'><strong>igitur.</strong></span> <span class='ocrx_word' id='word_1_982' title='bbox 2252 5300 2298 5330; x_wconf 70' lang='lat'><strong>&quot;’</strong></span> <span class='ocrx_word' id='word_1_983' title='bbox 2336 5299 2425 5354; x_wconf 87' lang='lat' dir='ltr'><strong>CD</strong></span> <span class='ocrx_word' id='word_1_984' title='bbox 2451 5314 2546 5365; x_wconf 87' lang='lat' dir='ltr'><strong>per</strong></span> <span class='ocrx_word' id='word_1_985' title='bbox 2585 5316 2759 5370; x_wconf 86' lang='lat' dir='ltr'><strong>quem.</strong></span> <span class='ocrx_word' id='word_1_986' title='bbox 2834 5299 2881 5333; x_wconf 81' lang='grc'><strong>³⁸</strong></span> <span class='ocrx_word' id='word_1_987' title='bbox 2928 5300 3020 5354; x_wconf 90' lang='lat' dir='ltr'><strong>Sic</strong></span> <span class='ocrx_word' id='word_1_988' title='bbox 3062 5301 3181 5363; x_wconf 88' lang='lat' dir='ltr'><strong>CD;</strong></span> <span class='ocrx_word' id='word_1_989' title='bbox 3230 5301 3273 5354; x_wconf 82' lang='lat' dir='ltr'><strong>A</strong></span> <span class='ocrx_word' id='word_1_990' title='bbox 3316 5308 3644 5375; x_wconf 71' lang='lat' dir='ltr'><strong>naturarum</strong></span> 
     </span>
     <span class='ocr_line' id='line_1_118' title="bbox 369 5367 3644 5439; baseline -0.002 -15"><span class='ocrx_word' id='word_1_991' title='bbox 369 5372 616 5439; x_wconf 81' lang='lat' dir='ltr'><strong>omnium.</strong></span> <span class='ocrx_word' id='word_1_992' title='bbox 694 5373 740 5405; x_wconf 83' lang='grc'>⁸⁸</span> <span class='ocrx_word' id='word_1_993' title='bbox 787 5372 881 5428; x_wconf 87' lang='lat' dir='ltr'><strong>Sic</strong></span> <span class='ocrx_word' id='word_1_994' title='bbox 929 5375 1059 5435; x_wconf 81' lang='lat' dir='ltr'><strong>AD;</strong></span> <span class='ocrx_word' id='word_1_995' title='bbox 1108 5372 1149 5428; x_wconf 91' lang='lat' dir='ltr'><strong>C</strong></span> <span class='ocrx_word' id='word_1_996' title='bbox 1201 5388 1497 5439; x_wconf 86' lang='lat' dir='ltr'><strong>corporum.</strong></span> <span class='ocrx_word' id='word_1_997' title='bbox 1574 5372 1618 5402; x_wconf 79' lang='lat'><strong>&quot;</strong></span> <span class='ocrx_word' id='word_1_998' title='bbox 1655 5370 1747 5427; x_wconf 83' lang='lat' dir='ltr'><strong>Sic</strong></span> <span class='ocrx_word' id='word_1_999' title='bbox 1788 5376 1868 5435; x_wconf 87' lang='lat' dir='ltr'><strong>A;</strong></span> <span class='ocrx_word' id='word_1_1000' title='bbox 1903 5372 2190 5439; x_wconf 77' lang='lat' dir='ltr'><strong>signiﬁcari</strong></span> <span class='ocrx_word' id='word_1_1001' title='bbox 2245 5386 2354 5423; x_wconf 91' lang='lat' dir='ltr'><strong>om.</strong></span> <span class='ocrx_word' id='word_1_1002' title='bbox 2403 5369 2587 5439; x_wconf 52' lang='grc' dir='ltr'><strong>(ΖΒΕ.</strong></span> <span class='ocrx_word' id='word_1_1003' title='bbox 2630 5370 2676 5399; x_wconf 75' lang='grc'><strong>’⁸</strong></span> <span class='ocrx_word' id='word_1_1004' title='bbox 2704 5368 2795 5423; x_wconf 87' lang='lat' dir='ltr'><strong>Sic</strong></span> <span class='ocrx_word' id='word_1_1005' title='bbox 2842 5369 3005 5435; x_wconf 85' lang='lat' dir='ltr'><strong>CDE;</strong></span> <span class='ocrx_word' id='word_1_1006' title='bbox 3053 5371 3097 5424; x_wconf 80' lang='grc' dir='ltr'>Α</span> <span class='ocrx_word' id='word_1_1007' title='bbox 3133 5371 3377 5424; x_wconf 78' lang='lat' dir='ltr'><strong>adhaeret</strong></span> <span class='ocrx_word' id='word_1_1008' title='bbox 3415 5367 3644 5439; x_wconf 65' lang='lat' dir='ltr'><strong>lucifer.</strong></span> 
     </span>
    </p>
   </div>
   <div class='ocr_carea' id='block_1_115' title="bbox 1268 5429 3648 5510">
    <p class='ocr_par' dir='ltr' id='par_1_115' title="bbox 1268 5429 3648 5510">
     <span class='ocr_line' id='line_1_119' title="bbox 1268 5429 3648 5510; baseline -0.002 -14"><span class='ocrx_word' id='word_1_1009' title='bbox 1268 5429 1314 5472; x_wconf 64' lang='grc'><strong>³³⁵</strong></span> <span class='ocrx_word' id='word_1_1010' title='bbox 1340 5442 1430 5496; x_wconf 89' lang='lat' dir='ltr'><strong>Sic</strong></span> <span class='ocrx_word' id='word_1_1011' title='bbox 1457 5441 1620 5506; x_wconf 88' lang='lat' dir='ltr'><strong>CDE;</strong></span> <span class='ocrx_word' id='word_1_1012' title='bbox 1652 5441 1697 5494; x_wconf 81' lang='grc' dir='ltr'><strong>Α</strong></span> <span class='ocrx_word' id='word_1_1013' title='bbox 1723 5460 1814 5496; x_wconf 87' lang='lat' dir='ltr'><strong>eae</strong></span> <span class='ocrx_word' id='word_1_1014' title='bbox 1842 5429 2014 5510; x_wconf 71' lang='lat' dir='ltr'><strong>partes</strong></span> <span class='ocrx_word' id='word_1_1015' title='bbox 2038 5429 2211 5510; x_wconf 54' lang='lat' dir='ltr'><strong>&#39;Itujus</strong></span> <span class='ocrx_word' id='word_1_1016' title='bbox 2227 5439 2410 5510; x_wconf 78' lang='lat' dir='ltr'><strong>mundi</strong></span> <span class='ocrx_word' id='word_1_1017' title='bbox 2426 5456 2463 5510; x_wconf 66' lang='grc' dir='ltr'><strong>;Δ</strong></span> <span class='ocrx_word' id='word_1_1018' title='bbox 2485 5438 2526 5510; x_wconf 88' lang='lat' dir='ltr'><strong>C</strong></span> <span class='ocrx_word' id='word_1_1019' title='bbox 2556 5438 2620 5510; x_wconf 75' lang='lat' dir='ltr'><strong>de</strong></span> <span class='ocrx_word' id='word_1_1020' title='bbox 2654 5450 2923 5510; x_wconf 75' lang='lat' dir='ltr'><strong>eaapcrte</strong></span> <span class='ocrx_word' id='word_1_1021' title='bbox 2970 5429 3153 5510; x_wconf 80' lang='lat' dir='ltr'><strong>mundi</strong></span> <span class='ocrx_word' id='word_1_1022' title='bbox 3201 5440 3376 5504; x_wconf 74' lang='lat' dir='ltr'><strong>hujus.</strong></span> 
     </span>
    </p>
   </div>
   <div class='ocr_carea' id='block_1_116' title="bbox 2278 5090 3645 5159">
    <p class='ocr_par' dir='ltr' id='par_1_116' title="bbox 2278 5090 3645 5159">
     <span class='ocr_line' id='line_1_120' title="bbox 2278 5090 3645 5159; baseline -0.001 -17"><span class='ocrx_word' id='word_1_1023' title='bbox 2278 5090 2351 5154; x_wconf 89' lang='lat' dir='ltr'><strong>D;</strong></span> <span class='ocrx_word' id='word_1_1024' title='bbox 2378 5091 2419 5143; x_wconf 74' lang='grc' dir='ltr'>Α</span> <span class='ocrx_word' id='word_1_1025' title='bbox 2450 5106 2693 5159; x_wconf 81' lang='lat' dir='ltr'><strong>namque.</strong></span> <span class='ocrx_word' id='word_1_1026' title='bbox 2771 5090 2813 5120; x_wconf 84' lang='grc'><strong>¹⁶</strong></span> <span class='ocrx_word' id='word_1_1027' title='bbox 2842 5091 2931 5144; x_wconf 89' lang='lat' dir='ltr'><strong>Sic</strong></span> <span class='ocrx_word' id='word_1_1028' title='bbox 2952 5091 3068 5156; x_wconf 90' lang='lat' dir='ltr'><strong>CD;</strong></span> <span class='ocrx_word' id='word_1_1029' title='bbox 3109 5092 3152 5146; x_wconf 84' lang='lat' dir='ltr'><strong>A</strong></span> <span class='ocrx_word' id='word_1_1030' title='bbox 3185 5102 3232 5146; x_wconf 87' lang='lat' dir='ltr'><strong>et</strong></span> <span class='ocrx_word' id='word_1_1031' title='bbox 3261 5090 3539 5145; x_wconf 77' lang='lat' dir='ltr'><strong>haereticis</strong></span> <span class='ocrx_word' id='word_1_1032' title='bbox 3591 5100 3645 5142; x_wconf 86' lang='lat' dir='ltr'><strong>et</strong></span> 
     </span>
    </p>
   </div>
   <div class='ocr_carea' id='block_1_117' title="bbox 2585 5299 3647 5370">
    <p class='ocr_par' dir='ltr' id='par_1_117' title="bbox 2585 5299 3647 5370">
     <span class='ocr_line' id='line_1_121' title="bbox 2585 5299 3647 5370; baseline -0.004 -17"><span class='ocrx_word' id='word_1_1033' title='bbox 2585 5316 2759 5370; x_wconf 82' lang='lat' dir='ltr'><strong>quem.</strong></span> <span class='ocrx_word' id='word_1_1034' title='bbox 2834 5299 2881 5370; x_wconf 52' lang='grc' dir='ltr'><strong>’ἕ</strong></span> <span class='ocrx_word' id='word_1_1035' title='bbox 2928 5300 3020 5354; x_wconf 90' lang='lat' dir='ltr'><strong>Sic</strong></span> <span class='ocrx_word' id='word_1_1036' title='bbox 3062 5301 3181 5363; x_wconf 89' lang='lat' dir='ltr'><strong>CD;</strong></span> <span class='ocrx_word' id='word_1_1037' title='bbox 3230 5301 3273 5354; x_wconf 82' lang='lat' dir='ltr'><strong>A</strong></span> <span class='ocrx_word' id='word_1_1038' title='bbox 3316 5308 3647 5370; x_wconf 61' lang='lat' dir='ltr'><strong>naturarum</strong></span> 
     </span>
    </p>
   </div>
   <div class='ocr_carea' id='block_1_118' title="bbox 2868 5505 3648 5576">
    <p class='ocr_par' dir='ltr' id='par_1_118' title="bbox 2868 5505 3648 5576">
     <span class='ocr_line' id='line_1_122' title="bbox 2868 5505 3648 5576; baseline -0.005 -11"><span class='ocrx_word' id='word_1_1039' title='bbox 2868 5509 2912 5540; x_wconf 69' lang='grc' dir='ltr'><strong>ιι</strong></span> <span class='ocrx_word' id='word_1_1040' title='bbox 2943 5509 3034 5565; x_wconf 88' lang='lat' dir='ltr'><strong>Sic</strong></span> <span class='ocrx_word' id='word_1_1041' title='bbox 3054 5509 3216 5576; x_wconf 72' lang='lat' dir='ltr'><strong>eos;</strong></span> <span class='ocrx_word' id='word_1_1042' title='bbox 3248 5510 3291 5563; x_wconf 73' lang='grc' dir='ltr'><strong>Α</strong></span> <span class='ocrx_word' id='word_1_1043' title='bbox 3314 5517 3384 5563; x_wconf 77' lang='grc' dir='ltr'><strong>ει.</strong></span> <span class='ocrx_word' id='word_1_1044' title='bbox 3460 5506 3512 5539; x_wconf 75' lang='grc'><em>³³</em></span> <span class='ocrx_word' id='word_1_1045' title='bbox 3541 5505 3648 5563; x_wconf 85' lang='lat' dir='ltr'><strong>Sic</strong></span> 
     </span>
    </p>
   </div>
  </div>
