  <div class='ocr_page' id='page_1' title='image "/cluster/home/n/w/nwhite01/storage/ocr_20150623/122/hvd.32044054759840/318.png"; bbox 0 0 3912 6154; ppageno 0'>
   <div class='ocr_carea' id='block_1_1' title="bbox 166 272 2557 336">
    <p class='ocr_par' dir='ltr' id='par_1_1' title="bbox 166 272 2557 336">
     <span class='ocr_line' id='line_1_1' title="bbox 166 272 2557 336; baseline -0.002 -1"><span class='ocrx_word' id='word_1_1' title='bbox 166 275 247 336; x_wconf 78' lang='grc' dir='ltr'><strong>5ῦ1</strong></span> <span class='ocrx_word' id='word_1_2' title='bbox 931 272 1016 330; x_wconf 84' lang='lat' dir='ltr'><strong>DE</strong></span> <span class='ocrx_word' id='word_1_3' title='bbox 1059 274 1399 331; x_wconf 73' lang='lat' dir='ltr'><strong>DIVISIONE</strong></span> <span class='ocrx_word' id='word_1_4' title='bbox 1439 274 1792 333; x_wconf 74' lang='lat' dir='ltr'><strong>NATURAE.</strong></span> <span class='ocrx_word' id='word_1_5' title='bbox 1835 276 2134 332; x_wconf 76' lang='lat' dir='ltr'><strong>—-LIBER</strong></span> <span class='ocrx_word' id='word_1_6' title='bbox 2176 274 2557 333; x_wconf 69' lang='lat' dir='ltr'><strong>SECUNDUS.</strong></span> 
     </span>
    </p>
   </div>
   <div class='ocr_carea' id='block_1_2' title="bbox 3286 269 3393 327">
    <p class='ocr_par' dir='ltr' id='par_1_2' title="bbox 3286 269 3393 327">
     <span class='ocr_line' id='line_1_2' title="bbox 3286 269 3393 327; baseline -0.009 0"><span class='ocrx_word' id='word_1_7' title='bbox 3286 269 3393 327; x_wconf 69' lang='lat'><strong>562</strong></span> 
     </span>
    </p>
   </div>
   <div class='ocr_carea' id='block_1_3' title="bbox 168 387 3397 473">
    <p class='ocr_par' dir='ltr' id='par_1_3' title="bbox 168 387 3397 473">
     <span class='ocr_line' id='line_1_3' title="bbox 168 387 3397 473; baseline -0.002 -26"><span class='ocrx_word' id='word_1_8' title='bbox 168 402 314 454; x_wconf 78' lang='lat' dir='ltr'><strong>reret;</strong></span> <span class='ocrx_word' id='word_1_9' title='bbox 362 390 430 443; x_wconf 91' lang='lat' dir='ltr'><strong>nil</strong></span> <span class='ocrx_word' id='word_1_10' title='bbox 471 388 613 445; x_wconf 90' lang='lat' dir='ltr'><strong>enim</strong></span> <span class='ocrx_word' id='word_1_11' title='bbox 641 387 783 473; x_wconf 76' lang='lat' dir='ltr'><strong>aliud</strong></span> <span class='ocrx_word' id='word_1_12' title='bbox 827 387 880 443; x_wconf 89' lang='lat' dir='ltr'><strong>in</strong></span> <span class='ocrx_word' id='word_1_13' title='bbox 906 389 1237 460; x_wconf 75' lang='lat' dir='ltr'><strong>temporibus</strong></span> <span class='ocrx_word' id='word_1_14' title='bbox 1263 400 1475 458; x_wconf 88' lang='lat' dir='ltr'><strong>praeter</strong></span> <span class='ocrx_word' id='word_1_15' title='bbox 1500 405 1698 443; x_wconf 82' lang='lat' dir='ltr'><strong>earun-</strong></span> <span class='ocrx_word' id='word_1_16' title='bbox 1731 397 1774 451; x_wconf 80' lang='grc' dir='ltr'><strong>Α</strong></span> <span class='ocrx_word' id='word_1_17' title='bbox 1804 392 2072 461; x_wconf 89' lang='lat' dir='ltr'><strong>principio</strong></span> <span class='ocrx_word' id='word_1_18' title='bbox 2114 392 2436 455; x_wconf 85' lang='lat' dir='ltr'><strong>subsistunt,</strong></span> <span class='ocrx_word' id='word_1_19' title='bbox 2486 405 2592 444; x_wconf 92' lang='lat' dir='ltr'><strong>non</strong></span> <span class='ocrx_word' id='word_1_20' title='bbox 2633 389 2854 444; x_wconf 84' lang='lat' dir='ltr'><strong>omnino</strong></span> <span class='ocrx_word' id='word_1_21' title='bbox 2895 400 3072 442; x_wconf 87' lang='lat' dir='ltr'><strong>tamen</strong></span> <span class='ocrx_word' id='word_1_22' title='bbox 3118 387 3226 441; x_wconf 88' lang='lat' dir='ltr'><strong>Deo</strong></span> <span class='ocrx_word' id='word_1_23' title='bbox 3272 402 3397 442; x_wconf 83' lang='lat' dir='ltr'><strong>esse</strong></span> 
     </span>
    </p>
   </div>
   <div class='ocr_carea' id='block_1_4' title="bbox 166 478 1701 549">
    <p class='ocr_par' dir='ltr' id='par_1_4' title="bbox 166 478 1701 549">
     <span class='ocr_line' id='line_1_4' title="bbox 166 478 1701 549; baseline -0.002 -14"><span class='ocrx_word' id='word_1_24' title='bbox 166 484 266 535; x_wconf 77' lang='lat' dir='ltr'><strong>deut</strong></span> <span class='ocrx_word' id='word_1_25' title='bbox 316 495 484 535; x_wconf 88' lang='lat' dir='ltr'><strong>rermn</strong></span> <span class='ocrx_word' id='word_1_26' title='bbox 534 478 919 533; x_wconf 81' lang='lat' dir='ltr'><strong>revolutionem</strong></span> <span class='ocrx_word' id='word_1_27' title='bbox 968 480 1200 534; x_wconf 87' lang='lat' dir='ltr'><strong>sentitur</strong></span> <span class='ocrx_word' id='word_1_28' title='bbox 1240 488 1295 533; x_wconf 87' lang='lat' dir='ltr'><strong>et</strong></span> <span class='ocrx_word' id='word_1_29' title='bbox 1347 479 1701 549; x_wconf 87' lang='lat' dir='ltr'><strong>intelligitur:</strong></span> 
     </span>
    </p>
   </div>
   <div class='ocr_carea' id='block_1_5' title="bbox 165 568 1705 640">
    <p class='ocr_par' dir='ltr' id='par_1_5' title="bbox 165 568 1705 640">
     <span class='ocr_line' id='line_1_5' title="bbox 165 568 1705 640; baseline -0.003 -14"><span class='ocrx_word' id='word_1_30' title='bbox 165 573 274 633; x_wconf 78' lang='lat' dir='ltr'><strong>sive,</strong></span> <span class='ocrx_word' id='word_1_31' title='bbox 304 579 356 623; x_wconf 93' lang='lat' dir='ltr'><strong>ut</strong></span> <span class='ocrx_word' id='word_1_32' title='bbox 380 569 637 623; x_wconf 77' lang='lat' dir='ltr'><strong>Maximus</strong></span> <span class='ocrx_word' id='word_1_33' title='bbox 667 569 813 623; x_wconf 87' lang='lat' dir='ltr'><strong>hunc</strong></span> <span class='ocrx_word' id='word_1_34' title='bbox 837 568 1148 637; x_wconf 86' lang='lat' dir='ltr'><strong>Scripturae</strong></span> <span class='ocrx_word' id='word_1_35' title='bbox 1177 568 1423 640; x_wconf 92' lang='lat' dir='ltr'><strong>intelligit</strong></span> <span class='ocrx_word' id='word_1_36' title='bbox 1446 569 1621 623; x_wconf 88' lang='lat' dir='ltr'><strong>locum</strong></span> <span class='ocrx_word' id='word_1_37' title='bbox 1666 571 1705 633; x_wconf 77' lang='grc'><strong>³,</strong></span> 
     </span>
    </p>
   </div>
   <div class='ocr_carea' id='block_1_6' title="bbox 164 662 1708 733">
    <p class='ocr_par' dir='ltr' id='par_1_6' title="bbox 164 662 1708 733">
     <span class='ocr_line' id='line_1_6' title="bbox 164 662 1708 733; baseline 0.001 -18"><span class='ocrx_word' id='word_1_38' title='bbox 164 663 277 733; x_wconf 73' lang='lat' dir='ltr'><strong>quod</strong></span> <span class='ocrx_word' id='word_1_39' title='bbox 318 671 432 715; x_wconf 81' lang='lat' dir='ltr'><strong>ante</strong></span> <span class='ocrx_word' id='word_1_40' title='bbox 477 662 614 715; x_wconf 81' lang='lat' dir='ltr'><strong>lium:</strong></span> <span class='ocrx_word' id='word_1_41' title='bbox 644 662 898 715; x_wconf 83' lang='lat' dir='ltr'><strong>mundum</strong></span> <span class='ocrx_word' id='word_1_42' title='bbox 929 662 1051 731; x_wconf 82' lang='lat' dir='ltr'><strong>fuit,</strong></span> <span class='ocrx_word' id='word_1_43' title='bbox 1084 662 1138 714; x_wconf 87' lang='lat' dir='ltr'><strong>id</strong></span> <span class='ocrx_word' id='word_1_44' title='bbox 1168 663 1335 731; x_wconf 72' lang='lat' dir='ltr'><strong>ipsum</strong></span> <span class='ocrx_word' id='word_1_45' title='bbox 1365 662 1603 729; x_wconf 77' lang='lat' dir='ltr'><strong>futurum</strong></span> <span class='ocrx_word' id='word_1_46' title='bbox 1633 672 1708 716; x_wconf 74' lang='lat' dir='ltr'><strong>cat</strong></span> 
     </span>
    </p>
   </div>
   <div class='ocr_carea' id='block_1_7' title="bbox 163 752 1707 823">
    <p class='ocr_par' dir='ltr' id='par_1_7' title="bbox 163 752 1707 823">
     <span class='ocr_line' id='line_1_7' title="bbox 163 752 1707 823; baseline 0.001 -18"><span class='ocrx_word' id='word_1_47' title='bbox 163 764 255 823; x_wconf 69' lang='lat' dir='ltr'><strong>post</strong></span> <span class='ocrx_word' id='word_1_48' title='bbox 281 752 520 804; x_wconf 80' lang='lat' dir='ltr'><strong>mundum</strong></span> <span class='ocrx_word' id='word_1_49' title='bbox 549 752 591 817; x_wconf 79' lang='lat'><strong>&#39;,</strong></span> <span class='ocrx_word' id='word_1_50' title='bbox 621 752 671 805; x_wconf 91' lang='lat' dir='ltr'><strong>id</strong></span> <span class='ocrx_word' id='word_1_51' title='bbox 722 760 830 817; x_wconf 84' lang='lat' dir='ltr'><strong>est,</strong></span> <span class='ocrx_word' id='word_1_52' title='bbox 871 766 935 806; x_wconf 86' lang='lat' dir='ltr'><strong>ea</strong></span> <span class='ocrx_word' id='word_1_53' title='bbox 969 752 1105 817; x_wconf 89' lang='lat' dir='ltr'><strong>sola,</strong></span> <span class='ocrx_word' id='word_1_54' title='bbox 1147 768 1286 821; x_wconf 91' lang='lat' dir='ltr'><strong>quae</strong></span> <span class='ocrx_word' id='word_1_55' title='bbox 1314 760 1534 807; x_wconf 87' lang='lat' dir='ltr'><strong>aeterna</strong></span> <span class='ocrx_word' id='word_1_56' title='bbox 1563 762 1707 819; x_wconf 91' lang='lat' dir='ltr'><strong>sunt,</strong></span> 
     </span>
    </p>
   </div>
   <div class='ocr_carea' id='block_1_8' title="bbox 163 840 1707 909">
    <p class='ocr_par' dir='ltr' id='par_1_8' title="bbox 163 840 1707 909">
     <span class='ocr_line' id='line_1_8' title="bbox 163 840 1707 909; baseline 0.001 -14"><span class='ocrx_word' id='word_1_57' title='bbox 163 852 264 896; x_wconf 82' lang='lat' dir='ltr'><strong>ante</strong></span> <span class='ocrx_word' id='word_1_58' title='bbox 297 841 430 896; x_wconf 88' lang='lat' dir='ltr'><strong>hunc</strong></span> <span class='ocrx_word' id='word_1_59' title='bbox 460 842 718 896; x_wconf 87' lang='lat' dir='ltr'><strong>mundum</strong></span> <span class='ocrx_word' id='word_1_60' title='bbox 761 840 998 906; x_wconf 81' lang='lat' dir='ltr'><strong>fuerunt,</strong></span> <span class='ocrx_word' id='word_1_61' title='bbox 1045 850 1096 896; x_wconf 87' lang='lat' dir='ltr'><strong>et</strong></span> <span class='ocrx_word' id='word_1_62' title='bbox 1131 851 1250 909; x_wconf 87' lang='lat' dir='ltr'><strong>post</strong></span> <span class='ocrx_word' id='word_1_63' title='bbox 1285 856 1408 896; x_wconf 91' lang='lat' dir='ltr'><strong>eum</strong></span> <span class='ocrx_word' id='word_1_64' title='bbox 1465 842 1485 873; x_wconf 86' lang='grc'>³</span> <span class='ocrx_word' id='word_1_65' title='bbox 1530 842 1707 896; x_wconf 78' lang='lat' dir='ltr'><strong>futura</strong></span> 
     </span>
    </p>
   </div>
   <div class='ocr_carea' id='block_1_9' title="bbox 162 930 1708 1002">
    <p class='ocr_par' dir='ltr' id='par_1_9' title="bbox 162 930 1708 1002">
     <span class='ocr_line' id='line_1_9' title="bbox 162 930 1708 1002; baseline -0.001 -16"><span class='ocrx_word' id='word_1_66' title='bbox 162 942 280 986; x_wconf 80' lang='lat' dir='ltr'><strong>sunt.</strong></span> <span class='ocrx_word' id='word_1_67' title='bbox 309 930 366 985; x_wconf 84' lang='lat' dir='ltr'><strong>Et</strong></span> <span class='ocrx_word' id='word_1_68' title='bbox 402 930 534 984; x_wconf 84' lang='lat' dir='ltr'><strong>nihil</strong></span> <span class='ocrx_word' id='word_1_69' title='bbox 570 931 670 985; x_wconf 87' lang='lat' dir='ltr'><strong>sub</strong></span> <span class='ocrx_word' id='word_1_70' title='bbox 706 930 820 986; x_wconf 85' lang='lat' dir='ltr'><strong>sole</strong></span> <span class='ocrx_word' id='word_1_71' title='bbox 858 947 1076 996; x_wconf 86' lang='lat' dir='ltr'><strong>novum,</strong></span> <span class='ocrx_word' id='word_1_72' title='bbox 1117 932 1222 986; x_wconf 86' lang='lat' dir='ltr'><strong>hoc</strong></span> <span class='ocrx_word' id='word_1_73' title='bbox 1250 940 1335 986; x_wconf 86' lang='lat' dir='ltr'><strong>est</strong></span> <span class='ocrx_word' id='word_1_74' title='bbox 1372 930 1413 996; x_wconf 68' lang='grc'><strong>⁵,</strong></span> <span class='ocrx_word' id='word_1_75' title='bbox 1452 931 1708 1002; x_wconf 86' lang='lat' dir='ltr'><strong>quicquid</strong></span> 
     </span>
    </p>
   </div>
   <div class='ocr_carea' id='block_1_10' title="bbox 164 1022 1708 1088">
    <p class='ocr_par' dir='ltr' id='par_1_10' title="bbox 164 1022 1708 1088">
     <span class='ocr_line' id='line_1_10' title="bbox 164 1022 1708 1088; baseline 0.002 -13"><span class='ocrx_word' id='word_1_76' title='bbox 164 1038 325 1075; x_wconf 78' lang='lat' dir='ltr'><strong>norum</strong></span> <span class='ocrx_word' id='word_1_77' title='bbox 349 1022 449 1075; x_wconf 88' lang='lat' dir='ltr'><strong>sub</strong></span> <span class='ocrx_word' id='word_1_78' title='bbox 475 1024 575 1077; x_wconf 89' lang='lat' dir='ltr'><strong>hoc</strong></span> <span class='ocrx_word' id='word_1_79' title='bbox 602 1022 803 1076; x_wconf 87' lang='lat' dir='ltr'><strong>mundo</strong></span> <span class='ocrx_word' id='word_1_80' title='bbox 828 1030 932 1084; x_wconf 88' lang='lat' dir='ltr'><strong>est,</strong></span> <span class='ocrx_word' id='word_1_81' title='bbox 966 1023 1099 1078; x_wconf 85' lang='lat' dir='ltr'><strong>nihil</strong></span> <span class='ocrx_word' id='word_1_82' title='bbox 1136 1032 1248 1088; x_wconf 90' lang='lat' dir='ltr'><strong>est;</strong></span> <span class='ocrx_word' id='word_1_83' title='bbox 1289 1026 1522 1078; x_wconf 90' lang='lat' dir='ltr'><strong>mundus</strong></span> <span class='ocrx_word' id='word_1_84' title='bbox 1562 1024 1708 1078; x_wconf 91' lang='lat' dir='ltr'><strong>enim</strong></span> 
     </span>
    </p>
   </div>
   <div class='ocr_carea' id='block_1_11' title="bbox 164 1108 1707 1181">
    <p class='ocr_par' dir='ltr' id='par_1_11' title="bbox 164 1108 1707 1181">
     <span class='ocr_line' id='line_1_11' title="bbox 164 1108 1707 1181; baseline 0.002 -18"><span class='ocrx_word' id='word_1_85' title='bbox 164 1114 242 1166; x_wconf 77' lang='lat' dir='ltr'><strong>iste</strong></span> <span class='ocrx_word' id='word_1_86' title='bbox 267 1121 397 1166; x_wconf 89' lang='lat' dir='ltr'><strong>totus</strong></span> <span class='ocrx_word' id='word_1_87' title='bbox 425 1128 592 1165; x_wconf 79' lang='lat' dir='ltr'><strong>novus</strong></span> <span class='ocrx_word' id='word_1_88' title='bbox 616 1112 830 1175; x_wconf 80' lang='lat' dir='ltr'><strong>dicitur,</strong></span> <span class='ocrx_word' id='word_1_89' title='bbox 857 1114 981 1181; x_wconf 91' lang='lat' dir='ltr'><strong>quia</strong></span> <span class='ocrx_word' id='word_1_90' title='bbox 1004 1108 1259 1167; x_wconf 76' lang='lat' dir='ltr'><strong>aeternus</strong></span> <span class='ocrx_word' id='word_1_91' title='bbox 1294 1127 1400 1167; x_wconf 92' lang='lat' dir='ltr'><strong>uon</strong></span> <span class='ocrx_word' id='word_1_92' title='bbox 1432 1121 1535 1175; x_wconf 86' lang='lat' dir='ltr'><strong>est,</strong></span> <span class='ocrx_word' id='word_1_93' title='bbox 1559 1120 1614 1165; x_wconf 90' lang='lat' dir='ltr'><strong>et</strong></span> <span class='ocrx_word' id='word_1_94' title='bbox 1653 1112 1707 1166; x_wconf 90' lang='lat' dir='ltr'><strong>in</strong></span> 
     </span>
    </p>
   </div>
   <div class='ocr_carea' id='block_1_12' title="bbox 163 1201 1708 1271">
    <p class='ocr_par' dir='ltr' id='par_1_12' title="bbox 163 1201 1708 1271">
     <span class='ocr_line' id='line_1_12' title="bbox 163 1201 1708 1271; baseline 0.001 -18"><span class='ocrx_word' id='word_1_95' title='bbox 163 1210 367 1269; x_wconf 81' lang='lat' dir='ltr'><strong>tempore</strong></span> <span class='ocrx_word' id='word_1_96' title='bbox 411 1210 565 1255; x_wconf 82' lang='lat' dir='ltr'><strong>ortus</strong></span> <span class='ocrx_word' id='word_1_97' title='bbox 594 1210 705 1265; x_wconf 89' lang='lat' dir='ltr'><strong>est;</strong></span> <span class='ocrx_word' id='word_1_98' title='bbox 746 1202 973 1271; x_wconf 92' lang='lat' dir='ltr'><strong>ideoque</strong></span> <span class='ocrx_word' id='word_1_99' title='bbox 1012 1202 1142 1256; x_wconf 87' lang='lat' dir='ltr'><strong>nihil</strong></span> <span class='ocrx_word' id='word_1_100' title='bbox 1182 1211 1294 1266; x_wconf 88' lang='lat' dir='ltr'><strong>est;</strong></span> <span class='ocrx_word' id='word_1_101' title='bbox 1330 1201 1527 1271; x_wconf 76' lang='lat' dir='ltr'><strong>peribit</strong></span> <span class='ocrx_word' id='word_1_102' title='bbox 1563 1201 1708 1256; x_wconf 90' lang='lat' dir='ltr'><strong>enim</strong></span> 
     </span>
    </p>
   </div>
   <div class='ocr_carea' id='block_1_13' title="bbox 161 1290 1708 1360">
    <p class='ocr_par' dir='ltr' id='par_1_13' title="bbox 161 1290 1708 1360">
     <span class='ocr_line' id='line_1_13' title="bbox 161 1290 1708 1360; baseline 0.001 -16"><span class='ocrx_word' id='word_1_103' title='bbox 161 1306 257 1344; x_wconf 89' lang='lat' dir='ltr'><strong>cum</strong></span> <span class='ocrx_word' id='word_1_104' title='bbox 279 1290 541 1353; x_wconf 87' lang='lat' dir='ltr'><strong>omnibus,</strong></span> <span class='ocrx_word' id='word_1_105' title='bbox 578 1306 717 1360; x_wconf 83' lang='lat' dir='ltr'><strong>quae</strong></span> <span class='ocrx_word' id='word_1_106' title='bbox 745 1291 798 1345; x_wconf 91' lang='lat' dir='ltr'><strong>in</strong></span> <span class='ocrx_word' id='word_1_107' title='bbox 825 1306 891 1345; x_wconf 92' lang='lat' dir='ltr'><strong>eo</strong></span> <span class='ocrx_word' id='word_1_108' title='bbox 921 1301 1066 1355; x_wconf 89' lang='lat' dir='ltr'><strong>sunt,</strong></span> <span class='ocrx_word' id='word_1_109' title='bbox 1108 1300 1241 1347; x_wconf 89' lang='lat' dir='ltr'><strong>teste</strong></span> <span class='ocrx_word' id='word_1_110' title='bbox 1274 1290 1583 1356; x_wconf 86' lang='lat' dir='ltr'><strong>Psalmista,</strong></span> <span class='ocrx_word' id='word_1_111' title='bbox 1613 1291 1708 1360; x_wconf 89' lang='lat' dir='ltr'><strong>qui</strong></span> 
     </span>
    </p>
   </div>
   <div class='ocr_carea' id='block_1_14' title="bbox 160 1380 1707 1451">
    <p class='ocr_par' dir='ltr' id='par_1_14' title="bbox 160 1380 1707 1451">
     <span class='ocr_line' id='line_1_14' title="bbox 160 1380 1707 1451; baseline 0.001 -20"><span class='ocrx_word' id='word_1_112' title='bbox 160 1381 257 1434; x_wconf 80' lang='lat' dir='ltr'><strong>ait:</strong></span> <span class='ocrx_word' id='word_1_113' title='bbox 296 1380 465 1450; x_wconf 78' lang='lat' dir='ltr'><strong>Opera</strong></span> <span class='ocrx_word' id='word_1_114' title='bbox 516 1397 766 1435; x_wconf 83' lang='lat' dir='ltr'><strong>manuum</strong></span> <span class='ocrx_word' id='word_1_115' title='bbox 810 1392 1021 1436; x_wconf 88' lang='lat' dir='ltr'><strong>tuarum</strong></span> <span class='ocrx_word' id='word_1_116' title='bbox 1055 1394 1174 1437; x_wconf 76' lang='lat' dir='ltr'><strong>sunt</strong></span> <span class='ocrx_word' id='word_1_117' title='bbox 1216 1381 1386 1445; x_wconf 74' lang='lat' dir='ltr'><strong>caeli,</strong></span> <span class='ocrx_word' id='word_1_118' title='bbox 1427 1381 1526 1451; x_wconf 74' lang='lat' dir='ltr'><strong>ipsi</strong></span> <span class='ocrx_word' id='word_1_119' title='bbox 1568 1381 1707 1450; x_wconf 83' lang='lat' dir='ltr'><strong>peri-</strong></span> 
     </span>
    </p>
   </div>
   <div class='ocr_carea' id='block_1_15' title="bbox 160 1468 1708 1541">
    <p class='ocr_par' dir='ltr' id='par_1_15' title="bbox 160 1468 1708 1541">
     <span class='ocr_line' id='line_1_15' title="bbox 160 1468 1708 1541; baseline 0.001 -19"><span class='ocrx_word' id='word_1_120' title='bbox 160 1470 277 1524; x_wconf 74' lang='lat' dir='ltr'><strong>bunt.</strong></span> <span class='ocrx_word' id='word_1_121' title='bbox 315 1468 370 1524; x_wconf 91' lang='lat' dir='ltr'><strong>Si</strong></span> <span class='ocrx_word' id='word_1_122' title='bbox 400 1480 579 1524; x_wconf 88' lang='lat' dir='ltr'><strong>autem</strong></span> <span class='ocrx_word' id='word_1_123' title='bbox 611 1471 847 1525; x_wconf 79' lang='lat' dir='ltr'><strong>maxima</strong></span> <span class='ocrx_word' id='word_1_124' title='bbox 886 1486 1014 1541; x_wconf 89' lang='lat' dir='ltr'><strong>pars</strong></span> <span class='ocrx_word' id='word_1_125' title='bbox 1061 1472 1265 1537; x_wconf 89' lang='lat' dir='ltr'><strong>mundi,</strong></span> <span class='ocrx_word' id='word_1_126' title='bbox 1319 1486 1457 1541; x_wconf 87' lang='lat' dir='ltr'><strong>quae</strong></span> <span class='ocrx_word' id='word_1_127' title='bbox 1501 1471 1708 1526; x_wconf 88' lang='lat' dir='ltr'><strong>caelum</strong></span> 
     </span>
    </p>
   </div>
   <div class='ocr_carea' id='block_1_16' title="bbox 158 1563 1710 1634">
    <p class='ocr_par' dir='ltr' id='par_1_16' title="bbox 158 1563 1710 1634">
     <span class='ocr_line' id='line_1_16' title="bbox 158 1563 1710 1634; baseline 0.001 -17"><span class='ocrx_word' id='word_1_128' title='bbox 158 1577 253 1617; x_wconf 79' lang='lat' dir='ltr'><strong>esse</strong></span> <span class='ocrx_word' id='word_1_129' title='bbox 270 1564 576 1633; x_wconf 83' lang='lat' dir='ltr'><strong>perhibetur</strong></span> <span class='ocrx_word' id='word_1_130' title='bbox 600 1572 760 1632; x_wconf 87' lang='lat' dir='ltr'><strong>atque</strong></span> <span class='ocrx_word' id='word_1_131' title='bbox 778 1563 1162 1634; x_wconf 85' lang='lat' dir='ltr'><strong>pulcherrima,</strong></span> <span class='ocrx_word' id='word_1_132' title='bbox 1188 1574 1508 1633; x_wconf 88' lang='lat' dir='ltr'><strong>ceterasque</strong></span> <span class='ocrx_word' id='word_1_133' title='bbox 1529 1573 1710 1633; x_wconf 81' lang='lat' dir='ltr'><strong>partes</strong></span> 
     </span>
    </p>
   </div>
   <div class='ocr_carea' id='block_1_17' title="bbox 159 1654 1700 1728">
    <p class='ocr_par' dir='ltr' id='par_1_17' title="bbox 159 1654 1700 1728">
     <span class='ocr_line' id='line_1_17' title="bbox 159 1654 1700 1728; baseline 0.005 -24"><span class='ocrx_word' id='word_1_134' title='bbox 159 1654 355 1725; x_wconf 84' lang='lat' dir='ltr'><strong>undique</strong></span> <span class='ocrx_word' id='word_1_135' title='bbox 368 1657 576 1712; x_wconf 88' lang='lat' dir='ltr'><strong>ambire</strong></span> <span class='ocrx_word' id='word_1_136' title='bbox 598 1673 703 1712; x_wconf 91' lang='lat' dir='ltr'><strong>non</strong></span> <span class='ocrx_word' id='word_1_137' title='bbox 727 1658 1027 1728; x_wconf 77' lang='lat' dir='ltr'><strong>ignoratur,</strong></span> <span class='ocrx_word' id='word_1_138' title='bbox 1054 1659 1294 1728; x_wconf 87' lang='lat' dir='ltr'><strong>peritura</strong></span> <span class='ocrx_word' id='word_1_139' title='bbox 1325 1659 1416 1723; x_wconf 87' lang='lat' dir='ltr'><strong>sit,</strong></span> <span class='ocrx_word' id='word_1_140' title='bbox 1444 1667 1700 1727; x_wconf 83' lang='lat' dir='ltr'><strong>putasne,</strong></span> 
     </span>
    </p>
   </div>
   <div class='ocr_carea' id='block_1_18' title="bbox 1811 476 3395 551">
    <p class='ocr_par' dir='ltr' id='par_1_18' title="bbox 1811 476 3395 551">
     <span class='ocr_line' id='line_1_18' title="bbox 1811 476 3395 551; baseline -0.004 -15"><span class='ocrx_word' id='word_1_141' title='bbox 1811 492 2148 545; x_wconf 76' lang='lat' dir='ltr'><strong>coaeternus,</strong></span> <span class='ocrx_word' id='word_1_142' title='bbox 2174 484 2299 551; x_wconf 87' lang='lat' dir='ltr'><strong>quia</strong></span> <span class='ocrx_word' id='word_1_143' title='bbox 2335 480 2377 513; x_wconf 76' lang='grc'><strong><em>³⁵</em></strong></span> <span class='ocrx_word' id='word_1_144' title='bbox 2406 496 2512 536; x_wconf 88' lang='lat' dir='ltr'><strong>non</strong></span> <span class='ocrx_word' id='word_1_145' title='bbox 2539 497 2567 534; x_wconf 89' lang='lat' dir='ltr'><strong>a</strong></span> <span class='ocrx_word' id='word_1_146' title='bbox 2598 480 2817 549; x_wconf 86' lang='lat' dir='ltr'><strong>seipsis,</strong></span> <span class='ocrx_word' id='word_1_147' title='bbox 2843 480 2935 534; x_wconf 89' lang='lat' dir='ltr'><strong>sed</strong></span> <span class='ocrx_word' id='word_1_148' title='bbox 2961 494 2990 533; x_wconf 90' lang='lat' dir='ltr'><strong>a</strong></span> <span class='ocrx_word' id='word_1_149' title='bbox 3012 493 3112 533; x_wconf 89' lang='lat' dir='ltr'><strong>suo</strong></span> <span class='ocrx_word' id='word_1_150' title='bbox 3137 476 3395 531; x_wconf 88' lang='lat' dir='ltr'><strong>Creatore</strong></span> 
     </span>
    </p>
   </div>
   <div class='ocr_carea' id='block_1_19' title="bbox 1810 567 3396 642">
    <p class='ocr_par' dir='ltr' id='par_1_19' title="bbox 1810 567 3396 642">
     <span class='ocr_line' id='line_1_19' title="bbox 1810 567 3396 642; baseline -0.004 -15"><span class='ocrx_word' id='word_1_151' title='bbox 1810 573 2072 642; x_wconf 86' lang='lat' dir='ltr'><strong>incipiunt</strong></span> <span class='ocrx_word' id='word_1_152' title='bbox 2099 587 2244 637; x_wconf 86' lang='lat' dir='ltr'><strong>esse;</strong></span> <span class='ocrx_word' id='word_1_153' title='bbox 2286 574 2401 641; x_wconf 89' lang='lat' dir='ltr'><strong>ipse</strong></span> <span class='ocrx_word' id='word_1_154' title='bbox 2430 588 2563 627; x_wconf 82' lang='lat' dir='ltr'><strong>vero</strong></span> <span class='ocrx_word' id='word_1_155' title='bbox 2591 572 2817 626; x_wconf 89' lang='lat' dir='ltr'><strong>Creator</strong></span> <span class='ocrx_word' id='word_1_156' title='bbox 2841 570 2984 624; x_wconf 89' lang='lat' dir='ltr'><strong>nullo</strong></span> <span class='ocrx_word' id='word_1_157' title='bbox 3013 569 3172 623; x_wconf 87' lang='lat' dir='ltr'><strong>modo</strong></span> <span class='ocrx_word' id='word_1_158' title='bbox 3208 567 3396 637; x_wconf 88' lang='lat' dir='ltr'><strong>incipit</strong></span> 
     </span>
    </p>
   </div>
   <div class='ocr_carea' id='block_1_20' title="bbox 1808 658 3394 733">
    <p class='ocr_par' dir='ltr' id='par_1_20' title="bbox 1808 658 3394 733">
     <span class='ocr_line' id='line_1_20' title="bbox 1808 658 3394 733; baseline -0.006 -15"><span class='ocrx_word' id='word_1_159' title='bbox 1808 680 1929 718; x_wconf 87' lang='lat' dir='ltr'><strong>esse</strong></span> <span class='ocrx_word' id='word_1_160' title='bbox 1974 665 2051 727; x_wconf 76' lang='lat'><strong>&#39;°;</strong></span> <span class='ocrx_word' id='word_1_161' title='bbox 2082 664 2229 717; x_wconf 85' lang='lat' dir='ltr'><strong>solus</strong></span> <span class='ocrx_word' id='word_1_162' title='bbox 2271 665 2415 717; x_wconf 85' lang='lat' dir='ltr'><strong>enim</strong></span> <span class='ocrx_word' id='word_1_163' title='bbox 2460 664 2575 733; x_wconf 87' lang='lat' dir='ltr'><strong>ipse</strong></span> <span class='ocrx_word' id='word_1_164' title='bbox 2617 672 2700 717; x_wconf 89' lang='lat' dir='ltr'><strong>est</strong></span> <span class='ocrx_word' id='word_1_165' title='bbox 2738 677 2863 715; x_wconf 77' lang='lat' dir='ltr'><strong>vera</strong></span> <span class='ocrx_word' id='word_1_166' title='bbox 2902 660 3217 723; x_wconf 75' lang='lat' dir='ltr'><strong>aeternitas,</strong></span> <span class='ocrx_word' id='word_1_167' title='bbox 3247 658 3394 711; x_wconf 88' lang='lat' dir='ltr'><strong>onmi</strong></span> 
     </span>
    </p>
   </div>
   <div class='ocr_carea' id='block_1_21' title="bbox 1809 746 3399 824">
    <p class='ocr_par' dir='ltr' id='par_1_21' title="bbox 1809 746 3399 824">
     <span class='ocr_line' id='line_1_21' title="bbox 1809 746 3399 824; baseline -0.006 -16"><span class='ocrx_word' id='word_1_168' title='bbox 1809 754 2073 824; x_wconf 88' lang='lat' dir='ltr'><strong>principio</strong></span> <span class='ocrx_word' id='word_1_169' title='bbox 2111 753 2367 821; x_wconf 82' lang='lat' dir='ltr'><strong>omnique</strong></span> <span class='ocrx_word' id='word_1_170' title='bbox 2405 754 2509 806; x_wconf 89' lang='lat' dir='ltr'><strong>line</strong></span> <span class='ocrx_word' id='word_1_171' title='bbox 2540 767 2751 813; x_wconf 90' lang='lat' dir='ltr'><strong>carens,</strong></span> <span class='ocrx_word' id='word_1_172' title='bbox 2785 751 2908 820; x_wconf 88' lang='lat' dir='ltr'><strong>quia</strong></span> <span class='ocrx_word' id='word_1_173' title='bbox 2941 751 3054 818; x_wconf 89' lang='lat' dir='ltr'><strong>ipse</strong></span> <span class='ocrx_word' id='word_1_174' title='bbox 3082 757 3164 802; x_wconf 91' lang='lat' dir='ltr'><strong>cst</strong></span> <span class='ocrx_word' id='word_1_175' title='bbox 3196 746 3399 818; x_wconf 90' lang='lat' dir='ltr'><strong>princi-</strong></span> 
     </span>
    </p>
   </div>
   <div class='ocr_carea' id='block_1_22' title="bbox 1809 836 3395 915">
    <p class='ocr_par' dir='ltr' id='par_1_22' title="bbox 1809 836 3395 915">
     <span class='ocr_line' id='line_1_22' title="bbox 1809 836 3395 915; baseline -0.006 -18"><span class='ocrx_word' id='word_1_176' title='bbox 1809 847 1954 915; x_wconf 87' lang='lat' dir='ltr'><strong>pium</strong></span> <span class='ocrx_word' id='word_1_177' title='bbox 1984 844 2222 898; x_wconf 88' lang='lat' dir='ltr'><strong>onmium</strong></span> <span class='ocrx_word' id='word_1_178' title='bbox 2248 852 2303 897; x_wconf 92' lang='lat' dir='ltr'><strong>et</strong></span> <span class='ocrx_word' id='word_1_179' title='bbox 2332 843 2471 895; x_wconf 80' lang='lat' dir='ltr'><strong>linis.</strong></span> <span class='ocrx_word' id='word_1_180' title='bbox 2505 841 2618 895; x_wconf 83' lang='lat' dir='ltr'><strong>Non</strong></span> <span class='ocrx_word' id='word_1_181' title='bbox 2645 841 2787 895; x_wconf 68' lang='lat' dir='ltr'><strong>cutim</strong></span> <span class='ocrx_word' id='word_1_182' title='bbox 2809 855 2936 894; x_wconf 56' lang='lat' dir='ltr'><strong>vera</strong></span> <span class='ocrx_word' id='word_1_183' title='bbox 2966 847 3045 893; x_wconf 81' lang='lat' dir='ltr'><strong>est</strong></span> <span class='ocrx_word' id='word_1_184' title='bbox 3076 836 3395 899; x_wconf 86' lang='lat' dir='ltr'><strong>aeternitas,</strong></span> 
     </span>
    </p>
   </div>
   <div class='ocr_carea' id='block_1_23' title="bbox 1808 928 3401 1006">
    <p class='ocr_par' dir='ltr' id='par_1_23' title="bbox 1808 928 3401 1006">
     <span class='ocr_line' id='line_1_23' title="bbox 1808 928 3401 1006; baseline -0.006 -17"><span class='ocrx_word' id='word_1_185' title='bbox 1808 951 1950 1006; x_wconf 85' lang='lat' dir='ltr'><strong>quae</strong></span> <span class='ocrx_word' id='word_1_186' title='bbox 1975 935 2372 1006; x_wconf 85' lang='lat' dir='ltr'><strong>quodammodo</strong></span> <span class='ocrx_word' id='word_1_187' title='bbox 2399 933 2584 1002; x_wconf 89' lang='lat' dir='ltr'><strong>incipit</strong></span> <span class='ocrx_word' id='word_1_188' title='bbox 2615 949 2778 998; x_wconf 40' lang='lat' dir='ltr'><strong>esse,</strong></span> <span class='ocrx_word' id='word_1_189' title='bbox 2797 932 2887 987; x_wconf 79' lang='lat' dir='ltr'><strong>sed</strong></span> <span class='ocrx_word' id='word_1_190' title='bbox 2935 947 3060 985; x_wconf 77' lang='lat' dir='ltr'><strong>vere</strong></span> <span class='ocrx_word' id='word_1_191' title='bbox 3106 928 3401 983; x_wconf 85' lang='lat' dir='ltr'><strong>aeternita-</strong></span> 
     </span>
    </p>
   </div>
   <div class='ocr_carea' id='block_1_24' title="bbox 1811 1018 3403 1101">
    <p class='ocr_par' dir='ltr' id='par_1_24' title="bbox 1811 1018 3403 1101">
     <span class='ocr_line' id='line_1_24' title="bbox 1811 1018 3403 1101; baseline -0.008 -21"><span class='ocrx_word' id='word_1_192' title='bbox 1811 1027 1900 1086; x_wconf 86' lang='lat' dir='ltr'><strong>tis,</strong></span> <span class='ocrx_word' id='word_1_193' title='bbox 1932 1040 2071 1094; x_wconf 88' lang='lat' dir='ltr'><strong>quae</strong></span> <span class='ocrx_word' id='word_1_194' title='bbox 2099 1021 2330 1101; x_wconf 65' lang='lat' dir='ltr'><strong>a&#39;tvszo:</strong></span> <span class='ocrx_word' id='word_1_195' title='bbox 2368 1032 2471 1087; x_wconf 87' lang='lat' dir='ltr'><strong>est,</strong></span> <span class='ocrx_word' id='word_1_196' title='bbox 2509 1024 2610 1077; x_wconf 91' lang='lat' dir='ltr'><strong>hoc</strong></span> <span class='ocrx_word' id='word_1_197' title='bbox 2631 1033 2733 1087; x_wconf 86' lang='lat' dir='ltr'><strong>est,</strong></span> <span class='ocrx_word' id='word_1_198' title='bbox 2758 1023 2901 1077; x_wconf 89' lang='lat' dir='ltr'><strong>omni</strong></span> <span class='ocrx_word' id='word_1_199' title='bbox 2935 1029 3083 1076; x_wconf 85' lang='lat' dir='ltr'><strong>caret</strong></span> <span class='ocrx_word' id='word_1_200' title='bbox 3110 1018 3403 1088; x_wconf 85' lang='lat' dir='ltr'><strong>principio,</strong></span> 
     </span>
    </p>
   </div>
   <div class='ocr_carea' id='block_1_25' title="bbox 1809 1110 3397 1186">
    <p class='ocr_par' dir='ltr' id='par_1_25' title="bbox 1809 1110 3397 1186">
     <span class='ocr_line' id='line_1_25' title="bbox 1809 1110 3397 1186; baseline -0.004 -17"><span class='ocrx_word' id='word_1_201' title='bbox 1809 1116 2152 1186; x_wconf 87' lang='lat' dir='ltr'><strong>participatin</strong></span> <span class='ocrx_word' id='word_1_202' title='bbox 2180 1124 2283 1169; x_wconf 87' lang='lat' dir='ltr'><strong>est.</strong></span> <span class='ocrx_word' id='word_1_203' title='bbox 2330 1113 2519 1170; x_wconf 81' lang='lat' dir='ltr'><strong>Omnis</strong></span> <span class='ocrx_word' id='word_1_204' title='bbox 2542 1123 2723 1168; x_wconf 88' lang='lat' dir='ltr'><strong>autem</strong></span> <span class='ocrx_word' id='word_1_205' title='bbox 2751 1124 2999 1168; x_wconf 78' lang='lat' dir='ltr'><strong>creatura</strong></span> <span class='ocrx_word' id='word_1_206' title='bbox 3026 1110 3215 1180; x_wconf 86' lang='lat' dir='ltr'><strong>incipit</strong></span> <span class='ocrx_word' id='word_1_207' title='bbox 3249 1123 3397 1173; x_wconf 82' lang='lat' dir='ltr'><strong>esse,</strong></span> 
     </span>
    </p>
   </div>
   <div class='ocr_carea' id='block_1_26' title="bbox 1808 1200 3401 1276">
    <p class='ocr_par' dir='ltr' id='par_1_26' title="bbox 1808 1200 3401 1276">
     <span class='ocr_line' id='line_1_26' title="bbox 1808 1200 3401 1276; baseline -0.004 -17"><span class='ocrx_word' id='word_1_208' title='bbox 1808 1208 1931 1276; x_wconf 87' lang='lat' dir='ltr'><strong>quia</strong></span> <span class='ocrx_word' id='word_1_209' title='bbox 1963 1214 2101 1270; x_wconf 83' lang='lat' dir='ltr'><strong>erat,</strong></span> <span class='ocrx_word' id='word_1_210' title='bbox 2130 1206 2345 1275; x_wconf 86' lang='lat' dir='ltr'><strong>quando</strong></span> <span class='ocrx_word' id='word_1_211' title='bbox 2380 1219 2485 1259; x_wconf 85' lang='lat' dir='ltr'><strong>non</strong></span> <span class='ocrx_word' id='word_1_212' title='bbox 2515 1212 2631 1258; x_wconf 87' lang='lat' dir='ltr'><strong>erat</strong></span> <span class='ocrx_word' id='word_1_213' title='bbox 2657 1222 2671 1257; x_wconf 89' lang='lat'><strong>:</strong></span> <span class='ocrx_word' id='word_1_214' title='bbox 2696 1213 2815 1258; x_wconf 86' lang='lat' dir='ltr'><strong>erat</strong></span> <span class='ocrx_word' id='word_1_215' title='bbox 2857 1204 2910 1257; x_wconf 90' lang='lat' dir='ltr'><strong>iu</strong></span> <span class='ocrx_word' id='word_1_216' title='bbox 2955 1203 3160 1265; x_wconf 82' lang='lat' dir='ltr'><strong>causis,</strong></span> <span class='ocrx_word' id='word_1_217' title='bbox 3181 1200 3401 1270; x_wconf 86' lang='lat' dir='ltr'><strong>quando</strong></span> 
     </span>
    </p>
   </div>
   <div class='ocr_carea' id='block_1_27' title="bbox 1811 1290 3404 1361">
    <p class='ocr_par' dir='ltr' id='par_1_27' title="bbox 1811 1290 3404 1361">
     <span class='ocr_line' id='line_1_27' title="bbox 1811 1290 3404 1361; baseline -0.006 -10"><span class='ocrx_word' id='word_1_218' title='bbox 1811 1313 1915 1351; x_wconf 90' lang='lat' dir='ltr'><strong>non</strong></span> <span class='ocrx_word' id='word_1_219' title='bbox 1961 1305 2080 1350; x_wconf 88' lang='lat' dir='ltr'><strong>erat</strong></span> <span class='ocrx_word' id='word_1_220' title='bbox 2144 1297 2197 1350; x_wconf 90' lang='lat' dir='ltr'><strong>in</strong></span> <span class='ocrx_word' id='word_1_221' title='bbox 2260 1293 2561 1349; x_wconf 70' lang='lat' dir='ltr'><strong>eﬂ‘ectibus.</strong></span> <span class='ocrx_word' id='word_1_222' title='bbox 2622 1293 2737 1347; x_wconf 81' lang='lat' dir='ltr'><strong>Non</strong></span> <span class='ocrx_word' id='word_1_223' title='bbox 2790 1292 3011 1347; x_wconf 89' lang='lat' dir='ltr'><strong>omnino</strong></span> <span class='ocrx_word' id='word_1_224' title='bbox 3057 1290 3221 1361; x_wconf 80' lang='lat' dir='ltr'><strong>igitur</strong></span> <span class='ocrx_word' id='word_1_225' title='bbox 3269 1301 3404 1341; x_wconf 79' lang='lat' dir='ltr'><strong>vere</strong></span> 
     </span>
    </p>
   </div>
   <div class='ocr_carea' id='block_1_28' title="bbox 1810 1383 3401 1451">
    <p class='ocr_par' dir='ltr' id='par_1_28' title="bbox 1810 1383 3401 1451">
     <span class='ocr_line' id='line_1_28' title="bbox 1810 1383 3401 1451; baseline -0.007 -10"><span class='ocrx_word' id='word_1_226' title='bbox 1810 1386 2114 1441; x_wconf 78' lang='lat' dir='ltr'><strong>aeternitati</strong></span> <span class='ocrx_word' id='word_1_227' title='bbox 2154 1395 2439 1441; x_wconf 88' lang='lat' dir='ltr'><strong>coaeterna</strong></span> <span class='ocrx_word' id='word_1_228' title='bbox 2487 1393 2589 1439; x_wconf 87' lang='lat' dir='ltr'><strong>est.</strong></span> <span class='ocrx_word' id='word_1_229' title='bbox 2644 1383 2701 1439; x_wconf 89' lang='lat' dir='ltr'><strong>Si</strong></span> <span class='ocrx_word' id='word_1_230' title='bbox 2749 1394 2928 1437; x_wconf 89' lang='lat' dir='ltr'><strong>autem</strong></span> <span class='ocrx_word' id='word_1_231' title='bbox 2975 1383 3029 1437; x_wconf 93' lang='lat' dir='ltr'><strong>in</strong></span> <span class='ocrx_word' id='word_1_232' title='bbox 3074 1383 3186 1451; x_wconf 85' lang='lat' dir='ltr'><strong>ipsa</strong></span> <span class='ocrx_word' id='word_1_233' title='bbox 3234 1394 3401 1435; x_wconf 81' lang='lat' dir='ltr'><strong>causa</strong></span> 
     </span>
    </p>
   </div>
   <div class='ocr_carea' id='block_1_29' title="bbox 1809 1470 3406 1541">
    <p class='ocr_par' dir='ltr' id='par_1_29' title="bbox 1809 1470 3406 1541">
     <span class='ocr_line' id='line_1_29' title="bbox 1809 1470 3406 1541; baseline -0.006 -9"><span class='ocrx_word' id='word_1_234' title='bbox 1809 1493 2093 1533; x_wconf 72' lang='lat' dir='ltr'><strong>causarum</strong></span> <span class='ocrx_word' id='word_1_235' title='bbox 2124 1476 2386 1540; x_wconf 89' lang='lat' dir='ltr'><strong>omnimn,</strong></span> <span class='ocrx_word' id='word_1_236' title='bbox 2413 1476 2465 1530; x_wconf 91' lang='lat' dir='ltr'><strong>in</strong></span> <span class='ocrx_word' id='word_1_237' title='bbox 2492 1475 2757 1529; x_wconf 90' lang='lat' dir='ltr'><strong>Triuitate</strong></span> <span class='ocrx_word' id='word_1_238' title='bbox 2787 1475 2928 1536; x_wconf 87' lang='lat' dir='ltr'><strong>dico,</strong></span> <span class='ocrx_word' id='word_1_239' title='bbox 2948 1474 3212 1541; x_wconf 77' lang='lat' dir='ltr'><strong>quaedam</strong></span> <span class='ocrx_word' id='word_1_240' title='bbox 3240 1470 3406 1524; x_wconf 64' lang='lat' dir='ltr'><strong>inlela</strong></span> 
     </span>
    </p>
   </div>
   <div class='ocr_carea' id='block_1_30' title="bbox 1810 1562 3400 1639">
    <p class='ocr_par' dir='ltr' id='par_1_30' title="bbox 1810 1562 3400 1639">
     <span class='ocr_line' id='line_1_30' title="bbox 1810 1562 3400 1639; baseline -0.006 -15"><span class='ocrx_word' id='word_1_241' title='bbox 1810 1570 1993 1639; x_wconf 80' lang='lat' dir='ltr'><strong>ligitur</strong></span> <span class='ocrx_word' id='word_1_242' title='bbox 2019 1569 2322 1638; x_wconf 87' lang='lat' dir='ltr'><strong>praecessio</strong></span> <span class='ocrx_word' id='word_1_243' title='bbox 2345 1568 2387 1600; x_wconf 77' lang='lat'>“</span> <span class='ocrx_word' id='word_1_244' title='bbox 2412 1583 2426 1633; x_wconf 92' lang='lat'><strong>;</strong></span> <span class='ocrx_word' id='word_1_245' title='bbox 2464 1567 2644 1621; x_wconf 86' lang='lat' dir='ltr'><strong>Deitas</strong></span> <span class='ocrx_word' id='word_1_246' title='bbox 2667 1567 2811 1620; x_wconf 90' lang='lat' dir='ltr'><strong>enim</strong></span> <span class='ocrx_word' id='word_1_247' title='bbox 2840 1566 3067 1635; x_wconf 79' lang='lat' dir='ltr'><strong>gignens</strong></span> <span class='ocrx_word' id='word_1_248' title='bbox 3096 1571 3150 1617; x_wconf 89' lang='lat' dir='ltr'><strong>et</strong></span> <span class='ocrx_word' id='word_1_249' title='bbox 3181 1562 3400 1616; x_wconf 89' lang='lat' dir='ltr'><strong>mittens</strong></span> 
     </span>
    </p>
   </div>
   <div class='ocr_carea' id='block_1_31' title="bbox 1811 1651 3401 1730">
    <p class='ocr_par' dir='ltr' id='par_1_31' title="bbox 1811 1651 3401 1730">
     <span class='ocr_line' id='line_1_31' title="bbox 1811 1651 3401 1730; baseline -0.007 -16"><span class='ocrx_word' id='word_1_250' title='bbox 1811 1657 2083 1730; x_wconf 85' lang='lat' dir='ltr'><strong>praecedit</strong></span> <span class='ocrx_word' id='word_1_251' title='bbox 2115 1658 2376 1713; x_wconf 86' lang='lat' dir='ltr'><strong>Deitatem</strong></span> <span class='ocrx_word' id='word_1_252' title='bbox 2409 1658 2644 1729; x_wconf 83' lang='lat' dir='ltr'><strong>genitam</strong></span> <span class='ocrx_word' id='word_1_253' title='bbox 2692 1664 2748 1709; x_wconf 92' lang='lat' dir='ltr'><strong>et</strong></span> <span class='ocrx_word' id='word_1_254' title='bbox 2794 1656 3057 1709; x_wconf 89' lang='lat' dir='ltr'><strong>Deitatem</strong></span> <span class='ocrx_word' id='word_1_255' title='bbox 3104 1651 3401 1721; x_wconf 86' lang='lat' dir='ltr'><strong>proceden-</strong></span> 
     </span>
    </p>
   </div>
   <div class='ocr_carea' id='block_1_32' title="bbox 157 1734 3487 1819">
    <p class='ocr_par' dir='ltr' id='par_1_32' title="bbox 157 1734 3487 1819">
     <span class='ocr_line' id='line_1_32' title="bbox 157 1734 3487 1819; baseline -0.002 -19"><span class='ocrx_word' id='word_1_256' title='bbox 157 1748 269 1813; x_wconf 83' lang='lat' dir='ltr'><strong>quod</strong></span> <span class='ocrx_word' id='word_1_257' title='bbox 296 1748 349 1800; x_wconf 92' lang='lat' dir='ltr'><strong>in</strong></span> <span class='ocrx_word' id='word_1_258' title='bbox 385 1748 582 1802; x_wconf 89' lang='lat' dir='ltr'><strong>ceteris</strong></span> <span class='ocrx_word' id='word_1_259' title='bbox 609 1749 722 1805; x_wconf 88' lang='lat' dir='ltr'><strong>suis</strong></span> <span class='ocrx_word' id='word_1_260' title='bbox 767 1749 1011 1818; x_wconf 85' lang='lat' dir='ltr'><strong>partibus</strong></span> <span class='ocrx_word' id='word_1_261' title='bbox 1053 1749 1402 1804; x_wconf 89' lang='lat' dir='ltr'><strong>interioribus</strong></span> <span class='ocrx_word' id='word_1_262' title='bbox 1442 1750 1464 1781; x_wconf 83' lang='lat'><strong>&#39;</strong></span> <span class='ocrx_word' id='word_1_263' title='bbox 1506 1749 1713 1802; x_wconf 84' lang='lat' dir='ltr'><strong>viliori-</strong></span> <span class='ocrx_word' id='word_1_264' title='bbox 1739 1734 1785 1795; x_wconf 81' lang='grc' dir='ltr'>Β</span> <span class='ocrx_word' id='word_1_265' title='bbox 1816 1760 1921 1805; x_wconf 89' lang='lat' dir='ltr'><strong>tem</strong></span> <span class='ocrx_word' id='word_1_266' title='bbox 1953 1764 2020 1803; x_wconf 79' lang='lat' dir='ltr'><strong>ex</strong></span> <span class='ocrx_word' id='word_1_267' title='bbox 2049 1749 2303 1819; x_wconf 88' lang='lat' dir='ltr'><strong>gignente</strong></span> <span class='ocrx_word' id='word_1_268' title='bbox 2326 1755 2380 1801; x_wconf 91' lang='lat' dir='ltr'><strong>et</strong></span> <span class='ocrx_word' id='word_1_269' title='bbox 2406 1748 2603 1817; x_wconf 86' lang='lat' dir='ltr'><strong>genita,</strong></span> <span class='ocrx_word' id='word_1_270' title='bbox 2638 1746 2764 1800; x_wconf 91' lang='lat' dir='ltr'><strong>dum</strong></span> <span class='ocrx_word' id='word_1_271' title='bbox 2795 1745 2866 1799; x_wconf 87' lang='lat' dir='ltr'><strong>sit</strong></span> <span class='ocrx_word' id='word_1_272' title='bbox 2899 1759 3003 1796; x_wconf 88' lang='lat' dir='ltr'><strong>una</strong></span> <span class='ocrx_word' id='word_1_273' title='bbox 3041 1750 3095 1796; x_wconf 89' lang='lat' dir='ltr'><strong>et</strong></span> <span class='ocrx_word' id='word_1_274' title='bbox 3123 1744 3398 1811; x_wconf 86' lang='lat' dir='ltr'><strong>insepara-</strong></span> <span class='ocrx_word' id='word_1_275' title='bbox 3476 1770 3487 1779; x_wconf 69' lang='grc' dir='ltr'><strong>ο</strong></span> 
     </span>
    </p>
   </div>
   <div class='ocr_carea' id='block_1_33' title="bbox 158 1836 1707 1916">
    <p class='ocr_par' dir='ltr' id='par_1_33' title="bbox 158 1836 1707 1916">
     <span class='ocr_line' id='line_1_33' title="bbox 158 1836 1707 1916; baseline 0.003 -28"><span class='ocrx_word' id='word_1_276' title='bbox 158 1836 327 1916; x_wconf 66' lang='lat' dir='ltr'><strong>iusqtte</strong></span> <span class='ocrx_word' id='word_1_277' title='bbox 382 1852 701 1907; x_wconf 87' lang='lat' dir='ltr'><strong>permanere</strong></span> <span class='ocrx_word' id='word_1_278' title='bbox 759 1838 1090 1909; x_wconf 85' lang='lat' dir='ltr'><strong>praevalebit</strong></span> <span class='ocrx_word' id='word_1_279' title='bbox 1138 1839 1201 1892; x_wconf 81' lang='lat'><strong>‘?</strong></span> <span class='ocrx_word' id='word_1_280' title='bbox 1260 1839 1318 1894; x_wconf 87' lang='lat' dir='ltr'><strong>In</strong></span> <span class='ocrx_word' id='word_1_281' title='bbox 1365 1838 1512 1893; x_wconf 90' lang='lat' dir='ltr'><strong>omni</strong></span> <span class='ocrx_word' id='word_1_282' title='bbox 1564 1839 1707 1893; x_wconf 88' lang='lat' dir='ltr'><strong>enim</strong></span> 
     </span>
    </p>
   </div>
   <div class='ocr_carea' id='block_1_34' title="bbox 157 1929 1707 1999">
    <p class='ocr_par' dir='ltr' id='par_1_34' title="bbox 157 1929 1707 1999">
     <span class='ocr_line' id='line_1_34' title="bbox 157 1929 1707 1999; baseline 0.001 -20"><span class='ocrx_word' id='word_1_283' title='bbox 157 1940 346 1996; x_wconf 82' lang='lat' dir='ltr'><strong>cotpore</strong></span> <span class='ocrx_word' id='word_1_284' title='bbox 365 1937 668 1997; x_wconf 86' lang='lat' dir='ltr'><strong>compacto,</strong></span> <span class='ocrx_word' id='word_1_285' title='bbox 696 1929 822 1984; x_wconf 88' lang='lat' dir='ltr'><strong>dum</strong></span> <span class='ocrx_word' id='word_1_286' title='bbox 852 1943 937 1992; x_wconf 87' lang='lat' dir='ltr'><strong>ea.</strong></span> <span class='ocrx_word' id='word_1_287' title='bbox 961 1943 1099 1999; x_wconf 88' lang='lat' dir='ltr'><strong>quae</strong></span> <span class='ocrx_word' id='word_1_288' title='bbox 1128 1930 1430 1992; x_wconf 86' lang='lat' dir='ltr'><strong>continent,</strong></span> <span class='ocrx_word' id='word_1_289' title='bbox 1459 1936 1707 1997; x_wconf 86' lang='lat' dir='ltr'><strong>pereunt,</strong></span> 
     </span>
    </p>
   </div>
   <div class='ocr_carea' id='block_1_35' title="bbox 156 2018 1709 2096">
    <p class='ocr_par' dir='ltr' id='par_1_35' title="bbox 156 2018 1709 2096">
     <span class='ocr_line' id='line_1_35' title="bbox 156 2018 1709 2096; baseline 0.006 -30"><span class='ocrx_word' id='word_1_290' title='bbox 156 2031 264 2085; x_wconf 81' lang='lat' dir='ltr'><strong>quae</strong></span> <span class='ocrx_word' id='word_1_291' title='bbox 329 2018 692 2096; x_wconf 81' lang='lat' dir='ltr'><strong>continentur,</strong></span> <span class='ocrx_word' id='word_1_292' title='bbox 738 2034 1019 2074; x_wconf 88' lang='lat' dir='ltr'><strong>remanere</strong></span> <span class='ocrx_word' id='word_1_293' title='bbox 1065 2020 1083 2050; x_wconf 82' lang='grc'><strong>⁷</strong></span> <span class='ocrx_word' id='word_1_294' title='bbox 1136 2035 1242 2074; x_wconf 90' lang='lat' dir='ltr'><strong>non</strong></span> <span class='ocrx_word' id='word_1_295' title='bbox 1302 2028 1543 2088; x_wconf 87' lang='lat' dir='ltr'><strong>possunt.</strong></span> <span class='ocrx_word' id='word_1_296' title='bbox 1602 2019 1709 2075; x_wconf 86' lang='lat' dir='ltr'><strong>Sed</strong></span> 
     </span>
    </p>
   </div>
   <div class='ocr_carea' id='block_1_36' title="bbox 155 2108 1712 2179">
    <p class='ocr_par' dir='ltr' id='par_1_36' title="bbox 155 2108 1712 2179">
     <span class='ocr_line' id='line_1_36' title="bbox 155 2108 1712 2179; baseline 0.004 -21"><span class='ocrx_word' id='word_1_297' title='bbox 155 2108 252 2174; x_wconf 88' lang='lat' dir='ltr'><strong>quia</strong></span> <span class='ocrx_word' id='word_1_298' title='bbox 274 2109 340 2161; x_wconf 88' lang='lat' dir='ltr'><strong>ad</strong></span> <span class='ocrx_word' id='word_1_299' title='bbox 365 2108 590 2162; x_wconf 87' lang='lat' dir='ltr'><strong>nihilum</strong></span> <span class='ocrx_word' id='word_1_300' title='bbox 632 2112 847 2179; x_wconf 87' lang='lat' dir='ltr'><strong>penitus</strong></span> <span class='ocrx_word' id='word_1_301' title='bbox 898 2110 1075 2164; x_wconf 86' lang='lat' dir='ltr'><strong>redire</strong></span> <span class='ocrx_word' id='word_1_302' title='bbox 1119 2126 1223 2165; x_wconf 91' lang='lat' dir='ltr'><strong>non</strong></span> <span class='ocrx_word' id='word_1_303' title='bbox 1258 2110 1458 2179; x_wconf 90' lang='lat' dir='ltr'><strong>poterit</strong></span> <span class='ocrx_word' id='word_1_304' title='bbox 1499 2110 1542 2176; x_wconf 75' lang='grc'><strong>⁸,</strong></span> <span class='ocrx_word' id='word_1_305' title='bbox 1583 2125 1712 2178; x_wconf 84' lang='lat' dir='ltr'><strong>quo-</strong></span> 
     </span>
    </p>
   </div>
   <div class='ocr_carea' id='block_1_37' title="bbox 157 2198 1711 2270">
    <p class='ocr_par' dir='ltr' id='par_1_37' title="bbox 157 2198 1711 2270">
     <span class='ocr_line' id='line_1_37' title="bbox 157 2198 1711 2270; baseline 0.004 -21"><span class='ocrx_word' id='word_1_306' title='bbox 157 2198 268 2251; x_wconf 83' lang='lat' dir='ltr'><strong>niam</strong></span> <span class='ocrx_word' id='word_1_307' title='bbox 315 2202 428 2253; x_wconf 59' lang='grc' dir='ltr'><strong>δι’</strong></span> <span class='ocrx_word' id='word_1_308' title='bbox 460 2200 571 2254; x_wconf 89' lang='lat' dir='ltr'><strong>Deo</strong></span> <span class='ocrx_word' id='word_1_309' title='bbox 600 2200 774 2255; x_wconf 82' lang='lat' dir='ltr'><strong>factus</strong></span> <span class='ocrx_word' id='word_1_310' title='bbox 800 2211 904 2266; x_wconf 81' lang='lat' dir='ltr'><strong>est,</strong></span> <span class='ocrx_word' id='word_1_311' title='bbox 953 2211 1008 2256; x_wconf 91' lang='lat' dir='ltr'><strong>ct</strong></span> <span class='ocrx_word' id='word_1_312' title='bbox 1055 2216 1233 2263; x_wconf 85' lang='lat' dir='ltr'><strong>oume,</strong></span> <span class='ocrx_word' id='word_1_313' title='bbox 1290 2202 1435 2270; x_wconf 87' lang='lat' dir='ltr'><strong>quod</strong></span> <span class='ocrx_word' id='word_1_314' title='bbox 1485 2216 1552 2256; x_wconf 81' lang='lat' dir='ltr'><strong>ex</strong></span> <span class='ocrx_word' id='word_1_315' title='bbox 1599 2201 1711 2255; x_wconf 91' lang='lat' dir='ltr'><strong>Deo</strong></span> 
     </span>
    </p>
   </div>
   <div class='ocr_carea' id='block_1_38' title="bbox 157 2286 1711 2365">
    <p class='ocr_par' dir='ltr' id='par_1_38' title="bbox 157 2286 1711 2365">
     <span class='ocr_line' id='line_1_38' title="bbox 157 2286 1711 2365; baseline 0.004 -25"><span class='ocrx_word' id='word_1_316' title='bbox 157 2286 320 2342; x_wconf 79' lang='lat' dir='ltr'><strong>lactum</strong></span> <span class='ocrx_word' id='word_1_317' title='bbox 349 2298 453 2353; x_wconf 88' lang='lat' dir='ltr'><strong>est,</strong></span> <span class='ocrx_word' id='word_1_318' title='bbox 482 2307 697 2361; x_wconf 86' lang='lat' dir='ltr'><strong>semper</strong></span> <span class='ocrx_word' id='word_1_319' title='bbox 735 2301 916 2346; x_wconf 88' lang='lat' dir='ltr'><strong>manet</strong></span> <span class='ocrx_word' id='word_1_320' title='bbox 955 2306 969 2344; x_wconf 91' lang='lat'><strong>:</strong></span> <span class='ocrx_word' id='word_1_321' title='bbox 1012 2292 1140 2361; x_wconf 91' lang='lat' dir='ltr'><strong>quid</strong></span> <span class='ocrx_word' id='word_1_322' title='bbox 1197 2294 1249 2347; x_wconf 89' lang='lat' dir='ltr'><strong>in</strong></span> <span class='ocrx_word' id='word_1_323' title='bbox 1295 2308 1361 2348; x_wconf 92' lang='lat' dir='ltr'><strong>eo</strong></span> <span class='ocrx_word' id='word_1_324' title='bbox 1413 2293 1612 2365; x_wconf 91' lang='lat' dir='ltr'><strong>peribit</strong></span> <span class='ocrx_word' id='word_1_325' title='bbox 1655 2301 1711 2346; x_wconf 89' lang='lat' dir='ltr'><strong>et</strong></span> 
     </span>
    </p>
   </div>
   <div class='ocr_carea' id='block_1_39' title="bbox 155 2379 1712 2452">
    <p class='ocr_par' dir='ltr' id='par_1_39' title="bbox 155 2379 1712 2452">
     <span class='ocr_line' id='line_1_39' title="bbox 155 2379 1712 2452; baseline 0.004 -23"><span class='ocrx_word' id='word_1_326' title='bbox 155 2380 255 2446; x_wconf 86' lang='lat' dir='ltr'><strong>quid</strong></span> <span class='ocrx_word' id='word_1_327' title='bbox 275 2379 315 2410; x_wconf 79' lang='lat'>&quot;</span> <span class='ocrx_word' id='word_1_328' title='bbox 342 2396 442 2434; x_wconf 91' lang='lat' dir='ltr'><strong>non</strong></span> <span class='ocrx_word' id='word_1_329' title='bbox 466 2380 681 2449; x_wconf 84' lang='lat' dir='ltr'><strong>peribit,</strong></span> <span class='ocrx_word' id='word_1_330' title='bbox 703 2381 946 2452; x_wconf 87' lang='lat' dir='ltr'><strong>diligenti</strong></span> <span class='ocrx_word' id='word_1_331' title='bbox 969 2382 1220 2452; x_wconf 89' lang='lat' dir='ltr'><strong>indagine</strong></span> <span class='ocrx_word' id='word_1_332' title='bbox 1241 2383 1630 2452; x_wconf 88' lang='lat' dir='ltr'><strong>quaerendum,</strong></span> <span class='ocrx_word' id='word_1_333' title='bbox 1657 2390 1712 2435; x_wconf 91' lang='lat' dir='ltr'><strong>ct</strong></span> 
     </span>
    </p>
   </div>
   <div class='ocr_carea' id='block_1_40' title="bbox 157 2468 1713 2545">
    <p class='ocr_par' dir='ltr' id='par_1_40' title="bbox 157 2468 1713 2545">
     <span class='ocr_line' id='line_1_40' title="bbox 157 2468 1713 2545; baseline 0.005 -24"><span class='ocrx_word' id='word_1_334' title='bbox 157 2468 198 2521; x_wconf 89' lang='lat' dir='ltr'><strong>iu</strong></span> <span class='ocrx_word' id='word_1_335' title='bbox 214 2470 340 2526; x_wconf 81' lang='lat' dir='ltr'><strong>aliud</strong></span> <span class='ocrx_word' id='word_1_336' title='bbox 371 2482 581 2540; x_wconf 85' lang='lat' dir='ltr'><strong>tempus</strong></span> <span class='ocrx_word' id='word_1_337' title='bbox 604 2475 1006 2528; x_wconf 87' lang='lat' dir='ltr'><strong>reservandum.</strong></span> <span class='ocrx_word' id='word_1_338' title='bbox 1038 2474 1192 2530; x_wconf 85' lang='lat' dir='ltr'><strong>Nunc</strong></span> <span class='ocrx_word' id='word_1_339' title='bbox 1234 2485 1436 2541; x_wconf 87' lang='lat' dir='ltr'><strong>autem,</strong></span> <span class='ocrx_word' id='word_1_340' title='bbox 1464 2477 1606 2545; x_wconf 90' lang='lat' dir='ltr'><strong>quod</strong></span> <span class='ocrx_word' id='word_1_341' title='bbox 1636 2476 1713 2529; x_wconf 91' lang='lat' dir='ltr'><strong>in-</strong></span> 
     </span>
    </p>
   </div>
   <div class='ocr_carea' id='block_1_41' title="bbox 156 2562 1708 2635">
    <p class='ocr_par' dir='ltr' id='par_1_41' title="bbox 156 2562 1708 2635">
     <span class='ocr_line' id='line_1_41' title="bbox 156 2562 1708 2635; baseline 0.006 -24"><span class='ocrx_word' id='word_1_342' title='bbox 156 2568 255 2623; x_wconf 84' lang='lat' dir='ltr'><strong>stat,</strong></span> <span class='ocrx_word' id='word_1_343' title='bbox 275 2578 516 2631; x_wconf 83' lang='lat' dir='ltr'><strong>sequere.</strong></span> <span class='ocrx_word' id='word_1_344' title='bbox 537 2562 679 2617; x_wconf 84' lang='lat' dir='ltr'><strong>lltsc.</strong></span> <span class='ocrx_word' id='word_1_345' title='bbox 703 2563 870 2617; x_wconf 89' lang='lat' dir='ltr'><strong>Caute</strong></span> <span class='ocrx_word' id='word_1_346' title='bbox 891 2580 955 2618; x_wconf 90' lang='lat' dir='ltr'><strong>ac</strong></span> <span class='ocrx_word' id='word_1_347' title='bbox 982 2565 1267 2634; x_wconf 79' lang='lat' dir='ltr'><strong>vigilanter</strong></span> <span class='ocrx_word' id='word_1_348' title='bbox 1289 2566 1550 2635; x_wconf 74' lang='lat' dir='ltr'><strong>disputas.</strong></span> <span class='ocrx_word' id='word_1_349' title='bbox 1569 2565 1708 2620; x_wconf 70' lang='lat' dir='ltr'><strong>MAG.</strong></span> 
     </span>
    </p>
   </div>
   <div class='ocr_carea' id='block_1_42' title="bbox 155 2648 1711 2723">
    <p class='ocr_par' dir='ltr' id='par_1_42' title="bbox 155 2648 1711 2723">
     <span class='ocr_line' id='line_1_42' title="bbox 155 2648 1711 2723; baseline 0.005 -22"><span class='ocrx_word' id='word_1_350' title='bbox 155 2648 450 2706; x_wconf 79' lang='lat' dir='ltr'><strong>Ceaeternae</strong></span> <span class='ocrx_word' id='word_1_351' title='bbox 473 2653 635 2723; x_wconf 85' lang='lat' dir='ltr'><strong>igitur</strong></span> <span class='ocrx_word' id='word_1_352' title='bbox 657 2661 781 2707; x_wconf 89' lang='lat' dir='ltr'><strong>sunt</strong></span> <span class='ocrx_word' id='word_1_353' title='bbox 804 2655 842 2686; x_wconf 84' lang='grc'>¹¹</span> <span class='ocrx_word' id='word_1_354' title='bbox 869 2654 1193 2723; x_wconf 86' lang='lat' dir='ltr'><strong>principales</strong></span> <span class='ocrx_word' id='word_1_355' title='bbox 1216 2656 1257 2685; x_wconf 81' lang='grc'>¹²</span> <span class='ocrx_word' id='word_1_356' title='bbox 1281 2657 1711 2710; x_wconf 86' lang='lat' dir='ltr'><strong>rerumomnium</strong></span> 
     </span>
    </p>
   </div>
   <div class='ocr_carea' id='block_1_43' title="bbox 155 2744 1707 2816">
    <p class='ocr_par' dir='ltr' id='par_1_43' title="bbox 155 2744 1707 2816">
     <span class='ocr_line' id='line_1_43' title="bbox 155 2744 1707 2816; baseline 0.003 -19"><span class='ocrx_word' id='word_1_357' title='bbox 155 2754 323 2797; x_wconf 80' lang='lat' dir='ltr'><strong>causae</strong></span> <span class='ocrx_word' id='word_1_358' title='bbox 349 2744 477 2808; x_wconf 93' lang='lat' dir='ltr'><strong>Deo,</strong></span> <span class='ocrx_word' id='word_1_359' title='bbox 505 2754 562 2798; x_wconf 91' lang='lat' dir='ltr'><strong>et</strong></span> <span class='ocrx_word' id='word_1_360' title='bbox 589 2745 874 2815; x_wconf 88' lang='lat' dir='ltr'><strong>principio,</strong></span> <span class='ocrx_word' id='word_1_361' title='bbox 913 2746 964 2799; x_wconf 94' lang='lat' dir='ltr'><strong>in</strong></span> <span class='ocrx_word' id='word_1_362' title='bbox 1004 2763 1112 2816; x_wconf 90' lang='lat' dir='ltr'><strong>quo</strong></span> <span class='ocrx_word' id='word_1_363' title='bbox 1155 2747 1328 2802; x_wconf 76' lang='lat' dir='ltr'><strong>factae</strong></span> <span class='ocrx_word' id='word_1_364' title='bbox 1378 2758 1521 2803; x_wconf 84' lang='lat' dir='ltr'><strong>sunt.</strong></span> <span class='ocrx_word' id='word_1_365' title='bbox 1572 2746 1707 2801; x_wconf 84' lang='lat' dir='ltr'><strong>Nam</strong></span> 
     </span>
    </p>
   </div>
   <div class='ocr_carea' id='block_1_44' title="bbox 156 2831 1714 2909">
    <p class='ocr_par' dir='ltr' id='par_1_44' title="bbox 156 2831 1714 2909">
     <span class='ocr_line' id='line_1_44' title="bbox 156 2831 1714 2909; baseline 0.006 -26"><span class='ocrx_word' id='word_1_366' title='bbox 156 2831 189 2884; x_wconf 81' lang='lat' dir='ltr'><strong>si</strong></span> <span class='ocrx_word' id='word_1_367' title='bbox 224 2833 356 2888; x_wconf 85' lang='lat' dir='ltr'><strong>Deus</strong></span> <span class='ocrx_word' id='word_1_368' title='bbox 402 2834 549 2889; x_wconf 88' lang='lat' dir='ltr'><strong>nullo</strong></span> <span class='ocrx_word' id='word_1_369' title='bbox 598 2838 755 2891; x_wconf 61' lang='grc' dir='ltr'>ιιεοιῗο</span> <span class='ocrx_word' id='word_1_370' title='bbox 801 2838 1076 2906; x_wconf 82' lang='lat' dir='ltr'><strong>praetedit</strong></span> <span class='ocrx_word' id='word_1_371' title='bbox 1129 2839 1474 2909; x_wconf 78' lang='lat' dir='ltr'><strong>principium,</strong></span> <span class='ocrx_word' id='word_1_372' title='bbox 1533 2840 1583 2893; x_wconf 90' lang='lat' dir='ltr'><strong>id</strong></span> <span class='ocrx_word' id='word_1_373' title='bbox 1630 2849 1714 2895; x_wconf 87' lang='lat' dir='ltr'><strong>est</strong></span> 
     </span>
    </p>
   </div>
   <div class='ocr_carea' id='block_1_45' title="bbox 156 2923 1706 3000">
    <p class='ocr_par' dir='ltr' id='par_1_45' title="bbox 156 2923 1706 3000">
     <span class='ocr_line' id='line_1_45' title="bbox 156 2923 1706 3000; baseline 0.005 -24"><span class='ocrx_word' id='word_1_374' title='bbox 156 2923 358 2980; x_wconf 67' lang='lat' dir='ltr'><strong>Verbum</strong></span> <span class='ocrx_word' id='word_1_375' title='bbox 394 2944 423 2979; x_wconf 89' lang='lat' dir='ltr'><strong>a</strong></span> <span class='ocrx_word' id='word_1_376' title='bbox 453 2943 513 2981; x_wconf 86' lang='lat' dir='ltr'><strong>se</strong></span> <span class='ocrx_word' id='word_1_377' title='bbox 541 2942 607 2981; x_wconf 92' lang='lat' dir='ltr'><strong>ac</strong></span> <span class='ocrx_word' id='word_1_378' title='bbox 634 2927 700 2981; x_wconf 90' lang='lat' dir='ltr'><strong>de</strong></span> <span class='ocrx_word' id='word_1_379' title='bbox 735 2944 794 2982; x_wconf 90' lang='lat' dir='ltr'><strong>se</strong></span> <span class='ocrx_word' id='word_1_380' title='bbox 827 2930 1091 2999; x_wconf 88' lang='lat' dir='ltr'><strong>genitum,</strong></span> <span class='ocrx_word' id='word_1_381' title='bbox 1138 2931 1420 3000; x_wconf 90' lang='lat' dir='ltr'><strong>ipsumque</strong></span> <span class='ocrx_word' id='word_1_382' title='bbox 1467 2930 1706 2985; x_wconf 74' lang='lat' dir='ltr'><strong>Verbum</strong></span> 
     </span>
    </p>
   </div>
   <div class='ocr_carea' id='block_1_46' title="bbox 155 3017 1705 3089">
    <p class='ocr_par' dir='ltr' id='par_1_46' title="bbox 155 3017 1705 3089">
     <span class='ocr_line' id='line_1_46' title="bbox 155 3017 1705 3089; baseline 0.006 -21"><span class='ocrx_word' id='word_1_383' title='bbox 155 3017 275 3071; x_wconf 83' lang='lat' dir='ltr'><strong>nullo</strong></span> <span class='ocrx_word' id='word_1_384' title='bbox 308 3019 461 3073; x_wconf 88' lang='lat' dir='ltr'><strong>modo</strong></span> <span class='ocrx_word' id='word_1_385' title='bbox 502 3021 775 3089; x_wconf 69' lang='lat' dir='ltr'><strong>praecedit</strong></span> <span class='ocrx_word' id='word_1_386' title='bbox 823 3022 992 3076; x_wconf 84' lang='lat' dir='ltr'><strong>tactas</strong></span> <span class='ocrx_word' id='word_1_387' title='bbox 1037 3023 1089 3076; x_wconf 90' lang='lat' dir='ltr'><strong>in</strong></span> <span class='ocrx_word' id='word_1_388' title='bbox 1144 3038 1201 3077; x_wconf 89' lang='lat' dir='ltr'><strong>se</strong></span> <span class='ocrx_word' id='word_1_389' title='bbox 1249 3038 1431 3078; x_wconf 89' lang='lat' dir='ltr'><strong>rerum</strong></span> <span class='ocrx_word' id='word_1_390' title='bbox 1483 3038 1705 3085; x_wconf 87' lang='lat' dir='ltr'><strong>causas,</strong></span> 
     </span>
    </p>
   </div>
   <div class='ocr_carea' id='block_1_47' title="bbox 1809 1833 3407 1897">
    <p class='ocr_par' dir='ltr' id='par_1_47' title="bbox 1809 1833 3407 1897">
     <span class='ocr_line' id='line_1_47' title="bbox 1809 1833 3407 1897; baseline -0.009 0"><span class='ocrx_word' id='word_1_391' title='bbox 1809 1841 1934 1897; x_wconf 89' lang='lat' dir='ltr'><strong>bilis</strong></span> <span class='ocrx_word' id='word_1_392' title='bbox 1963 1839 2144 1894; x_wconf 87' lang='lat' dir='ltr'><strong>Deitas</strong></span> <span class='ocrx_word' id='word_1_393' title='bbox 2174 1853 2187 1891; x_wconf 93' lang='lat'><strong>:</strong></span> <span class='ocrx_word' id='word_1_394' title='bbox 2226 1855 2351 1891; x_wconf 91' lang='lat' dir='ltr'><strong>num</strong></span> <span class='ocrx_word' id='word_1_395' title='bbox 2393 1840 2439 1871; x_wconf 80' lang='lat'>“</span> <span class='ocrx_word' id='word_1_396' title='bbox 2478 1838 2671 1891; x_wconf 90' lang='lat' dir='ltr'><strong>mirum</strong></span> <span class='ocrx_word' id='word_1_397' title='bbox 2707 1844 2799 1889; x_wconf 87' lang='lat' dir='ltr'><strong>aut</strong></span> <span class='ocrx_word' id='word_1_398' title='bbox 2845 1833 3179 1895; x_wconf 84' lang='lat' dir='ltr'><strong>incredibile,</strong></span> <span class='ocrx_word' id='word_1_399' title='bbox 3211 1846 3407 1885; x_wconf 65' lang='lat' dir='ltr'><strong>cruma-</strong></span> 
     </span>
    </p>
   </div>
   <div class='ocr_carea' id='block_1_48' title="bbox 1812 1926 3402 1996">
    <p class='ocr_par' dir='ltr' id='par_1_48' title="bbox 1812 1926 3402 1996">
     <span class='ocr_line' id='line_1_48' title="bbox 1812 1926 3402 1996; baseline -0.006 -11"><span class='ocrx_word' id='word_1_400' title='bbox 1812 1945 1926 1985; x_wconf 88' lang='lat' dir='ltr'><strong>rum</strong></span> <span class='ocrx_word' id='word_1_401' title='bbox 1979 1944 2198 1984; x_wconf 86' lang='lat' dir='ltr'><strong>causam</strong></span> <span class='ocrx_word' id='word_1_402' title='bbox 2229 1929 2276 1960; x_wconf 79' lang='lat'><strong>”</strong></span> <span class='ocrx_word' id='word_1_403' title='bbox 2301 1929 2539 1983; x_wconf 91' lang='lat' dir='ltr'><strong>omnium</strong></span> <span class='ocrx_word' id='word_1_404' title='bbox 2589 1926 2788 1988; x_wconf 82' lang='lat' dir='ltr'><strong>munia,</strong></span> <span class='ocrx_word' id='word_1_405' title='bbox 2839 1942 3068 1996; x_wconf 89' lang='lat' dir='ltr'><strong>quorum</strong></span> <span class='ocrx_word' id='word_1_406' title='bbox 3099 1940 3259 1979; x_wconf 90' lang='lat' dir='ltr'><strong>causa</strong></span> <span class='ocrx_word' id='word_1_407' title='bbox 3294 1932 3402 1987; x_wconf 80' lang='lat' dir='ltr'><strong>est,</strong></span> 
     </span>
    </p>
   </div>
   <div class='ocr_carea' id='block_1_49' title="bbox 1808 2015 3406 2091">
    <p class='ocr_par' dir='ltr' id='par_1_49' title="bbox 1808 2015 3406 2091">
     <span class='ocr_line' id='line_1_49' title="bbox 1808 2015 3406 2091; baseline -0.004 -16"><span class='ocrx_word' id='word_1_408' title='bbox 1808 2020 2157 2091; x_wconf 78' lang='lat' dir='ltr'><strong>praecedere,</strong></span> <span class='ocrx_word' id='word_1_409' title='bbox 2178 2028 2232 2073; x_wconf 93' lang='lat' dir='ltr'><strong>et</strong></span> <span class='ocrx_word' id='word_1_410' title='bbox 2263 2019 2316 2072; x_wconf 91' lang='lat' dir='ltr'><strong>in</strong></span> <span class='ocrx_word' id='word_1_411' title='bbox 2355 2032 2417 2071; x_wconf 89' lang='lat' dir='ltr'><strong>ea</strong></span> <span class='ocrx_word' id='word_1_412' title='bbox 2447 2016 2902 2072; x_wconf 87' lang='lat' dir='ltr'><strong>eommutabiliter</strong></span> <span class='ocrx_word' id='word_1_413' title='bbox 2948 2015 3406 2083; x_wconf 86' lang='lat' dir='ltr'><strong>aeternaliterque</strong></span> 
     </span>
    </p>
   </div>
   <div class='ocr_carea' id='block_1_50' title="bbox 1809 2104 3399 2179">
    <p class='ocr_par' dir='ltr' id='par_1_50' title="bbox 1809 2104 3399 2179">
     <span class='ocr_line' id='line_1_50' title="bbox 1809 2104 3399 2179; baseline -0.005 -15"><span class='ocrx_word' id='word_1_414' title='bbox 1809 2111 1927 2165; x_wconf 89' lang='lat' dir='ltr'><strong>sine</strong></span> <span class='ocrx_word' id='word_1_415' title='bbox 1956 2107 2233 2179; x_wconf 84' lang='lat' dir='ltr'><strong>temporali</strong></span> <span class='ocrx_word' id='word_1_416' title='bbox 2268 2108 2421 2162; x_wconf 91' lang='lat' dir='ltr'><strong>initio</strong></span> <span class='ocrx_word' id='word_1_417' title='bbox 2444 2107 2644 2162; x_wconf 82' lang='lat' dir='ltr'><strong>fuisse?</strong></span> <span class='ocrx_word' id='word_1_418' title='bbox 2667 2106 2723 2161; x_wconf 90' lang='lat' dir='ltr'><strong>Si</strong></span> <span class='ocrx_word' id='word_1_419' title='bbox 2747 2120 2878 2177; x_wconf 87' lang='lat' dir='ltr'><strong>ergo</strong></span> <span class='ocrx_word' id='word_1_420' title='bbox 2902 2106 3062 2160; x_wconf 88' lang='lat' dir='ltr'><strong>Pater</strong></span> <span class='ocrx_word' id='word_1_421' title='bbox 3081 2104 3399 2159; x_wconf 87' lang='lat' dir='ltr'><strong>occasiones</strong></span> 
     </span>
    </p>
   </div>
   <div class='ocr_carea' id='block_1_51' title="bbox 1809 2194 3402 2270">
    <p class='ocr_par' dir='ltr' id='par_1_51' title="bbox 1809 2194 3402 2270">
     <span class='ocr_line' id='line_1_51' title="bbox 1809 2194 3402 2270; baseline -0.006 -13"><span class='ocrx_word' id='word_1_422' title='bbox 1809 2218 2012 2266; x_wconf 85' lang='lat' dir='ltr'><strong>rerum,</strong></span> <span class='ocrx_word' id='word_1_423' title='bbox 2034 2216 2170 2270; x_wconf 89' lang='lat' dir='ltr'><strong>quas</strong></span> <span class='ocrx_word' id='word_1_424' title='bbox 2199 2201 2323 2254; x_wconf 85' lang='lat' dir='ltr'><strong>fecit</strong></span> <span class='ocrx_word' id='word_1_425' title='bbox 2355 2201 2407 2254; x_wconf 92' lang='lat' dir='ltr'><strong>in</strong></span> <span class='ocrx_word' id='word_1_426' title='bbox 2439 2199 2576 2254; x_wconf 83' lang='lat' dir='ltr'><strong>Filio</strong></span> <span class='ocrx_word' id='word_1_427' title='bbox 2603 2215 2668 2253; x_wconf 90' lang='lat' dir='ltr'><strong>eo</strong></span> <span class='ocrx_word' id='word_1_428' title='bbox 2690 2198 2871 2267; x_wconf 68' lang='lat' dir='ltr'><strong>modo.</strong></span> <span class='ocrx_word' id='word_1_429' title='bbox 2898 2212 3005 2267; x_wconf 92' lang='lat' dir='ltr'><strong>quo</strong></span> <span class='ocrx_word' id='word_1_430' title='bbox 3044 2198 3215 2251; x_wconf 81' lang='lat' dir='ltr'><strong>factor</strong></span> <span class='ocrx_word' id='word_1_431' title='bbox 3260 2194 3402 2248; x_wconf 82' lang='lat' dir='ltr'><strong>facta</strong></span> 
     </span>
    </p>
   </div>
   <div class='ocr_carea' id='block_1_52' title="bbox 1812 2286 3403 2358">
    <p class='ocr_par' dir='ltr' id='par_1_52' title="bbox 1812 2286 3403 2358">
     <span class='ocr_line' id='line_1_52' title="bbox 1812 2286 3403 2358; baseline -0.007 -11"><span class='ocrx_word' id='word_1_432' title='bbox 1812 2308 1928 2355; x_wconf 91' lang='lat' dir='ltr'><strong>sua,</strong></span> <span class='ocrx_word' id='word_1_433' title='bbox 1961 2302 2018 2346; x_wconf 92' lang='lat' dir='ltr'><strong>et</strong></span> <span class='ocrx_word' id='word_1_434' title='bbox 2051 2290 2284 2345; x_wconf 81' lang='lat' dir='ltr'><strong>Verbum</strong></span> <span class='ocrx_word' id='word_1_435' title='bbox 2336 2305 2420 2353; x_wconf 91' lang='lat' dir='ltr'><strong>ea,</strong></span> <span class='ocrx_word' id='word_1_436' title='bbox 2475 2304 2615 2358; x_wconf 90' lang='lat' dir='ltr'><strong>quae</strong></span> <span class='ocrx_word' id='word_1_437' title='bbox 2651 2288 2810 2343; x_wconf 88' lang='lat' dir='ltr'><strong>Pater</strong></span> <span class='ocrx_word' id='word_1_438' title='bbox 2851 2289 2902 2342; x_wconf 92' lang='lat' dir='ltr'><strong>in</strong></span> <span class='ocrx_word' id='word_1_439' title='bbox 2955 2304 3013 2342; x_wconf 91' lang='lat' dir='ltr'><strong>se</strong></span> <span class='ocrx_word' id='word_1_440' title='bbox 3062 2287 3110 2317; x_wconf 73' lang='lat'>&quot;</span> <span class='ocrx_word' id='word_1_441' title='bbox 3160 2286 3287 2339; x_wconf 89' lang='lat' dir='ltr'><strong>fecit</strong></span> <span class='ocrx_word' id='word_1_442' title='bbox 3338 2300 3403 2337; x_wconf 90' lang='lat' dir='ltr'><strong>eo</strong></span> 
     </span>
    </p>
   </div>
   <div class='ocr_carea' id='block_1_53' title="bbox 1812 2376 3399 2452">
    <p class='ocr_par' dir='ltr' id='par_1_53' title="bbox 1812 2376 3399 2452">
     <span class='ocr_line' id='line_1_53' title="bbox 1812 2376 3399 2452; baseline -0.006 -15"><span class='ocrx_word' id='word_1_443' title='bbox 1812 2382 1992 2446; x_wconf 89' lang='lat' dir='ltr'><strong>modo,</strong></span> <span class='ocrx_word' id='word_1_444' title='bbox 2022 2398 2129 2452; x_wconf 87' lang='lat' dir='ltr'><strong>quo</strong></span> <span class='ocrx_word' id='word_1_445' title='bbox 2176 2395 2267 2435; x_wconf 82' lang='lat' dir='ltr'><strong>ars</strong></span> <span class='ocrx_word' id='word_1_446' title='bbox 2300 2380 2523 2435; x_wconf 84' lang='lat' dir='ltr'><strong>artiﬁcis</strong></span> <span class='ocrx_word' id='word_1_447' title='bbox 2565 2395 2658 2433; x_wconf 89' lang='lat' dir='ltr'><strong>cas</strong></span> <span class='ocrx_word' id='word_1_448' title='bbox 2694 2380 2952 2440; x_wconf 78' lang='lat' dir='ltr'><strong>rationes,</strong></span> <span class='ocrx_word' id='word_1_449' title='bbox 2983 2392 3123 2447; x_wconf 88' lang='lat' dir='ltr'><strong>quae</strong></span> <span class='ocrx_word' id='word_1_450' title='bbox 3167 2377 3218 2429; x_wconf 93' lang='lat' dir='ltr'><strong>in</strong></span> <span class='ocrx_word' id='word_1_451' title='bbox 3248 2390 3311 2430; x_wconf 89' lang='lat' dir='ltr'><strong>ea</strong></span> <span class='ocrx_word' id='word_1_452' title='bbox 3334 2376 3399 2428; x_wconf 82' lang='lat' dir='ltr'><strong>al;</strong></span> 
     </span>
    </p>
   </div>
   <div class='ocr_carea' id='block_1_54' title="bbox 1812 2467 3403 2541">
    <p class='ocr_par' dir='ltr' id='par_1_54' title="bbox 1812 2467 3403 2541">
     <span class='ocr_line' id='line_1_54' title="bbox 1812 2467 3403 2541; baseline -0.007 -13"><span class='ocrx_word' id='word_1_453' title='bbox 1812 2473 2020 2528; x_wconf 82' lang='lat' dir='ltr'><strong>artifice</strong></span> <span class='ocrx_word' id='word_1_454' title='bbox 2044 2474 2369 2537; x_wconf 83' lang='lat' dir='ltr'><strong>conduntur,</strong></span> <span class='ocrx_word' id='word_1_455' title='bbox 2397 2471 2666 2541; x_wconf 86' lang='lat' dir='ltr'><strong>praecedit</strong></span> <span class='ocrx_word' id='word_1_456' title='bbox 2694 2487 2707 2522; x_wconf 93' lang='lat'>:</span> <span class='ocrx_word' id='word_1_457' title='bbox 2734 2470 2860 2538; x_wconf 88' lang='lat' dir='ltr'><strong>quid</strong></span> <span class='ocrx_word' id='word_1_458' title='bbox 2887 2468 3087 2531; x_wconf 88' lang='lat' dir='ltr'><strong>obstat,</strong></span> <span class='ocrx_word' id='word_1_459' title='bbox 3114 2467 3156 2521; x_wconf 92' lang='lat' dir='ltr'><strong>si</strong></span> <span class='ocrx_word' id='word_1_460' title='bbox 3182 2474 3403 2519; x_wconf 85' lang='lat' dir='ltr'><strong>sanctus</strong></span> 
     </span>
    </p>
   </div>
   <div class='ocr_carea' id='block_1_55' title="bbox 1815 2558 3400 2634">
    <p class='ocr_par' dir='ltr' id='par_1_55' title="bbox 1815 2558 3400 2634">
     <span class='ocr_line' id='line_1_55' title="bbox 1815 2558 3400 2634; baseline -0.008 -17"><span class='ocrx_word' id='word_1_461' title='bbox 1815 2563 2051 2634; x_wconf 87' lang='lat' dir='ltr'><strong>Spiritus</strong></span> <span class='ocrx_word' id='word_1_462' title='bbox 2080 2564 2149 2628; x_wconf 82' lang='grc'><strong>’⁸,</strong></span> <span class='ocrx_word' id='word_1_463' title='bbox 2182 2563 2271 2633; x_wconf 88' lang='lat' dir='ltr'><strong>qui</strong></span> <span class='ocrx_word' id='word_1_464' title='bbox 2311 2578 2473 2632; x_wconf 88' lang='lat' dir='ltr'><strong>super</strong></span> <span class='ocrx_word' id='word_1_465' title='bbox 2516 2564 2565 2615; x_wconf 89' lang='lat' dir='ltr'><strong>al</strong></span> <span class='ocrx_word' id='word_1_466' title='bbox 2586 2576 2771 2633; x_wconf 84' lang='lat' dir='ltr'><strong>yssum</strong></span> <span class='ocrx_word' id='word_1_467' title='bbox 2817 2558 3246 2630; x_wconf 90' lang='lat' dir='ltr'><strong>primordialium</strong></span> <span class='ocrx_word' id='word_1_468' title='bbox 3278 2571 3400 2610; x_wconf 89' lang='lat' dir='ltr'><strong>cau-</strong></span> 
     </span>
    </p>
   </div>
   <div class='ocr_carea' id='block_1_56' title="bbox 1815 2646 3399 2722">
    <p class='ocr_par' dir='ltr' id='par_1_56' title="bbox 1815 2646 3399 2722">
     <span class='ocr_line' id='line_1_56' title="bbox 1815 2646 3399 2722; baseline -0.007 -13"><span class='ocrx_word' id='word_1_469' title='bbox 1815 2667 2020 2717; x_wconf 87' lang='lat' dir='ltr'><strong>sarum,</strong></span> <span class='ocrx_word' id='word_1_470' title='bbox 2058 2667 2194 2722; x_wconf 89' lang='lat' dir='ltr'><strong>quas</strong></span> <span class='ocrx_word' id='word_1_471' title='bbox 2231 2652 2390 2707; x_wconf 82' lang='lat' dir='ltr'><strong>Pater</strong></span> <span class='ocrx_word' id='word_1_472' title='bbox 2441 2653 2494 2706; x_wconf 92' lang='lat' dir='ltr'><strong>in</strong></span> <span class='ocrx_word' id='word_1_473' title='bbox 2542 2651 2717 2706; x_wconf 67' lang='lat' dir='ltr'><strong>Verbo</strong></span> <span class='ocrx_word' id='word_1_474' title='bbox 2771 2650 2998 2714; x_wconf 74' lang='lat' dir='ltr'><strong>creavit,</strong></span> <span class='ocrx_word' id='word_1_475' title='bbox 3041 2646 3399 2719; x_wconf 83' lang='lat' dir='ltr'><strong>superlcrtur,</strong></span> 
     </span>
    </p>
   </div>
   <div class='ocr_carea' id='block_1_57' title="bbox 1813 2740 3406 2815">
    <p class='ocr_par' dir='ltr' id='par_1_57' title="bbox 1813 2740 3406 2815">
     <span class='ocr_line' id='line_1_57' title="bbox 1813 2740 3406 2815; baseline -0.004 -16"><span class='ocrx_word' id='word_1_476' title='bbox 1813 2745 1932 2808; x_wconf 86' lang='lat' dir='ltr'><strong>his,</strong></span> <span class='ocrx_word' id='word_1_477' title='bbox 2021 2746 2220 2815; x_wconf 88' lang='lat' dir='ltr'><strong>quibus</strong></span> <span class='ocrx_word' id='word_1_478' title='bbox 2295 2743 2657 2813; x_wconf 88' lang='lat' dir='ltr'><strong>superfertur,</strong></span> <span class='ocrx_word' id='word_1_479' title='bbox 2718 2757 2969 2813; x_wconf 88' lang='lat' dir='ltr'><strong>praeesse</strong></span> <span class='ocrx_word' id='word_1_480' title='bbox 3035 2740 3406 2811; x_wconf 83' lang='lat' dir='ltr'><strong>intelligatur?</strong></span> 
     </span>
    </p>
   </div>
   <div class='ocr_carea' id='block_1_58' title="bbox 1816 2834 3402 2906">
    <p class='ocr_par' dir='ltr' id='par_1_58' title="bbox 1816 2834 3402 2906">
     <span class='ocr_line' id='line_1_58' title="bbox 1816 2834 3402 2906; baseline -0.003 -17"><span class='ocrx_word' id='word_1_481' title='bbox 1816 2835 2049 2905; x_wconf 87' lang='lat' dir='ltr'><strong>Spiritus</strong></span> <span class='ocrx_word' id='word_1_482' title='bbox 2076 2851 2205 2905; x_wconf 78' lang='lat' dir='ltr'><strong>ergo</strong></span> <span class='ocrx_word' id='word_1_483' title='bbox 2232 2847 2452 2890; x_wconf 90' lang='lat' dir='ltr'><strong>sanctus</strong></span> <span class='ocrx_word' id='word_1_484' title='bbox 2492 2837 2750 2906; x_wconf 88' lang='lat' dir='ltr'><strong>mysticas</strong></span> <span class='ocrx_word' id='word_1_485' title='bbox 2782 2849 2976 2905; x_wconf 87' lang='lat' dir='ltr'><strong>aquas,</strong></span> <span class='ocrx_word' id='word_1_486' title='bbox 3003 2850 3141 2904; x_wconf 90' lang='lat' dir='ltr'><strong>quas</strong></span> <span class='ocrx_word' id='word_1_487' title='bbox 3170 2834 3313 2887; x_wconf 85' lang='lat' dir='ltr'><strong>fovet</strong></span> <span class='ocrx_word' id='word_1_488' title='bbox 3346 2840 3402 2885; x_wconf 85' lang='lat' dir='ltr'><strong>et</strong></span> 
     </span>
    </p>
   </div>
   <div class='ocr_carea' id='block_1_59' title="bbox 1817 2923 3403 2995">
    <p class='ocr_par' dir='ltr' id='par_1_59' title="bbox 1817 2923 3403 2995">
     <span class='ocr_line' id='line_1_59' title="bbox 1817 2923 3403 2995; baseline -0.006 -13"><span class='ocrx_word' id='word_1_489' title='bbox 1817 2928 2118 2991; x_wconf 89' lang='lat' dir='ltr'><strong>fecundat,</strong></span> <span class='ocrx_word' id='word_1_490' title='bbox 2170 2928 2221 2979; x_wconf 92' lang='lat' dir='ltr'><strong>in</strong></span> <span class='ocrx_word' id='word_1_491' title='bbox 2274 2927 2451 2995; x_wconf 89' lang='lat' dir='ltr'><strong>seipso</strong></span> <span class='ocrx_word' id='word_1_492' title='bbox 2496 2926 2845 2979; x_wconf 88' lang='lat' dir='ltr'><strong>aeternaliter</strong></span> <span class='ocrx_word' id='word_1_493' title='bbox 2895 2923 3233 2993; x_wconf 81' lang='lat' dir='ltr'><strong>aeternitatis</strong></span> <span class='ocrx_word' id='word_1_494' title='bbox 3274 2934 3403 2974; x_wconf 85' lang='lat' dir='ltr'><strong>suae</strong></span> 
     </span>
    </p>
   </div>
   <div class='ocr_carea' id='block_1_60' title="bbox 1818 3013 3400 3085">
    <p class='ocr_par' dir='ltr' id='par_1_60' title="bbox 1818 3013 3400 3085">
     <span class='ocr_line' id='line_1_60' title="bbox 1818 3013 3400 3085; baseline -0.006 -14"><span class='ocrx_word' id='word_1_495' title='bbox 1818 3019 2017 3072; x_wconf 85' lang='lat' dir='ltr'><strong>virtute</strong></span> <span class='ocrx_word' id='word_1_496' title='bbox 2037 3026 2093 3071; x_wconf 89' lang='lat' dir='ltr'><strong>et</strong></span> <span class='ocrx_word' id='word_1_497' title='bbox 2114 3026 2335 3084; x_wconf 89' lang='lat' dir='ltr'><strong>superat</strong></span> <span class='ocrx_word' id='word_1_498' title='bbox 2359 3025 2413 3069; x_wconf 91' lang='lat' dir='ltr'><strong>et</strong></span> <span class='ocrx_word' id='word_1_499' title='bbox 2430 3016 2725 3085; x_wconf 68' lang='lat' dir='ltr'><strong>praecedit.</strong></span> <span class='ocrx_word' id='word_1_500' title='bbox 2785 3016 2892 3071; x_wconf 89' lang='lat' dir='ltr'><strong>Sed</strong></span> <span class='ocrx_word' id='word_1_501' title='bbox 2920 3016 2963 3068; x_wconf 86' lang='lat' dir='ltr'><strong>si</strong></span> <span class='ocrx_word' id='word_1_502' title='bbox 2997 3014 3130 3067; x_wconf 87' lang='lat' dir='ltr'><strong>haec</strong></span> <span class='ocrx_word' id='word_1_503' title='bbox 3160 3013 3400 3065; x_wconf 88' lang='lat' dir='ltr'><strong>rationa-</strong></span> 
     </span>
    </p>
   </div>
   <div class='ocr_carea' id='block_1_61' title="bbox 156 3068 3401 3179">
    <p class='ocr_par' dir='ltr' id='par_1_61' title="bbox 156 3068 3401 3179">
     <span class='ocr_line' id='line_1_61' title="bbox 189 3068 2890 3089; baseline -0.004 -9"><span class='ocrx_word' id='word_1_504' title='bbox 504 3068 774 3089; x_wconf 75' lang='lat'><strong>,-..------</strong></span> <span class='ocrx_word' id='word_1_505' title='bbox 823 3068 992 3076; x_wconf 55' lang='grc' dir='ltr'><strong>--πη</strong></span> <span class='ocrx_word' id='word_1_506' title='bbox 1144 3068 1200 3077; x_wconf 71' lang='lat'><strong>--</strong></span> <span class='ocrx_word' id='word_1_507' title='bbox 1485 3068 1705 3085; x_wconf 43' lang='lat' dir='ltr'><strong>“me”,</strong></span> <span class='ocrx_word' id='word_1_508' title='bbox 2372 3068 2381 3069; x_wconf 58' lang='lat'><strong><em>,</em></strong></span> <span class='ocrx_word' id='word_1_509' title='bbox 2431 3068 2449 3085; x_wconf 53' lang='grc' dir='ltr'><em>τ</em></span> 
     </span>
     <span class='ocr_line' id='line_1_62' title="bbox 156 3068 3401 3179; baseline -0.005 -13"><span class='ocrx_word' id='word_1_510' title='bbox 156 3110 383 3177; x_wconf 66' lang='lat' dir='ltr'><strong>Sequitur,</strong></span> <span class='ocrx_word' id='word_1_511' title='bbox 432 3111 569 3166; x_wconf 86' lang='lat' dir='ltr'><strong>haec</strong></span> <span class='ocrx_word' id='word_1_512' title='bbox 619 3112 832 3175; x_wconf 89' lang='lat' dir='ltr'><strong>omnia,</strong></span> <span class='ocrx_word' id='word_1_513' title='bbox 885 3115 1050 3167; x_wconf 87' lang='lat' dir='ltr'><strong>Deum</strong></span> <span class='ocrx_word' id='word_1_514' title='bbox 1100 3114 1312 3168; x_wconf 77' lang='lat' dir='ltr'><strong>Patrem</strong></span> <span class='ocrx_word' id='word_1_515' title='bbox 1359 3115 1501 3179; x_wconf 78' lang='lat' dir='ltr'><strong>dico,</strong></span> <span class='ocrx_word' id='word_1_516' title='bbox 1559 3125 1614 3169; x_wconf 78' lang='lat' dir='ltr'><strong>ct</strong></span> <span class='ocrx_word' id='word_1_517' title='bbox 1663 3115 1708 3147; x_wconf 75' lang='grc'>³³</span> <span class='ocrx_word' id='word_1_518' title='bbox 1740 3068 1785 3130; x_wconf 78' lang='lat' dir='ltr'><strong>C</strong></span> <span class='ocrx_word' id='word_1_519' title='bbox 1817 3107 1997 3163; x_wconf 89' lang='lat' dir='ltr'><strong>biliter</strong></span> <span class='ocrx_word' id='word_1_520' title='bbox 2044 3121 2299 3175; x_wconf 83' lang='lat' dir='ltr'><strong>responsa</strong></span> <span class='ocrx_word' id='word_1_521' title='bbox 2345 3115 2468 3161; x_wconf 91' lang='lat' dir='ltr'><strong>sunt</strong></span> <span class='ocrx_word' id='word_1_522' title='bbox 2513 3106 2579 3160; x_wconf 90' lang='lat' dir='ltr'><strong>de</strong></span> <span class='ocrx_word' id='word_1_523' title='bbox 2626 3106 2936 3160; x_wconf 89' lang='lat' dir='ltr'><strong>conditione</strong></span> <span class='ocrx_word' id='word_1_524' title='bbox 2986 3102 3401 3173; x_wconf 83' lang='lat' dir='ltr'><strong>principiorum,</strong></span> 
     </span>
    </p>
   </div>
   <div class='ocr_carea' id='block_1_62' title="bbox 158 3193 1706 3271">
    <p class='ocr_par' dir='ltr' id='par_1_62' title="bbox 158 3193 1706 3271">
     <span class='ocr_line' id='line_1_63' title="bbox 158 3193 1706 3271; baseline 0.008 -23"><span class='ocrx_word' id='word_1_525' title='bbox 158 3193 379 3261; x_wconf 80' lang='lat' dir='ltr'><strong>Verbum,</strong></span> <span class='ocrx_word' id='word_1_526' title='bbox 408 3216 699 3271; x_wconf 87' lang='lat' dir='ltr'><strong>rerumque</strong></span> <span class='ocrx_word' id='word_1_527' title='bbox 724 3202 978 3257; x_wconf 73' lang='lat' dir='ltr'><strong>&quot;causas</strong></span> <span class='ocrx_word' id='word_1_528' title='bbox 1002 3204 1055 3257; x_wconf 88' lang='lat' dir='ltr'><strong>in</strong></span> <span class='ocrx_word' id='word_1_529' title='bbox 1095 3221 1160 3258; x_wconf 93' lang='lat' dir='ltr'><strong>eo</strong></span> <span class='ocrx_word' id='word_1_530' title='bbox 1206 3204 1378 3260; x_wconf 86' lang='lat' dir='ltr'><strong>factas</strong></span> <span class='ocrx_word' id='word_1_531' title='bbox 1422 3215 1706 3260; x_wconf 84' lang='lat' dir='ltr'><strong>coaeterna</strong></span> 
     </span>
    </p>
   </div>
   <div class='ocr_carea' id='block_1_63' title="bbox 157 3288 1702 3351">
    <p class='ocr_par' dir='ltr' id='par_1_63' title="bbox 157 3288 1702 3351">
     <span class='ocr_line' id='line_1_64' title="bbox 157 3288 1702 3351; baseline 0.006 -9"><span class='ocrx_word' id='word_1_532' title='bbox 157 3301 268 3342; x_wconf 59' lang='lat' dir='ltr'><strong>me.</strong></span> <span class='ocrx_word' id='word_1_533' title='bbox 299 3288 439 3345; x_wconf 81' lang='lat' dir='ltr'><strong>DISC.</strong></span> <span class='ocrx_word' id='word_1_534' title='bbox 470 3290 588 3346; x_wconf 82' lang='lat' dir='ltr'><strong>Non</strong></span> <span class='ocrx_word' id='word_1_535' title='bbox 614 3293 837 3346; x_wconf 90' lang='lat' dir='ltr'><strong>omnino</strong></span> <span class='ocrx_word' id='word_1_536' title='bbox 863 3303 1149 3349; x_wconf 89' lang='lat' dir='ltr'><strong>coaeterna</strong></span> <span class='ocrx_word' id='word_1_537' title='bbox 1172 3306 1316 3350; x_wconf 89' lang='lat' dir='ltr'><strong>sunt.</strong></span> <span class='ocrx_word' id='word_1_538' title='bbox 1347 3295 1480 3350; x_wconf 83' lang='lat' dir='ltr'><strong>Nam</strong></span> <span class='ocrx_word' id='word_1_539' title='bbox 1507 3296 1702 3351; x_wconf 86' lang='lat' dir='ltr'><strong>Filium</strong></span> 
     </span>
    </p>
   </div>
   <div class='ocr_carea' id='block_1_64' title="bbox 158 3373 1704 3451">
    <p class='ocr_par' dir='ltr' id='par_1_64' title="bbox 158 3373 1704 3451">
     <span class='ocr_line' id='line_1_65' title="bbox 158 3373 1704 3451; baseline 0.006 -20"><span class='ocrx_word' id='word_1_540' title='bbox 158 3373 274 3432; x_wconf 80' lang='lat' dir='ltr'><strong>Patri</strong></span> <span class='ocrx_word' id='word_1_541' title='bbox 297 3391 641 3437; x_wconf 87' lang='lat' dir='ltr'><strong>coaeternum</strong></span> <span class='ocrx_word' id='word_1_542' title='bbox 666 3399 783 3438; x_wconf 83' lang='lat' dir='ltr'><strong>esse</strong></span> <span class='ocrx_word' id='word_1_543' title='bbox 811 3384 856 3415; x_wconf 78' lang='grc'><strong>¹⁸</strong></span> <span class='ocrx_word' id='word_1_544' title='bbox 886 3385 1107 3440; x_wconf 88' lang='lat' dir='ltr'><strong>omnino</strong></span> <span class='ocrx_word' id='word_1_545' title='bbox 1133 3386 1426 3449; x_wconf 85' lang='lat' dir='ltr'><strong>credimus,</strong></span> <span class='ocrx_word' id='word_1_546' title='bbox 1461 3402 1525 3440; x_wconf 89' lang='lat' dir='ltr'><strong>ea</strong></span> <span class='ocrx_word' id='word_1_547' title='bbox 1556 3402 1704 3451; x_wconf 75' lang='lat' dir='ltr'><strong>vero,</strong></span> 
     </span>
    </p>
   </div>
   <div class='ocr_carea' id='block_1_65' title="bbox 157 3471 1698 3543">
    <p class='ocr_par' dir='ltr' id='par_1_65' title="bbox 157 3471 1698 3543">
     <span class='ocr_line' id='line_1_66' title="bbox 157 3471 1698 3543; baseline 0.006 -21"><span class='ocrx_word' id='word_1_548' title='bbox 157 3484 268 3537; x_wconf 83' lang='lat' dir='ltr'><strong>quae</strong></span> <span class='ocrx_word' id='word_1_549' title='bbox 291 3471 411 3527; x_wconf 80' lang='lat' dir='ltr'><strong>facit</strong></span> <span class='ocrx_word' id='word_1_550' title='bbox 430 3473 592 3532; x_wconf 82' lang='lat' dir='ltr'><strong>Pater</strong></span> <span class='ocrx_word' id='word_1_551' title='bbox 605 3475 656 3529; x_wconf 91' lang='lat' dir='ltr'><strong>in</strong></span> <span class='ocrx_word' id='word_1_552' title='bbox 675 3474 828 3540; x_wconf 82' lang='lat' dir='ltr'><strong>Filio,</strong></span> <span class='ocrx_word' id='word_1_553' title='bbox 843 3485 1129 3532; x_wconf 89' lang='lat' dir='ltr'><strong>coaeterna</strong></span> <span class='ocrx_word' id='word_1_554' title='bbox 1156 3492 1274 3532; x_wconf 85' lang='lat' dir='ltr'><strong>esse</strong></span> <span class='ocrx_word' id='word_1_555' title='bbox 1289 3476 1427 3535; x_wconf 78' lang='lat' dir='ltr'><strong>Filio</strong></span> <span class='ocrx_word' id='word_1_556' title='bbox 1450 3478 1698 3543; x_wconf 89' lang='lat' dir='ltr'><strong>dicimus,</strong></span> 
     </span>
    </p>
   </div>
   <div class='ocr_carea' id='block_1_66' title="bbox 159 3567 1705 3639">
    <p class='ocr_par' dir='ltr' id='par_1_66' title="bbox 159 3567 1705 3639">
     <span class='ocr_line' id='line_1_67' title="bbox 159 3567 1705 3639; baseline 0.007 -25"><span class='ocrx_word' id='word_1_557' title='bbox 159 3577 244 3616; x_wconf 85' lang='lat' dir='ltr'><strong>non</strong></span> <span class='ocrx_word' id='word_1_558' title='bbox 284 3575 452 3620; x_wconf 89' lang='lat' dir='ltr'><strong>autem</strong></span> <span class='ocrx_word' id='word_1_559' title='bbox 510 3567 733 3621; x_wconf 87' lang='lat' dir='ltr'><strong>omnino</strong></span> <span class='ocrx_word' id='word_1_560' title='bbox 777 3578 1061 3623; x_wconf 85' lang='lat' dir='ltr'><strong>eoaeterna</strong></span> <span class='ocrx_word' id='word_1_561' title='bbox 1101 3587 1113 3621; x_wconf 88' lang='lat'><strong>:</strong></span> <span class='ocrx_word' id='word_1_562' title='bbox 1147 3578 1431 3623; x_wconf 87' lang='lat' dir='ltr'><strong>coaeterna</strong></span> <span class='ocrx_word' id='word_1_563' title='bbox 1466 3570 1705 3639; x_wconf 88' lang='lat' dir='ltr'><strong>quidem,</strong></span> 
     </span>
    </p>
   </div>
   <div class='ocr_carea' id='block_1_67' title="bbox 160 3652 1711 3728">
    <p class='ocr_par' dir='ltr' id='par_1_67' title="bbox 160 3652 1711 3728">
     <span class='ocr_line' id='line_1_68' title="bbox 160 3652 1711 3728; baseline 0.006 -24"><span class='ocrx_word' id='word_1_564' title='bbox 160 3652 261 3718; x_wconf 75' lang='lat' dir='ltr'><strong>quia</strong></span> <span class='ocrx_word' id='word_1_565' title='bbox 280 3670 543 3724; x_wconf 90' lang='lat' dir='ltr'><strong>nunquam</strong></span> <span class='ocrx_word' id='word_1_566' title='bbox 564 3656 661 3710; x_wconf 86' lang='lat' dir='ltr'><strong>fuit</strong></span> <span class='ocrx_word' id='word_1_567' title='bbox 688 3657 856 3712; x_wconf 80' lang='lat' dir='ltr'><strong>Filius</strong></span> <span class='ocrx_word' id='word_1_568' title='bbox 881 3658 923 3689; x_wconf 77' lang='lat'>”</span> <span class='ocrx_word' id='word_1_569' title='bbox 949 3658 1066 3713; x_wconf 87' lang='lat' dir='ltr'><strong>sine</strong></span> <span class='ocrx_word' id='word_1_570' title='bbox 1092 3658 1528 3728; x_wconf 88' lang='lat' dir='ltr'><strong>primordialibus</strong></span> <span class='ocrx_word' id='word_1_571' title='bbox 1548 3669 1711 3714; x_wconf 80' lang='lat' dir='ltr'><strong>natu-</strong></span> 
     </span>
    </p>
   </div>
   <div class='ocr_carea' id='block_1_68' title="bbox 160 3749 1709 3819">
    <p class='ocr_par' dir='ltr' id='par_1_68' title="bbox 160 3749 1709 3819">
     <span class='ocr_line' id='line_1_69' title="bbox 160 3749 1709 3819; baseline 0.005 -21"><span class='ocrx_word' id='word_1_572' title='bbox 160 3759 310 3801; x_wconf 82' lang='lat' dir='ltr'><strong>rarum</strong></span> <span class='ocrx_word' id='word_1_573' title='bbox 354 3751 530 3803; x_wconf 87' lang='lat' dir='ltr'><strong>causis</strong></span> <span class='ocrx_word' id='word_1_574' title='bbox 572 3749 615 3794; x_wconf 65' lang='grc' dir='ltr'><strong><em>υ</em></strong></span> <span class='ocrx_word' id='word_1_575' title='bbox 652 3751 706 3804; x_wconf 93' lang='lat' dir='ltr'><strong>in</strong></span> <span class='ocrx_word' id='word_1_576' title='bbox 751 3766 809 3805; x_wconf 90' lang='lat' dir='ltr'><strong>se</strong></span> <span class='ocrx_word' id='word_1_577' title='bbox 860 3751 1033 3807; x_wconf 87' lang='lat' dir='ltr'><strong>factis.</strong></span> <span class='ocrx_word' id='word_1_578' title='bbox 1083 3752 1233 3819; x_wconf 81' lang='lat' dir='ltr'><strong>Quae</strong></span> <span class='ocrx_word' id='word_1_579' title='bbox 1283 3759 1461 3805; x_wconf 90' lang='lat' dir='ltr'><strong>tamen</strong></span> <span class='ocrx_word' id='word_1_580' title='bbox 1512 3765 1709 3805; x_wconf 89' lang='lat' dir='ltr'><strong>causae</strong></span> 
     </span>
    </p>
   </div>
   <div class='ocr_carea' id='block_1_69' title="bbox 161 3841 1703 3911">
    <p class='ocr_par' dir='ltr' id='par_1_69' title="bbox 161 3841 1703 3911">
     <span class='ocr_line' id='line_1_70' title="bbox 161 3841 1703 3911; baseline 0.006 -24"><span class='ocrx_word' id='word_1_581' title='bbox 161 3851 243 3889; x_wconf 77' lang='lat' dir='ltr'><strong>non</strong></span> <span class='ocrx_word' id='word_1_582' title='bbox 263 3841 470 3894; x_wconf 87' lang='lat' dir='ltr'><strong>omnino</strong></span> <span class='ocrx_word' id='word_1_583' title='bbox 496 3842 569 3903; x_wconf 89' lang='lat' dir='ltr'><strong>ei,</strong></span> <span class='ocrx_word' id='word_1_584' title='bbox 603 3842 655 3894; x_wconf 91' lang='lat' dir='ltr'><strong>in</strong></span> <span class='ocrx_word' id='word_1_585' title='bbox 685 3858 793 3911; x_wconf 90' lang='lat' dir='ltr'><strong>quo</strong></span> <span class='ocrx_word' id='word_1_586' title='bbox 821 3842 994 3898; x_wconf 87' lang='lat' dir='ltr'><strong>factae</strong></span> <span class='ocrx_word' id='word_1_587' title='bbox 1021 3854 1167 3907; x_wconf 90' lang='lat' dir='ltr'><strong>sunt,</strong></span> <span class='ocrx_word' id='word_1_588' title='bbox 1197 3852 1518 3897; x_wconf 88' lang='lat' dir='ltr'><strong>coaeternae</strong></span> <span class='ocrx_word' id='word_1_589' title='bbox 1548 3852 1703 3907; x_wconf 90' lang='lat' dir='ltr'><strong>sunt;</strong></span> 
     </span>
    </p>
   </div>
   <div class='ocr_carea' id='block_1_70' title="bbox 160 3930 1705 4001">
    <p class='ocr_par' dir='ltr' id='par_1_70' title="bbox 160 3930 1705 4001">
     <span class='ocr_line' id='line_1_71' title="bbox 160 3930 1705 4001; baseline 0.004 -23"><span class='ocrx_word' id='word_1_590' title='bbox 160 3941 244 3980; x_wconf 77' lang='lat' dir='ltr'><strong>non</strong></span> <span class='ocrx_word' id='word_1_591' title='bbox 290 3930 424 3984; x_wconf 86' lang='lat' dir='ltr'><strong>cnim</strong></span> <span class='ocrx_word' id='word_1_592' title='bbox 466 3931 657 3986; x_wconf 82' lang='lat' dir='ltr'><strong>facturi</strong></span> <span class='ocrx_word' id='word_1_593' title='bbox 718 3932 859 3989; x_wconf 86' lang='lat' dir='ltr'><strong>facta</strong></span> <span class='ocrx_word' id='word_1_594' title='bbox 923 3942 1210 3992; x_wconf 83' lang='lat' dir='ltr'><strong>coaeterna</strong></span> <span class='ocrx_word' id='word_1_595' title='bbox 1261 3946 1382 3987; x_wconf 88' lang='lat' dir='ltr'><strong>esse</strong></span> <span class='ocrx_word' id='word_1_596' title='bbox 1442 3942 1705 4001; x_wconf 88' lang='lat' dir='ltr'><strong>possunt;</strong></span> 
     </span>
    </p>
   </div>
   <div class='ocr_carea' id='block_1_71' title="bbox 161 4006 1708 4093">
    <p class='ocr_par' dir='ltr' id='par_1_71' title="bbox 161 4006 1708 4093">
     <span class='ocr_line' id='line_1_72' title="bbox 161 4006 1708 4093; baseline 0.005 -24"><span class='ocrx_word' id='word_1_597' title='bbox 161 4020 395 4084; x_wconf 66' lang='lat' dir='ltr'><strong>praecedit</strong></span> <span class='ocrx_word' id='word_1_598' title='bbox 434 4023 578 4074; x_wconf 89' lang='lat' dir='ltr'><strong>enim</strong></span> <span class='ocrx_word' id='word_1_599' title='bbox 630 4021 806 4077; x_wconf 88' lang='lat' dir='ltr'><strong>factor</strong></span> <span class='ocrx_word' id='word_1_600' title='bbox 857 4006 1107 4093; x_wconf 86' lang='lat' dir='ltr'><strong>eaquae</strong></span> <span class='ocrx_word' id='word_1_601' title='bbox 1166 4022 1310 4077; x_wconf 84' lang='lat' dir='ltr'><strong>facit.</strong></span> <span class='ocrx_word' id='word_1_602' title='bbox 1370 4021 1504 4076; x_wconf 86' lang='lat' dir='ltr'><strong>Nam</strong></span> <span class='ocrx_word' id='word_1_603' title='bbox 1566 4038 1708 4091; x_wconf 87' lang='lat' dir='ltr'><strong>quae</strong></span> 
     </span>
    </p>
   </div>
   <div class='ocr_carea' id='block_1_72' title="bbox 161 4110 1706 4178">
    <p class='ocr_par' dir='ltr' id='par_1_72' title="bbox 161 4110 1706 4178">
     <span class='ocr_line' id='line_1_73' title="bbox 161 4110 1706 4178; baseline 0.006 -21"><span class='ocrx_word' id='word_1_604' title='bbox 161 4110 345 4165; x_wconf 80' lang='lat' dir='ltr'><strong>eninino</strong></span> <span class='ocrx_word' id='word_1_605' title='bbox 364 4124 649 4168; x_wconf 82' lang='lat' dir='ltr'><strong>coaeterna</strong></span> <span class='ocrx_word' id='word_1_606' title='bbox 672 4125 816 4176; x_wconf 90' lang='lat' dir='ltr'><strong>sunt,</strong></span> <span class='ocrx_word' id='word_1_607' title='bbox 838 4115 911 4167; x_wconf 90' lang='lat' dir='ltr'><strong>ita</strong></span> <span class='ocrx_word' id='word_1_608' title='bbox 935 4114 1033 4168; x_wconf 90' lang='lat' dir='ltr'><strong>sibi</strong></span> <span class='ocrx_word' id='word_1_609' title='bbox 1056 4114 1289 4169; x_wconf 84' lang='lat' dir='ltr'><strong>invicem</strong></span> <span class='ocrx_word' id='word_1_610' title='bbox 1314 4114 1706 4178; x_wconf 88' lang='lat' dir='ltr'><strong>coadunautur,</strong></span> 
     </span>
    </p>
   </div>
   <div class='ocr_carea' id='block_1_73' title="bbox 162 4200 1709 4272">
    <p class='ocr_par' dir='ltr' id='par_1_73' title="bbox 162 4200 1709 4272">
     <span class='ocr_line' id='line_1_74' title="bbox 162 4200 1709 4272; baseline 0.006 -25"><span class='ocrx_word' id='word_1_611' title='bbox 162 4204 213 4248; x_wconf 88' lang='lat' dir='ltr'><strong>ut</strong></span> <span class='ocrx_word' id='word_1_612' title='bbox 233 4200 412 4255; x_wconf 91' lang='lat' dir='ltr'><strong>nullum</strong></span> <span class='ocrx_word' id='word_1_613' title='bbox 442 4202 559 4255; x_wconf 89' lang='lat' dir='ltr'><strong>sine</strong></span> <span class='ocrx_word' id='word_1_614' title='bbox 586 4201 756 4256; x_wconf 87' lang='lat' dir='ltr'><strong>altero</strong></span> <span class='ocrx_word' id='word_1_615' title='bbox 796 4203 968 4272; x_wconf 86' lang='lat' dir='ltr'><strong>possit</strong></span> <span class='ocrx_word' id='word_1_616' title='bbox 1019 4219 1258 4269; x_wconf 85' lang='lat' dir='ltr'><strong>manere,</strong></span> <span class='ocrx_word' id='word_1_617' title='bbox 1290 4203 1413 4271; x_wconf 89' lang='lat' dir='ltr'><strong>quia</strong></span> <span class='ocrx_word' id='word_1_618' title='bbox 1458 4217 1709 4257; x_wconf 85' lang='lat' dir='ltr'><strong>coessen-</strong></span> 
     </span>
    </p>
   </div>
   <div class='ocr_carea' id='block_1_74' title="bbox 165 4287 1703 4365">
    <p class='ocr_par' dir='ltr' id='par_1_74' title="bbox 165 4287 1703 4365">
     <span class='ocr_line' id='line_1_75' title="bbox 165 4287 1703 4365; baseline 0.006 -27"><span class='ocrx_word' id='word_1_619' title='bbox 165 4287 281 4343; x_wconf 82' lang='lat' dir='ltr'><strong>tialia</strong></span> <span class='ocrx_word' id='word_1_620' title='bbox 303 4299 435 4346; x_wconf 78' lang='lat' dir='ltr'><strong>sunt.</strong></span> <span class='ocrx_word' id='word_1_621' title='bbox 470 4293 668 4348; x_wconf 79' lang='lat' dir='ltr'><strong>Factor</strong></span> <span class='ocrx_word' id='word_1_622' title='bbox 688 4304 869 4349; x_wconf 86' lang='lat' dir='ltr'><strong>autem</strong></span> <span class='ocrx_word' id='word_1_623' title='bbox 912 4304 967 4348; x_wconf 86' lang='lat' dir='ltr'><strong>et</strong></span> <span class='ocrx_word' id='word_1_624' title='bbox 1006 4295 1233 4357; x_wconf 86' lang='lat' dir='ltr'><strong>factum,</strong></span> <span class='ocrx_word' id='word_1_625' title='bbox 1257 4294 1515 4365; x_wconf 89' lang='lat' dir='ltr'><strong>quoniam</strong></span> <span class='ocrx_word' id='word_1_626' title='bbox 1544 4309 1703 4347; x_wconf 88' lang='lat' dir='ltr'><strong>coes-</strong></span> 
     </span>
    </p>
   </div>
   <div class='ocr_carea' id='block_1_75' title="bbox 1814 3191 3399 3268">
    <p class='ocr_par' dir='ltr' id='par_1_75' title="bbox 1814 3191 3399 3268">
     <span class='ocr_line' id='line_1_76' title="bbox 1814 3191 3399 3268; baseline -0.006 -16"><span class='ocrx_word' id='word_1_627' title='bbox 1814 3199 1942 3268; x_wconf 88' lang='lat' dir='ltr'><strong>quid</strong></span> <span class='ocrx_word' id='word_1_628' title='bbox 1967 3197 2126 3251; x_wconf 69' lang='lat' dir='ltr'><strong>veluti</strong></span> <span class='ocrx_word' id='word_1_629' title='bbox 2150 3196 2457 3265; x_wconf 87' lang='lat' dir='ltr'><strong>specialiter</strong></span> <span class='ocrx_word' id='word_1_630' title='bbox 2484 3195 2658 3260; x_wconf 87' lang='lat' dir='ltr'><strong>Patri,</strong></span> <span class='ocrx_word' id='word_1_631' title='bbox 2680 3196 2809 3265; x_wconf 88' lang='lat' dir='ltr'><strong>quid</strong></span> <span class='ocrx_word' id='word_1_632' title='bbox 2837 3193 3035 3258; x_wconf 86' lang='lat' dir='ltr'><strong>Verbo,</strong></span> <span class='ocrx_word' id='word_1_633' title='bbox 3062 3191 3187 3263; x_wconf 88' lang='lat' dir='ltr'><strong>quid</strong></span> <span class='ocrx_word' id='word_1_634' title='bbox 3212 3198 3399 3245; x_wconf 91' lang='lat' dir='ltr'><strong>sancto</strong></span> 
     </span>
    </p>
   </div>
   <div class='ocr_carea' id='block_1_76' title="bbox 1815 3282 3400 3360">
    <p class='ocr_par' dir='ltr' id='par_1_76' title="bbox 1815 3282 3400 3360">
     <span class='ocr_line' id='line_1_77' title="bbox 1815 3282 3400 3360; baseline -0.006 -15"><span class='ocrx_word' id='word_1_635' title='bbox 1815 3286 2038 3360; x_wconf 89' lang='lat' dir='ltr'><strong>Spiritui</strong></span> <span class='ocrx_word' id='word_1_636' title='bbox 2076 3290 2475 3345; x_wconf 89' lang='lat' dir='ltr'><strong>attribuendum</strong></span> <span class='ocrx_word' id='word_1_637' title='bbox 2515 3289 2746 3353; x_wconf 79' lang='lat' dir='ltr'><strong>videtur,</strong></span> <span class='ocrx_word' id='word_1_638' title='bbox 2792 3288 2952 3357; x_wconf 89' lang='lat' dir='ltr'><strong>plane</strong></span> <span class='ocrx_word' id='word_1_639' title='bbox 3000 3285 3269 3340; x_wconf 71' lang='lat' dir='ltr'><strong>edisset-as</strong></span> <span class='ocrx_word' id='word_1_640' title='bbox 3307 3282 3400 3336; x_wconf 87' lang='lat' dir='ltr'><strong>lla-</strong></span> 
     </span>
    </p>
   </div>
   <div class='ocr_carea' id='block_1_77' title="bbox 1814 3386 2367 3453">
    <p class='ocr_par' dir='ltr' id='par_1_77' title="bbox 1814 3386 2367 3453">
     <span class='ocr_line' id='line_1_78' title="bbox 1814 3386 2367 3453; baseline -0.007 -17"><span class='ocrx_word' id='word_1_641' title='bbox 1814 3386 1944 3453; x_wconf 85' lang='lat' dir='ltr'><strong>gito.</strong></span> <span class='ocrx_word' id='word_1_642' title='bbox 2364 3402 2367 3403; x_wconf 51' lang='grc' dir='ltr'><em>ν</em></span> 
     </span>
    </p>
   </div>
   <div class='ocr_carea' id='block_1_78' title="bbox 1882 3464 3406 3540">
    <p class='ocr_par' dir='ltr' id='par_1_78' title="bbox 1882 3464 3406 3540">
     <span class='ocr_line' id='line_1_79' title="bbox 1882 3464 3406 3540; baseline -0.006 -13"><span class='ocrx_word' id='word_1_643' title='bbox 1882 3472 1973 3527; x_wconf 69' lang='lat'><strong>9.2.</strong></span> <span class='ocrx_word' id='word_1_644' title='bbox 2015 3471 2333 3540; x_wconf 84' lang='lat' dir='ltr'><strong>Quanquam</strong></span> <span class='ocrx_word' id='word_1_645' title='bbox 2359 3470 2508 3526; x_wconf 92' lang='lat' dir='ltr'><strong>enim</strong></span> <span class='ocrx_word' id='word_1_646' title='bbox 2545 3471 2704 3525; x_wconf 90' lang='lat' dir='ltr'><strong>trium</strong></span> <span class='ocrx_word' id='word_1_647' title='bbox 2740 3467 3163 3523; x_wconf 87' lang='lat' dir='ltr'><strong>substantiarum</strong></span> <span class='ocrx_word' id='word_1_648' title='bbox 3192 3464 3406 3518; x_wconf 75' lang='lat' dir='ltr'><strong>divinae</strong></span> 
     </span>
    </p>
   </div>
   <div class='ocr_carea' id='block_1_79' title="bbox 1813 3556 3403 3632">
    <p class='ocr_par' dir='ltr' id='par_1_79' title="bbox 1813 3556 3403 3632">
     <span class='ocr_line' id='line_1_80' title="bbox 1813 3556 3403 3632; baseline -0.009 -11"><span class='ocrx_word' id='word_1_649' title='bbox 1813 3565 2070 3621; x_wconf 85' lang='lat' dir='ltr'><strong>bonitatis</strong></span> <span class='ocrx_word' id='word_1_650' title='bbox 2097 3579 2201 3619; x_wconf 91' lang='lat' dir='ltr'><strong>una</strong></span> <span class='ocrx_word' id='word_1_651' title='bbox 2235 3571 2395 3632; x_wconf 88' lang='lat' dir='ltr'><strong>atque</strong></span> <span class='ocrx_word' id='word_1_652' title='bbox 2426 3564 2613 3616; x_wconf 83' lang='lat' dir='ltr'><strong>eadem</strong></span> <span class='ocrx_word' id='word_1_653' title='bbox 2643 3559 3050 3627; x_wconf 87' lang='lat' dir='ltr'><strong>communisque</strong></span> <span class='ocrx_word' id='word_1_654' title='bbox 3076 3556 3327 3611; x_wconf 89' lang='lat' dir='ltr'><strong>credatur</strong></span> <span class='ocrx_word' id='word_1_655' title='bbox 3352 3565 3403 3608; x_wconf 90' lang='lat' dir='ltr'><strong>et</strong></span> 
     </span>
    </p>
   </div>
   <div class='ocr_carea' id='block_1_80' title="bbox 1810 3649 3402 3728">
    <p class='ocr_par' dir='ltr' id='par_1_80' title="bbox 1810 3649 3402 3728">
     <span class='ocr_line' id='line_1_81' title="bbox 1810 3649 3402 3728; baseline -0.008 -15"><span class='ocrx_word' id='word_1_656' title='bbox 1810 3658 2137 3728; x_wconf 86' lang='lat' dir='ltr'><strong>intelligatur</strong></span> <span class='ocrx_word' id='word_1_657' title='bbox 2165 3672 2285 3712; x_wconf 87' lang='lat' dir='ltr'><strong>esse</strong></span> <span class='ocrx_word' id='word_1_658' title='bbox 2312 3655 2575 3727; x_wconf 89' lang='lat' dir='ltr'><strong>operatio,</strong></span> <span class='ocrx_word' id='word_1_659' title='bbox 2615 3654 2759 3708; x_wconf 90' lang='lat' dir='ltr'><strong>nulla</strong></span> <span class='ocrx_word' id='word_1_660' title='bbox 2793 3661 2972 3706; x_wconf 89' lang='lat' dir='ltr'><strong>tamen</strong></span> <span class='ocrx_word' id='word_1_661' title='bbox 3000 3649 3302 3706; x_wconf 81' lang='lat' dir='ltr'><strong>dill‘erentia</strong></span> <span class='ocrx_word' id='word_1_662' title='bbox 3340 3662 3402 3701; x_wconf 90' lang='lat' dir='ltr'><strong>ac</strong></span> 
     </span>
    </p>
   </div>
   <div class='ocr_carea' id='block_1_81' title="bbox 1810 3743 3405 3819">
    <p class='ocr_par' dir='ltr' id='par_1_81' title="bbox 1810 3743 3405 3819">
     <span class='ocr_line' id='line_1_82' title="bbox 1810 3743 3405 3819; baseline -0.006 -18"><span class='ocrx_word' id='word_1_663' title='bbox 1810 3749 2142 3819; x_wconf 84' lang='lat' dir='ltr'><strong>proprietate</strong></span> <span class='ocrx_word' id='word_1_664' title='bbox 2191 3748 2475 3803; x_wconf 88' lang='lat' dir='ltr'><strong>dicendum</strong></span> <span class='ocrx_word' id='word_1_665' title='bbox 2527 3754 2610 3800; x_wconf 89' lang='lat' dir='ltr'><strong>est</strong></span> <span class='ocrx_word' id='word_1_666' title='bbox 2647 3759 2868 3811; x_wconf 88' lang='lat' dir='ltr'><strong>carere;</strong></span> <span class='ocrx_word' id='word_1_667' title='bbox 2916 3751 3038 3799; x_wconf 91' lang='lat' dir='ltr'><strong>sunt</strong></span> <span class='ocrx_word' id='word_1_668' title='bbox 3066 3743 3232 3806; x_wconf 88' lang='lat' dir='ltr'><strong>enim,</strong></span> <span class='ocrx_word' id='word_1_669' title='bbox 3264 3754 3405 3809; x_wconf 88' lang='lat' dir='ltr'><strong>quae</strong></span> 
     </span>
    </p>
   </div>
   <div class='ocr_carea' id='block_1_82' title="bbox 1811 3835 3399 3911">
    <p class='ocr_par' dir='ltr' id='par_1_82' title="bbox 1811 3835 3399 3911">
     <span class='ocr_line' id='line_1_83' title="bbox 1811 3835 3399 3911; baseline -0.008 -14"><span class='ocrx_word' id='word_1_670' title='bbox 1811 3840 2035 3911; x_wconf 82' lang='lat' dir='ltr'><strong>singulis</strong></span> <span class='ocrx_word' id='word_1_671' title='bbox 2059 3840 2305 3909; x_wconf 83' lang='lat' dir='ltr'><strong>personis</strong></span> <span class='ocrx_word' id='word_1_672' title='bbox 2333 3839 2495 3893; x_wconf 81' lang='lat' dir='ltr'><strong>veluti</strong></span> <span class='ocrx_word' id='word_1_673' title='bbox 2524 3838 2757 3907; x_wconf 89' lang='lat' dir='ltr'><strong>quadam</strong></span> <span class='ocrx_word' id='word_1_674' title='bbox 2787 3835 3117 3906; x_wconf 86' lang='lat' dir='ltr'><strong>proprietate</strong></span> <span class='ocrx_word' id='word_1_675' title='bbox 3152 3848 3181 3885; x_wconf 92' lang='lat' dir='ltr'><strong>a</strong></span> <span class='ocrx_word' id='word_1_676' title='bbox 3215 3840 3399 3886; x_wconf 84' lang='lat' dir='ltr'><strong>sancta</strong></span> 
     </span>
    </p>
   </div>
   <div class='ocr_carea' id='block_1_83' title="bbox 1815 3920 3404 3999">
    <p class='ocr_par' dir='ltr' id='par_1_83' title="bbox 1815 3920 3404 3999">
     <span class='ocr_line' id='line_1_84' title="bbox 1815 3920 3404 3999; baseline -0.006 -15"><span class='ocrx_word' id='word_1_677' title='bbox 1815 3928 2080 3999; x_wconf 88' lang='lat' dir='ltr'><strong>theologia</strong></span> <span class='ocrx_word' id='word_1_678' title='bbox 2112 3928 2523 3991; x_wconf 88' lang='lat' dir='ltr'><strong>distribuuntur,</strong></span> <span class='ocrx_word' id='word_1_679' title='bbox 2563 3941 2793 3996; x_wconf 89' lang='lat' dir='ltr'><strong>quorum</strong></span> <span class='ocrx_word' id='word_1_680' title='bbox 2842 3923 3089 3993; x_wconf 72' lang='lat' dir='ltr'><strong>exempla</strong></span> <span class='ocrx_word' id='word_1_681' title='bbox 3128 3930 3254 3975; x_wconf 89' lang='lat' dir='ltr'><strong>nota</strong></span> <span class='ocrx_word' id='word_1_682' title='bbox 3312 3920 3404 3974; x_wconf 82' lang='lat' dir='ltr'><strong>tibi</strong></span> 
     </span>
    </p>
   </div>
   <div class='ocr_carea' id='block_1_84' title="bbox 1812 4012 3403 4086">
    <p class='ocr_par' dir='ltr' id='par_1_84' title="bbox 1812 4012 3403 4086">
     <span class='ocr_line' id='line_1_85' title="bbox 1812 4012 3403 4086; baseline -0.009 -10"><span class='ocrx_word' id='word_1_683' title='bbox 1812 4037 1933 4076; x_wconf 88' lang='lat' dir='ltr'><strong>esse</strong></span> <span class='ocrx_word' id='word_1_684' title='bbox 1975 4037 2079 4075; x_wconf 89' lang='lat' dir='ltr'><strong>non</strong></span> <span class='ocrx_word' id='word_1_685' title='bbox 2128 4020 2334 4075; x_wconf 88' lang='lat' dir='ltr'><strong>dubito.</strong></span> <span class='ocrx_word' id='word_1_686' title='bbox 2393 4020 2498 4073; x_wconf 85' lang='lat' dir='ltr'><strong>Sed</strong></span> <span class='ocrx_word' id='word_1_687' title='bbox 2551 4027 2608 4071; x_wconf 92' lang='lat' dir='ltr'><strong>ut</strong></span> <span class='ocrx_word' id='word_1_688' title='bbox 2646 4014 2833 4086; x_wconf 87' lang='lat' dir='ltr'><strong>paucis</strong></span> <span class='ocrx_word' id='word_1_689' title='bbox 2871 4026 3091 4068; x_wconf 84' lang='lat' dir='ltr'><strong>utamur</strong></span> <span class='ocrx_word' id='word_1_690' title='bbox 3120 4012 3403 4080; x_wconf 79' lang='lat' dir='ltr'><strong>exeiuplis,</strong></span> 
     </span>
    </p>
   </div>
   <div class='ocr_carea' id='block_1_85' title="bbox 1812 4103 3403 4186">
    <p class='ocr_par' dir='ltr' id='par_1_85' title="bbox 1812 4103 3403 4186">
     <span class='ocr_line' id='line_1_86' title="bbox 1812 4103 3403 4186; baseline -0.009 -17"><span class='ocrx_word' id='word_1_691' title='bbox 1812 4115 2087 4186; x_wconf 88' lang='lat' dir='ltr'><strong>proprium</strong></span> <span class='ocrx_word' id='word_1_692' title='bbox 2134 4112 2310 4167; x_wconf 83' lang='lat' dir='ltr'><strong>Patris</strong></span> <span class='ocrx_word' id='word_1_693' title='bbox 2370 4110 2651 4164; x_wconf 90' lang='lat' dir='ltr'><strong>audiamus</strong></span> <span class='ocrx_word' id='word_1_694' title='bbox 2709 4107 2890 4161; x_wconf 86' lang='lat' dir='ltr'><strong>divino</strong></span> <span class='ocrx_word' id='word_1_695' title='bbox 2944 4121 3039 4161; x_wconf 91' lang='lat' dir='ltr'><strong>ore</strong></span> <span class='ocrx_word' id='word_1_696' title='bbox 3093 4103 3343 4172; x_wconf 80' lang='lat' dir='ltr'><strong>loquente</strong></span> <span class='ocrx_word' id='word_1_697' title='bbox 3390 4118 3403 4154; x_wconf 88' lang='lat'><strong>:</strong></span> 
     </span>
    </p>
   </div>
   <div class='ocr_carea' id='block_1_86' title="bbox 1812 4193 3404 4277">
    <p class='ocr_par' dir='ltr' id='par_1_86' title="bbox 1812 4193 3404 4277">
     <span class='ocr_line' id='line_1_87' title="bbox 1812 4193 3404 4277; baseline -0.011 -14"><span class='ocrx_word' id='word_1_698' title='bbox 1812 4208 1951 4263; x_wconf 88' lang='lat' dir='ltr'><strong>Dum</strong></span> <span class='ocrx_word' id='word_1_699' title='bbox 1979 4208 2111 4261; x_wconf 78' lang='lat' dir='ltr'><strong>venit</strong></span> <span class='ocrx_word' id='word_1_700' title='bbox 2134 4204 2401 4277; x_wconf 84' lang='lat' dir='ltr'><strong>plenitudo</strong></span> <span class='ocrx_word' id='word_1_701' title='bbox 2433 4212 2721 4271; x_wconf 88' lang='lat' dir='ltr'><strong>temporum</strong></span> <span class='ocrx_word' id='word_1_702' title='bbox 2754 4199 2822 4262; x_wconf 79' lang='lat'><strong>“,</strong></span> <span class='ocrx_word' id='word_1_703' title='bbox 2849 4198 2987 4251; x_wconf 87' lang='lat' dir='ltr'><strong>misit</strong></span> <span class='ocrx_word' id='word_1_704' title='bbox 3035 4196 3172 4249; x_wconf 79' lang='lat' dir='ltr'><strong>Deus</strong></span> <span class='ocrx_word' id='word_1_705' title='bbox 3204 4193 3404 4247; x_wconf 79' lang='lat' dir='ltr'><strong>Filium</strong></span> 
     </span>
    </p>
   </div>
   <div class='ocr_carea' id='block_1_87' title="bbox 1811 4284 3403 4365">
    <p class='ocr_par' dir='ltr' id='par_1_87' title="bbox 1811 4284 3403 4365">
     <span class='ocr_line' id='line_1_88' title="bbox 1811 4284 3403 4365; baseline -0.01 -14"><span class='ocrx_word' id='word_1_706' title='bbox 1811 4313 1965 4352; x_wconf 80' lang='lat' dir='ltr'><strong>suum</strong></span> <span class='ocrx_word' id='word_1_707' title='bbox 2000 4296 2197 4365; x_wconf 81' lang='lat' dir='ltr'><strong>factum</strong></span> <span class='ocrx_word' id='word_1_708' title='bbox 2222 4308 2287 4347; x_wconf 76' lang='lat' dir='ltr'><strong>ex</strong></span> <span class='ocrx_word' id='word_1_709' title='bbox 2313 4291 2549 4355; x_wconf 83' lang='lat' dir='ltr'><strong>muliere,</strong></span> <span class='ocrx_word' id='word_1_710' title='bbox 2576 4290 2770 4358; x_wconf 79' lang='lat' dir='ltr'><strong>factum</strong></span> <span class='ocrx_word' id='word_1_711' title='bbox 2798 4304 2861 4341; x_wconf 73' lang='lat' dir='ltr'><strong>ex</strong></span> <span class='ocrx_word' id='word_1_712' title='bbox 2888 4286 2997 4356; x_wconf 79' lang='lat' dir='ltr'><strong>lege</strong></span> <span class='ocrx_word' id='word_1_713' title='bbox 3028 4287 3099 4350; x_wconf 80' lang='grc'><strong>’⁷,</strong></span> <span class='ocrx_word' id='word_1_714' title='bbox 3125 4284 3403 4353; x_wconf 88' lang='lat' dir='ltr'><strong>proprium</strong></span> 
     </span>
    </p>
   </div>
   <div class='ocr_carea' id='block_1_88' title="bbox 164 4375 3405 4482">
    <p class='ocr_par' dir='ltr' id='par_1_88' title="bbox 164 4375 3405 4482">
     <span class='ocr_line' id='line_1_89' title="bbox 164 4375 3405 4482; baseline -0.004 -53"><span class='ocrx_word' id='word_1_715' title='bbox 164 4381 367 4435; x_wconf 75' lang='lat' dir='ltr'><strong>sentialia</strong></span> <span class='ocrx_word' id='word_1_716' title='bbox 398 4401 499 4438; x_wconf 89' lang='lat' dir='ltr'><strong>non</strong></span> <span class='ocrx_word' id='word_1_717' title='bbox 525 4393 669 4448; x_wconf 91' lang='lat' dir='ltr'><strong>sunt,</strong></span> <span class='ocrx_word' id='word_1_718' title='bbox 699 4402 803 4439; x_wconf 85' lang='lat' dir='ltr'><strong>non</strong></span> <span class='ocrx_word' id='word_1_719' title='bbox 829 4397 1095 4456; x_wconf 85' lang='lat' dir='ltr'><strong>coguntur</strong></span> <span class='ocrx_word' id='word_1_720' title='bbox 1126 4402 1247 4440; x_wconf 90' lang='lat' dir='ltr'><strong>esse</strong></span> <span class='ocrx_word' id='word_1_721' title='bbox 1276 4393 1583 4449; x_wconf 86' lang='lat' dir='ltr'><strong>coaeterna,</strong></span> <span class='ocrx_word' id='word_1_722' title='bbox 1614 4400 1706 4438; x_wconf 92' lang='lat' dir='ltr'><strong>co-</strong></span> <span class='ocrx_word' id='word_1_723' title='bbox 1738 4426 1783 4482; x_wconf 72' lang='grc' dir='ltr'>υ</span> <span class='ocrx_word' id='word_1_724' title='bbox 1810 4386 1930 4441; x_wconf 85' lang='lat' dir='ltr'><strong>Filii</strong></span> <span class='ocrx_word' id='word_1_725' title='bbox 1961 4404 1974 4439; x_wconf 88' lang='lat'><strong>:</strong></span> <span class='ocrx_word' id='word_1_726' title='bbox 2008 4384 2112 4450; x_wconf 83' lang='lat' dir='ltr'><strong>Qui</strong></span> <span class='ocrx_word' id='word_1_727' title='bbox 2135 4401 2251 4438; x_wconf 86' lang='lat' dir='ltr'><strong>cum</strong></span> <span class='ocrx_word' id='word_1_728' title='bbox 2277 4381 2531 4451; x_wconf 75' lang='lat' dir='ltr'><strong>iii-forma</strong></span> <span class='ocrx_word' id='word_1_729' title='bbox 2564 4380 2659 4433; x_wconf 85' lang='lat' dir='ltr'><strong>Dei</strong></span> <span class='ocrx_word' id='word_1_730' title='bbox 2687 4388 2838 4442; x_wconf 76' lang='lat' dir='ltr'><strong>esset,</strong></span> <span class='ocrx_word' id='word_1_731' title='bbox 2866 4394 2969 4431; x_wconf 85' lang='lat' dir='ltr'><strong>non</strong></span> <span class='ocrx_word' id='word_1_732' title='bbox 2996 4377 3235 4446; x_wconf 82' lang='lat' dir='ltr'><strong>rapinam</strong></span> <span class='ocrx_word' id='word_1_733' title='bbox 3269 4375 3405 4427; x_wconf 69' lang='grc' dir='ltr'><strong>στω.</strong></span> 
     </span>
    </p>
   </div>
   <div class='ocr_carea' id='block_1_89' title="bbox 165 4477 1703 4546">
    <p class='ocr_par' dir='ltr' id='par_1_89' title="bbox 165 4477 1703 4546">
     <span class='ocr_line' id='line_1_90' title="bbox 165 4477 1703 4546; baseline 0.008 -28"><span class='ocrx_word' id='word_1_734' title='bbox 165 4480 329 4536; x_wconf 78' lang='lat' dir='ltr'><strong>gimtur</strong></span> <span class='ocrx_word' id='word_1_735' title='bbox 357 4486 528 4529; x_wconf 83' lang='lat' dir='ltr'><strong>autem</strong></span> <span class='ocrx_word' id='word_1_736' title='bbox 575 4492 790 4546; x_wconf 82' lang='lat' dir='ltr'><strong>semper</strong></span> <span class='ocrx_word' id='word_1_737' title='bbox 833 4492 954 4531; x_wconf 89' lang='lat' dir='ltr'><strong>csse</strong></span> <span class='ocrx_word' id='word_1_738' title='bbox 1001 4478 1221 4533; x_wconf 86' lang='lat' dir='ltr'><strong>relativa</strong></span> <span class='ocrx_word' id='word_1_739' title='bbox 1263 4486 1317 4532; x_wconf 90' lang='lat' dir='ltr'><strong>ct</strong></span> <span class='ocrx_word' id='word_1_740' title='bbox 1357 4477 1515 4532; x_wconf 88' lang='lat' dir='ltr'><strong>simul</strong></span> <span class='ocrx_word' id='word_1_741' title='bbox 1560 4492 1703 4541; x_wconf 89' lang='lat' dir='ltr'><strong>esse,</strong></span> 
     </span>
    </p>
   </div>
   <div class='ocr_carea' id='block_1_90' title="bbox 166 4560 1707 4631">
    <p class='ocr_par' dir='ltr' id='par_1_90' title="bbox 166 4560 1707 4631">
     <span class='ocr_line' id='line_1_91' title="bbox 166 4560 1707 4631; baseline 0.008 -23"><span class='ocrx_word' id='word_1_742' title='bbox 166 4560 264 4625; x_wconf 85' lang='lat' dir='ltr'><strong>quia</strong></span> <span class='ocrx_word' id='word_1_743' title='bbox 288 4561 446 4617; x_wconf 84' lang='lat' dir='ltr'><strong>factor</strong></span> <span class='ocrx_word' id='word_1_744' title='bbox 471 4566 591 4620; x_wconf 87' lang='lat' dir='ltr'><strong>sine</strong></span> <span class='ocrx_word' id='word_1_745' title='bbox 616 4566 758 4621; x_wconf 87' lang='lat' dir='ltr'><strong>facto</strong></span> <span class='ocrx_word' id='word_1_746' title='bbox 784 4576 995 4622; x_wconf 88' lang='lat' dir='ltr'><strong>nonest</strong></span> <span class='ocrx_word' id='word_1_747' title='bbox 1022 4567 1214 4631; x_wconf 88' lang='lat' dir='ltr'><strong>factor,</strong></span> <span class='ocrx_word' id='word_1_748' title='bbox 1250 4575 1305 4621; x_wconf 89' lang='lat' dir='ltr'><strong>et</strong></span> <span class='ocrx_word' id='word_1_749' title='bbox 1348 4566 1549 4622; x_wconf 87' lang='lat' dir='ltr'><strong>factum</strong></span> <span class='ocrx_word' id='word_1_750' title='bbox 1590 4568 1707 4621; x_wconf 89' lang='lat' dir='ltr'><strong>sine</strong></span> 
     </span>
    </p>
   </div>
   <div class='ocr_carea' id='block_1_91' title="bbox 169 4650 1707 4729">
    <p class='ocr_par' dir='ltr' id='par_1_91' title="bbox 169 4650 1707 4729">
     <span class='ocr_line' id='line_1_92' title="bbox 169 4650 1707 4729; baseline 0.006 -27"><span class='ocrx_word' id='word_1_751' title='bbox 169 4650 332 4709; x_wconf 71' lang='lat' dir='ltr'><strong>lectore</strong></span> <span class='ocrx_word' id='word_1_752' title='bbox 357 4673 455 4711; x_wconf 91' lang='lat' dir='ltr'><strong>non</strong></span> <span class='ocrx_word' id='word_1_753' title='bbox 484 4668 567 4713; x_wconf 86' lang='lat' dir='ltr'><strong>est</strong></span> <span class='ocrx_word' id='word_1_754' title='bbox 608 4659 828 4717; x_wconf 88' lang='lat' dir='ltr'><strong>factum.</strong></span> <span class='ocrx_word' id='word_1_755' title='bbox 876 4660 1012 4716; x_wconf 87' lang='lat' dir='ltr'><strong>llinc</strong></span> <span class='ocrx_word' id='word_1_756' title='bbox 1058 4660 1361 4723; x_wconf 81' lang='lat' dir='ltr'><strong>coniicitur,</strong></span> <span class='ocrx_word' id='word_1_757' title='bbox 1407 4661 1550 4729; x_wconf 88' lang='lat' dir='ltr'><strong>quod</strong></span> <span class='ocrx_word' id='word_1_758' title='bbox 1586 4660 1707 4713; x_wconf 91' lang='lat' dir='ltr'><strong>ideo</strong></span> 
     </span>
    </p>
   </div>
   <div class='ocr_carea' id='block_1_92' title="bbox 169 4743 1705 4809">
    <p class='ocr_par' dir='ltr' id='par_1_92' title="bbox 169 4743 1705 4809">
     <span class='ocr_line' id='line_1_93' title="bbox 169 4743 1705 4809; baseline 0.007 -15"><span class='ocrx_word' id='word_1_759' title='bbox 169 4743 494 4809; x_wconf 79' lang='lat' dir='ltr'><strong>primordialcs</strong></span> <span class='ocrx_word' id='word_1_760' title='bbox 538 4766 717 4805; x_wconf 87' lang='lat' dir='ltr'><strong>rerum</strong></span> <span class='ocrx_word' id='word_1_761' title='bbox 767 4767 960 4805; x_wconf 88' lang='lat' dir='ltr'><strong>causas</strong></span> <span class='ocrx_word' id='word_1_762' title='bbox 1008 4751 1118 4805; x_wconf 81' lang='lat' dir='ltr'><strong>Deo</strong></span> <span class='ocrx_word' id='word_1_763' title='bbox 1155 4760 1474 4805; x_wconf 80' lang='lat' dir='ltr'><strong>coaeternus</strong></span> <span class='ocrx_word' id='word_1_764' title='bbox 1502 4766 1622 4805; x_wconf 85' lang='lat' dir='ltr'><strong>esse</strong></span> <span class='ocrx_word' id='word_1_765' title='bbox 1662 4749 1705 4781; x_wconf 79' lang='grc'><strong>⁸⁸</strong></span> 
     </span>
    </p>
   </div>
   <div class='ocr_carea' id='block_1_93' title="bbox 170 4831 1703 4911">
    <p class='ocr_par' dir='ltr' id='par_1_93' title="bbox 170 4831 1703 4911">
     <span class='ocr_line' id='line_1_94' title="bbox 170 4831 1703 4911; baseline 0.007 -27"><span class='ocrx_word' id='word_1_766' title='bbox 170 4831 373 4902; x_wconf 72' lang='lat' dir='ltr'><strong>dicimus,</strong></span> <span class='ocrx_word' id='word_1_767' title='bbox 414 4840 539 4910; x_wconf 89' lang='lat' dir='ltr'><strong>quia</strong></span> <span class='ocrx_word' id='word_1_768' title='bbox 589 4857 804 4911; x_wconf 80' lang='lat' dir='ltr'><strong>semper</strong></span> <span class='ocrx_word' id='word_1_769' title='bbox 848 4842 900 4896; x_wconf 91' lang='lat' dir='ltr'><strong>in</strong></span> <span class='ocrx_word' id='word_1_770' title='bbox 946 4841 1054 4897; x_wconf 89' lang='lat' dir='ltr'><strong>Deo</strong></span> <span class='ocrx_word' id='word_1_771' title='bbox 1097 4842 1214 4896; x_wconf 90' lang='lat' dir='ltr'><strong>siue</strong></span> <span class='ocrx_word' id='word_1_772' title='bbox 1269 4842 1377 4896; x_wconf 91' lang='lat' dir='ltr'><strong>ullo</strong></span> <span class='ocrx_word' id='word_1_773' title='bbox 1423 4841 1703 4911; x_wconf 89' lang='lat' dir='ltr'><strong>temporali</strong></span> 
     </span>
    </p>
   </div>
   <div class='ocr_carea' id='block_1_94' title="bbox 1814 4466 3407 4541">
    <p class='ocr_par' dir='ltr' id='par_1_94' title="bbox 1814 4466 3407 4541">
     <span class='ocr_line' id='line_1_95' title="bbox 1814 4466 3407 4541; baseline -0.008 -11"><span class='ocrx_word' id='word_1_774' title='bbox 1814 4487 1984 4530; x_wconf 80' lang='lat' dir='ltr'><strong>tratus</strong></span> <span class='ocrx_word' id='word_1_775' title='bbox 2010 4485 2105 4540; x_wconf 78' lang='lat' dir='ltr'><strong>est,</strong></span> <span class='ocrx_word' id='word_1_776' title='bbox 2132 4490 2240 4528; x_wconf 75' lang='lat' dir='ltr'><strong>esse</strong></span> <span class='ocrx_word' id='word_1_777' title='bbox 2261 4489 2317 4527; x_wconf 76' lang='lat' dir='ltr'><strong>se</strong></span> <span class='ocrx_word' id='word_1_778' title='bbox 2337 4470 2605 4541; x_wconf 82' lang='lat' dir='ltr'><strong>aequalem</strong></span> <span class='ocrx_word' id='word_1_779' title='bbox 2626 4469 2756 4532; x_wconf 84' lang='lat' dir='ltr'><strong>Deo,</strong></span> <span class='ocrx_word' id='word_1_780' title='bbox 2772 4469 2860 4522; x_wconf 76' lang='lat' dir='ltr'><strong>sed</strong></span> <span class='ocrx_word' id='word_1_781' title='bbox 2883 4468 3212 4537; x_wconf 83' lang='lat' dir='ltr'><strong>semetipsum</strong></span> <span class='ocrx_word' id='word_1_782' title='bbox 3229 4466 3407 4519; x_wconf 71' lang='lat' dir='ltr'><strong>exina-</strong></span> 
     </span>
    </p>
   </div>
   <div class='ocr_carea' id='block_1_95' title="bbox 1816 4558 3405 4635">
    <p class='ocr_par' dir='ltr' id='par_1_95' title="bbox 1816 4558 3405 4635">
     <span class='ocr_line' id='line_1_96' title="bbox 1816 4558 3405 4635; baseline -0.006 -15"><span class='ocrx_word' id='word_1_783' title='bbox 1816 4567 1964 4629; x_wconf 82' lang='lat' dir='ltr'><strong>nivit,</strong></span> <span class='ocrx_word' id='word_1_784' title='bbox 1998 4565 2220 4635; x_wconf 74' lang='lat' dir='ltr'><strong>formam</strong></span> <span class='ocrx_word' id='word_1_785' title='bbox 2249 4563 2382 4617; x_wconf 77' lang='lat' dir='ltr'><strong>servi</strong></span> <span class='ocrx_word' id='word_1_786' title='bbox 2405 4561 2662 4631; x_wconf 77' lang='lat' dir='ltr'><strong>accipiens</strong></span> <span class='ocrx_word' id='word_1_787' title='bbox 2686 4560 2754 4624; x_wconf 79' lang='lat'><strong>&quot;,</strong></span> <span class='ocrx_word' id='word_1_788' title='bbox 2787 4569 2841 4613; x_wconf 90' lang='lat' dir='ltr'><strong>ct</strong></span> <span class='ocrx_word' id='word_1_789' title='bbox 2867 4559 3093 4629; x_wconf 89' lang='lat' dir='ltr'><strong>reliqua.</strong></span> <span class='ocrx_word' id='word_1_790' title='bbox 3121 4558 3405 4627; x_wconf 86' lang='lat' dir='ltr'><strong>Propriqu</strong></span> 
     </span>
    </p>
   </div>
   <div class='ocr_carea' id='block_1_96' title="bbox 1816 4650 3408 4725">
    <p class='ocr_par' dir='ltr' id='par_1_96' title="bbox 1816 4650 3408 4725">
     <span class='ocr_line' id='line_1_97' title="bbox 1816 4650 3408 4725; baseline -0.007 -13"><span class='ocrx_word' id='word_1_791' title='bbox 1816 4656 2051 4725; x_wconf 88' lang='lat' dir='ltr'><strong>Spiritus</strong></span> <span class='ocrx_word' id='word_1_792' title='bbox 2077 4655 2248 4709; x_wconf 87' lang='lat' dir='ltr'><strong>sancti</strong></span> <span class='ocrx_word' id='word_1_793' title='bbox 2273 4655 2326 4708; x_wconf 90' lang='lat' dir='ltr'><strong>in</strong></span> <span class='ocrx_word' id='word_1_794' title='bbox 2350 4652 2818 4707; x_wconf 87' lang='lat' dir='ltr'><strong>administratione</strong></span> <span class='ocrx_word' id='word_1_795' title='bbox 2859 4650 3246 4706; x_wconf 89' lang='lat' dir='ltr'><strong>incarnationis</strong></span> <span class='ocrx_word' id='word_1_796' title='bbox 3272 4650 3408 4704; x_wconf 76' lang='lat' dir='ltr'><strong>Ver-</strong></span> 
     </span>
    </p>
   </div>
   <div class='ocr_carea' id='block_1_97' title="bbox 1814 4743 3412 4817">
    <p class='ocr_par' dir='ltr' id='par_1_97' title="bbox 1814 4743 3412 4817">
     <span class='ocr_line' id='line_1_98' title="bbox 1814 4743 3412 4817; baseline -0.006 -14"><span class='ocrx_word' id='word_1_797' title='bbox 1814 4749 1867 4803; x_wconf 90' lang='lat' dir='ltr'><strong>bi</strong></span> <span class='ocrx_word' id='word_1_798' title='bbox 1893 4749 1937 4786; x_wconf 77' lang='grc'><strong>¹⁹</strong></span> <span class='ocrx_word' id='word_1_799' title='bbox 1961 4747 2311 4817; x_wconf 83' lang='lat' dir='ltr'><strong>Evangelium</strong></span> <span class='ocrx_word' id='word_1_800' title='bbox 2341 4744 2669 4812; x_wconf 70' lang='lat' dir='ltr'><strong>manifestat,</strong></span> <span class='ocrx_word' id='word_1_801' title='bbox 2695 4744 2907 4798; x_wconf 89' lang='lat' dir='ltr'><strong>dicente</strong></span> <span class='ocrx_word' id='word_1_802' title='bbox 2923 4743 3115 4814; x_wconf 88' lang='lat' dir='ltr'><strong>angelo</strong></span> <span class='ocrx_word' id='word_1_803' title='bbox 3137 4743 3204 4797; x_wconf 90' lang='lat' dir='ltr'><strong>de</strong></span> <span class='ocrx_word' id='word_1_804' title='bbox 3225 4750 3412 4796; x_wconf 86' lang='lat' dir='ltr'><strong>sancta</strong></span> 
     </span>
    </p>
   </div>
   <div class='ocr_carea' id='block_1_98' title="bbox 1815 4826 3411 4910">
    <p class='ocr_par' dir='ltr' id='par_1_98' title="bbox 1815 4826 3411 4910">
     <span class='ocr_line' id='line_1_99' title="bbox 1815 4826 3411 4910; baseline -0.007 -15"><span class='ocrx_word' id='word_1_805' title='bbox 1815 4842 1907 4895; x_wconf 85' lang='lat' dir='ltr'><strong>Dei</strong></span> <span class='ocrx_word' id='word_1_806' title='bbox 1929 4840 2187 4910; x_wconf 71' lang='lat' dir='ltr'><strong>geniti-ioc</strong></span> <span class='ocrx_word' id='word_1_807' title='bbox 2217 4857 2229 4892; x_wconf 93' lang='lat'>:</span> <span class='ocrx_word' id='word_1_808' title='bbox 2258 4837 2411 4905; x_wconf 80' lang='lat' dir='ltr'><strong>Quod</strong></span> <span class='ocrx_word' id='word_1_809' title='bbox 2433 4836 2486 4889; x_wconf 83' lang='lat' dir='ltr'><strong>in</strong></span> <span class='ocrx_word' id='word_1_810' title='bbox 2510 4852 2571 4890; x_wconf 82' lang='lat' dir='ltr'><strong>ea</strong></span> <span class='ocrx_word' id='word_1_811' title='bbox 2597 4846 2776 4889; x_wconf 87' lang='lat' dir='ltr'><strong>uatum</strong></span> <span class='ocrx_word' id='word_1_812' title='bbox 2796 4846 2893 4902; x_wconf 78' lang='lat' dir='ltr'><strong>est,</strong></span> <span class='ocrx_word' id='word_1_813' title='bbox 2916 4835 2980 4889; x_wconf 85' lang='lat' dir='ltr'><strong>de</strong></span> <span class='ocrx_word' id='word_1_814' title='bbox 3003 4826 3204 4905; x_wconf 82' lang='lat' dir='ltr'><strong>Spiritu</strong></span> <span class='ocrx_word' id='word_1_815' title='bbox 3230 4841 3411 4888; x_wconf 72' lang='lat' dir='ltr'><strong>sancto</strong></span> 
     </span>
    </p>
   </div>
   <div class='ocr_carea' id='block_1_99' title="bbox 1405 4960 2163 5054">
    <p class='ocr_par' dir='ltr' id='par_1_99' title="bbox 1405 4960 2163 5054">
     <span class='ocr_line' id='line_1_100' title="bbox 1405 4960 2163 5054; baseline -0.005 -2"><span class='ocrx_word' id='word_1_816' title='bbox 1405 4997 1662 5054; x_wconf 65' lang='lat' dir='ltr'><strong>unus</strong></span> <span class='ocrx_word' id='word_1_817' title='bbox 1696 4993 2096 5052; x_wconf 75' lang='lat' dir='ltr'><strong>LECTlONL‘S.</strong></span> <span class='ocrx_word' id='word_1_818' title='bbox 2120 4960 2163 5007; x_wconf 75' lang='grc'><strong>·’</strong></span> 
     </span>
    </p>
   </div>
   <div class='ocr_carea' id='block_1_100' title="bbox 226 5104 3406 5196">
    <p class='ocr_par' dir='ltr' id='par_1_100' title="bbox 226 5104 3406 5196">
     <span class='ocr_line' id='line_1_101' title="bbox 226 5104 3406 5196; baseline -0.002 -33"><span class='ocrx_word' id='word_1_819' title='bbox 226 5108 339 5196; x_wconf 61' lang='lat' dir='ltr'><strong>&quot;Sic</strong></span> <span class='ocrx_word' id='word_1_820' title='bbox 357 5112 519 5179; x_wconf 82' lang='lat' dir='ltr'><strong>CDE;</strong></span> <span class='ocrx_word' id='word_1_821' title='bbox 631 5114 1021 5196; x_wconf 44' lang='lat' dir='ltr'><strong>huncnlocrumﬂ</strong></span> <span class='ocrx_word' id='word_1_822' title='bbox 1038 5114 1342 5196; x_wconf 60' lang='lat' dir='ltr'><strong>scripturae</strong></span> <span class='ocrx_word' id='word_1_823' title='bbox 1374 5112 1737 5196; x_wconf 35' lang='lat' dir='ltr'><strong>intelligitgn:</strong></span> <span class='ocrx_word' id='word_1_824' title='bbox 1777 5110 1869 5196; x_wconf 70' lang='lat' dir='ltr'><strong>Sic</strong></span> <span class='ocrx_word' id='word_1_825' title='bbox 1891 5108 2016 5196; x_wconf 31' lang='lat' dir='ltr'><strong>(EE’;</strong></span> <span class='ocrx_word' id='word_1_826' title='bbox 2130 5114 2253 5196; x_wconf 58' lang='lat' dir='ltr'><strong>post</strong></span> <span class='ocrx_word' id='word_1_827' title='bbox 2297 5106 2719 5196; x_wconf 48' lang='grc' dir='ltr'>ειίηέρηιιειέῖιηι</span> <span class='ocrx_word' id='word_1_828' title='bbox 2767 5121 2877 5196; x_wconf 68' lang='lat' dir='ltr'><strong>pm.</strong></span> <span class='ocrx_word' id='word_1_829' title='bbox 2907 5105 2995 5175; x_wconf 90' lang='lat' dir='ltr'><strong>D).</strong></span> <span class='ocrx_word' id='word_1_830' title='bbox 3074 5104 3209 5196; x_wconf 47' lang='grc' dir='ltr'><strong>διξξο</strong></span> <span class='ocrx_word' id='word_1_831' title='bbox 3244 5104 3406 5196; x_wconf 50' lang='grc' dir='ltr'><strong>ρῡέ,</strong></span> 
     </span>
    </p>
   </div>
   <div class='ocr_carea' id='block_1_101' title="bbox 167 5177 2269 5302">
    <p class='ocr_par' dir='ltr' id='par_1_101' title="bbox 167 5177 2269 5302">
     <span class='ocr_line' id='line_1_102' title="bbox 167 5177 2269 5302; baseline -0.006 -60"><span class='ocrx_word' id='word_1_832' title='bbox 167 5189 258 5242; x_wconf 73' lang='grc' dir='ltr'><strong>Ροα</strong></span> <span class='ocrx_word' id='word_1_833' title='bbox 283 5197 390 5234; x_wconf 71' lang='lat' dir='ltr'><strong>eum</strong></span> <span class='ocrx_word' id='word_1_834' title='bbox 421 5177 530 5238; x_wconf 71' lang='lat' dir='ltr'><strong>om.</strong></span> <span class='ocrx_word' id='word_1_835' title='bbox 559 5185 625 5238; x_wconf 80' lang='grc' dir='ltr'><strong>Δ.</strong></span> <span class='ocrx_word' id='word_1_836' title='bbox 700 5182 850 5239; x_wconf 74' lang='lat' dir='ltr'><strong>&quot;Sic</strong></span> <span class='ocrx_word' id='word_1_837' title='bbox 892 5185 1052 5251; x_wconf 81' lang='lat' dir='ltr'><strong>CDE;</strong></span> <span class='ocrx_word' id='word_1_838' title='bbox 1078 5185 1123 5237; x_wconf 84' lang='lat' dir='ltr'><strong>A</strong></span> <span class='ocrx_word' id='word_1_839' title='bbox 1150 5177 1203 5238; x_wconf 83' lang='lat' dir='ltr'><strong>id</strong></span> <span class='ocrx_word' id='word_1_840' title='bbox 1232 5192 1336 5239; x_wconf 85' lang='lat' dir='ltr'><strong>est.</strong></span> <span class='ocrx_word' id='word_1_841' title='bbox 1411 5185 1432 5215; x_wconf 83' lang='grc'>⁸</span> <span class='ocrx_word' id='word_1_842' title='bbox 1469 5177 1565 5237; x_wconf 67' lang='lat' dir='ltr'><strong>Sic</strong></span> <span class='ocrx_word' id='word_1_843' title='bbox 1607 5181 1768 5244; x_wconf 85' lang='lat' dir='ltr'><strong>CDE;</strong></span> <span class='ocrx_word' id='word_1_844' title='bbox 1822 5181 1863 5233; x_wconf 87' lang='lat' dir='ltr'><strong>A</strong></span> <span class='ocrx_word' id='word_1_845' title='bbox 1912 5177 2269 5302; x_wconf 50' lang='lat' dir='ltr'><strong>iugerioribus.</strong></span> 
     </span>
     <span class='ocr_line' id='line_1_103' title="bbox 167 5244 2250 5302; baseline 0.001 -3"><span class='ocrx_word' id='word_1_846' title='bbox 167 5244 301 5302; x_wconf 77' lang='lat' dir='ltr'><strong>CDE:</strong></span> <span class='ocrx_word' id='word_1_847' title='bbox 328 5252 367 5302; x_wconf 81' lang='grc' dir='ltr'><strong>Α</strong></span> <span class='ocrx_word' id='word_1_848' title='bbox 398 5255 613 5302; x_wconf 70' lang='lat' dir='ltr'><strong>retinere</strong></span> <span class='ocrx_word' id='word_1_849' title='bbox 640 5257 1071 5302; x_wconf 79' lang='lat' dir='ltr'><strong>oermammtiam.</strong></span> <span class='ocrx_word' id='word_1_850' title='bbox 1147 5255 1169 5287; x_wconf 82' lang='grc'><strong><em>⁸</em></strong></span> <span class='ocrx_word' id='word_1_851' title='bbox 1200 5254 1291 5302; x_wconf 84' lang='lat' dir='ltr'><strong>Sic</strong></span> <span class='ocrx_word' id='word_1_852' title='bbox 1329 5253 1493 5302; x_wconf 82' lang='lat' dir='ltr'><strong>CDE:</strong></span> <span class='ocrx_word' id='word_1_853' title='bbox 1540 5252 1585 5302; x_wconf 87' lang='lat' dir='ltr'><strong>A</strong></span> <span class='ocrx_word' id='word_1_854' title='bbox 1633 5253 1818 5302; x_wconf 77' lang='lat' dir='ltr'><strong>notuit.</strong></span> <span class='ocrx_word' id='word_1_855' title='bbox 1894 5248 1915 5279; x_wconf 81' lang='grc'><strong><em>⁸</em></strong></span> <span class='ocrx_word' id='word_1_856' title='bbox 1983 5248 2054 5301; x_wconf 81' lang='lat' dir='ltr'><strong>‘ic</strong></span> <span class='ocrx_word' id='word_1_857' title='bbox 2087 5246 2250 5302; x_wconf 76' lang='lat' dir='ltr'><strong>CDE:</strong></span> 
     </span>
    </p>
   </div>
   <div class='ocr_carea' id='block_1_102' title="bbox 1633 5245 2399 5320">
    <p class='ocr_par' dir='ltr' id='par_1_102' title="bbox 1633 5245 2399 5320">
     <span class='ocr_line' id='line_1_104' title="bbox 1633 5245 2399 5320; baseline -0.008 -17"><span class='ocrx_word' id='word_1_858' title='bbox 1633 5253 1818 5320; x_wconf 85' lang='lat' dir='ltr'><strong>potuit.</strong></span> <span class='ocrx_word' id='word_1_859' title='bbox 1894 5248 1915 5279; x_wconf 82' lang='grc'><strong><em>⁸</em></strong></span> <span class='ocrx_word' id='word_1_860' title='bbox 1952 5245 2054 5320; x_wconf 73' lang='lat' dir='ltr'><strong>Sic</strong></span> <span class='ocrx_word' id='word_1_861' title='bbox 2087 5246 2250 5320; x_wconf 65' lang='lat' dir='ltr'><strong>C_D[‘l__;</strong></span> <span class='ocrx_word' id='word_1_862' title='bbox 2281 5245 2321 5299; x_wconf 88' lang='lat' dir='ltr'><strong>A</strong></span> <span class='ocrx_word' id='word_1_863' title='bbox 2348 5263 2399 5298; x_wconf 76' lang='grc' dir='ltr'><strong>τι.</strong></span> 
     </span>
    </p>
   </div>
   <div class='ocr_carea' id='block_1_103' title="bbox 988 5321 2291 5390">
    <p class='ocr_par' dir='ltr' id='par_1_103' title="bbox 988 5321 2291 5390">
     <span class='ocr_line' id='line_1_105' title="bbox 988 5321 2291 5390; baseline -0.005 -13"><span class='ocrx_word' id='word_1_864' title='bbox 988 5325 1031 5355; x_wconf 84' lang='grc'>¹¹</span> <span class='ocrx_word' id='word_1_865' title='bbox 1056 5323 1148 5378; x_wconf 88' lang='lat' dir='ltr'><strong>Sic</strong></span> <span class='ocrx_word' id='word_1_866' title='bbox 1188 5323 1352 5386; x_wconf 83' lang='lat' dir='ltr'><strong>CDE;</strong></span> <span class='ocrx_word' id='word_1_867' title='bbox 1383 5324 1426 5377; x_wconf 85' lang='lat' dir='ltr'><strong>A</strong></span> <span class='ocrx_word' id='word_1_868' title='bbox 1457 5321 1842 5390; x_wconf 77' lang='lat' dir='ltr'><strong>primordialcs.</strong></span> <span class='ocrx_word' id='word_1_869' title='bbox 1921 5321 2089 5390; x_wconf 73' lang='lat' dir='ltr'><strong>“Sic</strong></span> <span class='ocrx_word' id='word_1_870' title='bbox 2115 5321 2291 5390; x_wconf 23' lang='lat' dir='ltr'><strong>CD‘E”;</strong></span> 
     </span>
    </p>
   </div>
   <div class='ocr_carea' id='block_1_104' title="bbox 1797 5379 3413 5454">
    <p class='ocr_par' dir='ltr' id='par_1_104' title="bbox 1797 5379 3413 5454">
     <span class='ocr_line' id='line_1_106' title="bbox 1797 5379 3413 5454; baseline -0.007 -11"><span class='ocrx_word' id='word_1_871' title='bbox 1797 5392 1863 5443; x_wconf 87' lang='grc' dir='ltr'><strong>Λ.</strong></span> <span class='ocrx_word' id='word_1_872' title='bbox 1945 5389 1988 5421; x_wconf 81' lang='grc'><strong>¹⁷</strong></span> <span class='ocrx_word' id='word_1_873' title='bbox 2033 5387 2123 5442; x_wconf 86' lang='lat' dir='ltr'><strong>Sic</strong></span> <span class='ocrx_word' id='word_1_874' title='bbox 2150 5387 2319 5442; x_wconf 75' lang='lat' dir='ltr'><strong>(IDE:</strong></span> <span class='ocrx_word' id='word_1_875' title='bbox 2352 5388 2390 5438; x_wconf 77' lang='grc' dir='ltr'><strong>Α</strong></span> <span class='ocrx_word' id='word_1_876' title='bbox 2432 5386 2547 5439; x_wconf 86' lang='lat' dir='ltr'><strong>sine</strong></span> <span class='ocrx_word' id='word_1_877' title='bbox 2580 5384 3009 5454; x_wconf 77' lang='lat' dir='ltr'><strong>primordialibus</strong></span> <span class='ocrx_word' id='word_1_878' title='bbox 3044 5382 3215 5454; x_wconf 62' lang='lat' dir='ltr'><strong>causis</strong></span> <span class='ocrx_word' id='word_1_879' title='bbox 3242 5379 3413 5432; x_wconf 80' lang='lat' dir='ltr'><strong>Filius</strong></span> 
     </span>
    </p>
   </div>
   <div class='ocr_carea' id='block_1_105' title="bbox 166 5244 1585 5331">
    <p class='ocr_par' dir='ltr' id='par_1_105' title="bbox 166 5244 1585 5331">
     <span class='ocr_line' id='line_1_107' title="bbox 166 5244 1585 5331; baseline 0 0"><span class='ocrx_word' id='word_1_880' title='bbox 166 5244 301 5331; x_wconf 62' lang='lat' dir='ltr'><strong>EDE:</strong></span> <span class='ocrx_word' id='word_1_881' title='bbox 328 5252 613 5331; x_wconf 56' lang='grc' dir='ltr'><strong>Μςιειιρνε</strong></span> <span class='ocrx_word' id='word_1_882' title='bbox 640 5244 1110 5331; x_wconf 49' lang='lat' dir='ltr'><strong>Mummiam.</strong></span> <span class='ocrx_word' id='word_1_883' title='bbox 1147 5255 1169 5287; x_wconf 88' lang='lat'>&#39;</span> <span class='ocrx_word' id='word_1_884' title='bbox 1196 5253 1494 5331; x_wconf 68' lang='lat' dir='ltr'><strong>§i.c.CI?E:</strong></span> <span class='ocrx_word' id='word_1_885' title='bbox 1526 5252 1585 5331; x_wconf 81' lang='grc' dir='ltr'><strong>,Α</strong></span> 
     </span>
    </p>
   </div>
   <div class='ocr_carea' id='block_1_106' title="bbox 168 5315 908 5394">
    <p class='ocr_par' dir='ltr' id='par_1_106' title="bbox 168 5315 908 5394">
     <span class='ocr_line' id='line_1_108' title="bbox 168 5315 908 5394; baseline -0.008 -10"><span class='ocrx_word' id='word_1_886' title='bbox 224 5317 303 5394; x_wconf 63' lang='lat' dir='ltr'><strong>§ic</strong></span> <span class='ocrx_word' id='word_1_887' title='bbox 323 5322 479 5394; x_wconf 69' lang='lat' dir='ltr'><strong>QDE;</strong></span> <span class='ocrx_word' id='word_1_888' title='bbox 514 5325 559 5377; x_wconf 83' lang='lat' dir='ltr'><strong>A</strong></span> <span class='ocrx_word' id='word_1_889' title='bbox 584 5315 705 5378; x_wconf 71' lang='lat' dir='ltr'><strong>sunt</strong></span> <span class='ocrx_word' id='word_1_890' title='bbox 732 5325 908 5394; x_wconf 84' lang='lat' dir='ltr'><strong>igitur.</strong></span> 
     </span>
    </p>
   </div>
   <div class='ocr_carea' id='block_1_107' title="bbox 166 5384 1393 5459">
    <p class='ocr_par' dir='ltr' id='par_1_107' title="bbox 166 5384 1393 5459">
     <span class='ocr_line' id='line_1_109' title="bbox 166 5384 1393 5459; baseline 0.003 -16"><span class='ocrx_word' id='word_1_891' title='bbox 166 5384 205 5415; x_wconf 83' lang='lat'><strong>&quot;</strong></span> <span class='ocrx_word' id='word_1_892' title='bbox 227 5386 306 5445; x_wconf 86' lang='lat' dir='ltr'><strong>Sic</strong></span> <span class='ocrx_word' id='word_1_893' title='bbox 330 5384 493 5459; x_wconf 38' lang='lat' dir='ltr'><strong>CDE&#39;;</strong></span> <span class='ocrx_word' id='word_1_894' title='bbox 532 5411 644 5448; x_wconf 70' lang='lat' dir='ltr'><strong>esse</strong></span> <span class='ocrx_word' id='word_1_895' title='bbox 686 5384 794 5447; x_wconf 70' lang='lat' dir='ltr'><strong>oui.</strong></span> <span class='ocrx_word' id='word_1_896' title='bbox 856 5395 920 5447; x_wconf 83' lang='lat' dir='ltr'><strong>A.</strong></span> <span class='ocrx_word' id='word_1_897' title='bbox 1000 5394 1043 5426; x_wconf 81' lang='lat'>&quot;</span> <span class='ocrx_word' id='word_1_898' title='bbox 1089 5394 1179 5448; x_wconf 91' lang='lat' dir='ltr'><strong>Sic</strong></span> <span class='ocrx_word' id='word_1_899' title='bbox 1225 5384 1393 5455; x_wconf 79' lang='lat' dir='ltr'><strong>CDE;</strong></span> 
     </span>
    </p>
   </div>
   <div class='ocr_carea' id='block_1_108' title="bbox 166 5462 1007 5518">
    <p class='ocr_par' dir='ltr' id='par_1_108' title="bbox 166 5462 1007 5518">
     <span class='ocr_line' id='line_1_110' title="bbox 166 5462 1007 5518; baseline 0.011 -13"><span class='ocrx_word' id='word_1_900' title='bbox 166 5462 457 5518; x_wconf 72' lang='lat' dir='ltr'><strong>naturalibus</strong></span> <span class='ocrx_word' id='word_1_901' title='bbox 481 5474 531 5518; x_wconf 78' lang='lat' dir='ltr'><strong>et</strong></span> <span class='ocrx_word' id='word_1_902' title='bbox 558 5465 612 5518; x_wconf 91' lang='lat' dir='ltr'><strong>in</strong></span> <span class='ocrx_word' id='word_1_903' title='bbox 638 5480 697 5518; x_wconf 88' lang='lat' dir='ltr'><strong>se</strong></span> <span class='ocrx_word' id='word_1_904' title='bbox 721 5463 877 5516; x_wconf 80' lang='lat' dir='ltr'><strong>factis</strong></span> <span class='ocrx_word' id='word_1_905' title='bbox 904 5474 1007 5517; x_wconf 84' lang='lat' dir='ltr'><strong>cet.</strong></span> 
     </span>
    </p>
   </div>
   <div class='ocr_carea' id='block_1_109' title="bbox 165 5529 1496 5601">
    <p class='ocr_par' dir='ltr' id='par_1_109' title="bbox 165 5529 1496 5601">
     <span class='ocr_line' id='line_1_111' title="bbox 165 5529 1496 5601; baseline 0.005 -25"><span class='ocrx_word' id='word_1_906' title='bbox 165 5531 316 5597; x_wconf 79' lang='lat' dir='ltr'><strong>incipit</strong></span> <span class='ocrx_word' id='word_1_907' title='bbox 343 5549 444 5586; x_wconf 70' lang='lat' dir='ltr'><strong>esse</strong></span> <span class='ocrx_word' id='word_1_908' title='bbox 469 5550 580 5587; x_wconf 92' lang='lat' dir='ltr'><strong>om.</strong></span> <span class='ocrx_word' id='word_1_909' title='bbox 610 5535 673 5589; x_wconf 88' lang='lat' dir='ltr'><strong>C.</strong></span> <span class='ocrx_word' id='word_1_910' title='bbox 742 5535 783 5567; x_wconf 83' lang='lat'>&quot;</span> <span class='ocrx_word' id='word_1_911' title='bbox 818 5531 908 5587; x_wconf 87' lang='lat' dir='ltr'><strong>Sic</strong></span> <span class='ocrx_word' id='word_1_912' title='bbox 935 5534 1068 5589; x_wconf 67' lang='grc' dir='ltr'><strong>(ΖΒΕ</strong></span> <span class='ocrx_word' id='word_1_913' title='bbox 1094 5550 1107 5593; x_wconf 74' lang='grc' dir='ltr'>ς</span> <span class='ocrx_word' id='word_1_914' title='bbox 1138 5533 1181 5586; x_wconf 78' lang='grc' dir='ltr'>Α</span> <span class='ocrx_word' id='word_1_915' title='bbox 1216 5529 1496 5601; x_wconf 60' lang='lat' dir='ltr'><strong>processio:</strong></span> 
     </span>
    </p>
   </div>
   <div class='ocr_carea' id='block_1_110' title="bbox 166 5602 1306 5663">
    <p class='ocr_par' dir='ltr' id='par_1_110' title="bbox 166 5602 1306 5663">
     <span class='ocr_line' id='line_1_112' title="bbox 166 5602 1306 5663; baseline 0.005 -15"><span class='ocrx_word' id='word_1_916' title='bbox 166 5610 369 5663; x_wconf 54' lang='lat' dir='ltr'><strong>causam.</strong></span> <span class='ocrx_word' id='word_1_917' title='bbox 441 5604 487 5636; x_wconf 79' lang='lat'><strong>&quot;‘</strong></span> <span class='ocrx_word' id='word_1_918' title='bbox 519 5603 613 5658; x_wconf 90' lang='lat' dir='ltr'><strong>Sic</strong></span> <span class='ocrx_word' id='word_1_919' title='bbox 656 5603 826 5663; x_wconf 80' lang='lat' dir='ltr'><strong>CDE;</strong></span> <span class='ocrx_word' id='word_1_920' title='bbox 860 5605 902 5655; x_wconf 79' lang='grc' dir='ltr'><strong>Λ</strong></span> <span class='ocrx_word' id='word_1_921' title='bbox 941 5605 993 5655; x_wconf 91' lang='lat' dir='ltr'><strong>iu</strong></span> <span class='ocrx_word' id='word_1_922' title='bbox 1027 5602 1181 5656; x_wconf 81' lang='lat' dir='ltr'><strong>Filio.</strong></span> <span class='ocrx_word' id='word_1_923' title='bbox 1260 5602 1306 5635; x_wconf 68' lang='lat'><strong><em>&quot;‘</em></strong></span> 
     </span>
    </p>
   </div>
   <div class='ocr_carea' id='block_1_111' title="bbox 1444 5393 1743 5460">
    <p class='ocr_par' dir='ltr' id='par_1_111' title="bbox 1444 5393 1743 5460">
     <span class='ocr_line' id='line_1_113' title="bbox 1444 5393 1743 5460; baseline -0.003 -17"><span class='ocrx_word' id='word_1_924' title='bbox 1444 5393 1587 5460; x_wconf 78' lang='lat' dir='ltr'><strong>ﬁlius</strong></span> <span class='ocrx_word' id='word_1_925' title='bbox 1633 5406 1743 5445; x_wconf 92' lang='lat' dir='ltr'><strong>om.</strong></span> 
     </span>
    </p>
   </div>
   <div class='ocr_carea' id='block_1_112' title="bbox 1108 5462 1865 5519">
    <p class='ocr_par' dir='ltr' id='par_1_112' title="bbox 1108 5462 1865 5519">
     <span class='ocr_line' id='line_1_114' title="bbox 1108 5462 1865 5519; baseline -0.012 1"><span class='ocrx_word' id='word_1_926' title='bbox 1108 5464 1150 5496; x_wconf 76' lang='grc'><strong>’⁸</strong></span> <span class='ocrx_word' id='word_1_927' title='bbox 1177 5464 1267 5519; x_wconf 88' lang='lat' dir='ltr'><strong>Sic</strong></span> <span class='ocrx_word' id='word_1_928' title='bbox 1312 5463 1481 5519; x_wconf 75' lang='lat' dir='ltr'><strong>CDE:</strong></span> <span class='ocrx_word' id='word_1_929' title='bbox 1520 5478 1629 5515; x_wconf 68' lang='lat' dir='ltr'><strong>eane</strong></span> <span class='ocrx_word' id='word_1_930' title='bbox 1662 5477 1770 5512; x_wconf 88' lang='lat' dir='ltr'><strong>om.</strong></span> <span class='ocrx_word' id='word_1_931' title='bbox 1800 5462 1865 5512; x_wconf 85' lang='grc' dir='ltr'><strong>Α.</strong></span> 
     </span>
    </p>
   </div>
   <div class='ocr_carea' id='block_1_113' title="bbox 1468 5506 2221 5592">
    <p class='ocr_par' dir='ltr' id='par_1_113' title="bbox 1468 5506 2221 5592">
     <span class='ocr_line' id='line_1_115' title="bbox 1468 5506 2221 5592; baseline -0.004 -11"><span class='ocrx_word' id='word_1_932' title='bbox 1468 5506 1496 5583; x_wconf 78' lang='grc' dir='ltr'><strong>ῖῖ</strong></span> <span class='ocrx_word' id='word_1_933' title='bbox 1520 5506 1625 5563; x_wconf 59' lang='grc' dir='ltr'><strong>⁷ῗῖ</strong></span> <span class='ocrx_word' id='word_1_934' title='bbox 1650 5506 1770 5584; x_wconf 48' lang='lat' dir='ltr'><strong>sit.&quot;</strong></span> <span class='ocrx_word' id='word_1_935' title='bbox 1789 5506 1955 5592; x_wconf 50' lang='lat' dir='ltr'><strong>(inn;</strong></span> <span class='ocrx_word' id='word_1_936' title='bbox 2011 5506 2221 5581; x_wconf 51' lang='grc' dir='ltr'><strong>ιζἰἷοὶὶῖ</strong></span> 
     </span>
    </p>
   </div>
   <div class='ocr_carea' id='block_1_114' title="bbox 1356 5600 2296 5667">
    <p class='ocr_par' dir='ltr' id='par_1_114' title="bbox 1356 5600 2296 5667">
     <span class='ocr_line' id='line_1_116' title="bbox 1356 5600 2296 5667; baseline -0.004 -15"><span class='ocrx_word' id='word_1_937' title='bbox 1356 5601 1447 5655; x_wconf 80' lang='lat' dir='ltr'><strong>Sic</strong></span> <span class='ocrx_word' id='word_1_938' title='bbox 1494 5602 1611 5663; x_wconf 64' lang='grc' dir='ltr'><strong>(Ἐς</strong></span> <span class='ocrx_word' id='word_1_939' title='bbox 1657 5600 1748 5653; x_wconf 78' lang='lat' dir='ltr'><strong>AD</strong></span> <span class='ocrx_word' id='word_1_940' title='bbox 1796 5600 2025 5667; x_wconf 79' lang='lat' dir='ltr'><strong>Spiritus</strong></span> <span class='ocrx_word' id='word_1_941' title='bbox 2064 5610 2296 5651; x_wconf 68' lang='lat' dir='ltr'><strong>sanctus.</strong></span> 
     </span>
    </p>
   </div>
   <div class='ocr_carea' id='block_1_115' title="bbox 2345 5174 3413 5242">
    <p class='ocr_par' dir='ltr' id='par_1_115' title="bbox 2345 5174 3413 5242">
     <span class='ocr_line' id='line_1_117' title="bbox 2345 5174 3413 5242; baseline -0.004 -13"><span class='ocrx_word' id='word_1_942' title='bbox 2345 5174 2485 5229; x_wconf 65' lang='lat' dir='ltr'><strong>“Sic</strong></span> <span class='ocrx_word' id='word_1_943' title='bbox 2537 5175 2707 5236; x_wconf 84' lang='lat' dir='ltr'><strong>CDE;</strong></span> <span class='ocrx_word' id='word_1_944' title='bbox 2764 5175 2805 5228; x_wconf 88' lang='lat' dir='ltr'><strong>A</strong></span> <span class='ocrx_word' id='word_1_945' title='bbox 2856 5174 3192 5242; x_wconf 77' lang='lat' dir='ltr'><strong>permanebit.</strong></span> <span class='ocrx_word' id='word_1_946' title='bbox 3270 5175 3288 5204; x_wconf 76' lang='grc'><strong>⁷</strong></span> <span class='ocrx_word' id='word_1_947' title='bbox 3322 5174 3413 5226; x_wconf 88' lang='lat' dir='ltr'><strong>Sic</strong></span> 
     </span>
    </p>
   </div>
   <div class='ocr_carea' id='block_1_116' title="bbox 2478 5243 3411 5307">
    <p class='ocr_par' dir='ltr' id='par_1_116' title="bbox 2478 5243 3411 5307">
     <span class='ocr_line' id='line_1_118' title="bbox 2478 5243 3411 5307; baseline -0.005 -8"><span class='ocrx_word' id='word_1_948' title='bbox 2478 5245 2519 5276; x_wconf 83' lang='grc'><strong>¹⁰</strong></span> <span class='ocrx_word' id='word_1_949' title='bbox 2562 5244 2653 5300; x_wconf 89' lang='lat' dir='ltr'><strong>Sic</strong></span> <span class='ocrx_word' id='word_1_950' title='bbox 2698 5244 2863 5307; x_wconf 66' lang='grc' dir='ltr'><strong>ΑΗΕ,</strong></span> <span class='ocrx_word' id='word_1_951' title='bbox 2900 5246 2941 5296; x_wconf 75' lang='grc' dir='ltr'><strong>Α</strong></span> <span class='ocrx_word' id='word_1_952' title='bbox 2991 5245 3151 5307; x_wconf 76' lang='lat' dir='ltr'><strong>quid;</strong></span> <span class='ocrx_word' id='word_1_953' title='bbox 3187 5243 3226 5297; x_wconf 72' lang='grc' dir='ltr'>Ο</span> <span class='ocrx_word' id='word_1_954' title='bbox 3253 5244 3411 5306; x_wconf 80' lang='lat' dir='ltr'><strong>quod.</strong></span> 
     </span>
    </p>
   </div>
   <div class='ocr_carea' id='block_1_117' title="bbox 1921 5313 3411 5376">
    <p class='ocr_par' dir='ltr' id='par_1_117' title="bbox 1921 5313 3411 5376">
     <span class='ocr_line' id='line_1_119' title="bbox 1921 5313 3411 5376; baseline -0.007 -4"><span class='ocrx_word' id='word_1_955' title='bbox 1921 5318 1965 5350; x_wconf 71' lang='grc'><strong>³³</strong></span> <span class='ocrx_word' id='word_1_956' title='bbox 1998 5317 2089 5372; x_wconf 86' lang='lat' dir='ltr'><strong>Sic</strong></span> <span class='ocrx_word' id='word_1_957' title='bbox 2115 5317 2286 5376; x_wconf 80' lang='lat' dir='ltr'><strong>CDE;</strong></span> <span class='ocrx_word' id='word_1_958' title='bbox 2338 5325 2383 5367; x_wconf 85' lang='lat' dir='ltr'><strong>et</strong></span> <span class='ocrx_word' id='word_1_959' title='bbox 2428 5330 2535 5369; x_wconf 89' lang='lat' dir='ltr'><strong>om.</strong></span> <span class='ocrx_word' id='word_1_960' title='bbox 2564 5317 2627 5368; x_wconf 79' lang='grc' dir='ltr'><strong>Α.</strong></span> <span class='ocrx_word' id='word_1_961' title='bbox 2734 5314 2754 5344; x_wconf 69' lang='grc'><strong>⁸</strong></span> <span class='ocrx_word' id='word_1_962' title='bbox 2784 5315 2874 5367; x_wconf 86' lang='lat' dir='ltr'><strong>Sic</strong></span> <span class='ocrx_word' id='word_1_963' title='bbox 2903 5313 3035 5367; x_wconf 73' lang='lat' dir='ltr'><strong>lIDE</strong></span> <span class='ocrx_word' id='word_1_964' title='bbox 3063 5330 3077 5376; x_wconf 86' lang='lat'><strong>;</strong></span> <span class='ocrx_word' id='word_1_965' title='bbox 3127 5314 3171 5364; x_wconf 84' lang='lat' dir='ltr'><strong>A</strong></span> <span class='ocrx_word' id='word_1_966' title='bbox 3219 5328 3411 5363; x_wconf 79' lang='lat' dir='ltr'><strong>rerum.</strong></span> 
     </span>
    </p>
   </div>
   <div class='ocr_carea' id='block_1_118' title="bbox 1971 5449 3414 5525">
    <p class='ocr_par' dir='ltr' id='par_1_118' title="bbox 1971 5449 3414 5525">
     <span class='ocr_line' id='line_1_120' title="bbox 1971 5449 3414 5525; baseline -0.008 -13"><span class='ocrx_word' id='word_1_967' title='bbox 1971 5458 2014 5491; x_wconf 80' lang='grc'><strong>²⁹</strong></span> <span class='ocrx_word' id='word_1_968' title='bbox 2041 5459 2131 5511; x_wconf 88' lang='lat' dir='ltr'><strong>Sic</strong></span> <span class='ocrx_word' id='word_1_969' title='bbox 2161 5457 2333 5517; x_wconf 66' lang='lat' dir='ltr'><strong>(IDE;</strong></span> <span class='ocrx_word' id='word_1_970' title='bbox 2382 5458 2421 5508; x_wconf 70' lang='grc' dir='ltr'>Α</span> <span class='ocrx_word' id='word_1_971' title='bbox 2469 5449 2620 5525; x_wconf 69' lang='lat' dir='ltr'><strong>quur.</strong></span> <span class='ocrx_word' id='word_1_972' title='bbox 2711 5456 2754 5485; x_wconf 80' lang='lat'><strong>’°</strong></span> <span class='ocrx_word' id='word_1_973' title='bbox 2794 5457 2901 5523; x_wconf 73' lang='lat' dir='ltr'><strong>ipse</strong></span> <span class='ocrx_word' id='word_1_974' title='bbox 2940 5468 3056 5504; x_wconf 79' lang='lat' dir='ltr'><strong>rcro</strong></span> <span class='ocrx_word' id='word_1_975' title='bbox 3088 5449 3321 5525; x_wconf 54' lang='lat' dir='ltr'><strong>Greater</strong></span> <span class='ocrx_word' id='word_1_976' title='bbox 3348 5480 3414 5488; x_wconf 77' lang='lat'><strong>~—</strong></span> 
     </span>
    </p>
   </div>
   <div class='ocr_carea' id='block_1_119' title="bbox 2300 5520 3413 5585">
    <p class='ocr_par' dir='ltr' id='par_1_119' title="bbox 2300 5520 3413 5585">
     <span class='ocr_line' id='line_1_121' title="bbox 2300 5520 3413 5585; baseline -0.007 -5"><span class='ocrx_word' id='word_1_977' title='bbox 2300 5528 2345 5557; x_wconf 73' lang='grc'><strong>⁸³</strong></span> <span class='ocrx_word' id='word_1_978' title='bbox 2389 5520 2491 5579; x_wconf 56' lang='grc' dir='ltr'><strong>θῆρ’</strong></span> <span class='ocrx_word' id='word_1_979' title='bbox 2530 5525 2703 5585; x_wconf 80' lang='lat' dir='ltr'><strong>CDE;</strong></span> <span class='ocrx_word' id='word_1_980' title='bbox 2752 5520 2819 5576; x_wconf 19' lang='lat' dir='ltr'><strong>AV</strong></span> <span class='ocrx_word' id='word_1_981' title='bbox 2851 5536 3131 5575; x_wconf 77' lang='lat' dir='ltr'><strong>rutisurnm</strong></span> <span class='ocrx_word' id='word_1_982' title='bbox 3181 5520 3413 5572; x_wconf 80' lang='lat' dir='ltr'><strong>omnium</strong></span> 
     </span>
    </p>
   </div>
   <div class='ocr_carea' id='block_1_120' title="bbox 2375 5590 3416 5659">
    <p class='ocr_par' dir='ltr' id='par_1_120' title="bbox 2375 5590 3416 5659">
     <span class='ocr_line' id='line_1_122' title="bbox 2375 5590 3416 5659; baseline -0.006 -9"><span class='ocrx_word' id='word_1_983' title='bbox 2375 5598 2419 5627; x_wconf 71' lang='grc'><strong>’⁸</strong></span> <span class='ocrx_word' id='word_1_984' title='bbox 2451 5597 2539 5650; x_wconf 82' lang='lat' dir='ltr'><strong>Sic</strong></span> <span class='ocrx_word' id='word_1_985' title='bbox 2585 5596 2751 5653; x_wconf 76' lang='grc' dir='ltr'>‹;ιιι‹;;</span> <span class='ocrx_word' id='word_1_986' title='bbox 2804 5594 2845 5644; x_wconf 81' lang='grc' dir='ltr'><strong>Λ</strong></span> <span class='ocrx_word' id='word_1_987' title='bbox 2899 5590 3172 5659; x_wconf 84' lang='lat' dir='ltr'><strong>temporis.</strong></span> <span class='ocrx_word' id='word_1_988' title='bbox 3252 5590 3295 5619; x_wconf 81' lang='grc'><strong>’⁷</strong></span> <span class='ocrx_word' id='word_1_989' title='bbox 3324 5591 3416 5645; x_wconf 82' lang='lat' dir='ltr'><strong>Sic</strong></span> 
     </span>
    </p>
   </div>
   <div class='ocr_carea' id='block_1_121' title="bbox 171 5659 3330 5743">
    <p class='ocr_par' dir='ltr' id='par_1_121' title="bbox 171 5659 3330 5743">
     <span class='ocr_line' id='line_1_123' title="bbox 171 5659 3330 5743; baseline -0.007 -7"><span class='ocrx_word' id='word_1_990' title='bbox 171 5660 306 5735; x_wconf 60' lang='lat' dir='ltr'><strong>CDES</strong></span> <span class='ocrx_word' id='word_1_991' title='bbox 332 5672 371 5724; x_wconf 75' lang='grc' dir='ltr'>Α</span> <span class='ocrx_word' id='word_1_992' title='bbox 394 5673 670 5742; x_wconf 58' lang='lat' dir='ltr'><strong>latium“</strong></span> <span class='ocrx_word' id='word_1_993' title='bbox 696 5659 861 5743; x_wconf 72' lang='grc' dir='ltr'><strong>ίείΙεΪ·</strong></span> <span class='ocrx_word' id='word_1_994' title='bbox 892 5690 936 5726; x_wconf 78' lang='grc' dir='ltr'><strong>ι’.</strong></span> <span class='ocrx_word' id='word_1_995' title='bbox 962 5690 1032 5727; x_wconf 87' lang='lat' dir='ltr'><strong>m.</strong></span> <span class='ocrx_word' id='word_1_996' title='bbox 1104 5676 1146 5705; x_wconf 73' lang='lat'><strong>”‘</strong></span> <span class='ocrx_word' id='word_1_997' title='bbox 1178 5672 1268 5727; x_wconf 85' lang='lat' dir='ltr'><strong>Sic</strong></span> <span class='ocrx_word' id='word_1_998' title='bbox 1313 5672 1473 5726; x_wconf 73' lang='lat' dir='ltr'><strong>‘ZDE&#39;</strong></span> <span class='ocrx_word' id='word_1_999' title='bbox 1504 5676 1541 5726; x_wconf 74' lang='grc' dir='ltr'><strong>Α</strong></span> <span class='ocrx_word' id='word_1_1000' title='bbox 1570 5659 1701 5724; x_wconf 70' lang='lat' dir='ltr'><strong>tres!</strong></span> <span class='ocrx_word' id='word_1_1001' title='bbox 1732 5659 1847 5725; x_wconf 63' lang='lat' dir='ltr'><strong>esse</strong></span> <span class='ocrx_word' id='word_1_1002' title='bbox 1870 5689 1910 5723; x_wconf 72' lang='grc' dir='ltr'><strong>ε.</strong></span> <span class='ocrx_word' id='word_1_1003' title='bbox 1938 5689 1985 5723; x_wconf 81' lang='lat' dir='ltr'><strong>u.</strong></span> <span class='ocrx_word' id='word_1_1004' title='bbox 2016 5670 2068 5722; x_wconf 70' lang='lat' dir='ltr'><strong>tl.</strong></span> <span class='ocrx_word' id='word_1_1005' title='bbox 2098 5685 2140 5722; x_wconf 73' lang='grc' dir='ltr'><strong>ε.</strong></span> <span class='ocrx_word' id='word_1_1006' title='bbox 2176 5685 2217 5721; x_wconf 82' lang='lat' dir='ltr'><strong>s.</strong></span> <span class='ocrx_word' id='word_1_1007' title='bbox 2249 5684 2293 5721; x_wconf 76' lang='grc' dir='ltr'><strong>ε.</strong></span> <span class='ocrx_word' id='word_1_1008' title='bbox 2326 5667 2364 5736; x_wconf 73' lang='lat' dir='ltr'><strong>f.</strong></span> <span class='ocrx_word' id='word_1_1009' title='bbox 2400 5684 2498 5719; x_wconf 75' lang='grc' dir='ltr'><strong>ε.τι.</strong></span> <span class='ocrx_word' id='word_1_1010' title='bbox 2576 5666 2619 5698; x_wconf 69' lang='grc'><strong>⁸³</strong></span> <span class='ocrx_word' id='word_1_1011' title='bbox 2648 5665 2738 5717; x_wconf 85' lang='lat' dir='ltr'><strong>Sic</strong></span> <span class='ocrx_word' id='word_1_1012' title='bbox 2765 5661 2928 5721; x_wconf 71' lang='lat' dir='ltr'><strong>(IDE;</strong></span> <span class='ocrx_word' id='word_1_1013' title='bbox 2960 5662 2997 5713; x_wconf 72' lang='grc' dir='ltr'>Α</span> <span class='ocrx_word' id='word_1_1014' title='bbox 3032 5661 3181 5715; x_wconf 67' lang='lat' dir='ltr'><strong>verbi</strong></span> <span class='ocrx_word' id='word_1_1015' title='bbox 3215 5659 3330 5713; x_wconf 80' lang='lat' dir='ltr'><strong>Dei.</strong></span> 
     </span>
    </p>
   </div>
  </div>
