3912 6154
425 252 532 312 εδδ
782 293 814 310 -

1799 246 2078 304 JOANNIS
2119 243 2314 300 SCO'I‘I

3587 241 3688 298 568

428 377 522 421 est.
569 365 705 419 Msa.
740 363 1184 420 Ratiocinatiouis
1224 372 1347 418 tuae
1371 363 1712 434 investigatio
1741 371 1854 416 rata
1884 358 2013 416 mihi
2043 367 2090 424 Λ
2119 375 2275 414 nemo
2301 373 2432 415 sane
2459 360 2790 415 credentium
2822 371 3074 432 recteque
3113 360 3520 430 intelligentiam
3563 360 3690 414 hae-

429 455 641 508 videtur
690 454 745 518 ¹;
796 469 902 508 non
950 453 1100 506 enim
1149 469 1178 505 a
1240 453 1467 507 veritate
1509 451 1697 521 opinor
1746 453 1768 481 '
1813 465 1932 505 eam
1983 449 2005 479 ³

432 543 667 596 deviare.
691 541 938 609 Ideoque,
988 541 1128 608 quod
1171 541 1194 570 ’⁵
1237 555 1267 592 a
1325 556 1412 598 me
1455 539 1716 610 postulas,
1771 540 2007 592 conabor

431 633 722 704 inquirere,
750 647 813 686 eo
835 633 986 696 duce,
1017 630 1109 700 qtti
1147 631 1210 684 ad
1241 631 1472 698 seipsum
1503 629 1878 700 inquirendum
1910 643 2008 682 nos

432 722 700 778 illuminat
721 729 778 774 et
805 721 1014 774 invitat.
1059 721 1282 775 Videtur
1330 723 1511 788 itaque
1537 721 1558 751 ⁵
1586 719 1714 772 mihi
1745 718 2008 772 conditio.

433 811 518 867 nis
543 809 856 865 naturarum
909 811 1200 864 causaliter
1237 812 1618 880 proprietatem
1663 809 1770 862 Deo
1813 807 1956 862 I’atri
1987 805 2009 838 ⁸

431 897 754 969 theologiam
794 899 1030 954 tribuere
1059 917 1072 952 :
1098 897 1165 952 In
1185 898 1462 968 principio,
1503 897 1692 967 inquit,
1722 895 1839 965 fecit
1867 895 2009 948 Deus

429 987 631 1042 caelum
677 998 725 1041 et
779 999 1008 1052 terram;
1041 987 1170 1042 item
1211 987 1379 1042 alibi:
1415 989 1604 1041 Umnia
1653 989 1708 1041 in
1755 986 2010 1055 sapientia

430 1077 629 1144 fecisti;
651 1076 776 1130 item
803 1095 816 1130 :
843 1075 946 1142 Qui
968 1077 1133 1146 fecisti
1159 1077 1414 1130 mundum
1433 1077 1497 1131 de
1517 1077 1737 1130 materia
1761 1075 2008 1144 informi;

430 1177 486 1222 et
507 1167 631 1224 alibi
662 1187 674 1221 :
698 1166 909 1233 Omnia,
927 1185 1262 1238 quaecunque
1287 1167 1444 1228 voluit
1471 1167 1726 1222 Dominus
1747 1168 1790 1230 ⁷,
1813 1166 1932 1235 fecit
1955 1167 2011 1220 in

431 1257 574 1310 caelo
603 1268 651 1310 et
683 1259 738 1312 in
785 1268 944 1325 terra,
987 1259 1040 1312 in
1071 1259 1206 1312 mari
1234 1269 1279 1312 et
1310 1259 1364 1312 in
1387 1258 1624 1312 omnibus
1651 1258 1850 1326 abyssis
1885 1256 1929 1321 ⁸,
1957 1265 2014 1311 et

432 1356 611 1401 cetera
654 1346 818 1401 mille.
875 1348 930 1402 In
965 1347 1138 1403 Verbo
1189 1357 1368 1404 autem
1417 1349 1652 1404 rationes
1699 1350 1720 1382 ’
1769 1347 2012 1404 omnium

433 1451 610 1490 rerum
650 1437 1024 1506 substantivas
1070 1438 1114 1470 “
1161 1439 1408 1494 conditas
1467 1454 1588 1494 esse
1643 1438 1684 1470 “
1733 1437 2010 1508 perhibet,

432 1527 726 1594 praedictis
779 1528 980 1584 eisdem
1029 1531 1409 1586 attestantibus
1458 1531 1782 1586 testimoniis
1829 1532 1908 1584 ηε
1944 1530 2009 1584 In

433 1616 687 1687 principio
725 1618 844 1687 fecit
881 1619 1020 1674 Deus
1049 1619 1253 1676 caelum
1280 1630 1330 1674 et
1361 1631 1586 1685 terram;
1616 1629 1670 1676 et
1701 1637 1713 1676 :
1739 1618 1930 1676 Omnia
1954 1621 2010 1674 in

435 1795 579 1850 aliud
617 1799 899 1866 sapientia,
931 1799 1074 1854 aliud
1108 1799 1356 1865 Verbum,
1391 1801 1486 1856 sed
1510 1801 1596 1856 bis
1627 1800 1878 1861 omnibus
1916 1817 2014 1857 no-

438 1886 825 1944 minationibus
863 1890 1172 1960 unigenitus
1211 1889 1380 1946 Filius
1412 1890 1529 1956 Dei,
1575 1890 1627 1944 iu
1672 1906 1780 1960 quo
1815 1901 1869 1944 et
1918 1905 2016 1961 per

438 1992 596 2043 quem
625 1979 804 2032 omnia
831 1995 860 2033 a
888 1979 960 2034 Pa
973 1990 1052 2035 tre
1080 1979 1222 2036 facta
1249 1989 1392 2044 sunt.
1421 1983 1638 2051 pr0prie
1659 1981 2010 2051 signiﬁcatur.

438 2066 724 2134 Apostolus
749 2068 876 2123 item
897 2084 912 2122 :
933 2068 998 2123 In
1017 2087 1118 2140 quo
1137 2071 1372 2135 vivimus,
1397 2070 1590 2140 inquit,
1611 2070 1734 2126 etJa
1753 2087 2018 2126 movemur

439 2165 486 2207 et
510 2171 710 2223 sumus,
733 2158 784 2212 id
807 2167 912 2226 est,
936 2159 1048 2229 ipse
1071 2167 1155 2216 est
1172 2160 1349 2231 imago
1371 2160 1464 2216 Dei
1493 2160 1795 2226 invisibilis,
1819 2161 2013 2230 primo-

443 2249 658 2317 genitus
687 2252 864 2307 omnis
891 2237 1192 2316 creaturae,
1235 2253 1288 2307 in
1333 2267 1441 2323 quo
1471 2263 1652 2308 creata
1683 2261 1808 2306 sunt
1835 2253 2016 2308 omnia

441 2337 495 2390 iu
517 2338 837 2396 caelestibtts
861 2351 916 2396 et
954 2343 1008 2396 in
1038 2351 1201 2408 terra,
1234 2343 1348 2398 sive
1378 2342 1606 2398 visibilia
1630 2343 1744 2398 sive
1773 2342 2019 2396 invisibi-

445 2427 535 2493 lia,
559 2430 674 2484 sive
697 2432 875 2498 sedes,
903 2432 1016 2488 sive
1043 2433 1454 2498 dominationes,
1501 2433 1616 2488 sive
1663 2433 2014 2504 principatus.

441 2530 497 2572 et
525 2529 837 2588 potestates,
869 2523 1048 2578 omnia
1081 2522 1126 2554 “
1151 2539 1250 2592 per
1271 2524 1443 2593 ipsum
1485 2533 1540 2578 et
1586 2523 1639 2580 in
1689 2524 1802 2592 ipso
1837 2530 2020 2578 creata

445 2619 589 2662 sunt.
619 2609 869 2664 Omnium
895 2627 1022 2666 vero
1049 2629 1356 2678 causarum,
1391 2629 1529 2683 quas
1553 2614 1714 2668 Pater
1742 2617 1798 2668 in
1839 2611 2024 2672 Verbo

446 2716 545 2755 suo
574 2701 947 2756 universaliter
967 2712 1022 2757 et
1046 2703 1404 2758 essentialiter
1430 2704 1652 2769 creavit,
1686 2703 2024 2764 distributio-

449 2807 569 2844 nem
602 2791 824 2860 Spiritui
867 2802 1056 2848 sancto
1083 2795 1307 2850 eandem
1365 2794 1690 2872 theologiam
1730 2800 2028 2869 reperimus

449 2878 736 2948 applicare.
753 2880 806 2934 Si
821 2881 964 2936 enim
991 2881 1088 2952 ipsi
1107 2883 1410 2936 divinarum
1429 2881 1779 2944 donatiouum
1809 2887 2029 2958 partitio

451 2969 888 3042 distributioquc,
921 2981 1058 3027 teste
1081 2973 1360 3043 Apostolo,
1395 2977 1576 3044 datur,
1600 2996 1696 3036 cur
1729 2995 1835 3034 non
1865 2979 2028 3034 etiam

2107 453 2236 505 sitat
2285 451 2592 518 alllrmare,
2638 452 2936 520 spiritualia
3011 452 3150 506 dona
3176 490 3200 516 ν
3238 465 3375 520 quae
3429 449 3691 520 propheta

2107 541 2272 596 Isaias
2297 557 2460 612 super
2483 550 2643 610 caput
2673 541 2960 600 Ecclesiae.
2995 540 3136 610 quo]
3167 548 3250 594 est
3285 539 3556 609 Christus,
3609 553 3693 590 re-

2106 634 2350 701 quietura
2385 633 2740 703 prophetarit,
2769 650 2874 688 uon
2902 649 2999 704 per
3027 633 3190 688 alium
3233 632 3336 686 nisi
3380 647 3480 698 per
3527 630 3694 700 Spiri-

2111 734 2222 778 tum
2267 735 2512 779 sanntum
2546 724 2654 778 Deo
2689 726 2852 779 verbo
2903 725 3183 778 incarnato
3222 722 3503 776 distributa
3551 735 3692 783 esse,

2107 814 2236 882 quid
2269 814 2485 875 mirum,
2521 814 2563 867 si
2594 813 2888 877 Ecclesiae,
2929 827 3066 882 quae
3089 821 3170 866 est
3195 827 3391 881 corpus
3415 811 3554 880 ejus,
3587 827 3692 864 non

2109 905 2280 960 Solum
2309 906 2446 958 dona
2480 905 2684 974 gratiae
2707 919 2803 974 per
2826 905 3117 968 Christum,
3151 904 3244 958 sed
3281 903 3444 956 etiam
3479 903 3526 932 ²¹
3558 903 3693 956 dona

2109 1005 2336 1050 naturae
2361 1011 2457 1064 per
2477 995 2704 1050 eundem
2733 995 3006 1050 Christum
3033 994 3172 1048 idem
3220 992 3266 1024 "
3293 991 3528 1062 Spiritus
3560 991 3693 1044 divi-

2110 1087 2200 1142 dat
2223 1097 2276 1140 et
2301 1087 2432 1140 det?
2469 1086 2690 1156 Insuper
2721 1069 2882 1140 etiam
2913 1085 2960 1118 “
2992 1085 3136 1140 omni
3175 1092 3459 1139 creaturae
3503 1079 3694 1134 visibili

2111 1185 2166 1230 et
2196 1175 2448 1230 invisibili
2477 1175 2676 1230 donum
2703 1175 2973 1232 essentiae
3007 1173 3212 1239 tribuit,
3252 1181 3310 1226 ut
3349 1172 3459 1227 sint
3485 1173 3534 1203 “
3561 1185 3696 1238 quae

2111 1263 2447 1320 solummodo
2486 1271 2646 1326 sunt;
2696 1265 2897 1318 donum
2937 1263 3082 1317 vitae
3123 1261 3449 1323 viventibus,
3479 1275 3588 1329 quo
3618 1260 3695 1310 vi-

2113 1360 2244 1406 vunt
2271 1351 2346 1416 ";
2380 1351 2736 1406 sentientibus
2771 1353 2971 1405 donum
3013 1365 3226 1412 sensus,
3275 1363 3381 1418 quo
3427 1347 3694 1410 sentiunt;

2116 1440 2466 1495 rationalibus
2512 1439 2735 1494 rationis
2779 1442 2996 1502 donum,
3039 1455 3148 1508 quo
3180 1439 3222 1470 "
3263 1446 3488 1492 naturas
3519 1451 3695 1490 rerum

2114 1530 2468 1584 ratiocinandi
2505 1539 2627 1584 actu
2659 1545 2784 1584 vere
2821 1545 2886 1584 ac
2912 1530 3194 1599 diligenter
3223 1529 3270 1561 "
3305 1527 3626 1598 perquirunt
3649 1535 3702 1579 et

2115 1621 2426 1686 inveniunt;
2471 1620 2918 1675 intellectualibus
2961 1619 3294 1690 intelligendi
3329 1618 3556 1680 donum,
3599 1631 3701 1684 quo

340 1758 357 1772 ,
434 1708 690 1775 sapientia
733 1709 920 1778 fecisti.
979 1709 1094 1766 Non
1141 1712 1286 1766 enim
1328 1711 1472 1766 aliud
1517 1720 1600 1772 est
1647 1711 2006 1782 principium,
2042 1707 2084 1768 Ii
2112 1711 2258 1766 circa
2285 1708 2474 1773 Deum,
2507 1725 2727 1764 causam
2755 1709 3003 1764 videlicet
3042 1709 3396 1768 donationutn
3435 1707 3700 1768 omnium,

2113 1799 2386 1870 incognite
2437 1814 2502 1854 ac
2559 1814 2723 1869 super
2777 1814 2989 1853 omnem
3054 1807 3359 1853 creaturam
3414 1796 3704 1851 volvuntur

2115 1891 2367 1948 iaell'abili
2417 1902 2564 1948 motu
2597 1892 2934 1963 mirabilique
2979 1891 3177 1947 reditu.
3235 1889 3368 1945 Nam
3413 1888 3702 1960 mysticum

2113 1983 2412 2038 Zachariae
2463 1985 2759 2054 prophetae
2802 1983 3210 2051 candelabrum,
3249 1991 3309 2037 ut
3351 1982 3417 2038 de
3468 1980 3704 2037 Massico

2115 2075 2324 2138 sileam,
2352 2074 2476 2128 dum
2506 2073 2573 2129 ad
2596 2075 2770 2145 ipsum
2794 2074 3024 2143 pertinet
3043 2075 3379 2144 mysterium,
3403 2072 3703 2128 Ecclesiae:

2116 2163 2400 2234 signiﬁcat.
2431 2163 2662 2236 Lampus
2686 2167 2730 2199 ⁸⁸
2756 2179 2882 2219 vero
2917 2163 3034 2236 ejus
3060 2163 3107 2199 ³⁸
3133 2168 3362 2236 desuper
3405 2163 3588 2233 posita
3615 2179 3703 2232 pa-

2119 2259 2331 2304 ternum
2357 2258 2440 2306 est
2468 2249 2648 2306 lumen
2679 2267 2742 2309 ac
2773 2267 2980 2318 verum,
3027 2252 3166 2323 quod
3197 2251 3460 2305 illuminat
3501 2264 3704 2302 omnem

2117 2337 2374 2392 hominem
2403 2339 2686 2398 venientem
2722 2345 2776 2398 in
2805 2345 3057 2397 mundum
3097 2342 3164 2395 ⁸⁸.
3221 2341 3478 2397 Dominus
3521 2347 3706 2394 noster

2118 2429 2279 2487 Iesus
2294 2434 2339 2468 ³³
2371 2431 2639 2498 Christus,
2669 2434 2783 2504 qui,
2817 2433 3069 2504 quoniam
3098 2446 3196 2502 pro
3233 2431 3406 2495 nobis,
3438 2446 3505 2484 ex
3527 2429 3703 2490 nobis,

2119 2521 2176 2580 in
2231 2532 2448 2582 nostrae
2497 2525 2677 2580 carnis
2725 2535 2934 2588 natura,
2982 2533 3036 2576 et
3077 2529 3366 2590 conceptus
3412 2521 3462 2552 ⁸³
3497 2528 3557 2574 et
3607 2535 3702 2572 na-

2124 2623 2211 2670 tus
2235 2623 2338 2678 est,
2371 2624 2427 2670 et
2461 2613 2711 2683 apparuit
2733 2613 2951 2677 mundo,
2997 2627 3157 2681 super
3183 2609 3570 2665 candelabrum
3614 2609 3708 2661 Ee-

2125 2706 2319 2761 clesiae
2353 2705 2562 2774 lampas
2595 2705 2814 2770 dicitur,
2845 2707 2971 2758 dum
2999 2704 3070 2758 sit
3114 2701 3408 2758 secundum
3456 2709 3704 2754 naturam

2125 2799 2239 2868 ipsa
2263 2798 2355 2852 Dei
2379 2807 2434 2852 et
2455 2797 2632 2852 Patris
2650 2795 3020 2851 substantialis
3033 2795 3078 2826 "
3093 2793 3354 2864 sapientia
3373 2800 3431 2847 et
3445 2791 3702 2853 Verbum,
3727 2839 3738 2850 ,

2127 2905 2290 2958 super
2319 2889 2365 2921 ³⁸
2414 2904 2572 2958 quem
2630 2889 2807 2957 primo
2857 2889 2903 2920 ³⁸
2947 2887 3236 2942 secundum
3296 2883 3706 2955 intelligentiam

2130 2981 2502 3044 humanitatis,
2525 2987 2685 3048 caput
2709 2979 2904 3049 quippe
2931 2979 2976 3012 ⁸⁷
3001 2977 3233 3032 universi
3257 2976 3505 3046 corporis
3531 2973 3712 3028 Eccle-

449 3061 872 3130 ννίιηονιεῐιιιῐυιιι
922 3078 1208 3118 Causarum
1268 3064 1698 3126 ευιιειειηῑίθιίιθτ
1745 3071 1798 3125 in
1849 3067 2026 3126 Verbo
2053 3068 2098 3130 C
2129 3073 2354 3136 siaeest,
2371 3071 2688 3125 donationes
2710 3070 2880 3124 sancti
2905 3069 3312 3139 Spiritus,quae
3333 3062 3714 3134 septenario“

453 3151 546 3204 Dei
577 3151 622 3182 ¹⁸
659 3153 996 3206 conditarum
1024 3153 1216 3208 divisio
1245 3153 1510 3216 daretur?
1543 3160 1650 3214 Alii
1683 3161 1726 3192 η
1749 3159 1916 3224 enim,
1953 3160 2030 3214 in-

451 3239 586 3307 quit,
612 3257 706 3310 per
725 3239 982 3310 Spiritum
1003 3241 1164 3295 datur
1180 3259 1346 3298 sermo
1371 3250 1670 3318 sapientiae,
1687 3247 1782 3304 alii
1793 3265 1960 3304 sermo
1983 3249 2025 3280 "

452 3329 700 3380 scientiae
764 3329 1050 3382 secundant
1117 3331 1331 3386 eundem
1400 3337 1690 3404 Spiritum,
1750 3336 1844 3391 alii
1898 3337 2029 3406 ﬁdes

455 3422 506 3473 in
533 3419 710 3473 eodem
736 3419 958 3490 Spiritu,
1003 3421 1095 3474 alii
1127 3437 1296 3476 autem
1335 3431 1379 3464 ιε
1415 3430 1720 3484 donationes
1747 3430 2031 3484 sanitatum

457 3513 509 3562 in
571 3509 748 3564 eodem
793 3508 1036 3580 Spiritu,
1089 3510 1180 3565 alii
1237 3529 1412 3574 autem
1465 3519 1693 3589 operatio
1739 3521 1984 3574 uirtutum
2012 3560 2027 3582 ,

459 3601 554 3654 alii
593 3602 908 3672 prophetiae,
961 3602 1056 3656 alii
1099 3603 1346 3666 discretio
1387 3612 1686 3682 spirituum,
1727 3610 1820 3666 alii
1859 3623 2034 3666 autem

456 3707 645 3758 ςμήετα
687 3691 1010 3763 “deﬁunt”.
1056 3693 1149 3748 αίίί
1199 3703 1568 3772 interpretatio.
1604 3703 1648 3734 ¹⁹
1691 3719 2033 3760 sermonum:

459 3780 634 3833 omnia
657 3791 829 3836 autem
859 3783 987 3837 haec
1010 3801 1258 3854 operatur
1283 3809 1417 3848 unus
1439 3805 1592 3866 atque
1615 3795 1752 3850 idem
1771 3793 1996 3866 Spiritus
2016 3835 2032 3862 ,

458 3869 693 3926 dividens
731 3877 942 3944 propria
973 3881 1277 3955 unicuique,
1288 3894 1440 3954 prout
1470 3885 1591 3939 uult.
1637 3885 1749 3942 Hoc
1781 3888 1940 3942 etiam
1969 3903 2036 3941 ex

461 3963 739 4032 ευτῑριυνδ
767 3964 1031 4020 Genesen‘
1061 3989 1348 4046 possumus
1367 3977 1756 4048 argumentari,
1785 3976 1873 4031 ubi
1901 3977 2040 4032 scri-

465 4080 614 4132 pgum
641 4078 725 4124 est
754 4083 770 4122 :
797 4067 864 4124 Et
904 4065 1134 4136 Spiritus
1167 4069 1266 4124 Dei
1307 4071 1508 4140 fovebat
1555 4087 1738 4140 aquas.
1787 4069 1868 4125 Ad
1912 4069 2040 4139 quid

465 4156 606 4210 enim
639 4157 781 4214 aliud
809 4159 1174 4216 aestimandus
1207 4167 1291 4214 est
1325 4159 1370 4192 ¹⁰
1403 4159 1635 4230 Spiritus
1677 4161 1772 4214 Dei
1815 4161 2044 4226 primor-

467 4245 688 4300 dialium
735 4262 1020 4305 causarum
1069 4263 1236 4320 aquas
1281 4247 1510 4314 fovisse,
1555 4247 1900 4314 fecundasse,
1946 4265 2045 4303 nu—

470 4335 644 4396 t.isse,
674 4337 774 4390 nisi
818 4347 876 4390 ut
929 4353 1012 4403 ea,
1045 4353 1184 4408 quae
1207 4335 1549 4394 uniformiter
1570 4339 1612 4370 “
1639 4338 1935 4406 unitimque
1980 4353 2046 4392 ac

2131 3175 2355 3217 Illlttlel‘o
2388 3158 2679 3229 signiﬁcari
2702 3158 2893 3224 solent,
2927 3157 3290 3227 requiescunt.
3320 3153 3511 3208 Divina
3543 3151 3714 3220 siqui-

2129 3253 2250 3307 dem
2279 3252 2442 3315 dona,
2475 3265 2618 3320 quae
2645 3265 2743 3321 per
2767 3248 3027 3319 Spiritum
3052 3255 3296 3302 sanctum
3318 3244 3718 3298 distribuuntur

2130 3345 2426 3409 Ecclesiae,
2450 3344 2704 3415 quoniam
2738 3345 2807 3399 ab
2841 3359 2946 3398 uno
2975 3343 3163 3412 spiritu
3189 3340 3611 3407 distribuuntur,
3643 3339 3716 3392 ab

2131 3435 2300 3504 ipsius
2325 3433 2520 3504 capite,
2543 3432 2761 3489 Christo
2784 3433 2929 3497 dico,
2957 3431 3282 3494 inchoantia,
3302 3429 3522 3484 nomine
3545 3428 3718 3498 ipsius

2133 3525 2366 3596 Spiritus
2383 3525 2560 3580 solent
2577 3523 2888 3595 signiﬁcari.
2904 3523 3018 3579 Non
3042 3523 3184 3578 enim
3209 3522 3320 3591 ipse
3344 3520 3392 3552 "
3415 3520 3714 3574 secundum

2134 3623 2380 3668 naturam
2406 3613 2605 3668 donum
2626 3612 2730 3694 dici
2751 3621 2944 3682 potest,
2963 3610 3058 3666 sed
3079 3609 3400 3664 distributor
3423 3608 3715 3662 donorum.

2134 3704 2364 3774 Ideoque
2415 3703 2746 3774 septiformis
2794 3703 3031 3766 dicitur,
3082 3700 3209 3770 quia
3238 3699 3284 3730 “
3325 3697 3718 3768 plenitudinem

2135 3793 2438 3848 divinorum
2500 3792 2764 3847 donorum
2793 3832 2808 3856 ,
2851 3805 2992 3856 quae
3042 3786 3351 3857 septenario
3411 3785 3722 3839 insinuatur

2137 3899 2386 3950 numero,
2409 3883 2786 3940 universaliter
2809 3881 3082 3938 Ecclesiae
3103 3880 3292 3936 dividit
3320 3894 3386 3934 ac
3409 3879 3632 3946 proprie
3652 3876 3719 3930 “.

2142 3976 2257 4045 Ipse
2278 3975 2422 4030 enim
2448 3973 2682 4044 Spiritus
2703 3970 3068 4027 coassentialis
3093 3978 3178 4024 est
3205 3969 3350 4022 Patri
3387 3975 3444 4020 et
3469 3965 3611 4020 Filio
3637 3979 3726 4020 se-

2139 4067 2372 4122 cundum
2394 4065 2748 4120 divinitatem.
2787 4063 2960 4130 Sztper
2987 4075 3168 4129 quem.
3194 4057 3386 4112 Filium
3411 4057 3561 4118 dico,
3585 4054 3725 4108 divi-

2141 4171 2240 4211 nas
2269 4155 2620 4222 donationes,
2665 4169 2800 4223 quas
2847 4150 3142 4213 distribuit,
3193 4147 3540 4216 requiescere
3587 4143 3727 4197 facit

2143 4245 2438 4301 secundum
2493 4243 2879 4298 liummitatem
2925 4239 3038 4294 :Et
3092 4238 3371 4308 requiescet
3420 4233 3495 4298 δ’,
3547 4232 3730 4301 inquit

2143 4337 2432 4406 Propheta,
2456 4351 2610 4402 super
2635 4349 2752 4386 eum
2787 4331 3016 4401 Spiritus
3041 4329 3174 4392 Dei;
3206 4342 3270 4381 ac
3291 4325 3333 4380 si
3359 4332 3547 4394 aperte
3579 4321 3730 4376 dice-

470 4426 784 4493 δςιιιιιιίεἰιοτ
810 4428 862 4482 in
891 4428 1068 4486 Verbo
1101 4430 1243 4486 facta
1281 4438 1428 4496 sunt,
1458 4445 1554 4500 per
1582 4427 1912 4484 diﬂ'erentias
1955 4443 2044 4496 ge—
2073 4423 2119 4480 D
2146 4438 2248 4490 ret,
2277 4437 2329 4481 ct
2375 4425 2710 4494 requiesceut
2737 4438 2902 4492 super
2931 4437 3050 4476 eum
3077 4419 3124 4450 "
3157 4419 3484 4486 dona,qnae
3530 4414 3732 4468 dividit

470 4531 680 4582 nerunt,
704 4518 1015 4586 formarum,
1057 4532 1398 4594 totorunique
1423 4539 1486 4578 ac
1506 4523 1758 4594 partium,
1790 4538 2040 4576 nurnero-

474 4621 696 4676 rumque
721 4611 958 4664 omnium
983 4613 1330 4669 distribueret
1354 4624 1515 4684 atque
1539 4611 1854 4668 ordinaret?
1877 4611 1960 4676 Et,
1993 4611 2036 4666 si

2146 4518 2382 4588 Spiritus
2415 4517 2500 4571 Dei
2541 4535 2552 4568 :
2597 4517 2810 4585 spiritus
2845 4513 3128 4581 sapientiae
3167 4519 3215 4564 et
3260 4508 3584 4570 intellectus,
3617 4506 3728 4574 spi-

2145 4608 2276 4660 ritus
2323 4605 2529 4659 consilii
2581 4615 2628 4660 et
2676 4603 3039 4672 fortitudinis,
3101 4600 3317 4669 spiritus
3367 4596 3625 4651 scientiae
3681 4601 3730 4647 et

1745 4746 1829 4801 VA
1841 4745 1997 4799 ΜΔΕ
2033 4739 2432 4797 ῙΛΞΕΤΙΟΝΕΞ.

550 4857 564 4886 ¹
595 4852 685 4906 Sit!
707 4852 866 4912 CDI‘I:
895 4855 934 4908 Α
959 4856 1084 4909 mihi
1111 4873 1220 4910 esse
1235 4858 1458 4910 videtur.

1534 4859 1552 4887 ²
1578 4855 1666 4909 Sic
1690 4855 1851 4917 ACD;
1875 4855 1918 4908 D
1934 4865 1989 4908 ut
2012 4854 2220 4923 opinor.
2292 4854 2314 4886 ³
2337 4853 2426 4908 Sic
2448 4853 2488 4906 A
2509 4870 2523 4917 ;
2547 4871 2660 4908 eam
2683 4869 2792 4908 om.
2812 4853 2972 4918 CDE;
3037 4851 3058 4883 ⁸
3087 4850 3178 4905 Sic
3199 4849 3424 4923 CDE;_A
3446 4847 3736 4923 quidquid.

479 4925 499 4956 ⁵
525 4925 618 4996 βῆς
643 4924 775 4978 CDE
798 4942 812 4988 ;
845 4927 882 4977 A
910 4941 1051 4996 ergo.
1123 4929 1142 4956 "
1168 4928 1258 4980 Sic
1277 4927 1315 4979 Δ
1343 4945 1356 4991 ;
1389 4925 1519 4979 CDE
1541 4927 1650 4978 Deo
1673 4916 1912 4996 etJ’utri.
1946 4926 2002 4996 ς’
2036 4916 2127 4996 Sic
2295 4925 2385 4977 AD
2412 4923 2607 4996 Dens.”
2642 4928 2664 4956 "
3066 4923 3126 4996 in
3154 4919 3292 4996 omni
3313 4920 3524 4996 abysso:
3595 4916 3619 4947 ⁸
3645 4917 3740 4971 Sic

476 4987 640 5056 CDE;
673 4995 713 5046 Α
741 4987 988 5048 rationis:
1039 4997 1078 5026 '°
1101 4996 1190 5050 Sit:
1217 4987 1447 5060 I)E;'AC
1469 4996 1806 5048 substantias.
1875 4995 1916 5028 ¹¹
1941 4994 2030 5048 Sic
2055 4994 2187 5049 (ΖΒΕ
2212 5011 2226 5050 :
2255 4987 2296 5047 Α
2329 5009 2436 5046 esse
2455 4995 2711 5047 conditas.
2780 4995 2823 5024 “
2853 4993 2946 5046 Sic
2971 4991 3140 5052 CDE;
3169 4991 3208 5042 Α
3235 4987 3740 5060 testimoniisnttes-

480 5065 729 5118 tantibus.
805 5065 848 5096 ¹³
882 5067 971 5120 Sit:
999 5065 1132 5119 (ΖΒΕ
1155 5083 1168 5129 ;
1193 5076 1239 5119 et
1271 5084 1378 5118 unt.
1409 5067 1474 5118 Α.

1553 5065 1595 5095 ιλ
1623 5065 1712 5118 Sic
1737 5063 1860 5128 CE;
1887 5065 1978 5118 Al)
1999 5075 2045 5118 et
2073 5065 2276 5120 omnia.
2327 5063 2370 5095 ³⁸
2400 5063 2490 5116 Sic
2513 5063 2666 5126 CDE;
2693 5063 2788 5116 Dei
2813 5079 2923 5118 om.
2947 5062 3012 5114 Λ.
3070 5061 3112 5091 ¹⁶
3139 5061 3227 5112 Sic
3249 5057 3412 5128 CDE;
3438 5059 3489 5128 ᾼγ
3507 5056 3677 5119 aliis;
3700 5057 3744 5108 Α

480 5137 558 5190 sic.
597 5136 791 5203 ubith
810 5135 862 5188 in
883 5127 1215 5202 hacperiudu
1228 5135 1368 5188 aliis.
1431 5136 1468 5165 ”
1501 5135 1590 5188 Sic.
1616 5135 1778 5193 CDE;
1801 5127 2088 5188 sermonm.
2115 5135 2182 5186 A.
2236 5135 2278 5166 ⁸⁸
2302 5132 2535 5187 SieCDE
2556 5143 2759 5203 :autem
2781 5149 2890 5184 out.
2914 5133 3014 5203 A.“
3035 5133 3075 5163 ”
3094 5128 3258 5203 Sicut}
3271 5127 3454 5203 ρΕλΟ
3476 5127 3747 5203 interpre-

489 5207 730 5258 tationes.
801 5207 846 5238 ³ο
871 5206 958 5260 Sit:
979 5206 1129 5261 CDI‘I:
1149 5216 1222 5257 (δι
1248 5222 1354 5259 om.
1386 5205 1450 5258 Α.

1529 5206 1570 5236 ²¹
1605 5207 1692 5258 Sic
1714 5205 1828 5268 CD;
1858 5204 1947 5260 ΑΕ
1975 5205 2021 5256 in

2123 5205 2287 5257 miter.
2339 5205 2383 5234 ²²
2411 5203 2501 5256 Sic
2520 5201 2680 5266 CDE;
2704 5205 2744 5254 Α
2769 5214 2836 5254 ct.
2887 5201 2932 5232 ⁸³
2961 5201 3151 5272 Sicca;
3174 5197 3313 5272 CDE
3345 5197 3398 5248 id
3417 5204 3514 5247 est.
3572 5193 3627 5225 ⁸³⁵

481 5277 648 5340 (10E;
673 5277 784 5329 Act.
842 5278 888 5308 ’⁸
914 5277 1004 5331 Sic
1031 5274 1182 5337 CDE;
1218 5277 1258 5328 Α
1286 5288 1426 5328 sunt.
1481 5276 1526 5307 "
1551 5275 1640 5329 Sic
1667 5265 1829 5338 CI)in
1861 5279 1902 5328 (ᾇ
1927 5265 2109 5328 virent.
2172 5274 2215 5305 ³⁷
2239 5274 2328 5326 Sic
2352 5273 2488 5326 ΑΙ)ιύ
2511 5289 2524 5336 ;
2548 5273 2588 5322 C
2607 5265 2760 5336 quae.
2824 5272 2870 5304 ’3
2895 5272 2986 5326 Sic
3012 5269 3127 5340 DIC;
3223 5277 3351 5340 actu.
3371 5279 3590 5340 (torem
3613 5265 3745 5340 uili-

487 5348 656 5412 qcnt-ia
685 5349 722 5398 Α
755 5349 995 5400 amittere
1037 5362 1098 5398 ne
1138 5345 1426 5414 diligenter.

485 5481 532 5554 ³ξ
558 5485 648 5538 Sit:
673 5487 841 5545 Alll‘l;
883 5491 922 5542 (ᾇ
949 5503 1128 5554 supra.

1501 5347 1546 5378 η
1575 5345 1662 5398 Sir
1687 5345 1850 5404 CDE;
1879 5344 1918 5397 (ἶ
1941 5342 2252 5412 Lampadas.
2329 5343 2373 5373 ⁸ο
2399 5344 2491 5396 Sic
2513 5341 2676 5406 CDE;
2703 5342 2744 5396 C
2767 5357 2967 5412 eorum.

489 5416 778 5488 mundum.
823 5419 866 5449 ³³
897 5417 988 5470 Sic
1010 5415 1140 5470 (ΖΒΕ
1169 5431 1182 5477 ;
1212 5413 1487 5488 prodestis
1520 5416 1556 5468 Α
1588 5417 1638 5466 id
1670 5426 1762 5468 est.
1837 5415 1884 5445 ³³
1915 5415 2004 5466 Sic

2319 5422 2729 5488 coiret-ptusest.
2808 5413 2854 5440 “
2885 5413 3165 5488 Sic
3213 5413 3252 5458 Α
3287 5419 3440 5483 super

1209 5478 1252 5515 3°
1284 5485 1373 5536 Sic
1415 5485 1586 5546 (llll'l;
1622 5485 1658 5536 .-\
1701 5486 1876 5553 pr‘ituo
1915 5502 2021 5549 quo

2145 5484 2188 5516 ³⁷
2221 5483 2310 5533 Sic
2338 5478 2508 5544 (IDE';
2540 5483 2726 5550 quippe
2751 5496 2858 5534 om.
2889 5481 2951 5532 Α.
3099 5478 3495 5553 Cusupernario.

3045 5338 3086 5369 ³¹
3113 5339 3201 5392 Sic
3224 5334 3395 5398 CDE;
3427 5334 3473 5386 Α
3508 5335 3564 5384 in
3601 5336 3753 5385 Ιςιιηε

2808 5411 2854 5440 ³δ
2885 5411 2976 5463 Sic
3003 5409 3165 5470 (illi-3;
3213 5406 3252 5458 A
3287 5401 3751 5472 supernatat-alis.

2808 5496 2858 5522 ιι-
2894 5481 2950 5522 Δ-
3023 5478 3067 5508 ³³
3099 5478 3138 5522 tl
3167 5473 3495 5522 struermtrio.
3579 5471 3630 5504 ⁸⁸
3659 5472 3756 5522 εἰς

483 5551 644 5624 Citii;
671 5555 708 5607 Α
745 5539 966 5622 Spiritus
998 5539 1122 5624 ipse.
1199 5555 1242 5584 ³ο
1274 5556 1360 5608 Sir.
1384 5557 1546 5615 Chii;
1575 5539 1618 5607 Ἀ
1643 5539 1752 5622 ιμῖἱ.
1826 5555 1866 5586 ’δι
1901 5539 1991 5606 Sic
2026 5551 2158 5608 (ἶοΕ
2185 5573 2194 5604 ;
2228 5554 2270 5606 Α
2301 5539 2982 5621 ηπῖνει·εἰι1’ἑ(‹’ὶ’ἰρι-θρνίθιμιε
3009 5546 3192 5600 diridit
3221 5539 3488 5598 ecclesiae.
3569 5541 3620 5572 δ’
3659 5539 3757 5596 Sic

485 5622 608 5688 CD;
639 5625 724 5678 ΑΕ
757 5622 1040 5695 requiescth
1117 5625 1160 5655 "3
1195 5625 1284 5680 Sic
1329 5626 1458 5679 (illi;
1484 5642 1500 5690 ;
1531 5627 1568 5678 Δ
1607 5642 1767 5694 super
1815 5625 2005 5693 ipsum.
