3884 6158
121 272 210 336 ,ςθὸ

900 280 989 335 DE
1031 279 1369 335 DlVlSlONE
1410 279 1763 335 NATURAE.
1804 310 1872 322 -—-
1910 280 2112 336 LIBER
2149 281 2534 343 SECUNDUS.

3235 289 3340 344 δαί,

115 388 282 460 pietatis
303 395 351 441 et
380 385 396 417 ¹
427 388 660 460 implebit
687 392 729 422 “
761 407 878 445 eum
902 392 1118 462 spiritus
1148 391 1350 444 timoris
1386 388 1599 445 Domini
1638 391 1658 421 ¹
1688 405 1732 457 Α
1763 391 2026 446 donorum
2066 402 2248 448 autem
2302 394 2736 452 distributionem
2789 398 2942 466 quasi
2989 400 3259 469 quandam
3295 400 3340 432 “

117 497 221 552 quos
264 495 450 535 omnes
496 482 740 550 Spiritus,
766 482 871 537 hoc
896 481 1041 543 ‘est,
1077 496 1214 552 quas
1254 496 1443 536 omnes
1487 481 1660 536 dona-

116 577 253 627 tiones
289 569 547 641 Spiritus,
577 582 742 643 caput
775 571 1069 636 Ecclesiae,
1102 572 1245 642 quod
1272 582 1358 626 est
1387 570 1660 636 Christus,

115 662 253 732 primo
271 660 568 715 secundum
587 661 979 716 humanitatem
994 661 1288 730 accipiens,
1309 660 1525 730 corpori
1541 674 1660 726 suo,

91 752 348 813 ,licclcsiae
379 766 533 816 suae,
561 768 658 822 per
689 752 952 823 Spiritum
980 762 1226 811 sanctum
1263 752 1517 822 partitur.
1546 751 1664 820 lpse

113 854 257 899 autent
311 843 552 914 Spiritus
582 854 843 910 sanctus,
876 846 1018 899 sicut
1045 844 1098 898 in
1127 854 1319 899 natura
1363 844 1661 898 secundum

114 938 367 989 essentiam
396 934 644 989 subsistit
673 934 768 989 Dei
797 945 851 990 et
888 934 1088 998 Patris,
1121 933 1202 989 sic
1241 941 1295 988 et
1327 933 1380 987 in
1411 931 1536 986 Filii
1565 945 1662 986 ua-

114 1034 207 1078 tura
257 1034 340 1079 est
394 1024 695 1079 secundum
749 1025 1044 1079 essentiam
1086 1025 1145 1087 ⁵,
1200 1023 1326 1092 quia
1379 1038 1447 1077 ex
1498 1020 1662 1076 Patre

112 1114 508 1171 substantialiter
531 1130 627 1185 per
650 1115 846 1169 Filiqu
875 1126 1062 1170 natum
1095 1114 1444 1170 inetl'abiliter
1470 1130 1665 1185 proce-

110 1206 183 1258 dit.
199 1204 269 1258 Ac
287 1220 387 1275 per
414 1206 516 1259 hoc
539 1205 700 1269 dona,
725 1220 867 1274 quae
888 1204 1188 1270 distribuit,
1204 1220 1310 1260 non
1334 1218 1431 1261 sua
1453 1204 1659 1260 solum-

110 1296 235 1349 modo
255 1308 403 1361 sunt,
429 1294 523 1351 sed
552 1306 608 1349 et
634 1295 835 1361 Patris,
867 1310 934 1350 ex
980 1312 1089 1366 quo
1123 1296 1384 1367 procedit,
1416 1306 1473 1351 ct
1511 1292 1659 1360 Filii,

108 1406 130 1442 a
168 1404 260 1458 quo
286 1398 344 1443 et
378 1403 478 1458 per
495 1404 656 1458 quem
682 1389 948 1458 procedit.
990 1388 1058 1443 Et
1090 1405 1160 1444 ne
1191 1388 1470 1451 aestimes,
1517 1387 1657 1441 mul-

109 1481 317 1534 tiformes
364 1481 684 1534 donationes
732 1478 1005 1549 Spiritus,
1054 1478 1250 1549 quibus
1306 1476 1657 1533 multiformia

106 1571 279 1640 peccati
299 1570 575 1642 genimina
606 1570 954 1640 expelluntur
975 1570 1043 1624 ah
1066 1571 1306 1625 Ecclesia
1339 1570 1658 1642 penitusque

106 1659 480 1730 extinguuntur,
507 1660 653 1714 solas
680 1675 778 1730 per
807 1658 1070 1731 Spiritum
1116 1660 1458 1731 distributas.
1503 1660 1656 1715 Facit

1763 481 2145 551 proprietatem
2181 482 2223 514 ¹¹
2267 482 2491 553 Spiritui
2544 494 2733 540 sancto
2763 486 3032 558 theologia
3101 486 3338 543 dedieat.

1761 571 1954 627 Omnia
1982 571 2322 644 igitur,quae
2350 572 2514 629 Pater
2533 574 2585 629 in
2610 573 2747 630 Filio
2778 562 2926 642 facit',
2952 576 3192 646 Spiritus
3217 594 3343 633 san—

1761 672 1880 717 ctus
1928 663 2225 730 distribuit,
2279 674 2334 718 et
2374 664 2667 734 unicuique
2718 666 2953 736 propria,
3001 676 3159 737 prout
3204 666 3338 730 vult,

1762 757 1968 813 dividit.
2000 752 2234 813 Videsne
2264 758 2449 829 igitur,
2480 761 2750 829 quomodo
2800 762 3069 832 theologia
3113 760 3342 831 singulis

1762 846 1977 900 divinae
1999 846 2255 901 bonitatis
2283 847 2601 903 substantiis
2636 863 2729 902 seu
2761 852 3004 918 personis
3027 864 3155 904 suas
3176 849 3342 904 veluti

1760 936 2119 1006 proprietates
2142 937 2273 992 dare
2307 936 2669 1006 intelligitur?
2723 937 2869 992 Patri
2922 939 3065 993 enim
3105 939 3197 993 dat
3223 953 3342 992 omc

1762 1026 1849 1080 nia
1898 1026 2099 1092 facere,
2132 1024 2311 1080 Verbo
2337 1026 2428 1081 dat
2453 1041 2642 1082 omnes
2688 1026 2741 1081 in
2772 1027 2888 1096 ipso
2938 1025 3340 1089 uuiversaliter,

1761 1115 2138 1180 essentialiter,
2171 1117 2508 1187 simpliciter,
2532 1117 2910 1187 primordialcs
2931 1132 3111 1172 rerum
3142 1131 3340 1172 causas

1761 1205 2109 1261 aetcrualitcr
2158 1204 2310 1269 fieri;
2346 1204 2568 1276 Spiritui
2594 1207 2638 1238 η
2666 1202 2759 1260 dat
2787 1206 2933 1276 ipsas
2962 1204 3338 1275 primordiales

1761 1310 1974 1360 causas,
1999 1294 2052 1349 in
2076 1295 2254 1351 Verbo
2276 1295 2471 1359 factas,
2487 1297 2541 1349 in
2562 1294 2787 1352 etfcctus
2807 1312 2931 1351 suos
2955 1295 3270 1351 fecundatas
3291 1295 3339 1330 ³³

1760 1388 2103 1453 distribuere,
2135 1388 2238 1443 hoc
2264 1397 2369 1453 est,
2400 1388 2454 1443 in
2481 1403 2680 1459 genera
2709 1398 2764 1443 et
2810 1388 3038 1458 species,
3088 1402 3346 1442 numeros

1759 1476 2232 1549 din‘crentiasque,
2264 1480 2378 1535 sive
2431 1479 2745 1535 caelestium
2770 1490 2824 1534 et
2851 1479 3209 1550 spiritualium
3255 1494 3343 1533 es-

1760 1572 2055 1626 sentiarum
2084 1571 2404 1640 corporibus
2428 1572 2651 1627 omnino
2672 1573 2996 1634 carentium,
3029 1585 3123 1626 sea
3156 1571 3338 1640 puris-

1761 1661 1914 1717 simis
1952 1661 2429 1731 spiritualibusque
2482 1652 2803 1731 corporibus
2834 1678 2898 1716 ex
2954 1659 3343 1715 catholicorum

104 1750 221 1804 enim
258 1749 531 1821 sapientia
565 1750 1040 1820 interemptiouem
1088 1749 1454 1821 insipientiae,
1492 1750 1651 1805 intcl-
1684 1744 1726 1803 Β
1755 1750 2146 1806 elementorum
2173 1750 2523 1820 simplicitate
2554 1750 2711 1806 factis
2757 1751 3196 1814 adhaerentiutu,
3244 1764 3341 1804 seu

106 1839 247 1894 let-,tus
301 1840 570 1896 stultitiae
619 1840 980 1909 ablutionem,
1039 1841 1329 1897 consilium
1397 1841 1658 1897 indiscre-

107 1933 750 2000 tionis-destruetioucm,
809 1933 1068 1989 fortitudo
1136 1932 1467 1988 infirmitatis
1516 1932 1659 1987 solu-

106 2025 307 2092 tionem,
372 2025 605 2080 scientia
659 2025 997 2096 ignorantiae
1049 2024 1432 2090 abolitionem,
1488 2023 1661 2094 pietas

104 2114 367 2183 impietatis
387 2116 513 2169 etin
535 2116 649 2185 ipsa
674 2132 896 2185 operum
912 2114 1195 2185 pravitatis
1204 2115 1654 2185 persecutionem,

104 2204 238 2259 timor
262 2214 604 2273 contextiptus
638 2205 805 2275 abigit
852 2206 1191 2260 caecitatem.
1243 2203 1349 2260 Sed
1370 2212 1425 2260 et
1445 2212 1661 2274 praeter

106 2296 215 2351 haec
230 2297 365 2351 dona
391 2297 622 2365 gratiae,
646 2296 842 2365 quibus
861 2306 915 2352 et
938 2305 1224 2367 purgatur,
1247 2305 1303 2351 et
1322 2296 1654 2358 aediﬁcatur,

100 2394 145 2437 ct
168 2385 516 2450 illuminatur,
546 2396 600 2440 et
627 2385 906 2455 perﬁcitur
931 2386 1193 2452 Ecclesia,
1240 2385 1506 2443 bonorum
1535 2401 1658 2441 om-

104 2475 226 2530 nium
250 2478 596 2542 donationes,
628 2492 769 2546 quae
792 2486 849 2532 et
868 2477 1164 2533 secundum
1187 2478 1481 2533 essentiam
1511 2488 1655 2543 sunt,

98 2574 143 2619 et
158 2569 442 2621 secundum
465 2567 730 2621 naturalia
760 2568 1084 2632 accidentia,
1103 2583 1209 2624 non
1232 2567 1449 2622 aliunde
1471 2568 1659 2623 venire

101 2673 235 2712 nemo
260 2656 503 2712 ﬁdelium
529 2657 806 2724 dubitat‘,
830 2659 932 2714 nisi
952 2674 1019 2714 ex
1041 2674 1203 2715 causa
1224 2660 1463 2716 omnium
1492 2660 1658 2716 bono-

98 2763 214 2813 rum,
240 2762 307 2802 ex
352 2749 519 2805 Patre
546 2751 692 2814 dico,
718 2768 781 2807 ex
810 2768 919 2823 quo
963 2754 1165 2825 omnia,
1190 2770 1289 2825 per
1329 2753 1525 2808 Filium
1552 2794 1567 2819 ,
1603 2754 1655 2808 in

96 2851 185 2902 quo
205 2849 328 2893 sunt
372 2839 582 2905 omnia,
633 2857 735 2896 nec
777 2859 963 2897 eorum
1010 2842 1034 2875 ⁸
1074 2822 1172 2914 ρθῗ·
1207 2844 1373 2899 alium
1420 2844 1522 2900 nisi
1560 2860 1658 2915 per

92 2925 327 2992 t‘piritum
359 2938 613 2984 sanctum
661 2946 781 2985 esse
825 2931 1297 3003 distributionem,
1326 2933 1418 3005 qui
1466 2934 1659 2989 dividit

93 3016 248 3071 omnia
273 3019 535 3075 omnibus
556 3029 717 3090 prout
743 3023 874 3075 vult.
903 3023 1092 3089 0mm,
1127 3023 1303 3094 inquit
1349 3024 1667 3095 theologus,

1760 1840 2093 1896 sensibilium
2124 1839 2283 1909 hujus
2306 1842 2487 1895 mundi
2514 1841 2738 1896 visibilis
2767 1840 2813 1873 ”
2837 1838 3225 1895 universalium
3255 1838 3339 1892 vel

1759 1931 2166 2003 particularium
2192 1940 2566 2001 separatarmn
2612 1932 2762 1996 Ιοείε,
2808 1930 3138 2001 temporibus
3171 1927 3347 1983 tno'ii-

1760 2020 1911 2085 hum,
1939 2019 2200 2090 qualitate
2228 2032 2283 2076 et
2308 2018 2354 2051 "
2376 2020 2677 2089 quantitate
2698 2020 3080 2075 dillercutium.
3106 2017 3344 2073 Primor-
3402 2006 3406 2010 ’

1760 2110 1930 2166 diales
1957 2111 2221 2181 siquidem
2271 2125 2468 2166 causas
2492 2153 2507 2177 ,
2541 2111 2655 2167 sive
2701 2110 2895 2167 visibili
2931 2111 3045 2166 sive
3087 2109 3345 2165 invisibili

1759 2215 2013 2271 corpore,
2051 2200 2313 2270 qualitate
2350 2216 2566 2272 quoque
2612 2212 2667 2256 et
2701 2201 3007 2272 quantitate
3049 2200 3104 2255 in
3150 2198 3345 2271 seipsis

1758 2291 1981 2346 omnino
2004 2306 2192 2346 carere
2217 2307 2321 2347 non
2356 2292 2804 2348 irrationabiliter
2826 2292 2948 2361 quis
2978 2290 3289 2362 approbarit
3321 2307 3336 2353 ;

1761 2380 2028 2435 invisibile
2076 2388 2257 2436 autem
2292 2396 2490 2450 corpus
2539 2382 2771 2437 dicimus
2821 2380 3125 2450 simplicem
3148 2395 3213 2435 ac
3247 2394 3343 2448 per

1758 2488 1819 2529 se
1849 2472 2174 2527 intellectam
2197 2472 2530 2543 singulorum
2558 2473 2717 2543 hujus
2747 2473 2930 2527 mundi
2953 2472 3343 2528 elementorum

1757 2562 2184 2618 subsistentiam.
2236 2561 2510 2619 Caelestes
2566 2578 2696 2619 vero
2749 2564 3015 2619 essentias
3044 2602 3060 2627 ,
3112 2561 3164 2615 id
3211 2570 3293 2617 est
3323 2599 3341 2624 ,

1757 2672 1864 2728 ang
1896 2656 2029 2711 licas
2076 2657 2321 2722 virtutes,
2386 2658 2636 2727 quamvis
2693 2655 2834 2710 ultra
2882 2658 3027 2711 lumc
3078 2655 3336 2709 mundum

1758 2749 2070 2804 sensibilem
2130 2764 2263 2805 suae
2317 2759 2544 2805 naturae
2598 2748 2953 2807 intellectuali
3025 2745 3342 2802 excellentia

1758 2856 1864 2895 non
1890 2841 2185 2912 incongrue
2204 2841 2586 2896 existimentur
2607 2854 2750 2905 esse,
2779 2856 2883 2894 non
2913 2838 3134 2894 omnino
3164 2847 3342 2892 tamen

1756 2934 2020 2990 consultis
2045 2945 2357 2989 sanctorum
2381 2933 2604 2988 Patrqu
2656 2932 2944 2987 sententiis
2969 2929 3344 2986 suiritualibus

1756 3025 2073 3095 corporibus
2105 3024 2381 3095 iudicandi
2413 3033 2540 3078 sunt
2584 3022 2806 3093 privari.
2858 3020 3159 3077 Non'enim
3210 3020 3262 3074 iu
3295 3016 3339 3049 ¹⁶

90 3102 248 3157 datum
268 3108 530 3174 optimum
559 3119 605 3162 et
640 3126 790 3164 omne
818 3110 1013 3164 donum
1042 3092 1330 3182 perfectum
1376 3092 1650 3168 desursum
1678 3092 1725 3153 (ἶ
1756 3092 2051 3181 extraneis;
2080 3092 2174 3170 sed
2196 3115 2309 3169 suis
2343 3092 2764 3168 adhaerentibus
2790 3111 2890 3167 sibi
2919 3124 3137 3180 semper
3180 3109 3343 3179 spiri-

89 3202 149 3243 εει
185 3194 503 3252 descendens
533 3217 566 3252 α
612 3197 771 3254 Patre
813 3204 1142 3258 luminum".
1190 3204 1331 3272 Quid
1372 3208 1601 3277 apertius
1632 3209 1656 3262 ?

92 3286 213 3347 Quid
243 3288 447 3342 clm-ius
467 3289 493 3343 .’
522 3287 649 3344 Non
686 3291 926 3359 aliunde,
978 3295 1074 3360 ait,
1106 3296 1205 3350 nisi
1232 3314 1264 3350 a
1296 3293 1459 3351 Patre
1501 3297 1657 3351 lumi-

90 3388 217 3441 οιεωι,
238 3377 343 3433 hoc
374 3388 497 3444 est,
524 3396 556 3434 a
584 3379 743 3436 Patre
769 3383 1011 3438 omnium
1054 3384 1341 3451 bonorum,
1368 3402 1509 3456 quae
1532 3397 1658 3443 sunt

88 3470 363 3524 secundum
397 3478 743 3540 naturam,et
763 3490 903 3544 quae
930 3485 1059 3529 sunt
1080 3477 1375 3531 secundum
1402 3478 1651 3549 gratiam.

86 3551 290 3612 Pulchre
308 3559 587 3628 siquidem
610 3560 813 3617 lumina
840 3563 1096 3618 dicuntur
1122 3566 1305 3620 omnia
1330 3566 1494 3630 dona,
1517 3580 1657 3634 quae

86 3658 139 3695 τι
167 3644 407 3717 ingenito
442 3648 647 3704 lumine
674 3667 772 3721 per
800 3654 1037 3723 genitum
1086 3654 1264 3712 lumen
1295 3656 1650 3720 descendunt,

81 3742 122 3782 et
146 3746 237 3800 per
265 3738 576 3804 procedens
599 3737 801 3807 lumen,
826 3751 986 3812 prout
1013 3751 1095 3798 est
1114 3744 1385 3814 capacitas
1426 3754 1655 3800 naturae

81 3831 127 3874 ct
146 3823 363 3896 largitas
402 3831 632 3899 gratiae,
662 3832 715 3886 in
752 3833 1173 3905 uniuscujusque
1195 3836 1217 3867 ⁸
1243 3835 1360 3891 sive
1382 3836 1653 3907 generalis

76 3914 176 3969 sive
198 3919 463 3986 specialis
486 3923 755 3982 essentiae
779 3923 1107 3979 individuam
1130 3926 1492 3981 substantiam
1517 3927 1653 3982 divi-

77 4001 273 4062 duntur.
306 4009 454 4065 Nam
484 4013 629 4082 quod
659 4013 935 4083 apostolus
957 4014 1117 4071 veluti
1148 4014 1247 4071 soli
1271 4016 1477 4071 homini
1506 4017 1651 4072 vide-

72 4102 152 4147 tur
170 4097 354 4153 dicere
387 4117 407 4153 :
437 4098 484 4155 0
508 4102 687 4167 homo,
706 4102 833 4173 quid
859 4104 1036 4171 habet,
1061 4106 1201 4178 quod
1229 4122 1333 4161 non
1360 4109 1602 4178 accepisti
1628 4110 1654 4162 .9

73 4187 440 4249 universaliter
450 4193 603 4247 omni
619 4202 903 4250 creaturae
917 4196 1112 4251 visibili
1132 4206 1187 4250 et
1204 4197 1456 4253 invisibili
1475 4208 1652 4270 potest

70 4277 180 4331 dici.
196 4278 354 4343 Nulla
376 4283 527 4339 enim
553 4293 745 4343 natura
767 4293 854 4340 est
876 4297 1080 4348 creata,
1110 4302 1249 4358 quae
1274 4289 1469 4344 habeat
1493 4292 1646 4360 quid,

71 4380 269 4431 praeter
288 4373 444 4441 quod
474 4389 507 4427 a
557 4375 825 4433 creatrice
865 4379 1153 4446 acceperit.
1185 4378 1241 4432 Si
1272 4379 1416 4435 enim
1441 4391 1555 4445 est,
1592 4392 1649 4435 ut

1760 3206 1998 3261 tualibus
2024 3205 2361 3275 corporibus,
2379 3203 2630 3259 sensibus
2652 3202 2926 3267 humanis,
2956 3201 3151 3270 quibus
3178 3215 3343 3270 saepe

1757 3306 2040 3366 apparent,
2083 3294 2402 3350 credendi"
2451 3302 2578 3349 sunt
2623 3293 3023 3353 succumbere:
3062 3306 3170 3345 non
3216 3290 3342 3360 quia

1756 3385 2000 3454 operatio
2049 3384 2431 3455 inseparabilis
2458 3384 2682 3438 unitatis
2726 3382 3036 3437 divinarum
3084 3382 3340 3438 substan-

1759 3475 1956 3528 tiarum
1986 3475 2056 3529 sit
2082 3484 2362 3546 segregata
2394 3491 2409 3541 ;
2440 3474 2583 3544 quod
2610 3473 2752 3529 enim
2779 3472 2944 3528 Pater
2971 3473 3120 3538 facit,
3152 3473 3255 3528 hoc
3282 3482 3339 3527 et

1754 3563 1925 3619 Filius
1939 3564 2089 3629 facit,
2107 3565 2209 3619 hoc
2222 3565 2269 3597 ⁸⁵
2283 3575 2336 3620 ct
2352 3564 2587 3635 Spiritus
2611 3573 2831 3621 sanctus
2846 3564 2996 3631 facit;
3010 3564 3106 3620 sed
3120 3564 3247 3635 quia
3263 3565 3342 3618 tli-

1754 3656 1875 3708 vina
1901 3655 2167 3726 theologia
2190 3656 2415 3726 singulis
2429 3671 2616 3711 earum
2639 3656 2998 3727 proprietates
3013 3656 3270 3727 quasdam
3292 3660 3337 3693 ι’

1755 3745 1964 3799 videtur
1983 3746 2706 3817 distribuere,veraciterque
2729 3746 3101 3818 intelligitur”
3118 3746 3337 3800 habere.

1755 3835 1810 3890 la
1833 3846 2016 3891 sancta
2040 3837 2308 3907 siquidem
2327 3836 2594 3892 Trinitate
2614 3848 2669 3893 et
2686 3837 2990 3892 communis
3008 3835 3340 3906 operationis

1752 3929 2093 4000 cognoscitur
2114 3930 2312 3994 unitas,
2344 3939 2399 3985 et
2432 3930 2791 3985 discretarum
2816 3927 3193 3998 operationem
3227 3942 3332 3979 non

1751 4021 2055 4076 excluditur
2105 4022 2431 4092 proprietas.
2460 4019 2517 4076 Si
2563 4022 2706 4075 enim
2740 4020 2886 4074 inea
2938 4027 3022 4074 est
3068 4017 3339 4073 essentiae

1751 4110 1930 4167 unitas
1994 4120 2051 4167 et
2105 4112 2531 4167 substantiarutn
2579 4108 2882 4165 dill‘erentia
2912 4150 2927 4174 ,
2991 4124 3091 4163 cur
3134 4122 3240 4161 non
3280 4115 3337 4160 et

1751 4204 2057 4283 communis
2094 4205 2337 4273 operatio
2368 4213 2532 4273 atque
2562 4201 2816 4259 differens
2849 4204 2900 4256 in
2934 4217 2997 4256 ea
3022 4200 3337 4255 crederetur

1750 4304 1806 4350 et
1839 4295 2254 4367 intelligeretur,
2305 4312 2409 4352 non
2453 4298 2632 4360 video,
2683 4305 2739 4350 ut
2767 4294 3333 4352 conmiuuiesseutiae

1753 4391 2059 4445 communis
2100 4391 2430 4445 attribuatur
2454 4390 2718 4461 operatio,
2750 4399 2803 4443 et
2834 4387 3177 4444 substantiali
3208 4385 3330 4440 Τνῇ

66 4461 596 4526 ντδεάἱιίιῡυδάηιιε
616 4467 828 4536 accepit
847 4481 1003 4533 esse;
1030 4467 1075 4523 si
1105 4468 1254 4534 vivit,
1279 4469 1401 4524 inde
1433 4470 1641 4537 vivere;
1679 4440 1727 4499 θ
1751 4479 1907 4534 uitali
1941 4480 2083 4533 trina
2114 4495 2217 4534 ιιοη
2244 4440 2525 4534 auferam;
2547 4480 2708 4534 actio,

67 4546 103 4598 si
122 4553 307 4615 sensit,
340 4553 477 4608 inde
507 4557 711 4616 sentire
736 4571 751 4621 ;
778 4556 823 4611 si
848 4556 1059 4617 ratione
1079 4557 1300 4624 fruitur,
1326 4559 1449 4615 inde
1476 4562 1643 4631 ratio;

63 4637 102 4691 si
144 4639 445 4717 intelligit,
482 4645 609 4699 inde
657 4646 984 4712 intellectus,
1036 4659 1328 4719 ceteraque
1374 4651 1425 4705 id
1477 4669 1648 4721 genus

66 4728 211 4783 inille.
239 4733 299 4787 Si
330 4735 511 4804 igitur
539 4733 615 4789 nil
642 4735 695 4789 in
720 4745 913 4791 natura
940 4754 1120 4793 rerum
1168 4750 1475 4795 creatarum
1525 4758 1647 4799 esse

61 4823 398 4889 wgmscitur
427 4823 474 4889 ',
529 4833 749 4894 praeter
789 4826 932 4895 quod
980 4842 1011 4883 a
1054 4826 1313 4883 Creatore
1362 4830 1596 4883 donatur
1631 4872 1646 4895 ,

60 4914 314 4982 sequitur,
339 4916 425 4975 nil
456 4915 602 4971 aliud
625 4932 745 4972 esse
767 4928 1091 4982 creaturam,
1117 4921 1232 4975 sive
1262 4923 1646 4988 essentialiter,

56 5000 159 5058 sive
173 5008 495 5063 secundum
522 5009 796 5075 accidens,
815 5010 918 5067 nisi
942 5011 1217 5069 Creatoris
1238 5013 1360 5069 data
1383 5024 1438 5070 et
1464 5016 1603 5071 dona
1634 5034 1648 5083 ;

1816 4572 1907 4627 25.
1944 4572 2271 4627 Disc.Video
2304 4571 2480 4641 plane,
2506 4580 2562 4626 et.
2593 4572 2720 4625 mihi
2748 4572 2959 4625 videtur
2981 4587 3104 4626 esse
3137 4570 3330 4625 verisi-

1750 4660 1908 4724 mile,
1970 4675 2034 4714 ac
2088 4660 2286 4714 divinis
2335 4660 2563 4730 eloquiis
2621 4660 2926 4714 convenire.
2979 4659 3085 4714 Sed
3130 4658 3336 4713 utinam

1759 4751 1995 4820 quadam
2020 4749 2376 4804 similitudine
2423 4764 2493 4803 es
2538 4759 2725 4804 nostra
2776 4761 2969 4804 natura
3014 4758 3291 4819 assutnpla
3321 4790 3336 4813 ,

1755 4841 2010 4913 quoniam
2046 4841 2154 4895 Deo
2199 4841 2394 4897 similis
2432 4856 2554 4897 esse
2609 4843 2957 4911 perhibetur,
3006 4856 3147 4911 quae
3192 4840 3338 4895 dicta

1755 4942 1881 4986 sunt
1929 4934 1995 4987 de
2044 4931 2465 5002 proprietatibus
2521 4933 2740 4988 divinae
2806 4932 3333 4993 administrationis,

1755 5027 2033 5082 suadcres.
2063 5024 2201 5084 Mne.
2235 5026 2558 5082 Trinitatem
2591 5036 2810 5081 nostrae
2841 5033 3065 5080 naturae
3089 5033 3141 5080 te
3167 5022 3337 5079 latere

1348 5150 1602 5212 VARIAE
1640 5157 2042 5218 LECTIONES.

113 5257 452 5339 “$00915;
500 5258 689 5339 ,ζεῖς
717 5260 953 5339 (IDEM
993 5254 1223 5339 τρριρῦξζο
1291 5260 1615 5339 {siccum
1646 5270 1690 5323 Α
1717 5269 1832 5325 Dei.
1896 5271 2213 5334 'SicCDE;
2247 5272 2374 5325 Aid
2403 5284 2505 5327 est.
2585 5271 2846 5325 ιειιιιείειει
2871 5269 3334 5339 Dei—essentiam

314 5328 477 5410 “.Sic
497 5327 616 5394 LE;
727 5331 913 5385 venire
937 5327 1057 5410 quis
1079 5331 1277 5410 dubitet
1306 5332 1561 5410 ﬁdelium,
1597 5339 1637 5392 υ
1657 5341 1833 5396 nullus
1858 5341 2090 5397 ihlelium
2120 5327 2345 5397 dubitat.
2422 5343 2442 5375 ‘
2472 5343 2562 5398 Sic
2576 5344 2741 5407 ADE;
2765 5343 2806 5402 (Σ
2838 5359 2940 5400 nec
2966 5340 3126 5410 enim.
3200 5338 3220 5410 7
3245 5338 3337 5394 Sic

236 5403 287 5456 Α
321 5400 812 5482 άαιῆηξθρξζζεξξηι
840 5413 886 5482 ξι
925 5396 978 5455 fi—
1017 5417 1076 5482 P;
1115 5402 1163 5453 b.
1212 5419 1260 5455 e.
1293 5396 1347 5482 il.
1387 5420 1437 5458 α.
1674 5412 1814 5482 l‘Sie
1859 5411 1992 5466 (ΖΒΕ
2017 5396 2051 5474 :7
2078 5396 2147 5467 Ah
2176 5396 2741 5482 ttuiuscujusruuque:'
2782 5396 2804 5445 δ
2838 5396 3226 5482 ἐἰοβυιρλᾼ
3256 5410 3331 5463 ἰη-

46 5470 312 5540 telligitur.
432 5466 485 5501 “
517 5466 606 5522 Sic
625 5469 757 5540 CDI‘J
783 5486 797 5530 ;
830 5474 869 5523 Α
901 5466 1165 5539 quandam
1195 5473 1364 5540 quasi.

47 5537 258 5601 Spiritui
301 5548 530 5593 sancta.

45 5606 178 5663 Ulli.
263 5611 309 5643 "
332 5611 441 5665 Sic
474 5607 648 5672 CDE;
683 5609 736 5661 iu
762 5626 870 5663 θυι.
905 5612 966 5663 Α.

39 5684 412 5747 Prcprirlates.
499 5678 542 5709 ³⁸
574 5679 663 5736 Sic
694 5680 861 5746 CDE;
893 5681 935 5735 Α
960 5677 1361 5750 ιιιειλίιάῃιυεωικι

783 5486 797 5530 ἶ
830 5477 1165 5552 λριιιιξειιςςικ
1195 5477 1364 5552 ηιιίιεὶσ
1432 5477 1500 5552 ﬁ“
1519 5480 1625 5552 ‘Sic
1653 5481 1783 5552 QDE
1811 5499 1826 5544 ;
1854 5482 1895 5536 Α
1931 5482 2152 5551 Spiritui
2190 5493 2371 5536 stmulo
2392 5477 2792 5552 proprietatem.

613 5539 656 5569 ⁸³
688 5539 779 5614 Sic
821 5540 947 5614 AI)»;
997 5539 1390 5614 Cfetftlttditms',
1428 5546 1468 5600 Ε
1500 5539 1827 5614 (comitiales;

1047 5611 1085 5641 ”
1117 5610 1208 5663 Sic
1236 5611 1397 5673 Ml“;
1440 5619 1478 5670 (Σ
1500 5610 1777 5675 credenda.

2886 5484 2927 5513 ¹²
2953 5480 3044 5533 Sic
3068 5479 3244 5540 CDE;
3289 5481 3328 5533 Α

1910 5550 2070 5607 "hic
2112 5553 2278 5615 Allli;
2321 5555 2359 5607 (Σ
2408 5550 2687 5607 laudabilis.
2773 5555 2813 5584 ’δ
2860 5551 2951 5606 Sit:
2989 5550 3068 5611 A;
3128 5560 3174 5602 et
3222 5566 3330 5603 om.

1881 5623 1924 5657 ¹³
1972 5623 2063 5679 Sic
2088 5623 2256 5691 ADE;
2280 5626 2319 5681 C
2347 5625 2417 5678 ita
2446 5634 2519 5679 ct.
2618 5624 2659 5656 ³³
2680 5625 2766 5677 Sic
2797 5624 2963 5683 Chii;
3012 5622 3050 5672 Δ
3080 5623 3336 5688 quosdam
