3912 6154
537 198 637 254 567

1898 203 2179 261 JOANNIS
2214 205 2429 261 SCO'l'l“

3656 209 3746 265 ass

535 332 643 369 non
669 312 824 368 facile
862 312 1203 370 crediderim.
1230 314 1374 369 Disc.
1417 313 1531 377 Dic,
1555 329 1759 383 quaeso
1786 356 1801 380 ,
1844 332 1981 385 quae
2001 318 2091 371 sit.
2124 318 2451 388 Agendum.
2489 316 2901 372 Convenientius
2924 317 3061 371 dico.
3106 316 3359 383 Quamvis
3386 317 3527 371 enim
3570 334 3747 375 conve-

535 402 675 459 MAG.
708 402 1117 464 Recordarisne,
1142 404 1268 471 quid
1293 404 1344 456 in
1367 404 1564 471 prioris
1591 404 1710 458 libri
1738 405 2100 474 disputatione

534 493 676 545 inter
728 506 827 545 nos
883 491 1253 545 convenerat?
1298 489 1435 543 Num
1473 491 1489 521 ⁸
1539 491 1694 546 nobis
1742 492 1917 546 visum
1970 501 2053 547 est.
2083 533 2098 557 ,

532 580 732 632 nullam
752 588 998 632 naturam
1028 594 1168 642 esse,
1197 594 1335 645 quae
1362 595 1467 634 non
1506 580 1559 634 in
1590 580 1674 634 liis
1712 581 1885 634 tribus
1915 582 2099 635 termi-

531 671 614 722 nis
663 668 987 737 intelligatur
1013 670 1033 699 ²
1055 669 1372 733 subsistere,
1403 669 1494 736 qui
1530 685 1560 723 a
1589 668 1829 733 Graecis,
1861 680 1918 725 ιιι
1939 686 2101 739 saepe

528 758 765 811 diximus
785 797 800 821 ,
841 760 1006 820 οὐσία,
1039 755 1276 828 δύναμις,
1319 759 1564 833 ἐνέργεια,
1591 759 1931 828 appellantur
1952 800 1967 824 ,
1995 760 2098 815 hoc

527 855 627 907 est,
656 846 905 906 essentia,
932 846 1128 910 virtus,
1158 846 1434 915 operatio?
1458 847 1602 901 Disc.
1643 847 1918 902 llecordor
1944 864 2093 913 sane,

527 936 938 1004 tirmissimeque
980 945 1153 990 teneo.
1204 935 1344 989 MAG.
1398 936 1593 991 Nostra
1640 938 1825 1006 itaque
1876 948 2093 1004 natura,

523 1041 661 1093 quae
691 1028 923 1080 humana
949 1026 1169 1089 dicitur,
1211 1041 1275 1079 eo
1301 1029 1445 1095 quod
1471 1042 1587 1080 eam
1629 1043 1819 1081 omnes
1846 1028 2094 1087 homines

520 1117 885 1185 participant,
938 1117 1170 1172 essentia
1214 1155 1231 1182 ,
1292 1118 1526 1179 virtute,
1596 1116 2016 1188 Operationeque
2072 1120 2094 1151 ³

520 1204 784 1260 subsistit.
818 1207 963 1260 Disc.
988 1204 1267 1260 Neminem
1296 1207 1593 1274 peritorum
1616 1208 1831 1283 divinae
1850 1209 2091 1277 philoso-

520 1298 681 1365 phiae
727 1297 792 1351 de
830 1298 931 1351 hoc
979 1295 1225 1351 dubitare
1264 1297 1616 1351 aestimarim.
1650 1296 1790 1353 MAG.
1825 1298 1965 1373 Quid
1995 1300 2090 1354 tibi

519 1390 774 1444 videtur?
802 1387 938 1443 Num
966 1398 1150 1443 nostra
1191 1397 1401 1452 natura,
1439 1398 1576 1444 teste
1602 1403 1758 1445 sacra
1784 1389 2090 1461 Scriptura,

521 1483 588 1535 ad
614 1482 897 1551 imaginem
923 1490 979 1535 et
1007 1480 1411 1536 similitudinem
1430 1482 1523 1536 Dei
1548 1483 1763 1537 condita
1788 1485 1907 1538 est?
1938 1485 2085 1540 Dtsc.

518 1574 839 1629 Liberaliter
860 1576 1010 1646 agis;
1043 1577 1134 1646 qui
1170 1578 1236 1631 de
1260 1577 1366 1631 hoc
1386 1577 1611 1641 dubitat,
1653 1578 1815 1632 bomo
1839 1594 1945 1633 non
1977 1588 2082 1635 est.

2203 407 2413 469 nienter
2434 416 2647 461 nostrae
2676 417 2900 462 naturae
2935 408 3170 463 Trinitas
3218 417 3328 462 tota
3357 409 3517 462 totius
3552 408 3747 465 divinae

2200 497 2479 551 Trinitatis
2494 498 2728 566 l'imago
2747 509 2848 561 est,
2867 508 2973 552 tota
2986 500 3127 552 enim
3150 498 3344 561 Patris,
3366 508 3474 552 tota
3495 498 3629 565 Filii,
3650 510 3745 555 tota

2200 586 2430 657 Spiritus
2448 589 2620 642 sancti
2651 589 2935 658 imaginem
2955 590 3113 660 gerit;
3142 590 3193 643 in
3214 605 3274 643 ea
3303 599 3478 645 tamen
3500 598 3600 655 est,
3620 594 3746 662 quod

2196 682 2358 736 veluti
2411 681 2734 751 specialibus
2781 682 3010 752 singulis
3060 684 3327 757 personis_
3365 685 3742 739 accommodari

2195 785 2352 838 posse
2373 770 2583 824 videtur
2605 771 2667 833 “,
2696 781 2755 824 ut
2778 772 3030 826 arbitror.
3053 772 3184 825 Nam
3204 781 3257 826 et
3282 774 3334 827 in
3356 789 3412 827 se
3441 774 3554 842 ipsa
3581 785 3743 830 nostra

2196 856 2433 914 Trinitas
2462 869 2570 913 tota
2599 860 2649 913 in
2682 860 2907 929 singulis
2928 861 3040 916 suis
3069 871 3151 915 est
3176 880 3188 914 :
3213 878 3307 915 sua
3339 863 3481 915 enim
3506 865 3740 929 essentia,

2194 958 2249 1003 et
2280 950 2474 1014 virtus,
2498 960 2553 1004 et
2596 951 2839 1019 operatio
2860 960 2981 1017 cst;
3022 967 3117 1005 sna
3156 952 3327 1005 virtus
3354 992 3367 1017 ,
3412 963 3466 1005 et
3507 955 3741 1016 essentia,
3836 1018 3843 1023 .

2193 1047 2249 1092 et
2270 1041 2543 1108 Operatio;
2575 1056 2669 1094 sua
2698 1041 2959 1111 operatio,
2979 1049 3034 1094 et
3061 1042 3286 1095 essentia
3318 1050 3399 1093 est
3420 1042 3465 1071 ¹⁸
3484 1051 3542 1095 et
3564 1043 3737 1094 virtus.

2194 1125 2327 1179 sicut
2362 1134 2417 1180 et
2455 1125 2614 1179 Pater
2649 1126 2701 1180 in
2741 1125 2876 1180 Filio
2926 1135 2976 1182 cl
3023 1128 3075 1179 in
3102 1127 3145 1157 ¹⁶
3192 1127 3392 1195 Spiritu
3432 1138 3656 1191 sancto,
3696 1141 3738 1181 et

2191 1212 2359 1269 Filius
2418 1214 2473 1269 in
2520 1213 2677 1268 Patre
2720 1222 2777 1268 et
2824 1216 2875 1268 in
2924 1213 3124 1283 Spiritu
3184 1225 3391 1279 sancto,
3426 1225 3480 1269 et
3533 1216 3741 1285 Spiritus

2191 1312 2410 1356 sanctus
2437 1302 2490 1356 in
2519 1301 2680 1357 Patre
2708 1310 2763 1357 et
2788 1302 2931 1363 Filio
2954 1302 2995 1333 "
3020 1313 3126 1357 est.

2266 1392 2412 1448 DISC.
2458 1390 2542 1446 Nil
2595 1391 2725 1447 mihi
2782 1392 3110 1462 probabilius
3162 1395 3441 1459 occurrit,
3497 1411 3649 1464 quam
3691 1407 3741 1449 nt

2188 1476 2365 1535 Patris
2408 1480 2730 1550 imaginem,
2771 1480 3046 1547 essentia;
3083 1481 3227 1545 Filii,
3278 1483 3479 1549 virtus,
3534 1484 3738 1553 Spiritus

2189 1573 2380 1638 sancti,
2407 1572 2649 1641 operatio
2677 1581 2895 1626 nostrae
2929 1580 3157 1626 naturae
3181 1571 3224 1604 “
3246 1575 3628 1629 accommodet.
3652 1575 3738 1628 Pa-

514 1663 655 1719 MAG.
687 1665 937 1731 Putasne,
966 1666 1137 1734 ipsum
1162 1666 1354 1732 Deum,
1374 1667 1469 1736 qui
1505 1668 1572 1722 ad
1603 1667 1890 1739 imaginem
1924 1684 2076 1724 suam
2110 1670 2154 1728 Β
2185 1672 2333 1718 tertia
2356 1662 2621 1732 siquidem
2658 1663 2958 1717 substantia
2994 1676 3041 1726 α,
3077 1678 3215 1731 quae
3236 1664 3301 1718 de
3323 1680 3379 1719 se
3401 1666 3735 1719 substantiam

518 1764 760 1808 nostram
782 1755 988 1810 ereavit
1009 1765 1278 1821 naturam,
1316 1771 1510 1826 corpus
1533 1772 1673 1825 esse,
1697 1774 1766 1813 an
1789 1759 2037 1828 spiritum
2062 1760 2086 1813 ?

514 1844 656 1898 Disc.
678 1844 814 1899 Hinc
835 1860 1047 1913 quoque
1061 1846 1332 1901 haesitare
1360 1846 1642 1901 ridiculum
1659 1856 1760 1902 est.
1780 1847 1922 1904 Deus
1940 1850 2083 1904 enim

512 1936 732 2002 spiritus
752 1944 834 1989 est
864 1936 907 2000 ⁸,
933 1946 980 1989 et
1002 1937 1092 2005 qui
1114 1937 1339 1989 adorant
1364 1952 1503 2000 eunt,
1520 1936 1571 1990 in
1585 1936 1775 2005 spiritu
1797 1949 1844 1991 et
1873 1940 2086 1993 veritate

510 2025 731 2077 odorant
754 2024 796 2077 ⁸.
824 2023 962 2079 MAG.
992 2024 1105 2077 Non
1154 2039 1282 2095 ergo
1302 2026 1596 2082 secundum
1623 2040 1836 2094 corpus,
1865 2027 1959 2080 sed
2001 2042 2087 2081 se—

511 2115 743 2169 cundtnn
775 2116 1008 2169 animam
1025 2117 1200 2186 imago
1216 2115 1309 2170 Dei
1332 2124 1550 2171 nostrae
1573 2124 1798 2173 naturae
1823 2116 2081 2185 impressa

513 2215 613 2260 est.
649 2205 793 2261 DISC.
827 2206 941 2262 Hoc
984 2222 1198 2277 quoque
1222 2207 1564 2262 verissimum
1598 2216 1682 2262 est
1726 2205 1906 2261 fateri.
1938 2207 2077 2262 MAG.

508 2297 650 2352 Deus
680 2308 762 2353 est
781 2299 1015 2352 Trinitas
1041 2307 1096 2353 et
1121 2297 1332 2360 Unitas,
1357 2298 1460 2351 hoc
1483 2306 1584 2359 est,
1612 2306 1723 2352 tres
1745 2297 2081 2353 substantiae

506 2387 558 2440 in
592 2405 691 2441 una
721 2389 978 2452 essentia,
1007 2398 1063 2444 et
1091 2403 1196 2442 una
1222 2388 1456 2443 essentia
1484 2388 1538 2440 in
1562 2387 1734 2443 tribus
1756 2388 2076 2442 substantiis

504 2476 587 2528 vel
619 2477 881 2545 personis.
935 2475 1087 2532 Sicut
1113 2478 1257 2532 enim
1307 2477 1500 2532 Graeci
1552 2480 1668 2552 μίαν
1698 2481 1902 2542 οὐσίαν,
1946 2489 2080 2554 τρεῖς

521 2565 836 2631 ὑποστάσεις
862 2567 947 2623 vel
996 2571 1111 2624 τοία
1136 2569 1389 2643 πρόσωπα
1429 2568 1647 2629 dicunt,
1681 2567 1733 2620 id
1780 2577 1863 2621 est
1915 2585 2074 2622 unam

502 2656 816 2722 essentiam,
849 2668 957 2712 tres
997 2656 1328 2712 substantias
1357 2657 1437 2711 vel
1468 2667 1579 2711 tres
1612 2658 1631 2687 “
1655 2673 1914 2726 personas
1941 2678 1954 2711 :
2006 2653 2073 2712 ita

503 2745 729 2801 Βοωαηί
784 2764 944 2802 unam
994 2748 1307 2813 essentiam,
1342 2757 1450 2802 tres
1479 2748 1812 2801 substantias
1841 2748 1926 2802 vel
1955 2765 2076 2817 per-

501 2850 681 2890 sonas.
712 2835 769 2890 ln
793 2836 897 2892 hoc
928 2846 1103 2893 tamen
1131 2838 1379 2892 videntur
1407 2837 1641 2902 diﬂ‘erre,
1673 2840 1814 2909 quod
1841 2838 2075 2894 Graecos

498 2929 615 2994 μίαν
644 2923 952 2992 ὑπόστασιν,
976 2927 1040 2981 id
1064 2936 1170 2992 est,
1195 2944 1354 2983 unam
1384 2930 1737 2985 substantiam
1765 2931 1942 2986 dicere
1966 2947 2069 2986 non

2186 1752 2406 1808 ﬁliaiam
2433 1754 2634 1824 genuit,
2647 1762 2700 1808 et
2721 1756 3096 1825 procedentem
3113 1754 3156 1786 "
3183 1756 3211 1795 δ
3234 1757 3586 1809 substantiam
3608 1773 3665 1810 ex
3689 1772 3736 1811 se

2185 1843 2385 1908 emisit,
2412 1858 2516 1900 non
2540 1844 2809 1898 immerito
2829 1844 3137 1915 principalis
3153 1844 3348 1899 dicitur
3370 1846 3658 1900 substantia
3674 1847 3734 1911 ³⁵,

2185 1951 2292 1991 non
2359 1935 2500 2004 quod
2555 1950 2660 1988 una
2709 1936 2940 1991 essentia
2993 1924 3064 1990 sit
3113 1944 3332 1990 sanctae
3385 1935 3660 1992 Trinitatis
3695 1938 3751 1975 “7

2182 2024 2519 2095 separabilis,
2551 2032 2634 2078 est
2659 2023 2802 2078 enim
2834 2040 2936 2081 una
2962 2032 3123 2092 atque
3155 2024 3447 2089 individua,
3476 2027 3569 2080 sed
3608 2029 3731 2095 quod

2181 2113 2620 2170 substantialibus
2648 2112 2981 2176 dili‘erentiis,
3008 2114 3129 2166 dum
3155 2116 3223 2167 sit
3254 2129 3378 2176 una,
3408 2130 3515 2169 non
3551 2127 3729 2170 careat.

2181 2208 2275 2262 Est
2300 2209 2442 2262 enim
2468 2208 2645 2263 Deitas
2667 2209 2920 2279 genitrix,
2956 2218 3011 2262 et
3035 2209 3212 2279 genita
3243 2207 3421 2264 Deitas
3444 2210 3525 2274 “,
3553 2219 3603 2262 et
3626 2225 3735 2278 prn-

2181 2299 2377 2352 cetlens
2409 2299 2593 2351 Deitas
2619 2314 2635 2363 ;
2664 2308 2718 2352 et
2740 2298 2865 2351 dum
2886 2299 2957 2352 sit
2980 2315 3080 2351 una
3105 2298 3286 2353 Deitas
3314 2298 3609 2359 individua.
3639 2313 3727 2351 non

2180 2393 2357 2439 tamen
2388 2386 2832 2440 substantialibus
2875 2384 3193 2441 dili’crentiis
3235 2387 3546 2441 indiscreta.
3572 2386 3731 2440 Virtus

2178 2491 2393 2547 quoque
2418 2493 2518 2529 non
2543 2476 2837 2542 incongrue
2862 2474 2967 2530 Deo
2995 2475 3125 2529 Filio
3147 2475 3474 2546 adjungitur,
3502 2477 3727 2544 quoniam

2179 2583 2338 2637 etiope
2403 2568 2570 2621 virtus
2626 2567 2801 2621 Patris
2855 2582 2883 2621 a
2933 2567 3199 2637 theologia
3257 2569 3582 2620 nominatur.
3636 2562 3727 2620 Sed

2175 2670 2231 2710 nt
2272 2673 2432 2709 unum
2475 2672 2504 2710 a
2548 2656 2789 2726 pluribus
2836 2656 3155 2711 testimoniis
3199 2657 3568 2725 accipiamus,
3616 2657 3723 2707 audi

2172 2746 2485 2815 Apostolunt
2510 2758 2529 2796 :
2558 2744 2848 2799 Iiwisibilia
2877 2746 3014 2801 enim
3043 2746 3156 2815 ejus
3192 2762 3284 2814 per
3305 2763 3364 2798 ea
3387 2786 3402 2810 ,
3439 2763 3576 2815 quae
3608 2748 3729 2809 facta

2171 2845 2312 2899 sunt,
2340 2834 2597 2889 intellecta
2618 2836 3028 2904 conspiciuntur,
3057 2836 3367 2904 sempiterna
3393 2852 3598 2907 quoque
3628 2836 3731 2904 ejus

2173 2927 2334 2981 virtus
2395 2935 2454 2978 ει·
2499 2926 2806 2979 aeternitas.-
2850 2925 2907 2978 In
2956 2926 3057 2979 hoc
3113 2927 3257 2979 enim
3315 2925 3432 2980 loco
3482 2928 3719 2979 virtutem

503 3016 823 3085 reperimus,
848 3016 1023 3072 Latini
1060 3032 1186 3072 vero
1211 3035 1370 3072 unam
1403 3021 1916 3085 substantiam,.tres
1950 3036 2074 3090 per-
2101 3020 2144 3081 C
2176 3016 2351 3070 Patris
2420 3016 2737 3086 sapientiam
2803 3015 3013 3080 Patris,
3059 3013 3254 3069 Filium
3296 3015 3448 3080 dico,
3499 3016 3730 3085 intelligi-

501 3123 663 3162 sonas
698 3107 1132 3177 frequentissime
1178 3110 1354 3164 solent
1394 3111 1591 3166 dicere.
1616 3112 1809 3167 Graeci
1834 3113 2020 3167 dicunt
2043 3114 2062 3145 ⁷

496 3197 758 3267 ὅμοούσιον
785 3196 836 3258 ⁸,
887 3197 1164 3268 ὁμοὰγαθον
1190 3198 1210 3228 ⁹
1242 3196 1444 3271 ὁμόθεον
1472 3201 1534 3264 ¹⁰,
1581 3201 1684 3255 hoc
1736 3212 1851 3267 est,
1910 3205 2068 3258 unius

494 3287 780 3352 essentiae,
807 3289 963 3342 unius
1007 3289 1296 3354 bonitatis,
1345 3291 1502 3346 unius
1546 3291 1772 3346 Deitatis
1799 3310 1811 3344 :
1838 3293 1920 3347 vel
1964 3310 2065 3348 una

493 3375 748 3441 essentia,
763 3391 864 3430 una
880 3376 1109 3441 bonitas,
1125 3396 1229 3433 una
1247 3379 1445 3434 Deitas.
1464 3380 1606 3435 llaec
1625 3390 1800 3436 autem
1826 3383 2062 3449 nomina,

492 3482 630 3534 quae
650 3469 787 3536 apud
811 3466 1046 3524 Graecos
1069 3470 1580 3539 inseparabilitatem
1607 3473 1821 3529 divinae
1842 3485 2066 3532 naturae

493 3556 784 3621 insinuant,
814 3558 867 3610 in
893 3573 1171 3612 romanum
1196 3562 1237 3591 “
1268 3576 1572 3615 sermonem
1616 3578 1719 3615 non
1763 3563 1922 3619 facile
1948 3580 2066 3620 ver-

492 3655 695 3712 tuntur,
720 3656 773 3702 et
795 3648 938 3703 nullo
962 3652 1117 3705 modo
1138 3652 1203 3705 ad
1228 3667 1441 3721 purum,
1467 3662 1526 3706 ut
1546 3652 1809 3718 arbitror;
1838 3655 2065 3725 ideoque

492 3736 637 3793 solus
658 3753 842 3795 eorum
858 3740 1162 3797 intellectus
1181 3743 1446 3812 separatis
1464 3744 1641 3799 verbis
1660 3760 1753 3815 per
1762 3750 2063 3822 περίφρασιν

492 3830 834 3896 transfertur,
860 3842 917 3886 ut
939 3847 1122 3889 eorum
1155 3835 1490 3891 solummodo
1518 3836 1688 3891 virtus
1710 3838 2060 3907 intelligatur,

488 3939 715 3990 quorum
745 3925 1120 3994 interpretatio
1147 3928 1213 3982 de
1235 3930 1400 3983 verbo
1422 3930 1487 3983 ad
1513 3930 1731 3982 verbum
1757 3946 1859 3984 non
1884 3931 2064 4000 expri-

487 4014 671 4067 mitur.
723 4016 863 4071 Dtsc.
911 4017 1021 4073 lloc
1057 4027 1226 4073 totmn
1269 4021 1401 4074 fides
1438 4020 1697 4074 catholica
1747 4021 2062 4077 universalis

492 4106 766 4163 Ecclesiae
798 4109 1017 4176 fatetur,
1042 4120 1116 4177 et,
1142 4121 1403 4180 quantum
1435 4113 1616 4177 datur,
1644 4111 1912 4182 intelligit,
1960 4115 2056 4168 sed

483 4218 744 4271 quorsum
775 4204 999 4258 tendunt
1020 4205 1186 4259 istaec
1213 4205 1255 4236 ¹²
1277 4204 1300 4257 ?
1324 4202 1464 4257 MAG.
1501 4203 1615 4257 Non
1644 4202 1919 4267 aliorsum,
1955 4205 2056 4260 nisi

484 4304 547 4346 ut
571 4310 890 4362 quaeramus
913 4311 1009 4364 pro
1038 4297 1262 4360 viribus,
1286 4296 1554 4366 quomodo
1579 4294 1816 4349 Trinitas
1841 4305 2059 4350 nostrae

2172 3124 2319 3170 lllllS,
2365 3109 2735 3162 aeternitatem
2781 3122 2906 3162 vero
2946 3105 3205 3177 Spiritum
3254 3116 3502 3161 sanctum
3534 3148 3549 3172 ,
3604 3116 3727 3160 teste

2170 3198 2422 3263 Maximo,
2477 3200 2765 3255 venerabili
2813 3200 3090 3269 magistro.
3140 3196 3273 3251 Nam
3320 3198 3465 3268 quod
3513 3197 3728 3266 Spiritus

2170 3300 2389 3345 sanctus
2414 3291 2628 3345 virtutis
2656 3291 2867 3345 nomine
2899 3290 2951 3343 in
2982 3288 3277 3356 Scripturis
3300 3289 3438 3344 solet
3466 3288 3725 3359 appellari.

2171 3388 2401 3435 testatur
2451 3381 2826 3451 Evangelium,
2882 3379 3108 3435 Domino
3159 3379 3404 3445 dicente,
3464 3382 3726 3435 mulierem

2167 3470 2678 3547 atpoﬁfiooﬁoamioc
2729 3478 2832 3533 est,
2892 3469 3092 3522 ﬂuxum
3139 3468 3411 3538 sanguinis
3453 3472 3724 3540 patientem

2168 3557 2455 3613 sanans":
2485 3557 2635 3610 Sensi
2662 3575 2693 3609 α
2724 3574 2804 3612 me
2832 3560 2998 3612 exisse
3020 3559 3284 3621 virtutem,
3315 3557 3415 3612 hoc
3441 3568 3547 3625 est,
3574 3560 3725 3630 Spiri-

2168 3660 2276 3704 tum
2305 3658 2567 3713 sanctum,
2586 3649 2675 3717 qui
2699 3649 2888 3703 dividit
2913 3651 3049 3705 dona
3078 3653 3383 3705 sanitatum.
3401 3651 3545 3718 Quid
3566 3654 3722 3704 dicam

2166 3742 2232 3796 de
2276 3741 2589 3811 Operatione
2631 3726 2904 3795 essentia-li
2967 3752 3180 3796 nostrae
3238 3744 3503 3796 naturae?
3555 3741 3724 3796 Nonne

2166 3832 2443 3901 aptissime
2468 3841 2656 3886 sancto
2687 3832 3246 3902 Spiritui‘copulatur,
3271 3832 3355 3887 cui
3400 3833 3568 3888 veluti
3614 3848 3724 3902 pro-

2163 3921 2278 3989 prie
2310 3922 2551 3990 operatio
2599 3921 2851 3974 virtntum
2893 3911 3300 3991 divinarumque
3344 3922 3721 3983 donationum,

2162 4019 2216 4065 et
2245 4010 2623 4064 universaliter
2647 4021 2701 4064 et
2729 4011 2945 4080 proprie
2974 4013 3263 4082 unicuique
3306 4013 3505 4068 divisio
3549 4015 3722 4067 tribui-

2166 4101 2286 4154 tur?
2340 4102 2396 4155 In
2441 4110 2667 4156 naturae
2713 4102 2876 4170 igitur
2923 4111 3139 4156 nostrae
3186 4104 3420 4157 essentia
3480 4114 3723 4174 paternae

2162 4194 2512 4258 substantiae,
2541 4193 2594 4246 in
2619 4193 2818 4247 virtute
2847 4207 2975 4247 vero
3005 4194 3334 4248 substantiae
3362 4195 3481 4259 lilii,
3512 4196 3563 4249 in
3607 4211 3723 4263 ope-

2162 4284 2367 4338 ratione
2396 4282 2728 4338 substantiae
2751 4282 2982 4351 Spiritns
3005 4284 3174 4353 sancti
3203 4286 3511 4353 proprietas
3550 4286 3725 4355 digno-

485 4394 711 4437 naturac
761 4384 1038 4440 Trinitatis
1081 4386 1360 4441 creatricis
1407 4385 1694 4455 imaginem
1722 4393 1776 4439 et
1804 4385 2053 4440 similitu-

2180 4376 2343 4430 .citnr.
2367 4373 2504 4429 MAG.
2532 4373 2953 4443 Responsionem
2990 4384 3132 4429 tuam
3163 4391 3191 4429 a
3224 4377 3451 4433 veritate
3499 4393 3605 4431 nou
3651 4378 3719 4429 di-

486 4473 662 4526 tlinem
690 4475 742 4526 in
771 4475 941 4542 seipsa
968 4476 1267 4545 exprimat,
1299 4476 1399 4529 huc
1424 4484 1526 4539 est,
1551 4474 1678 4543 quid
1699 4474 1751 4527 in
1774 4488 1836 4529 ea
1859 4490 2059 4530 conve-

487 4563 718 4618 nientius
743 4565 1054 4635 Patri,qnid
1075 4566 1373 4636 Filio,quid
1399 4565 1621 4635 Spiritui
1649 4575 1837 4622 sancto
1862 4564 2052 4634 adjun-

2158 4480 2407 4533 screpare
2434 4465 2686 4519 arbitror.
2722 4464 2828 4519 Sed
2879 4466 3025 4531 vide,
3074 4466 3202 4536 quid
3260 4467 3354 4521 tibi
3408 4470 3621 4523 videtur
3665 4470 3723 4521 de

2160 4554 2517 4609 famosissima
2562 4563 2777 4610 nostrae
2818 4563 3041 4611 naturae
3093 4557 3352 4622 trinitate,
3384 4573 3532 4628 quae
3577 4561 3722 4614 intel-

1735 4691 2015 4755 .VARIAE
2053 4688 2449 4745 LECTIONES.

605 4782 696 4838 Sic
748 4783 913 4849 CliE;
945 4785 989 4839 Α
1028 4803 1224 4851 nonne;

480 4854 717 4920 spiritus.
788 4854 809 4885 '
838 4855 879 4909 C
902 4856 1143 4908 adorare.
1218 4856 1239 4886 ⁶
1271 4855 1361 4910 Sic
1384 4854 1517 4909 (ΖΒΕ
1543 4869 1557 4915 ;
1589 4864 1692 4905 tres
1723 4868 1832 4906 om.
1868 4851 1933 4905 A.

485 4919 705 4997 ’SCOt'l‘“
799 4924 1065 4997 ὁμάγαθον.
1146 4925 1186 4956 ¹⁰
1204 4923 1293 4979 Sic
1314 4924 1434 4997 CE;
1460 4922 1659 4997 odetov
1672 4919 1908 4997 orn._AP_-

486 4992 713 5063 condunt
742 4992 872 5047 istuc
887 4992 918 5059 ;’
948 4997 991 5047 Α
1022 5010 1277 5063 quorsum
1313 4994 1535 5063 tendunt
1562 4993 1683 5044 ista.

487 5061 533 5093 ”
558 5061 648 5115 Sic
686 5062 809 5128 CE;
840 5074 912 5116 est
943 5060 1054 5117 om.
1084 5065 1128 5115 A
1154 5080 1172 5127 ;
1205 5064 1246 5117 D
1272 5074 1316 5115 et
1342 5061 1561 5114 essentia
1591 5071 1636 5113 et
1658 5060 1820 5112 virtus
1848 5068 1946 5111 est.

480 5130 652 5191 CDE:
686 5132 727 5184 A
758 5143 978 5185 naturae
1025 5142 1249 5186 nostrae.
1326 5131 1370 5163 ¹⁹
1416 5130 1512 5185 Sic
1564 5129 1735 5193 CDl‘I;
1792 5129 1831 5180 Λ

483 5202 523 5233 ⁸⁸
555 5200 645 5257 Sic
666 5201 781 5264 CE;
812 5203 851 5255 Α
884 5215 1065 5255 sacrae
1094 5201 1364 5255 Trinitatis
1392 5203 1483 5254 sit.

1299 4786 1320 4816 ‘
1351 4784 1443 4840 Sic
1487 4784 1659 4848 CDE;
1714 4784 1757 4836 A
1798 4780 2129 4851 intelligitur.
2205 4779 2228 4812 ³
2256 4778 2348 4834 Sic
2388 4778 2550 4845 CDE;
2583 4780 2627 4834 Α
2669 4791 2717 4835 et
2762 4781 3076 4849 operatione.

1299 4856 1359 4881 !:..
1384 4854 1514 4881 nnc
1543 4869 1555 4881 .
1592 4864 1691 4881 ...ιη
1724 4868 1810 4881 η...
1874 4851 1901 4881 Α
2012 4850 2031 4881 ’1
2068 4848 2156 4881 αξη
2178 4847 2307 4881 rm:
2332 4864 2345 4876 ο
2383 4849 2410 4881 Δ
2444 4849 2633 4881 Πιθηηηῖ
2680 4866 2800 4881 ..Λίδη
2841 4850 3020 4881 ,Ιῖηιηιο

2012 4850 2031 4881 ⁷
2068 4848 2158 4903 Sic
2178 4847 2346 4913 CDE;
2375 4849 2416 4901 A
2444 4849 2636 4904 Graeci
2680 4847 2800 4903 vero
2840 4850 3045 4903 dicunt.

1987 4920 2025 4949 ¹¹
2045 4918 2136 4972 Sic
2155 4917 2287 4972 CDE
2304 4935 2318 4981 ;
2336 4919 2377 4970 Α
2396 4917 2771 4972 Romanorum.
2851 4919 2893 4958 ¹²
2914 4920 3045 4973 Corr

1763 4990 1807 5021 “
1838 4990 1929 5042 Sic
1955 4987 2086 5042 (ΖΒΕ
2111 5004 2125 5051 ;

2025 5057 2067 5088 “
2085 5055 2187 5138 .Sic_
2212 5055 2383 5138 CDE“;
2411 5057 2474 5138 riu
2494 5057 2698 5138 om.“A.

1564 5142 1695 5183 ιλυιι
1721 5146 1735 5193 ;
1792 5142 1831 5180 Α
1872 5142 2233 5196 processioms.
2333 5142 2371 5158 ι*

1560 5200 1605 5231 ’³
1637 5200 1726 5253 Sic
1747 5197 1833 5252 ΟΕ
1858 5213 1872 5262 ;
1904 5199 1944 5250 A
1975 5195 2153 5249 Deitas
2180 5196 2371 5266 genita.

3154 4780 3295 4837 ‘Sic
3329 4781 3510 4847 CDE;
3565 4784 3607 4837 Α
3652 4795 3720 4838 est

3123 4850 3365 4924 f_Corr.,
3388 4854 3451 4924 Ag
3468 4852 3719 4924 ὁμοῦσιον.

2851 4919 3090 4990 “Cum.
3229 4924 3391 4984 istac;
3413 4918 3720 4990 Cduorsom

2167 4986 2533 5060 Al‘g'nit‘atis
2573 4989 2811 5060 divinae.
2852 4988 2924 5060 λδ
2948 4988 3039 5060 Sic
3066 4989 3198 5060 GDE
3221 5007 3236 5054 ;
3264 4991 3311 5043 Α
3332 4986 3545 5045 videtur
3561 5009 3717 5060 posse.

2774 5058 2813 5089 ³⁷
2844 5057 2937 5113 Sic
2977 5057 3139 5121 CDE;
3171 5058 3215 5111 Α
3264 5060 3319 5112 in
3353 5060 3491 5114 lilio.
3562 5057 3619 5095 ’³⁸
3641 5062 3724 5115 Sic

2332 5126 2379 5158 ¹⁰
2410 5125 2500 5179 Sic
2549 5126 2678 5191 AE;
2724 5130 2771 5180 A
2825 5129 3015 5182 dicitur
3054 5128 3359 5197 principalis
3403 5132 3723 5185 substantia.

2332 5213 2371 5251 π.
2448 5196 2494 5227 ³³
2534 5196 2623 5250 Sic
2651 5196 2807 5251 ΑΘΕ.

2577 5213 2623 5250 lC
2651 5213 2807 5251 Abl‘u

1967 5322 2214 5379 NOTAE.

615 5420 849 5476 Verbis:
891 5418 1119 5472 Paterna
1162 5417 1413 5487 siquidem
1454 5416 1747 5469 substantia
1806 5431 1937 5487 quae
1982 5415 2046 5465 tle

481 5493 557 5561 [sc
582 5490 716 5561 om.]
764 5489 1107 5561 substantiam
1143 5484 1365 5561 ﬁliumin
1405 5487 1574 5555 genuit
1607 5497 1650 5537 et
1689 5484 2042 5552 procedentem

480 5557 821 5614 inustum—mm
851 5559 1034 5613 linitur
1060 5563 1179 5613 cod.
1220 5557 1281 5611 ι).

2224 5414 2250 5452 ι)
2287 5415 2366 5468 Ad
2407 5417 2627 5486 verbum
2666 5418 3019 5486 procedentem
3048 5414 3283 5470 Thomas
3309 5415 3447 5471 Galc
3479 5416 3718 5472 animad-

2152 5486 2312 5537 vertit
2344 5486 2514 5541 baec:
2546 5484 2844 5554 liic’deﬁrit
2872 5487 3051 5551 codex,
3107 5488 3194 5555 qui
3224 5487 3347 5541 olim
3381 5488 3496 5555 fuit
3536 5487 3724 5541 Timui.
