3912 6154
205 259 294 313 569

990 256 1075 310 DE
1115 254 1451 312 DtV’lSlONE
1489 237 1834 311 NA‘TtJnAE.
1876 288 1942 295 —
1972 242 2179 311 uiam
2222 257 2602 314 sscuxous.

3312 268 3416 323 57"}

182 375 344 435 lectu,
369 379 422 423 et
445 367 668 432 ratione,
692 375 747 420 et
772 382 932 421 sensu
959 367 1299 437 intelligitur:
1336 385 1461 422 num
1495 370 1740 425 dissonat
1771 373 1814 430 Α
1844 366 2006 419 veluti
2036 368 2289 421 ostiarius
2326 370 2347 398 ’
2380 371 2595 440 quidam
2653 372 3127 442 internunciusque
3175 390 3255 436 ea,
3287 394 3427 446 quae

198 465 255 517 ab
275 477 353 525 ea,
380 476 535 530 quam
565 459 951 528 praediximus,
982 460 1183 520 anima,
1212 475 1278 513 an
1316 475 1420 513 una
1451 461 1747 531 eademque

195 562 241 606 et
265 554 388 605 haec
434 560 488 604 et
517 550 532 581 ¹
561 550 695 619 ipsa,
725 557 778 603 et
801 564 908 603 non
940 550 1077 603 duae
1108 552 1371 618 quaedam
1411 551 1570 607 unius
1604 550 1748 620 ejus-

196 641 400 707 demque
429 648 642 693 nostrae
662 638 927 692 naturae?
970 637 1202 693 Sensum
1240 649 1420 695 autem
1471 643 1591 697 dico
1638 660 1744 699 non

194 732 493 785 exteriorem
521 731 611 783 sed
643 729 973 784 interiorem.
1004 728 1137 782 Nam
1169 731 1394 785 interior
1419 733 1748 786 coessentia-

195 822 250 875 lis
280 830 357 874 est
385 820 576 873 rationi
606 827 769 888 atque
799 818 1111 883 intellectui,
1132 820 1371 873 exterior
1393 835 1747 888 vero,quam-

194 911 259 964 vis
293 908 406 979 plus
455 909 523 962 ad
575 910 808 963 animam
861 910 1161 979 pertinere,
1212 925 1376 982 quam
1431 911 1497 965 ad
1550 928 1747 982 corpus

180 999 433 1063 videatur,
463 1013 568 1053 non
620 1008 798 1053 tamen
845 1000 1138 1054 essentiam
1193 1003 1408 1056 animae
1447 1004 1743 1066 constituit,

191 1092 288 1147 sed.
315 1100 371 1144 ut
407 1091 558 1144 aiunt
582 1087 1120 1159 Graeci,conjunctio
1141 1094 1404 1161 quaedam
1432 1102 1515 1146 est
1534 1094 1745 1146 animae

192 1192 236 1235 et
261 1180 491 1249 corporis
527 1197 542 1233 :
581 1180 757 1233 soluto
778 1181 919 1235 enim
943 1195 1169 1249 corpore
1207 1191 1262 1236 et
1300 1182 1585 1236 recedente
1634 1183 1744 1235 vita

191 1272 382 1341 penitus
408 1271 752 1324 interimitur.
778 1268 912 1323 Nam
938 1272 982 1324 si
1018 1271 1069 1324 in
1099 1271 1275 1324 anima
1308 1278 1571 1335 maneret,
1597 1280 1653 1324 et
1678 1270 1743 1324 ad

190 1363 522 1416 substantiam
554 1360 670 1428 ejus
699 1361 1096 1430 pertineret,eo
1128 1361 1369 1430 profecto
1399 1362 1560 1415 etiam
1589 1370 1741 1416 extra

190 1468 360 1522 corpus
389 1461 652 1506 uteretur.
686 1453 754 1505 At
780 1467 930 1516 vero,
958 1453 1082 1521 quia
1120 1452 1237 1506 sine
1263 1467 1490 1521 corpore
1534 1467 1600 1505 eo
1645 1467 1745 1505 nee

188 1545 356 1607 utitur,
381 1560 479 1598 nec
526 1544 603 1596 uti
647 1550 843 1611 potest,
891 1543 1232 1612 relinquitur,
1274 1558 1373 1597 nec
1418 1543 1468 1595 in
1517 1556 1743 1612 corpore

189 1636 340 1688 saluto
378 1649 620 1698 manere,
649 1649 748 1689 nec
776 1636 989 1689 animae
1026 1634 1263 1705 regimen
1306 1634 1556 1703 corporis
1582 1634 1742 1688 dese-

1844 457 2190 511 extrinsecus
2229 459 2550 524 introducit,
2582 461 2908 529 praesidenti
2944 462 3185 517 interiori
3244 470 3428 521 sensui

1849 548 2139 601 annuuciet
2169 549 2229 601 ³⁵.
2256 549 2397 603 Βιεο.
2424 548 2607 619 Neque
2636 566 2724 604 me
2750 563 2945 616 movet,
2976 568 3229 607 sensuum
3262 557 3435 611 nomi-

1848 638 2005 691 nibus
2017 652 2203 692 eorum
2223 639 2263 669 ¹²
2288 640 2643 693 instrumenta
2668 640 2958 709 signiﬁcari
2979 657 2992 705 ;
3013 657 3185 710 neque
3202 645 3431 699 duorunt

1846 738 2101 781 sensuum
2133 730 2175 759 “
2199 728 2523 793 dill‘erentia,
2546 746 2707 799 quam
2752 733 2818 785 ad
2865 748 3057 802 purum
3103 737 3429 801 discrevisti,

1850 835 1935 874 me
1963 820 2116 885 latet,
2149 831 2207 875 ut
2231 822 2441 890 opinor.
2475 822 2540 875 Et
2573 824 2700 891 quid
2746 825 2812 878 de
2865 827 3139 894 praedicta
3191 829 3430 883 trinitate

1847 920 2074 966 naturae
2103 922 2319 966 nostrae
2339 912 2537 978 sentio,
2566 928 2662 981 pro
2694 914 2943 984 ingenioli
2978 916 3079 970 mei
3111 927 3267 986 captu
3292 919 3433 971 edis-

1846 1016 2048 1055 seram.
2084 1002 2229 1056 Duae
2252 1003 2523 1058 trinitates
2550 1002 2800 1057 videntur
2826 1018 2965 1069 esse,
2997 1007 3194 1074 quibus
3240 1018 3425 1060 nostra
3474 1000 3479 1007 ’

1846 1104 2058 1159 natura,
2087 1104 2344 1163 quantum
2369 1095 2432 1148 ad
2464 1096 2754 1166 imaginem
2783 1095 2876 1150 Dei
2921 1095 3062 1151 facta
3091 1108 3192 1161 est,
3228 1099 3427 1167 proba-

1849 1194 1937 1238 tur
1966 1185 2280 1240 subsistere.
2310 1183 2415 1239 Sed
2444 1185 2687 1239 consulta
2733 1170 2960 1239 veritate
3020 1202 3126 1239 non
3175 1204 3233 1241 re
3289 1190 3424 1257 ipsa,

1839 1275 1941 1328 sed
1968 1276 2098 1329 solis
2132 1275 2441 1329 nominibus
2481 1290 2510 1326 a
2551 1288 2609 1328 se
2649 1274 2875 1329 invicem
2925 1275 3236 1344 discrepare
3282 1292 3433 1361 repe-

1849 1368 2081 1421 riuntur.
2113 1367 2246 1421 Nam
2293 1376 2408 1427 νοῦς
2452 1377 2507 1421 et
2530 1370 2706 1431 οὐσία,
2745 1368 2848 1421 hoc
2892 1376 2994 1431 est,
3038 1367 3337 1421 intellectus
3381 1378 3438 1421 et

1835 1458 2080 1513 essentia
2096 1458 2520 1513 excelsissimam
2550 1466 2768 1512 nostrae
2790 1468 3010 1511 naturae
3034 1454 3241 1525 partem
3267 1458 3435 1528 sigui-
3483 1525 3487 1529 ν

1845 1549 2031 1613 licunt,
2065 1549 2230 1603 immo
2251 1548 2675 1603 excelsissimum
2710 1558 2935 1602 motum.
2966 1547 3264 1616 Siquidem,
3292 1560 3346 1601 ut
3372 1558 3426 1601 tu

1847 1640 1961 1709 ipse
2009 1639 2278 1709 intelligis,
2317 1630 2422 1692 non
2468 1638 2614 1691 aliud
2643 1649 2727 1692 est
2756 1645 2972 1691 nostrae
3016 1646 3241 1690 naturae
3281 1652 3427 1698 esse,

191 1726 307 1778 renti
332 1727 645 1779 adhaerere.
685 1723 817 1778 Nam
846 1734 902 1778 et
925 1725 1039 1794 ipsa
1066 1724 1328 1788 deﬁnitio,
1369 1739 1474 1793 qua
1523 1730 1744 1778 sanctus
1777 1715 1819 1774 Β
1847 1739 1902 1782 et.
1927 1727 2069 1782 aliud
2097 1727 2337 1791 moveri;
2381 1729 2617 1781 essentia
2644 1727 2787 1780 enim
2815 1724 2932 1793 ejus
2969 1735 3053 1779 est
3080 1734 3256 1778 motus
3285 1725 3431 1780 circa

190 1816 491 1886 Augustinus
512 1816 838 1871 exteriorem
868 1830 1086 1869 sensum
1116 1815 1285 1869 voluit
1328 1814 1578 1878 delinire,
1604 1815 1744 1868 intra

190 1907 544 1960 substantiales
589 1907 799 1959 animae
826 1914 1007 1975 partes
1051 1920 1156 1959 non
1204 1904 1416 1959 videtur
1446 1919 1747 1958 connume-

194 1998 307 2048 iari:
324 1995 515 2050 Sensus
534 2006 634 2060 est,
651 1996 844 2065 inquit,
867 1996 1042 2065 passio
1064 1994 1318 2064 corporis,
1341 2010 1433 2063 per
1459 2010 1513 2046 se
1534 1994 1697 2062 ipsam
1718 1994 1743 2024 ¹

195 2102 279 2137 non
296 2085 454 2139 latens
474 2086 730 2139 animum.
757 2085 888 2139 Item
914 2085 1039 2149 alia,
1067 2099 1207 2153 quae
1235 2084 1365 2138 dicit
1396 2101 1408 2136 :
1442 2081 1635 2137 Sensus
1669 2090 1745 2136 est

192 2177 480 2229 sensibilium
519 2193 692 2229 rerum
713 2176 994 2245 phantasia
1021 2192 1113 2246 per
1141 2175 1486 2229 instrumenta
1512 2175 1746 2243 corporis

194 2275 449 2334 assumpta.
468 2265 733 2320 Similiter
754 2277 980 2319 naturae
1020 2265 1232 2319 animae
1257 2280 1360 2319 non
1388 2263 1602 2320 videtur
1621 2278 1744 2317 eum

193 2356 484 2425 ronjungerc
528 2350 571 2419 ',
605 2358 698 2411 sed
737 2356 883 2412 velut
940 2357 1339 2411 interuuncimn
1391 2357 1637 2426 corporis
1692 2364 1747 2409 et

194 2446 380 2501 animae
407 2448 765 2512 constituere,
786 2448 908 2501 etsi
939 2448 1061 2517 quis
1092 2447 1348 2502 intentius
1392 2463 1617 2517 graecae
1646 2448 1747 2501 litt-

192 2552 307 2603 gaae
342 2538 724 2608 proprietatem
757 2541 1120 2609 perspexerit,
1143 2539 1371 2594 duorum
1405 2556 1658 2595 sensuum
1690 2541 1742 2594 in

190 2628 385 2682 rhomiue
410 2629 793 2698 proprietatem
822 2630 1075 2698 reperiet.
1104 2629 1160 2682 In
1186 2647 1247 2684 ea
1271 2632 1415 2686 enim
1443 2639 1559 2692 νοῦς
1590 2631 1745 2685 intel-

194 2714 341 2769 lectus
368 2717 950 2791 diciturJéyogratio,
1004 2717 1197 2775 διάνοια
1244 2735 1456 2784 sensus,
1507 2737 1609 2774 non
1658 2721 1745 2775 ille

196 2808 427 2874 exterior,
452 2809 549 2862 sed
585 2808 838 2874 interior;
890 2819 944 2864 et
991 2811 1042 2863 in
1099 2810 1183 2864 his
1224 2811 1397 2866 tribus
1441 2813 1744 2867 cssentialis

193 2896 379 2951 trinitas
401 2899 621 2952 animae
648 2899 715 2952 ad
749 2899 1037 2969 imaginem
1064 2900 1158 2954 Dei
1201 2900 1526 2955 constitutae
1562 2901 1741 2955 subsi—

191 2998 284 3039 Sili.
312 2990 395 3043 Est
418 2992 568 3045 enim
618 2990 939 3054 intellectus,
973 3001 1028 3046 et
1073 2993 1229 3056 ratio,
1272 3002 1348 3067 et.
1387 3008 1593 3055 sensus,
1650 2993 1741 3063 qui

192 3079 362 3132 dicitur
391 3082 622 3135 interior
645 3091 701 3136 et
741 3082 1075 3149 essentia'lis;
1125 3064 1362 3137 exterior
1408 3099 1556 3149 vero,
1582 3102 1739 3155 quem
1772 3064 1816 3123 ί)

191 3174 409 3242 Corporis
443 3183 497 3227 et
523 3176 741 3231 animae
770 3177 1015 3246 copulam
1042 3178 1299 3242 diximus,
1322 3178 1560 3237 αἴσθησις
1587 3191 1748 3230 voca-

196 3276 294 3327 tur;
321 3269 675 3323 instrumenta
708 3280 908 3334 autem,
934 3272 985 3325 in
1009 3272 1203 3340 quibus
1229 3273 1483 3343 possidet,
1509 3272 1747 3331 αἰσθητή-

191 3378 280 3431 μα,
327 3363 471 3423 quasi
496 3363 788 3424 αἰσθήσεως
816 3367 993 3434 τήρια,
1025 3365 1126 3418 hoc
1176 3374 1283 3427 est,
1335 3377 1525 3417 sensus
1567 3370 1740 3415 custo-

196 3448 295 3499 diae
320 3449 356 3500 ⁸.
390 3450 441 3504 In
473 3452 557 3506 eis
590 3453 733 3505 enim
773 3468 962 3507 sensus
1014 3453 1317 3509 custoditur
1359 3461 1415 3506 et
1460 3462 1743 3521 operatur;

196 3547 240 3589 et
266 3553 377 3592 sunt
404 3557 635 3595 numero
686 3542 943 3611 quinque,
973 3542 1137 3607 visus,
1168 3544 1381 3597 auditus
1410 3543 1451 3607 ⁵,
1495 3542 1744 3607 oll'actns,

192 3636 372 3691 gustus,
397 3637 598 3684 tactus.
628 3628 813 3684 Necte
838 3645 1052 3685 movere
1081 3631 1255 3693 debet,
1271 3632 1411 3699 quod
1438 3632 1748 3687 nominibus

196 3716 594 3789 quinquepertiti
621 3736 811 3775 sensus
851 3722 1343 3791 quinquepertitum
1389 3721 1505 3791 ejus
1545 3722 1750 3778 instru-

192 3810 781 3880 mentmnappellarim;
833 3827 958 3866 nam
987 3810 1457 3880 frequentissimus
1501 3819 1557 3867 et
1604 3826 1751 3866 com-

197 3898 350 3956 amnis
372 3899 659 3956 locutionis
681 3910 736 3955 et
765 3915 952 3955 sacrae
978 3900 1292 3971 Scripturae
1321 3916 1449 3955 usus
1470 3908 1570 3961 est,
1596 3900 1751 3954 sedes

194 4000 421 4045 Sensuum
487 3994 730 4063 ipsorum
781 4010 1035 4049 sensuum
1093 3996 1403 4050 nominibus
1456 3995 1747 4065 appellare.

195 4076 331 4134 Visus
356 4083 494 4137 enim
524 4093 750 4138 vocatur
772 4085 981 4149 oculus,
1004 4094 1058 4139 et
1099 4086 1247 4140 auris
1287 4087 1522 4149 auditus,
1548 4087 1747 4140 ceteri-

195 4181 285 4232 que
311 4170 556 4227 similiter
587 4189 781 4228 sensus
825 4176 938 4229 suis
977 4175 1349 4230 instrumentis
1400 4177 1752 4244 signiﬁcatio-

195 4271 296 4309 nem
318 4270 613 4326 praestant.
644 4262 755 4317 Non
780 4273 957 4319 autem
984 4274 1265 4334 propterea
1281 4266 1751 4336 quinquepertitus

192 4360 359 4404 sensus
414 4353 639 4416 dicitur,
693 4356 834 4423 quod
891 4356 944 4409 in
997 4356 1173 4425 seipse
1223 4357 1471 4425 quinario
1526 4371 1751 4409 numero

192 4437 467 4505 dividatur;
490 4452 578 4498 est
601 4444 745 4498 enim
775 4444 997 4513 simplex
1029 4456 1080 4500 et
1113 4446 1485 4511 uuiformis,et
1507 4446 1561 4499 in
1591 4446 1753 4501 corde

192 4524 331 4579 veluti
357 4530 645 4601 principali
698 4533 866 4587 sede‘
903 4536 1142 4604 possidet
1186 4554 1198 4588 :
1248 4538 1341 4590 sed
1389 4536 1531 4606 quod
1577 4536 1596 4568 ⁷
1658 4551 1753 4605 per

193 4618 663 4690 quinquepertitutn
694 4625 937 4693 corporis
969 4626 1403 4687 instrumentum,
1443 4624 1605 4678 veluti
1656 4640 1753 4693 per

193 4709 423 4771 quasdam
452 4711 735 4779 cujusdam
766 4714 1001 4768 civitatis
1033 4715 1270 4783 quinque
1296 4722 1498 4782 portas,
1527 4712 1753 4767 sensibi-

194 4793 303 4850 lium
336 4814 515 4854 rerum
548 4803 930 4858 similitudines
958 4820 1022 4858 ex
1046 4806 1402 4874 qualitatibus
1428 4806 1486 4857 ‘et
1529 4802 1749 4872 quanti-

195 4887 369 4943 tatibus
389 4892 683 4946 exterioris
717 4894 902 4947 mundi
932 4894 1231 4960 venientes,
1278 4895 1599 4963 ceterisque,
1627 4890 1748 4961 qui-

192 4972 275 5031 bus
299 4995 487 5037 sensus
509 4983 752 5038 exterior
783 4983 1068 5049 formatur,
1099 4987 1324 5042 interius
1377 4986 1599 5055 recipiat
1627 4987 1674 5055 ⁸,
1699 5000 1753 5065 et

1851 1818 2017 1872 Deum
2041 1826 2096 1871 et
2123 1824 2429 1871 creaturam
2478 1814 2705 1880 stabilis,
2734 1823 2791 1869 et
2830 1813 3043 1869 mobilis
3086 1822 3280 1867 status.
3324 1812 3432 1867 Sed

1849 1907 1973 1962 dum
2006 1915 2248 1961 movetur
2269 1906 2414 1961 circa
2446 1904 2634 1969 Deum,
2672 1904 2763 1973 qui
2790 1912 3011 1973 superat
3041 1904 3244 1966 omnia,
3274 1919 3424 1956 sum-

1847 2014 1969 2053 mus
1999 1998 2041 2029 “
2066 2008 2241 2052 motus
2261 1998 2377 2067 ejus
2402 1999 2564 2051 datur
2594 1995 2668 2060 ¹⁴;
2700 1997 2824 2048 dum
2854 2010 2982 2049 vero
3008 1994 3150 2067 circa
3194 1994 3428 2062 primor-

1848 2088 2015 2145 diales
2031 2104 2223 2144 causas
2237 2096 2503 2151 versatur,
2519 2101 2656 2155 quae
2679 2086 2957 2155 proximae
2978 2084 3288 2139 immediate
3309 2093 3432 2152 post

1847 2182 2016 2236 Deum
2036 2189 2183 2245 sunt,
2197 2180 2360 2235 veluti
2391 2178 2569 2235 medio
2590 2176 2822 2246 quodam
2848 2174 3212 2229 moderamine
3236 2174 3431 2226 intelli-

1848 2275 1993 2344 gitur
2010 2272 2234 2336 moveri;
2252 2271 2469 2341 quando
2482 2278 2660 2324 autem
2685 2266 3112 2339 primordialium
3138 2269 3427 2319 causarum

1847 2362 2071 2419 et‘fectus
2085 2364 2199 2417 sive
2218 2361 2483 2423 visibiles,
2500 2361 2612 2413 sive
2628 2356 2924 2412 invisibiles
2943 2355 3248 2425 perspicere
3268 2370 3431 2408 cona-

1848 2462 1955 2516 tur,
1979 2462 2277 2507 extremum
2309 2451 2393 2506 sui
2420 2458 2622 2505 motum
2651 2448 2763 2518 pati
2790 2446 3144 2517 dignoscitur,
3170 2460 3274 2498 non
3304 2444 3432 2511 quia

1849 2546 1990 2601 idem
2018 2555 2196 2600 motus
2226 2542 2596 2599 substantialis
2626 2539 2809 2610 augeri
2837 2538 2921 2591 vel
2950 2537 3118 2590 minui
3154 2537 3206 2589 in
3253 2536 3434 2604 seipse

1847 2635 2037 2704 possit,
2067 2634 2159 2689 sed
2187 2633 2332 2703 quod
2360 2631 2655 2687 secundum
2696 2628 3014 2699 dignitatem
3044 2640 3223 2679 rerum
3244 2664 3258 2689 ,
3288 2625 3434 2678 circa

1848 2739 1983 2793 quas
2013 2724 2263 2786 volvitur,
2301 2730 2355 2775 et
2384 2721 2668 2785 minimus,
2718 2726 2774 2772 et
2819 2715 3048 2781 medius,
3076 2725 3132 2770 et
3167 2715 3434 2768 maximus

1848 2830 1968 2870 esse
1990 2813 2268 2882 judicatur
2291 2813 2356 2865 ¹⁸.
2380 2812 2623 2866 Essentia
2653 2810 2831 2878 itaque
2859 2810 3073 2863 animae
3099 2816 3318 2862 nostrae
3344 2816 3431 2861 est

1851 2904 2173 2968 intellectus,
2222 2903 2313 2973 qui
2340 2901 2675 2955 universitati
2713 2902 2981 2954 humanae
3003 2908 3229 2953 naturae
3269 2913 3427 2968 prae-

1849 2993 2005 3056 sidat,
2023 2993 2148 3062 quia
2177 2992 2222 3024 ¹⁶
2248 2992 2392 3046 circa
2435 2990 2602 3044 Deum
2632 3005 2793 3059 supra
2818 3004 3035 3052 omnem
3061 3001 3310 3043 naturam
3342 2990 3424 3042 in-

1847 3084 2061 3152 cognite
2074 3082 2518 3138 circumvehitur.
2534 3080 2692 3154 Λόγος
2712 3095 2840 3135 vero
2855 3079 2938 3132 vel
2958 3078 3191 3147 δύναμις,
3210 3080 3311 3133 hoc
3324 3088 3437 3139 est,

1847 3176 1987 3229 ratio
2014 3173 2097 3228 vel
2120 3174 2163 3204 "
2192 3173 2368 3227 virtus
2392 3173 2684 3225 secundam
2734 3168 2898 3223 veluti
2924 3177 3130 3237 partem
3158 3167 3432 3229 insinuat;

1848 3282 1953 3320 non
1990 3264 2454 3327 irrationabiliter,
2469 3262 2594 3331 quia
2622 3261 2764 3315 circa
2787 3259 3050 3329 principia
3072 3273 3277 3324 rerum,
3295 3274 3437 3328 quae

1845 3354 2023 3424 primo
2061 3361 2181 3423 post
2232 3353 2402 3406 Deum
2443 3358 2587 3415 sunt,
2630 3348 3027 3404 circumfertur.
3087 3347 3269 3401 Tertia
3308 3361 3441 3400 vero

1848 3458 1996 3512 pars,
2016 3442 2239 3503 διανοίας
2263 3451 2319 3496 et
2342 3442 2614 3517 ἐνεργείας,
2630 3439 2683 3493 id
2706 3447 2808 3502 est,
2829 3452 3019 3493 sensus
3036 3447 3090 3492 et
3107 3437 3442 3505 operationis

1851 3533 2127 3589 vocabulis
2145 3531 2538 3591 denominatur,
2558 3537 2615 3583 et
2637 3528 2800 3583 veluti
2829 3536 3133 3583 extremum
3162 3528 3434 3583 humanae

1850 3628 2062 3682 animae
2092 3626 2300 3681 obtinet
2330 3624 2541 3687 locum;
2570 3636 2671 3677 nec
2695 3621 2988 3685 immerito,
3017 3620 3271 3689 quoniam
3292 3620 3441 3673 circa

1849 3720 2073 3776 etl‘ectus
2106 3733 2392 3774 causarum
2420 3714 2870 3785 primordialium,
2895 3714 3009 3767 sive
3028 3713 3292 3776 visibiles,
3326 3713 3441 3766 sive

1852 3808 2149 3864 invisibiles
2166 3808 2296 3871 sint,
2322 3805 2780 3861 circumvolvitur.
2808 3804 2887 3858 Ae
2915 3818 3011 3872 per
3038 3802 3142 3856 hoc
3172 3820 3280 3859 non
3306 3803 3441 3856 duas

1867 3899 2248 3956 substantiales
2279 3898 2567 3960 trinitates,
2603 3896 2696 3950 sed
2723 3909 2886 3948 unam
2908 3894 3242 3961 eandemque
3267 3894 3334 3946 ad
3360 3893 3439 3945 si-

1855 3991 2215 4047 militudinem
2231 3988 2507 4045 Creatoris
2522 3987 2604 4042 sui
2622 3985 2892 4040 conditam
2906 3991 3118 4054 oportet
3137 3997 3234 4035 nos
3247 3980 3443 4035 intelli-

1851 4100 1997 4156 gere.
2034 4083 2141 4138 Sed
2173 4083 2364 4144 miror,
2393 4096 2496 4149 qua
2518 4080 2587 4134 de
2620 4092 2785 4132 causa
2816 4075 2983 4129 vitam
3015 4074 3206 4143 ipsam,
3244 4086 3383 4139 quae
3407 4086 3441 4125 a

1852 4176 2073 4231 Graecis
2091 4177 2330 4247 θρεπτική
2353 4182 2408 4227 et
2430 4172 2676 4237 αὐξητική
2698 4177 2922 4223 vocatur
2938 4166 3003 4229 ¹⁸,
3026 4179 3056 4217 a
3082 4164 3281 4219 nostris
3313 4177 3440 4216 vero

1853 4266 2110 4321 nutritiva
2133 4273 2188 4320 et
2213 4265 2428 4319 auctiva
2452 4292 2523 4303 —
2542 4262 2709 4315 nutrit
2728 4260 2872 4314 enim
2897 4270 3147 4324 corpora,
3179 4265 3231 4309 et
3259 4255 3439 4308 incre-

1854 4366 2035 4411 menta
2064 4354 2105 4386 ¹⁹
2126 4356 2206 4409 eis
2234 4362 2473 4425 praestat
2497 4383 2568 4393 —
2590 4366 2689 4406 nee
2712 4349 2875 4405 veluti
2903 4355 3152 4417 quartam
3187 4347 3441 4400 substan-

1783 4419 1829 4477 D
1858 4445 2036 4500 tialem
2060 4419 2329 4499 humanae
2352 4453 2578 4496 naturae
2602 4449 2834 4512 partem,
2881 4453 2980 4493 nec
3008 4438 3151 4490 intra
3188 4436 3442 4490 substan—

1856 4535 2039 4591 tialem
2092 4533 2389 4587 trinitatem
2438 4527 3001 4586 eonnumeratam”a
3040 4536 3090 4580 te
3141 4525 3318 4590 video,
3372 4540 3439 4581 ac

1854 4626 2017 4681 veluti
2045 4625 2259 4695 penitus
2283 4622 2739 4693 praetermissam,
2766 4628 2821 4675 et
2871 4617 3016 4672 nullo
3045 4616 3206 4671 modo
3230 4616 3296 4669 ad
3340 4630 3439 4668 na-

1857 4725 2010 4769 turae
2032 4722 2242 4768 nostrae
2265 4712 2704 4766 constitutionem
2723 4711 3103 4779 pertinentem.
3136 4706 3273 4761 MAG.
3301 4704 3434 4759 Ne"

1858 4803 2099 4868 mireris;
2143 4818 2248 4855 non
2279 4802 2423 4854 enim
2468 4800 2585 4854 sine
2622 4814 2783 4852 causa
2831 4800 2935 4852 hoc
2980 4797 3229 4851 fecimus.
3261 4793 3439 4866 Siqui-

1856 4891 1977 4946 dem
2019 4908 2161 4945 nunc
2203 4891 2406 4946 nonde
2454 4888 2703 4944 universa
2741 4890 2975 4943 humana
3011 4899 3202 4943 natura
3255 4903 3438 4942 sermo

1857 4993 1960 5048 est,
1990 4997 2131 5053 quae
2161 4981 2324 5036 veluti
2354 4981 2595 5051 quinque
2622 4981 2886 5050 partibus,
2936 4982 3039 5036 hoc
3066 4989 3169 5045 est,
3213 4993 3439 5049 corpore

1467 5115 1552 5169 VA
1564 5116 1721 5170 [ΗΔΕ
1757 5114 2156 5172 LECTIONES.

253 5216 269 5246 ¹
294 5215 382 5292 Sic
408 5217 532 5292 CE;
566 5221 834 5292 ftom._A.
867 5289 875 5292 Α
910 5221 930 5251 ⁹
963 5220 1048 5275 CE
1089 5237 1185 5291 per
1213 5236 1271 5277 se
1296 5224 1484 5292 ipsum.

192 5288 426 5340 custodia.
508 5288 532 5319 ⁸
563 5286 650 5342 Sic
698 5290 818 5355 (Ἐς
851 5289 894 5343 A
922 5286 1154 5356 auditus,
1183 5286 1344 5346 visus.

189 5356 349 5431 pinnaA
369 5357 458 5431 ;_C
489 5359 584 5412 sed
604 5374 697 5427 per
717 5361 856 5427 quod
883 5361 1395 5431 quinquepertitmn.

192 5422 226 5490 ξ’
257 5423 344 5477 Sic
369 5426 450 5490 E;
485 5422 666 5481 eorum
691 5422 799 5481 oin.
828 5430 895 5482 A.

191 5488 229 5521 ⁸⁵
254 5491 341 5548 Sic
386 5488 504 5560 (Ἐς
535 5500 579 5548 Α
617 5497 902 5552 indicatur.

188 5561 252 5613 et.
282 5578 329 5616 a.
359 5577 597 5618 rotatur.

198 5626 303 5680 Non
316 5674 329 5687 ,

984 5499 1034 5572 i:
1056 5497 1147 5555 Sic
1186 5500 1302 5563 CE;
1328 5502 1369 5553 Α
1400 5503 1511 5572 qui.

674 5568 715 5600 ¹⁹
739 5569 829 5623 Sic
850 5572 924 5634 A;
954 5569 1038 5623 CE
1064 5568 1434 5639 incrementum

1563 5223 1583 5254 ³
1615 5223 1706 5278 Sic
1743 5224 1866 5289 AE;
1900 5240 1996 5293 pro
2022 5241 2138 5277 eum
2163 5224 2477 5292 conjungere
2512 5223 2552 5277 C
2578 5223 2963 5278 connumerari.

1421 5292 1441 5321 ‘
1471 5294 1561 5347 Sic
1607 5293 1723 5355 CE;
1770 5295 1814 5348 A
1853 5292 2019 5349 veluti
2056 5296 2111 5348 in
2160 5294 2273 5346 loco
2317 5293 2657 5360 principalem
2699 5294 2891 5347 sedem.

1472 5364 1493 5394 ⁸
1523 5364 1615 5416 Sic
1643 5363 1758 5428 CE;
1787 5365 1829 5417 Λ
1860 5366 2058 5435 recipit.

974 5434 1015 5466 ἰ
1044 5432 1337 5484 nominibus
1385 5462 1455 5470 —
1481 5449 1724 5486 sensuum
1751 5448 1861 5486 om.
1886 5434 1948 5489 C.

1590 5502 1632 5533 17
1660 5502 1748 5533 ρει.
1776 5503 1861 5533 ΡΩ
1880 5521 1893 5533 ο

1590 5502 1632 5533 ¹⁷
1660 5502 1749 5557 Sic
1776 5503 1893 5569 (Ἐ;
1920 5505 1964 5558 Α
1995 5514 2062 5558 et.
2141 5503 2183 5537 ¹⁸
2211 5502 2302 5556 Sic
2331 5502 2452 5565 CE;
2506 5502 2552 5553 A
2602 5503 2863 5565 αὐξητικὴ,
2891 5516 2922 5551 a
2969 5502 3161 5553 nostris
3205 5512 3324 5550 vero
3379 5513 3433 5549 ιι.

1530 5572 1574 5603 ὀ
1597 5571 1798 5640 SicE;
1826 5575 1868 5628 A
1903 5584 2281 5636 ennmeratant,
2312 5568 2353 5625 C
2399 5579 2447 5623 et
2499 5577 2961 5625 conuulneratum.
3037 5568 3080 5599 ¹²
3107 5568 3198 5623 Sic
3241 5565 3358 5633 CK,

3071 5222 3091 5252 ’⁵
3121 5219 3211 5275 Sie
3238 5219 3355 5282 (Ἐς
3394 5219 3434 5273 Α

2969 5291 3105 5344 ’Sic
3158 5291 3229 5350 E;
3293 5302 3431 5358 quon

2134 5364 2156 5394 '
2203 5361 2289 5416 ΟΕ
2318 5358 2639 5415 Vltostiarius.
2718 5364 2761 5393 ¹⁰
2795 5362 2885 5415 Sic
2911 5360 3027 5425 CE;
3061 5363 3101 5411 Α
3131 5358 3431 5411 annuntiat.

2141 5434 2189 5460 2η
2211 5430 2329 5460 ΡΠ.
2368 5432 2393 5460 Α
2442 5433 2705 5460 “1ηηρ;κιιιρ
2804 5430 2847 5460 ιδ
2876 5431 2965 5460 Ωιι.
3003 5430 3117 5460 l‘h‘n
3159 5430 3188 5460 Δ
3219 5428 3415 5460 Λευεί...-

2026 5434 2068 5465 ³³
2097 5432 2191 5488 Sic
2211 5430 2331 5493 CE;
2358 5432 2405 5484 A
2442 5433 2725 5484 maximus.
2804 5430 2847 5462 η
2876 5431 2966 5484 Sic
3003 5430 3120 5491 CE;
3152 5430 3193 5480 A
3218 5429 3435 5481 dicitur.

2026 5514 2062 5557 t.
2141 5503 2183 5537 ¹⁸
2211 5501 2302 5556 Sic
2331 5499 2452 5565 (Ἐς
2506 5501 2552 5553 Α
2602 5503 2863 5565 αὐξητικὴ,
2891 5516 2922 5551 a
2969 5499 3161 5553 nostris
3205 5512 3324 5550 vero
3379 5513 3433 5549 ιι.
