3912 6154
474 360 571 417 ςἹΙ

1816 349 2101 405 JOANNIS
2138 348 2333 406 SCOTI

3634 355 3730 411 57?.

472 472 730 542 vitalique
760 479 928 532 motu,
958 481 1144 529 sensu,
1187 472 1240 520 et
1290 464 1497 518 ratione
1540 473 1790 519 constare
1818 467 2049 528 videtur,
2083 470 2129 527 Λ
2159 463 2414 525 arbitror,
2459 476 2566 516 non
2609 469 2668 516 ut
2698 471 2751 516 ει
2795 461 2925 518 illud
2958 461 3358 533 superadditum
3401 478 3608 535 pereat,
3642 470 3729 523 sed

474 574 525 619 et
566 564 868 623 intellectu;
924 558 1017 613 scd
1048 558 1114 611 de
1159 570 1221 610 ea
1267 554 1603 609 solummodo
1645 562 1820 624 parte,
1865 556 1917 609 in
1949 571 2054 625 qua

474 660 650 727 imago
677 663 733 707 et
769 651 1063 707 similitudo
1087 647 1383 703 conditoris
1428 645 1777 715 perspicitur,
1812 646 1915 699 hoc
1949 653 2053 704 est,

472 749 539 802 de
559 744 829 800 intellectu
858 749 914 795 et
936 740 1145 793 ratione
1168 746 1222 792 et
1256 751 1419 791 sensu
1450 735 1721 798 interiori,
1755 734 1857 797 vel,
1894 745 1950 787 nt
1981 734 2055 788 ita

472 808 670 895 dicam,
702 832 960 893 essentia,
990 829 1210 889 virtute,
1233 826 1550 897 operatione
1596 826 1634 878 ι.
1664 826 1721 879 1η
1770 826 1873 881 hoc
1910 825 2057 881 enim

473 924 712 979 ternario
760 934 1006 975 summae
1039 933 1104 974 ac
1128 918 1391 973 sanctae'
1423 915 1708 971 Trinitatis
1738 915 1916 985 imago
1962 930 2058 969 ex-

478 1033 665 1090 pressa
698 1015 1057 1086 cognoscitur.
1092 1010 1225 1066 Nam
1263 1010 1332 1066 de
1352 1009 1501 1064 vitali
1537 1018 1706 1073 motu,
1733 1023 1841 1078 quo
1874 1008 2052 1062 anima

473 1125 672 1180 corpus
697 1117 750 1162 et
778 1106 969 1169 nutrit,
998 1114 1054 1159 et
1080 1104 1135 1158 in
1166 1118 1334 1157 unum
1377 1101 1601 1172 colligit,
1632 1108 1690 1156 et
1715 1099 1970 1157 viviﬁcat.
2002 1107 2056 1154 et

469 1203 765 1263 ministrat,
804 1200 962 1269 eique
991 1202 1387 1252 incrementum
1422 1196 1536 1259 dat,
1568 1195 1743 1264 deque
1789 1194 1904 1263 ipso
1930 1204 2053 1247 cor-

467 1311 619 1366 pore,
649 1292 1003 1365 qnodatotius
1051 1298 1333 1345 creaturae
1377 1294 1684 1341 extremum
1731 1286 1939 1339 obtinet
1977 1283 2055 1336 lo-

467 1401 615 1446 cum,
652 1383 791 1436 alius
820 1380 1121 1435 disserendi
1157 1379 1307 1433 locus
1355 1378 1479 1440 erit,
1512 1379 1639 1431 dmn
1685 1377 1737 1429 lu
1765 1385 1960 1445 quarto
1988 1374 2053 1427 li‘

468 1477 567 1528 bro
609 1474 630 1506 ³
660 1475 726 1529 de
774 1472 984 1526 naturis
1013 1468 1380 1532 sensibilibus,
1436 1468 1544 1522 Deo
1571 1469 1732 1530 duce,
1758 1466 2057 1537 disputabi-

469 1572 574 1617 tur.
605 1560 755 1629 Quae
788 1575 940 1629 pars,
971 1559 1227 1628 quoniam
1254 1565 1409 1612 extra
1436 1558 1822 1627 proprietatem
1852 1555 2051 1609 intelli-

467 1651 645 1720 gibilis
693 1658 914 1704 nostrae
962 1648 1271 1711 cssentiae,
1328 1662 1435 1716 qua
1490 1647 1558 1700 ad
1616 1646 1903 1717 imaginem
1961 1645 2052 1700 Dei

467 1740 668 1794 conditi
695 1753 902 1802 sumus,
931 1736 1293 1807 dignoscitur,
1322 1746 1608 1807 prepterca
1655 1751 1684 1789 a
1718 1736 1874 1790 nobis
1898 1752 2056 1807 prac-

2159 563 2217 608 ut
2257 553 2309 606 in
2348 552 2498 613 illttd,
2545 554 2689 621 quod
2717 553 2889 620 primo
2941 564 3028 607 est
3077 554 3374 618 conditum,
3401 563 3653 619 transeat,
3681 567 3730 612 et

2157 658 2321 697 ttnttm
2349 658 2470 697 cum
2506 641 2595 695 illo
2618 641 2730 705 llat,
2755 658 2859 697 non
2887 645 3040 713 quasi
3071 644 3199 709 duo,
3232 646 3324 700 sed
3356 663 3522 701 unum
3565 648 3731 704 incor-

2158 733 2411 803 ruptibile
2455 741 2508 788 et
2554 733 2834 803 spirituale
2880 749 2977 803 per
3028 735 3256 805 gratiam
3300 734 3392 791 Dei
3422 736 3607 801 Verbi,
3645 741 3728 809 qui

2159 838 2263 876 non
2293 823 2462 877 solum
2497 822 2550 876 in
2586 833 2771 877 nostra
2812 824 3102 889 naturalia,
3133 840 3321 879 verum
3358 827 3525 881 etiam
3570 829 3620 882 in
3649 848 3727 883 su-

2156 911 2435 981 peraddita
2484 911 2642 965 nobis
2689 912 3067 975 descenderat,
3117 923 3176 968 ιιι
3227 916 3408 969 omnia
3449 926 3629 970 nostra
3681 920 3727 972 in

2156 1003 2336 1071 seipso
2379 1008 2728 1063 restauraret,
2774 1008 2828 1055 et
2875 1002 3110 1071 desuper
3152 1002 3378 1072 adjectis
3421 1007 3727 1062 naturaliter

2166 1093 2322 1146 insita
2387 1090 2629 1157 faceret,
2685 1090 2779 1160 qui
2847 1090 2976 1147 fecit
3035 1102 3266 1165 utraque
3327 1113 3518 1150 unum.
3593 1100 3723 1155 Dtsc.

2155 1179 2321 1234 Plane
2392 1194 2499 1234 non
2574 1180 2989 1246 incongruum;
3063 1182 3155 1235 sed
3233 1190 3382 1237 ratae
3454 1184 3727 1254 subtilique

2157 1260 2555 1342 investigationi
2631 1280 2687 1325 et
2745 1272 3042 1326 inventioni
3112 1275 3451 1330 rationabilis
3518 1286 3727 1332 naturae

2154 1361 2743 1415 convenientissimum.
2793 1361 3061 1428 Quorsum
3113 1379 3239 1418 vero
3289 1366 3442 1428 haec,
3505 1368 3727 1424 nondum

2157 1452 2334 1506 video.

2224 1543 2366 1598 Man.
2407 1543 2624 1599 Patiens
2673 1552 2808 1599 esto.
2844 1544 2958 1599 Non
2991 1545 3136 1600 enim
3166 1562 3253 1601 res
3277 1562 3441 1617 parva
3475 1548 3616 1603 inter
3642 1566 3728 1606 nos

2166 1632 2470 1703 quaeritur,
2500 1647 2601 1687 nec
2648 1634 2748 1687 nisi
2790 1634 2976 1687 multis
3016 1634 3428 1703 diligentissime
3459 1639 3731 1691 ratiocina-

2158 1721 2319 1774 tionis
2347 1720 2663 1789 ambagibus
2690 1731 2744 1776 et
2776 1722 3087 1794 investigari
3113 1734 3168 1777 et
3196 1725 3423 1780 inveniri
3469 1737 3661 1796 potest,
3688 1730 3729 1783 si

392 1829 399 1836 ’
465 1828 766 1882 sentialiter
812 1826 1122 1882 intermissa
1175 1835 1279 1888 est,
1307 1826 1434 1880 dum
1482 1827 1555 1881 sit
1610 1834 1787 1880 motus
1826 1826 2048 1895 quidam

2163 1819 2334 1863 tamen
2362 1809 2428 1862 ad
2452 1825 2644 1880 purum
2676 1810 2907 1866 inveniri
2935 1822 3131 1882 potest.
3178 1811 3318 1867 Nulli
3352 1817 3499 1870 enim
3531 1819 3728 1871 mortali

464 1928 618 1973 extra
670 1925 922 1971 naturam
985 1915 1411 1985 primordialiter
1457 1916 1756 1978 conditam,
1807 1917 2053 1969 substam

468 2009 582 2062 tiali
642 2016 861 2062 nostrae
905 2006 1229 2076 operationi,
1274 2020 1415 2075 quae
1450 2022 1640 2060 sensus
1698 2006 1943 2069 interior,
1994 2015 2053 2059 nt

465 2099 724 2161 diximus,
770 2097 1061 2160 vocitatur,
1111 2095 1411 2164 subjectus,
1445 2097 1605 2165 inque
1648 2110 1875 2165 poenam
1922 2111 2052 2165 pec-

467 2189 575 2243 cati
608 2187 857 2251 additus;
894 2201 1002 2256 quo
1027 2186 1278 2240 videlicet
1308 2194 1456 2240 motu
1482 2200 1570 2247 ea,
1600 2200 1741 2255 quae
1763 2193 1887 2252 post
1924 2200 2052 2254 pec-

466 2289 649 2335 catum
697 2279 966 2332 humanae
1011 2286 1238 2332 naturae
1260 2278 1609 2347 superaddita
1632 2288 1791 2342 sunt,
1820 2277 2052 2331 admini-

370 2372 383 2381 ’
465 2380 604 2425 strat
630 2388 643 2423 :
671 2384 868 2437 corpus
908 2369 1012 2423 hoc
1049 2368 1401 2439 corruptibilc
1423 2368 1565 2432 dico,
1612 2378 1774 2439 atque
1806 2370 2052 2432 mortale,

466 2460 600 2515 locis
646 2460 1086 2529 temporibusque
1135 2459 1367 2524 varium,
1406 2460 1642 2529 partimn
1690 2474 1913 2514 suarum
1957 2476 2056 2513 nu-

466 2566 617 2607 mero
679 2551 1017 2615 discretum,
1083 2551 1273 2620 spatiis
1327 2550 1649 2613 distentum,
1709 2552 2056 2606 incrementis

467 2639 938 2708 decremeutisque
984 2639 1295 2704 subditum,
1348 2640 1699 2708 qualitatibus
1743 2641 2058 2711 quantitati-

466 2729 675 2797 busque
714 2727 944 2782 diversis
981 2727 1306 2797 subjectum,
1343 2728 1410 2780 ad
1437 2743 1628 2783 omnes
1658 2729 2056 2785 irrationabiles

465 2825 645 2871 motus
669 2830 925 2885 pronum,
950 2816 1186 2871 carnalis
1230 2817 1405 2872 adlmc
1433 2818 1663 2880 animae,
1704 2820 1898 2873 merito
1927 2834 2057 2874 suae

466 2907 863 2963 inobedientiae
925 2906 1322 2977 superbiaeque
1376 2908 1605 2963 diversis
1653 2909 2055 2963 calamitatibus

467 2996 738 3053 involutae
795 2998 1109 3069 hospitium,
1164 3010 1476 3069 ceteraque,
1524 3014 1664 3068 quae
1712 3001 1779 3053 de
1823 2998 2053 3055 infelici-

465 3095 577 3142 tate
621 3087 672 3141 in
726 3087 864 3142 hanc
896 3089 1059 3144 vitam
1108 3090 1379 3143 humanae
1425 3099 1652 3145 naturae
1680 3105 1745 3145 ex
1795 3090 2053 3145 felicitate

468 3178 700 3246 paradisi
740 3178 997 3247 expulsae
1044 3186 1102 3232 et
1132 3178 1238 3232 dici
1284 3187 1338 3233 et
1390 3181 1761 3248 experimento
1797 3182 2050 3252 cognosci
2082 3159 2126 3221 (ἶ

466 3276 713 3336 possunt.
755 3266 928 3321 Motus
956 3268 1139 3336 itaque
1182 3268 1449 3323 lmmanae
1477 3278 1704 3326 naturae
1745 3272 1812 3325 ad
1847 3287 1909 3325 ea
1959 3273 2054 3325 ad-

469 3356 849 3419 ministranda,
880 3371 1019 3425 quae
1066 3356 1168 3411 sibi
1205 3357 1273 3411 ad
1305 3358 1599 3414 vindictam
1627 3362 2053 3430 praevaricatio-

467 3446 554 3500 nis
582 3446 747 3501 divini
786 3447 1059 3516 praeccpti
1108 3449 1363 3519 adjuncta
1409 3458 1573 3517 sunt;
1615 3452 1909 3508 vindictam
1957 3470 2054 3508 au-

466 3544 575 3588 tem
606 3535 751 3602 dico,
789 3552 894 3590 non
951 3537 1240 3593 irascentis
1286 3539 1382 3595 Dei
1426 3541 1707 3608 ultionem,
1746 3546 1840 3600 sed
1889 3547 2050 3600 mise-

467 3625 641 3679 rentis
695 3626 1175 3687 exercitationem:
1236 3644 1342 3683 non
1400 3630 1846 3689 irrationabiliter
1899 3644 2049 3690 extra

472 3715 731 3770 terminos
778 3717 1082 3773 essentialis
1131 3729 1351 3774 nostrae
1403 3722 1661 3777 trinitatis
1705 3724 2049 3795 relinquitur.

473 3805 539 3860 Et
566 3820 633 3860 ne
668 3808 944 3873 aestimes,
973 3824 1072 3863 nos
1108 3810 1193 3865 his
1223 3812 1406 3867 verbis
1433 3813 1628 3870 docere
1649 3815 1803 3882 velle,
1840 3819 2053 3887 praedi-

465 3907 609 3949 ctam
642 3895 911 3954 humanae
937 3906 1167 3953 naturae
1194 3899 1493 3956 trinitatem
1534 3902 1603 3957 ad
1635 3903 1925 3977 imaginem
1957 3907 2053 3961 Dei

465 3996 520 4051 in
560 3997 816 4067 paradiso
840 3998 1135 4065 conditam,
1160 4001 1476 4072 priusquam
1520 4015 1790 4073 peccaret,
1831 4008 2053 4061 omnino

466 4101 694 4157 corpore
743 4088 987 4143 caruisse
1033 4090 1256 4154 :absit,
1314 4091 1455 4146 absit
1484 4091 1505 4123 ⁸
1532 4109 1561 4146 a
1624 4094 1777 4147 nobis
1819 4095 1920 4149 hoc
1965 4096 2051 4149 di-

469 4191 596 4232 cere
625 4177 684 4243 ⁸,
735 4188 830 4232 aut
872 4179 1271 4249 quodammodo
1318 4190 1537 4251 putare;
1586 4182 1754 4237 semel
1811 4184 1956 4238 enim
1998 4196 2054 4239 et

464 4268 626 4322 simul
654 4268 863 4324 animas
895 4280 1106 4326 nostras
1134 4280 1190 4326 ct
1228 4287 1454 4341 corpora
1499 4274 1551 4327 in
1576 4274 1827 4342 paradiso
1857 4277 2052 4330 condi-

468 4369 554 4414 tor
574 4363 798 4424 creavit,
828 4377 1055 4431 corpora
1097 4365 1219 4419 dico
1250 4365 1527 4429 caelestia,
1571 4366 1891 4436 spiritualia,
1919 4382 2054 4437 qua-

467 4450 537 4503 lia
561 4459 681 4519 post
703 4453 1155 4507 resurrectionem
1186 4452 1364 4508 futura
1395 4463 1542 4510 sunt.
1569 4454 1797 4511 Tumida
1821 4470 2052 4526 namque

2158 1901 2366 1963 sensui,
2399 1900 2648 1969 quamvis
2677 1901 2925 1955 videatur
2952 1912 3110 1956 acute
3157 1904 3454 1972 inquirere,
3489 1906 3613 1960 licet
3640 1908 3731 1960 hoc

2156 1993 2492 2062 promittere,
2542 2007 2611 2048 ne
2656 1993 2907 2047 incautus
2947 1992 3304 2064 nedarguatur
3329 1996 3351 2027 ⁸
3382 2011 3541 2062 esse,
3600 2000 3732 2069 quod

2157 2097 2284 2137 snas
2311 2083 2455 2137 vires
2482 2091 2703 2151 superat
2727 2083 2969 2137 invenire
2998 2097 3098 2153 per
3119 2099 3178 2139 se
3201 2084 3373 2153 ipsum
3397 2089 3726 2156 promittens.

2164 2174 2300 2229 Nam
2346 2174 2389 2228 si
2421 2175 2713 2240 invenitur,
2758 2190 2866 2230 non
2899 2176 3039 2244 ipse,
3084 2176 3176 2245 qui
3203 2179 3434 2245 quaerit,
3488 2180 3581 2234 sed
3606 2178 3729 2251 ipse,

2156 2266 2248 2335 qni
2296 2266 2601 2336 quaeritur,
2646 2275 2701 2320 et
2748 2266 2959 2337 quiest
3008 2267 3097 2320 lux
3150 2269 3434 2333 mentium,
3463 2270 3727 2325 invenit’.

2158 2356 2480 2424 Quaerimus
2527 2373 2778 2427 namque,
2827 2358 2880 2411 ni
2928 2357 3103 2423 fallor,
3143 2359 3414 2429 quomodo
3461 2377 3531 2416 ex
3585 2378 3731 2432 argu-

2159 2457 2342 2504 mento
2389 2450 2762 2505 substantialis
2837 2450 3097 2505 trinitatis
3144 2460 3366 2506 nostrae
3412 2461 3638 2507 naturae
3668 2454 3731 2511 ad

2160 2540 2447 2610 imaginem
2479 2540 2572 2594 Dei
2606 2540 2648 2570 ¹⁰
2674 2548 2909 2605 creatae,
2936 2556 3199 2602 summam
3227 2540 3367 2596 illam
3398 2541 3729 2605 Trinitatem.

2159 2645 2300 2701 quae
2345 2630 2489 2685 Deus
2530 2639 2635 2696 est,
2682 2630 2906 2699 ejusque
2957 2631 3121 2685 veluti
3151 2633 3400 2702 proprias
3444 2633 3502 2688 in
3551 2643 3729 2688 natura

2159 2722 2377 2777 condita
2438 2724 2784 2793 operationes
2835 2723 3060 2792 singulis
3123 2725 3372 2793 personis
3426 2725 3734 2781 distributas

2159 2828 2448 2884 possumus
2498 2814 2838 2884 investigare.
2874 2815 3019 2871 Dtsc.
3049 2815 3105 2871 ld
3153 2818 3327 2888 ipsum
3367 2832 3513 2873 nunc
3538 2820 3609 2883 “,
3634 2834 3732 2872 non

2161 2904 2306 2959 aliud
2339 2904 2675 2974 quaerimus.
2711 2905 2776 2958 Et
2802 2906 2935 2959 ordo
2967 2920 3146 2961 rerum
3185 2907 3372 2978 exigit,
3403 2918 3462 2963 ut
3486 2909 3569 2963 sic
3606 2908 3736 2962 veri-

2162 3002 2328 3050 tatem
2376 3009 2735 3064 quaeramus;
2793 3005 3112 3066 argnmento
3172 2997 3437 3067 siquidem
3493 2997 3736 3068 imaginis

2163 3084 2276 3155 ipsa
2300 3085 2521 3149 veritas,
2563 3083 2728 3153 ειιξιιε
2758 3085 2933 3157 imago
2974 3093 3077 3151 est,
3127 3088 3436 3157 quaerenda
3466 3097 3571 3152 est,
3604 3101 3736 3158 quae

2159 3182 2363 3243 quanto
2414 3174 2709 3229 studiosius
2754 3174 3182 3245 laboriosiusque
3229 3178 3537 3249 inquiritur,
3596 3187 3737 3232 tanto

2159 3265 2439 3321 ardentius
2472 3264 2735 3333 diligitur,
2763 3275 2819 3321 et
2844 3266 3084 3337 apertius
3112 3268 3403 3323 invenitur.
3433 3269 3573 3335 Quid
3598 3270 3734 3323 enim

2159 3356 2380 3427 prodest
2425 3354 2513 3409 illa
2543 3355 2823 3419 velocitas,
2871 3372 3031 3425 quam
3062 3373 3198 3427 pura
3228 3358 3475 3413 veritatis
3498 3367 3733 3413 contem-

2159 3447 2326 3518 platio
2372 3444 2578 3517 effugit,
2642 3457 2737 3501 aut
2787 3449 2916 3519 quid
2976 3457 3136 3504 nocet
3185 3450 3297 3520 ipsa
3357 3450 3608 3514 tarditas,
3657 3448 3738 3503 cui

2161 3538 2467 3592 desiderata
2493 3536 2660 3592 facies
2685 3538 2966 3593 occurrit?

2231 3628 2374 3683 MAG.
2417 3628 2604 3697 Itaque
2665 3629 3092 3684 ratiocinationis
3123 3636 3339 3683 nostrae
3369 3628 3650 3683 exordium
3676 3640 3738 3679 ex

2162 3718 2347 3773 verbis
2401 3717 2730 3772 venerabilis
2778 3716 2996 3771 Maximi
3049 3731 3348 3779 sumamus,
3397 3730 3505 3770 non
3539 3715 3738 3769 eisdem

2160 3809 2503 3864 sermonibus
2552 3807 2863 3871 connexim,
2909 3806 3003 3861 sed
3051 3807 3243 3861 eodem
3293 3820 3459 3860 sensu
3512 3811 3736 3857 utentes.

2161 3902 2308 3955 Dtsc.
2364 3899 2695 3970 Ingredere,
2743 3913 2959 3969 quoquo
3011 3898 3169 3951 modo
3215 3896 3336 3959 vis,
3390 3891 3739 3950 ratiocinandi

2160 3994 2325 4047 viam.
2367 3992 2509 4048 MAG.
2542 3992 2679 4047 Tres
2729 3989 3062 4045 universales
3105 3997 3284 4044 tnotns
3349 3989 3559 4042 animae
3598 3993 3738 4038 sunt.

2160 4082 2401 4150 Quorum
2449 4082 2659 4152 primus
2698 4089 2783 4135 cst
2826 4079 3121 4135 secundum
3168 4078 3432 4141 animum,
3480 4074 3742 4129 secundus

2160 4158 2458 4230 secundum
2486 4175 2776 4239 rationem,
2810 4172 3001 4226 tertius
3026 4168 3320 4226 secundum
3352 4182 3592 4221 sensum.
3621 4165 3740 4217 Et“

2160 4266 2367 4336 primus
2393 4266 2609 4336 quidem
2657 4263 2883 4334 simplex
2910 4262 2955 4297 "
2977 4271 3084 4327 est,
3132 4271 3187 4314 et
3241 4274 3404 4329 supra
3437 4259 3604 4328 ipsius
3629 4255 3743 4308 auio

2162 4371 2283 4411 mae
2339 4366 2611 4418 naturam,
2656 4362 2713 4408 et
2767 4351 3212 4423 interpretatione
3258 4358 3431 4412 caret,
3486 4349 3586 4402 hoc
3640 4353 3740 4402 est.

2162 4444 2468 4514 cognitione
2521 4441 2689 4511 ipsius
2735 4441 2879 4496 circa
2931 4440 3076 4510 quod
3119 4447 3397 4501 movetur;
3448 4451 3545 4507 per
3585 4448 3741 4503 quem

467 4555 718 4607 corpora,
750 4541 1023 4607 mortalia,
1052 4544 1448 4613 corruptibilia,
1480 4544 1678 4613 quibus
1708 4561 1850 4601 nunc
1874 4548 2053 4616 oppri-

2163 4513 2308 4592 circa
2358 4535 2529 4589 Deum
2574 4533 2905 4604 incognitum
2936 4540 3102 4596 mota,
3148 4529 3296 4584 nullo
3349 4529 3508 4582 modo
3537 4543 3605 4581 ex
3639 4525 3744 4578 ullo

468 4630 689 4692 minmr,
734 4647 839 4686 non
882 4647 949 4686 ex
982 4642 1196 4697 natura,
1231 4635 1326 4689 sed
1367 4651 1434 4690 cx
1478 4636 1675 4691 delicto
1709 4638 2053 4693 occasionem

469 4722 669 4774 ducere
696 4737 800 4773 non
847 4730 929 4774 est
968 4722 1343 4779 dubitandum.
1377 4725 1532 4793 Quod
1576 4742 1705 4798 ergo
1734 4737 1958 4783 naturae
1987 4745 2051 4783 cx

469 4820 693 4880 peccato
716 4810 968 4874 adolevit,
995 4827 1061 4865 eo
1092 4816 1333 4882 profecto
1365 4825 1619 4870 renovata
1657 4819 1708 4871 in
1737 4818 1975 4881 Christo,
1999 4829 2053 4873 et

471 4900 524 4953 in
567 4900 853 4969 pristinum
909 4911 1107 4955 statum
1160 4906 1406 4959 restituta
1456 4907 1685 4961 carebit.
1743 4906 1858 4961 Non
1905 4910 2050 4963 cnim

471 5001 647 5060 potest
685 5000 911 5047 naturae
954 5007 1076 5046 esse
1122 5004 1490 5057 coaeternmn,
1536 4998 1680 5065 quod
1711 4997 1760 5050 ei
1800 4997 2058 5053 adhaeret

474 5091 693 5153 propter
733 5091 1046 5152 peccatum;
1090 5093 1147 5138 et
1193 5084 1334 5138 intra
1362 5087 1747 5144 substantiales
1770 5087 1891 5157 ejus
1930 5105 2058 5144 con—

471 5173 779 5230 mitutiones
828 5190 935 5229 non
982 5176 1285 5247 computari
1308 5176 1355 5240 °,
1380 5192 1489 5230 non
1522 5178 1895 5249 incongruum,
1938 5190 1997 5235 ιιι
2034 5181 2051 5210 ⁷

2157 4640 2363 4688 eorum,
2410 4639 2550 4696 quae
2595 4632 2742 4688 sunt,
2775 4624 2952 4692 ipsum
2988 4630 3211 4692 propter
3240 4620 3321 4675 sui
3371 4619 3743 4674 excellentiam

2165 4718 2444 4789 cognoscit
2491 4717 2784 4773 secundum
2828 4717 2971 4786 quod
2997 4715 3063 4780 ιδ,
3092 4715 3221 4785 quid
3269 4715 3361 4777 sit,
3394 4714 3497 4768 hoc
3538 4721 3641 4776 est,
3690 4711 3744 4764 in

2156 4811 2297 4865 nulla
2343 4809 2580 4864 essentia
2633 4823 2731 4863 seu
2774 4807 3098 4868 substantia,
3146 4805 3229 4859 vel
3272 4805 3325 4858 iu
3360 4806 3567 4874 aliquo,
3599 4800 3745 4871 quod

2156 4903 2263 4955 dici
2326 4902 2413 4955 vel
2462 4900 2683 4969 intelligi
2744 4898 2958 4962 valeat,
3010 4914 3134 4953 eum
3187 4898 3427 4967 reperire
3471 4897 3517 4928 "
3551 4903 3741 4965 potest.

2164 4997 2397 5066 Superat
2436 4997 2581 5049 enim
2616 5008 2798 5057 omne,
2832 4993 2974 5062 quod
3019 5001 3102 5046 est
3143 5001 3200 5045 et
3228 4992 3373 5061 quod
3420 4996 3654 5050 nonest,
3693 4995 3747 5039 et

2166 5087 2309 5141 nullo
2336 5088 2495 5141 modo
2527 5085 2739 5140 deliniri
2774 5093 2969 5153 potest,
3001 5084 3127 5154 quid
3160 5084 3250 5139 sit.

2236 5179 2515 5235 Secundus
2542 5193 2672 5234 vero
2700 5188 2878 5232 motus
2924 5186 3028 5242 est,
3071 5192 3180 5246 quo
3219 5175 3552 5247 incognitum
3578 5172 3745 5226 Deum

1773 5372 2027 5429 VARIAE
2069 5374 2472 5431 LECTIONES.

1652 5452 1675 5465 η.

546 5530 564 5561 ¹
588 5528 682 5601 Sic
716 5530 800 5584 (ΖΕ
827 5547 842 5592 ς
870 5533 911 5584 Λ
951 5540 999 5583 ct
1040 5529 1377 5600 operatione.
1456 5531 1476 5560 ‘
1499 5529 1590 5585 Sic
1629 5530 1745 5593 CB;
1776 5531 1815 5583 Α
1843 5543 1891 5584 et
1921 5549 2121 5586 sacrae.
2184 5533 2223 5601 ,⁸
2246 5532 2335 5587 Sic
2376 5533 2491 5596 CR;
2521 5550 2574 5586 ιη
2622 5543 2819 5601 quarto
2850 5533 2983 5586 libro
3009 5548 3118 5585 om.
3149 5536 3214 5586 Α.
3289 5531 3311 5564 ⁸
3333 5532 3427 5588 Sic
3472 5531 3591 5594 (Ἐς
3613 5530 3751 5583 uim:

474 5614 584 5652 om.
617 5600 679 5652 Α.
756 5601 778 5632 ⁸
799 5601 889 5655 Sic
915 5601 1036 5665 (2E;
1068 5604 1109 5653 A
1137 5601 1365 5653 credere.
1445 5601 1465 5630 ⁸
1490 5602 1581 5654 Sic
1611 5603 1729 5663 (Iit);
1759 5603 1799 5653 Α
1841 5600 2227 5655 connumerari.
2301 5604 2320 5633 "
2350 5604 2438 5655 Sic
2468 5603 2584 5664 (Ili;
2621 5600 2672 5656 ut
2715 5620 2825 5655 «nn.
2855 5602 2919 5655 Α.
2997 5604 3018 5634 ⁸
3041 5601 3133 5657 Sic
3157 5602 3277 5666 AE;
3305 5604 3346 5658 C
3386 5620 3479 5656 nec
3502 5606 3750 5657 incautus

476 5671 829 5739 redarguam.
900 5673 921 5704 ’
949 5670 1039 5723 Sic
1085 5669 1202 5733 Cit};
1252 5670 1290 5722 A
1330 5671 1608 5725 inuenitur.
1681 5672 1725 5705 ¹⁰
1754 5670 1846 5723 Dei
1896 5687 2006 5724 om.
2040 5672 2146 5725 (ΞΕ.
2237 5674 2275 5705 ¹²
2304 5671 2392 5726 Sic
2421 5672 2537 5736 CE;
2577 5690 2710 5726 nunc
2742 5688 2852 5725 om.
2902 5673 2968 5724 Λ.
3048 5675 3089 5704 ¹²
3121 5673 3213 5728 Sic
3259 5673 3374 5739 CB;
3426 5672 3493 5726 Et
3544 5687 3652 5727 om.
3680 5671 3728 5723 Α

477 5737 519 5767 ’³
544 5738 633 5791 Sic
662 5738 784 5805 illi;
817 5741 859 5793 Α
882 5741 1097 5809 quidem
1140 5751 1310 5794 motus
1354 5742 1603 5808 simplex.
1688 5741 1729 5771 ⁸³
1752 5741 1841 5795 Sic
1869 5743 1955 5795 AC
1987 5757 2000 5805 ;
2035 5743 2073 5795 Ε
2103 5742 2398 5797 secundum
2439 5744 2505 5797 id.
2586 5744 2735 5797 "L‘E
2762 5745 2998 5807 reperiri.
