3912 6154
226 316 324 369 573

1036 307 1124 363 DE
1168 307 1507 363 DIVISIONE
1545 305 1894 362 NATURAE.
1936 337 2005 346 —
2042 303 2242 359 LIBER
2284 303 2666 361 SECUNDUS.

3386 313 3490 368 δτι.

223 426 396 481 δεκίης,
430 426 457 455 -ι
508 424 803 479 “cumtum
859 420 1001 488 φηςι
1052 434 1213 473 causa
1261 421 1502 475 omnium
1540 422 1630 475 sit.
1662 419 1805 474 Dell-
1838 428 1881 485 Α
1910 418 2009 487 pit,
2047 433 2144 488 per
2173 418 2409 488 seipsam
2458 418 2768 474 immediate
2816 420 3085 491 incognito
3114 425 3330 492 quidem
3361 431 3491 495 quid

221 516 296 568 nit
327 512 697 571 vero'Deum
730 524 951 563 causam
1005 511 1246 562 omnium
1292 525 1434 571 esse,
1463 520 1518 563 et
1561 520 1647 565 est
1685 525 1800 563 mo-

222 616 301 656 tus
329 603 433 656 iste
462 602 602 655 intra
630 599 843 652 animae
874 607 1144 661 naturam,
1174 613 1271 667 per
1305 615 1464 669 quem
1499 600 1613 670 ipsa
1641 611 1798 657 natu-

216 691 396 745 raliter
425 698 570 744 mota
612 702 802 742 omnes
833 687 1109 743 naturales
1155 688 1395 745 rationes
1415 692 1655 745 omnium
1689 693 1797 745 for-

213 784 485 845 niatrices,
515 796 654 853 quae
684 781 739 834 in
783 780 900 849 ipso
928 783 1144 850 cognito
1175 781 1512 837 solummodo
1542 798 1639 853 per
1669 799 1797 837 cau-

212 887 320 925 sam
342 901 414 911 -—
440 871 790 939 cegnoscitur
823 869 990 933 enim,
1033 870 1162 939 quia
1212 886 1378 926 causa
1421 882 1504 927 est
1525 904 1595 912 —
1616 883 1794 928 aeter-

211 963 401 1018 naliter
448 962 624 1017 factae
668 961 989 1026 subsistunt,
1035 963 1353 1031 operatione
1394 964 1656 1021 scientiae
1682 966 1785 1021 sibi

211 1050 303 1119 ipsi
331 1052 583 1122 imponit,
622 1052 724 1106 hoc
763 1059 866 1116 est,
916 1051 971 1106 in
1017 1067 1077 1108 se
1103 1053 1216 1124 ipsa
1242 1068 1342 1124 per
1369 1070 1557 1109 earum
1604 1058 1787 1126 cogni-

209 1144 402 1199 tionem
440 1144 738 1213 exprimit,
781 1144 1002 1212 ipsaque
1048 1145 1292 1215 cognitio
1320 1161 1350 1200 a
1381 1147 1557 1216 primo
1598 1157 1746 1201 motu
1769 1147 1791 1178 ³

211 1236 452 1289 nascitur
484 1236 535 1288 in
565 1234 825 1290 secundo.

268 1324 491 1379 Tertius
540 1334 717 1379 motus
768 1334 852 1379 est
889 1326 1242 1395 compositus,
1309 1342 1407 1397 per
1435 1342 1616 1397 quem,
1648 1344 1790 1398 quae

202 1424 346 1468 extra
375 1425 530 1480 sunt,
562 1414 740 1468 anima
782 1420 1029 1485 tangens,
1050 1415 1216 1470 veluti
1246 1417 1670 1485 ex‘qnibusdam
1711 1420 1788 1472 si-

200 1504 312 1571 guis
340 1503 492 1571 apud
518 1501 755 1572 seipsam
788 1502 1080 1557 visibilium
1109 1503 1351 1560 rationes
1381 1503 1659 1568 reformat,
1694 1507 1787 1575 qui

190 1596 536 1667 compositus
562 1596 783 1659 dicitur,
810 1609 916 1649 non
945 1595 1089 1664 quod
1120 1596 1174 1650 in
1204 1596 1383 1666 seipse
1409 1596 1639 1666 simplex
1680 1612 1785 1652 non

195 1686 287 1749 sit,
322 1683 794 1755 quemadmodum
843 1683 1052 1753 primus
1099 1692 1155 1740 et
1201 1685 1470 1740 secundus
1514 1685 1786 1755 simplices

1901 514 1985 561 est
2032 508 2073 569 ⁸,
2127 505 2342 575 cognito
2386 508 2408 539 ’
2453 522 2614 568 vero,
2672 509 2812 577 quod
2858 524 3018 564 causa
3069 513 3311 566 omnium
3368 526 3487 580 est,
3574 516 3578 521 ’

1898 598 2287 669 principiisque
2320 598 2559 651 omnium
2592 614 2796 663 rerum,
2829 600 2929 653 hoc
2950 613 3051 663 est,
3093 605 3482 675 principalibus

1898 690 2095 749 causis.
2130 689 2199 743 ab
2220 704 2285 744 eo
2322 696 2377 743 et
2408 690 2461 743 in
2509 705 2574 743 eo
2611 689 2785 753 factis,
2819 703 2874 745 et
2897 708 2926 746 a
2959 708 3019 746 se
3068 695 3374 751 distributis
3397 715 3484 753 re-

1897 778 2022 844 fert,
2050 782 2154 835 hoc
2179 789 2286 844 est,
2338 796 2368 834 a
2401 780 2511 833 Deo
2541 795 2637 849 per
2664 782 2809 850 ipsa
2855 783 2906 835 in
2954 786 3155 847 omnia,
3193 802 3331 855 quae
3364 800 3488 858 post

1896 884 1956 923 se
2001 878 2146 929 sunt,
2202 870 2516 939 procedere,
2572 879 2623 924 et
2674 872 2866 925 iterum
2898 887 2993 942 per
3033 874 3176 944 ipsas
3209 877 3261 931 in
3309 879 3483 949 ipsum

1897 959 2144 1029 intelligit
2213 975 2515 1015 recurrere.
2568 961 2795 1016 Animae
2857 963 3021 1034 igitur
3070 976 3332 1036 purgatae
3384 984 3486 1038 per

1894 1052 2184 1112 actionem,
2217 1050 2549 1105 illuminatae
2590 1066 2687 1120 per
2733 1054 3039 1117 scientiam,
3074 1057 3345 1124 perfectae
3388 1076 3483 1130 per

1896 1133 2222 1214 theologiam
2274 1154 2468 1203 motus,
2508 1159 2614 1212 quo
2661 1159 2876 1214 semper
2908 1147 3051 1202 circa
3121 1149 3283 1203 Deum
3340 1151 3484 1205 inco-

1892 1234 2100 1303 gnitum
2162 1235 2511 1290 aeternaliter
2561 1233 2836 1298 volvitur,
2908 1237 3047 1290 ultra
3102 1248 3156 1291 et
3221 1255 3374 1294 suam
3426 1249 3484 1295 et

1889 1325 2129 1379 omnium
2165 1340 2344 1380 rerum
2388 1337 2640 1380 naturam
2674 1326 2848 1395 ipsum
2878 1327 3043 1381 Deum
3068 1314 3293 1384 Kmnino
3321 1333 3480 1387 abso-

1892 1416 2063 1471 lutum
2090 1417 2160 1471 ab
2187 1418 2463 1479 omnibus,
2497 1433 2634 1487 quae
2663 1428 2717 1472 et
2744 1419 2850 1472 dici
2880 1427 2937 1474 et
2976 1421 3198 1492 intelligi
3229 1433 3476 1492 possunt,

1889 1523 2102 1563 necnon
2157 1509 2431 1572 omnibus,
2478 1523 2619 1578 quae
2659 1524 2762 1564 nec
2807 1509 2911 1564 diei
2943 1526 3042 1566 uec
3088 1513 3307 1582 intelligi
3357 1530 3481 1584 pos-

1889 1607 2036 1664 sunt,
2069 1607 2121 1654 et
2154 1607 2333 1654 tamen
2359 1600 2756 1670 quodammodo
2783 1610 2931 1666 sunt,
2962 1602 3288 1671 intelligens,
3317 1619 3470 1660 eum-

1888 1705 1993 1760 que
2016 1705 2137 1746 esse
2158 1692 2359 1761 aliquid
2378 1707 2590 1756 eorum,
2606 1707 2742 1762 quae
2758 1701 2879 1747 sunt
2903 1703 2956 1749 et
2973 1695 3171 1764 quae”
3195 1712 3298 1750 non
3323 1706 3471 1761 sunt,

201 1787 336 1841 sunt,
368 1775 473 1830 sed
506 1775 648 1845 quod
680 1790 787 1829 non
831 1790 928 1843 per
972 1775 1180 1844 seipsas
1207 1775 1542 1829 sensibilium
1597 1791 1779 1830 rerum
1815 1760 1855 1818 Β
1885 1780 2173 1852 denegans,
2199 1791 2255 1836 et
2279 1783 2483 1846 omnia,
2514 1799 2650 1849 quae
2678 1786 2743 1838 de
2771 1799 2836 1838 eo
2862 1786 2903 1817 “
2940 1787 3343 1855 praedicantur,
3366 1804 3474 1843 non

193 1866 433 1920 rationes
465 1865 653 1934 incipit
698 1878 1050 1934 cognoscere.
1098 1862 1281 1918 Primo
1301 1863 1570 1932 siquidem
1613 1866 1784 1935 phan-

199 1959 357 2011 tasias
393 1957 638 2027 ipsarum
671 1971 852 2010 rerum
884 1969 982 2026 per
1009 1956 1336 2010 exteriorem
1381 1971 1599 2011 sensum
1627 1958 1783 2025 quin-

198 2047 562 2115 quepertitum
612 2043 908 2099 secundum
962 2058 1246 2097 numerum
1300 2043 1781 2100 instrumentorum

199 2133 564 2202 corporalium
592 2131 630 2197 ⁵,
662 2131 713 2186 in
757 2133 1037 2201 quibus-et
1070 2147 1169 2202 per
1195 2147 1333 2201 quae
1379 2143 1658 2203 operatur,
1691 2150 1783 2190 ac-

197 2225 419 2294 cipiens,
468 2239 670 2293 easque
697 2238 880 2279 secum
905 2223 1194 2296 colligens,
1227 2225 1491 2290 dividens,
1519 2226 1781 2281 ordinans

197 2321 462 2388 disponit;
498 2320 691 2374 deinde
719 2334 817 2389 per
844 2320 990 2389 ipsas
1032 2320 1097 2372 ad
1135 2320 1372 2376 rationes
1403 2336 1609 2382 earum,
1638 2338 1778 2392 qua-

198 2426 308 2463 rum
343 2410 672 2479 phantasiae
694 2409 1209 2479 suut,yperveuicns,
1239 2410 1379 2465 intra
1407 2411 1641 2481 seipsam
1660 2427 1776 2476 eas,

196 2502 430 2556 rationes
458 2500 605 2563 dico,
656 2508 855 2553 tractat
901 2508 1066 2568 atque
1109 2500 1434 2555 conformat.
1477 2500 1545 2554 Et
1594 2516 1693 2555 nec
1729 2512 1779 2557 te

194 2601 422 2656 moveat,
455 2592 599 2661 quod
625 2591 787 2663 paulo
816 2599 943 2645 ante
985 2591 1311 2646 exteriorem
1362 2606 1581 2645 sensum
1613 2592 1777 2660 phan-

196 2684 385 2737 tasiam
434 2698 620 2737 rerum
667 2681 1004 2737 sensibilium
1050 2696 1174 2737 esse
1214 2681 1583 2746 defiuivimus,
1634 2697 1778 2737 nunc

189 2785 313 2825 vero
347 2786 455 2841 per
483 2770 949 2840 eumphantasias
991 2771 1289 2825 earundem
1340 2784 1519 2825 rerum
1549 2770 1776 2824 sensibi-

193 2859 313 2914 lium
365 2860 439 2913 ad
502 2859 822 2914 interiorem
867 2873 1086 2914 sensum
1124 2859 1456 2928 IIpervenire
1496 2860 1772 2914 docemus.

190 2949 510 3004 i’raedictus
570 2949 768 3018 quippe
807 2947 828 2980 ‘
886 2949 1078 3003 tertius
1129 2958 1311 3003 motus
1354 2964 1422 3003 ex
1473 2948 1776 3019 phantasiis

191 3056 365 3095 rerum
396 3039 732 3094 exteriorum
754 3054 860 3110 per
880 3040 1215 3095 exteriorem
1245 3054 1463 3095 sensum
1498 3040 1600 3095 sibi
1631 3057 1771 3093 nun-

188 3131 342 3185 ciatis
377 3130 583 3185 moveri
625 3130 832 3202 incipit.
864 3129 1278 3185 Phantasiarum
1308 3124 1451 3184 ciiim
1477 3130 1613 3185 duae
1650 3145 1775 3201 spe-
1803 3113 1847 3173 (ἶ

190 3221 293 3274 cies
317 3229 469 3279 sunt,
519 3234 750 3289 quarum
790 3219 964 3289 prima
993 3228 1097 3284 est,
1127 3234 1267 3289 quae
1292 3234 1360 3274 ex
1389 3220 1630 3274 sensibili
1672 3236 1771 3274 na-

193 3323 303 3368 tura
353 3313 536 3381 primo
578 3311 633 3365 in
686 3311 1060 3366 instrumentis
1112 3328 1365 3367 sensuum
1414 3313 1675 3377 nascitur,
1718 3322 1774 3368 et

191 3402 363 3472 imago
394 3403 445 3455 in
494 3400 745 3456 sensibus
771 3416 1029 3471 expressa
1061 3403 1278 3472 proprie
1307 3412 1566 3466 vocatur,
1600 3402 1773 3457 altera

190 3505 313 3544 vero
337 3502 427 3546 cst
455 3493 591 3561 ipsa,
617 3506 756 3561 quae
788 3494 1143 3562 consequenti
1173 3493 1365 3549 ordine
1396 3510 1463 3549 ex
1492 3495 1771 3564 praedicta

190 3578 421 3650 imagine
446 3579 730 3643 formatur,
770 3588 825 3634 et
853 3589 939 3634 est
990 3580 1104 3649 ipsa
1134 3581 1435 3650 phantasia,
1469 3597 1608 3652 quae
1648 3598 1773 3653 pro-

188 3670 297 3738 prie
341 3684 538 3724 sensus
590 3669 832 3724 exterior
889 3670 1170 3724 consuevit
1221 3671 1508 3724 notuiuari.
1565 3672 1631 3725 Et
1682 3671 1770 3727 illa

189 3762 329 3831 prior
352 3761 571 3832 corpori
615 3776 827 3831 semper
854 3762 1132 3826 adhaeret,
1178 3764 1446 3833 posterior
1477 3778 1606 3818 vero
1652 3764 1769 3819 ani-

188 3868 333 3915 mae;
379 3863 434 3905 ct
466 3852 615 3922 prior
649 3852 899 3922 quamvis
950 3853 1004 3906 in
1046 3869 1207 3908 sensu
1238 3854 1330 3915 sit,
1379 3856 1615 3925 seipsam
1659 3870 1767 3911 non

187 3943 380 4003 sentit;
414 3944 680 4010 posterior
711 3958 837 3998 vero
867 3952 924 3998 et
957 3942 1191 4014 seipsam
1215 3946 1403 4011 sentit,
1442 3955 1499 4000 ct
1529 3946 1765 4016 priorem

187 4034 430 4103 suscipit.
485 4032 620 4087 Dum
669 4048 801 4087 vero
846 4035 1037 4090 tertius
1084 4034 1173 4090 ille
1226 4046 1407 4091 motus
1448 4038 1765 4107 phantasias

185 4139 365 4177 rerum
414 4124 703 4179 visibilium
732 4126 955 4191 deserit,
1002 4129 1282 4197 nudasque
1328 4130 1474 4183 omni
1508 4129 1768 4200 imagina-

187 4215 327 4270 tione
375 4231 634 4286 corporea
687 4219 924 4274 rationes
955 4234 1021 4274 ac
1066 4234 1164 4290 per
1207 4235 1268 4274 se
1308 4221 1581 4290 simplices
1631 4237 1766 4293 pure

185 4306 454 4379 intelligit,
486 4310 601 4379 ipse
629 4325 845 4379 quoque
873 4310 1099 4381 simplex
1149 4311 1484 4382 simpliciter,
1519 4312 1621 4369 hoc
1657 4322 1762 4378 est,

187 4399 516 4454 universales
570 4400 950 4455 universaliter
990 4401 1227 4457 rationes
1271 4402 1584 4469 visibilium,
1612 4405 1760 4459 omni

1885 1872 2101 1941 proprie
2127 1872 2223 1926 sed
2252 1871 2566 1927 translative
2597 1873 2665 1926 de
2708 1889 2773 1927 eo
2803 1876 3103 1944 praedicari
3145 1877 3473 1947 approbans,

1881 1968 2000 2024 νοῦς
2041 1977 2072 2016 a
2112 1961 2352 2024 Graecis,
2417 1978 2447 2016 a
2503 1964 2707 2017 nostris
2755 1964 3078 2029 intellectus,
3124 1968 3208 2020 vel
3238 1968 3472 2032 animus,

1882 2055 1967 2109 vel
1998 2069 2151 2110 mens
2180 2055 2401 2119 dicitur,
2428 2064 2483 2110 et
2513 2057 2942 2112 substantialiter
2969 2068 3071 2122 est,
3117 2070 3171 2115 et
3202 2062 3472 2133 principa-

1881 2144 1948 2199 lis
1978 2161 2105 2216 pars
2135 2147 2348 2201 animae
2375 2161 2497 2201 esse
2537 2147 2871 2219 intelligitur.
2904 2148 3020 2203 Non
3051 2151 3193 2205 enim
3217 2153 3359 2207 aliud
3385 2162 3471 2208 est

1880 2236 2093 2289 animae
2119 2236 2480 2291 essentialiter
2508 2250 2652 2301 esse,
2700 2237 3214 2294 et’substantialiter
3242 2242 3469 2297 moveri.

1879 2327 1996 2396 Ipsa
2027 2322 2291 2398 siquidem
2330 2329 2384 2381 in
2428 2329 2663 2382 motibus
2687 2329 2801 2382 suis
2831 2330 3101 2393 subsistit,
3129 2332 3317 2401 suique
3355 2350 3472 2388 mo-

1882 2426 1969 2472 tus
2007 2418 2059 2471 in
2092 2419 2205 2488 ipsa
2247 2419 2578 2482 subsistunt;
2619 2428 2704 2472 est
2746 2417 2889 2472 enim
2919 2419 3146 2488 simplex
3176 2431 3370 2476 natura
3414 2433 3472 2478 et

1880 2507 2181 2570 individua,
2210 2516 2561 2576 motuumque
2589 2522 2809 2561 suorum
2847 2506 3292 2564 substantialilms
3317 2511 3471 2566 dilfe-

1878 2596 2070 2652 rentiis
2098 2597 2436 2651 solummodo
2459 2598 2711 2652 discreta.
2747 2595 2881 2651 Nam
2918 2599 2961 2652 si
2988 2598 3257 2655 caelestes
3277 2616 3466 2657 essen-

1880 2685 2001 2748 tias,
2046 2700 2182 2755 quas
2227 2687 2392 2740 etiam
2434 2686 2476 2717 ¹²
2503 2685 2766 2740 caelestes
2810 2687 3035 2741 virtutes
3084 2689 3463 2761 angelicasqne

1878 2775 2060 2829 divina
2090 2774 2370 2828 nominant
2414 2773 2649 2844 eloquia,
2702 2773 2776 2827 nil
2806 2773 2951 2829 aliud
2982 2790 3102 2830 esse
3140 2778 3465 2834 substantia-

1877 2864 2002 2920 liter
2037 2880 2067 2919 a
2095 2865 2298 2919 sanctis
2318 2865 2548 2918 traditur
2576 2862 2826 2917 Patribus
2850 2863 2914 2928 ",
2947 2865 3051 2919 nisi
3081 2866 3461 2937 intelligibiles,

1877 2965 2160 3021 aeternos,
2207 2956 2661 3024 incessabilesque
2713 2965 2890 3009 motus
2936 2957 3080 3011 circa
3140 2960 3463 3028 principium

1877 3047 2140 3110 omnium,
2190 3062 2221 3100 a
2265 3061 2393 3116 quo,
2424 3054 2478 3100 et
2526 3060 2621 3115 per
2670 3032 2827 3115 queiu
2853 3044 2917 3106 “‘,
2947 3055 3003 3100 et
3043 3046 3094 3100 in
3136 3062 3263 3116 quo,
3294 3057 3348 3103 et
3395 3050 3464 3102 ad

1877 3152 2058 3207 quem,
2108 3145 2165 3193 et
2204 3145 2490 3191 moventur
2528 3145 2584 3190 et
2619 3136 2922 3190 "subsistunt
2947 3166 3018 3175 —
3043 3146 3126 3190 est
3172 3138 3315 3191 enim
3365 3139 3465 3191 iste

1878 3226 2158 3282 circularis
2208 3233 2386 3280 motus
2434 3224 2750 3279 caelestium
2790 3224 3052 3278 virtutum
3105 3225 3251 3280 circa
3303 3243 3461 3282 suum

1875 3316 2221 3387 principium,
2261 3315 2330 3369 ab
2374 3329 2441 3369 eo
2475 3313 2727 3368 videlicet
2776 3315 3042 3384 incipiens
3085 3325 3145 3369 ut
3190 3331 3219 3369 a
3260 3318 3462 3385 princi—

1874 3407 1994 3478 pio;
2048 3421 2144 3475 per
2186 3396 2359 3475 ipsum
2401 3418 2499 3473 per
2543 3418 2737 3457 causas
2763 3413 2978 3458 creatas
3020 3420 3246 3460 currens
3287 3406 3363 3470 ‘5;
3408 3407 3461 3461 in

1875 3495 2016 3565 ipso,
2047 3504 2106 3547 ut
2131 3493 2183 3547 in
2215 3493 2420 3567 legibus
2459 3493 2794 3548 naturalibus
2820 3493 2887 3555 ιθ,
2917 3508 3055 3562 quae
3086 3494 3137 3547 in
3168 3495 3284 3565 ipso
3312 3507 3461 3558 Sttttl,

1873 3597 2134 3656 extraque
2160 3601 2296 3655 quas
2324 3584 2505 3656 egredi
2538 3600 2637 3664 nec
2668 3585 2802 3650 vult,
2835 3600 2934 3640 nec
2962 3595 3157 3656 potest,
3178 3603 3275 3661 pec
3304 3604 3463 3658 posse

1871 3676 2081 3742 vult";
2114 3676 2166 3730 iu
2219 3676 2393 3747 ipsum
2416 3676 2485 3741 ⁸⁸,
2516 3685 2578 3729 ut
2632 3677 2685 3730 in
2742 3677 2901 3731 linem
2948 3692 3103 3733 suum
3134 3680 3349 3734 rediens
3368 3679 3454 3733 υτ

1873 3777 1927 3823 et
1982 3768 2034 3822 in
2099 3767 2212 3823 sola
2268 3768 2619 3839 intelligentia
2683 3768 2803 3824 talis
2870 3779 3047 3825 motus
3094 3779 3217 3836 est;
3296 3774 3459 3829 intel-

1870 3856 2040 3927 ligunt
2085 3857 2232 3914 enim
2283 3871 2341 3911 se
2393 3857 2462 3912 ab
2512 3857 2627 3926 ipso
2677 3872 2837 3921 esse,
2889 3867 2947 3911 et
2999 3874 3094 3927 per
3137 3862 3351 3929 ipsum,
3404 3872 3460 3917 et

1870 3947 1928 4003 in
1988 3947 2106 4016 ipso
2171 3946 2506 4001 intellectum
2555 3961 2709 4000 suum
2770 3946 2974 4000 moveri
3019 3947 3100 4011 ὀ,
3147 3957 3202 4002 et
3251 3950 3456 4005 nullum

1870 4037 2035 4091 alium
2081 4036 2243 4091 ﬂuent
2301 4041 2521 4104 praeter
2569 4032 2716 4105 illum
2739 4033 2783 4064 “
2813 4048 2872 4109 se
2923 4035 3123 4089 habere
3166 4052 3273 4090 non
3305 4038 3458 4106 igno-

1870 4137 1993 4184 rant
2030 4158 2099 4168 —
2134 4126 2260 4195 quid
2319 4125 2539 4187 obstat.
2603 4138 2670 4177 ne
2740 4123 2989 4179 similiter
3051 4126 3450 4198 intelligamus,

1869 4218 2132 4273 humanos
2161 4213 2464 4270 intellectus
2494 4212 2861 4267 indesinenter
2894 4213 3039 4268 circa
3084 4215 3247 4269 Deum
3281 4217 3444 4281 volvi,

1866 4308 2118 4377 quoniam
2159 4306 2229 4361 ab
2272 4305 2389 4374 ipso
2416 4343 2432 4369 ,
2476 4311 2530 4358 et
2569 4319 2663 4373 per
2714 4303 2920 4374 ipsum,
2974 4314 3030 4359 et
3084 4306 3134 4358 in
3186 4305 3301 4375 ipso
3329 4346 3344 4370 ,
3393 4316 3451 4362 et

1866 4401 1935 4455 ad
1989 4400 2165 4469 ipsum
2213 4396 2374 4451 sunt?
2434 4394 2634 4450 Eodem
2698 4410 2929 4463 mittique
2980 4394 3296 4466 intelligihili
3345 4398 3453 4452 cir-

185 4491 467 4558 pbautasia
514 4491 808 4555 absolutas,
843 4492 1004 4561 inque
1028 4494 1334 4563 semetipSis
1375 4496 1664 4563 purissime
1693 4513 1760 4553 ac
1794 4464 1842 4523 υ
1865 4489 1986 4545 culo
2016 4487 2319 4549 volvuntur,
2340 4485 2673 4555 praesertim
2719 4499 2840 4539 eum
2879 4484 3061 4538 divina
3094 4485 3305 4557 eloquia
3348 4487 3448 4541 he-

186 4580 461 4635 verissime
514 4591 844 4651 perspectas,
906 4597 1003 4652 per
1052 4584 1290 4638 medium
1330 4596 1533 4639 motum
1585 4588 1759 4656 primo

189 4671 351 4724 motui
389 4673 694 4725 renunciat.
724 4672 840 4742 Ipse
867 4687 992 4726 vero
1017 4674 1225 4743 primus
1254 4684 1450 4738 motus,
1483 4678 1757 4746 quodcun-

187 4775 288 4828 que
308 4777 372 4816 ex
401 4764 560 4819 tertio
589 4778 685 4833 per
728 4764 988 4832 medium,
1014 4775 1069 4819 et
1090 4780 1158 4819 ex
1204 4766 1319 4835 ipso
1348 4768 1523 4821 medio
1570 4770 1758 4824 inunc-

187 4853 403 4910 diateiu
452 4854 920 4911 moderationibus
970 4869 1150 4910 rerum
1200 4868 1504 4912 creatarmn
1532 4859 1553 4890 '
1587 4860 1757 4928 perci-

1864 4584 2063 4637 min’em
2097 4580 2165 4634 ad
2214 4578 2502 4646 imaginem
2546 4576 2636 4629 Dei
2684 4577 2881 4631 factum
2906 4576 3242 4645 perhibeant,
3303 4582 3448 4648 quod

1862 4676 1930 4729 de
1979 4672 2186 4744 angelis
2240 4669 2441 4725 dixisse
2485 4677 2672 4738 aperte
2708 4684 2812 4721 non
2848 4669 3138 4737 reperitur,
3187 4670 3448 4724 subintel-

1861 4765 2134 4836 ligendum
2180 4770 2359 4815 tamen
2391 4768 2612 4830 propter
2640 4757 3057 4813 intellectualem
3091 4768 3338 4813 naturam
3364 4776 3449 4812 res

1863 4855 2124 4926 linquitur
2147 4852 2213 4906 ".
2243 4851 2499 4905 Astantes
2512 4848 2674 4903 etiam
2698 4855 2754 4901 ct
2783 4847 3155 4902 ministrantes
3179 4847 3289 4902 Deo
3317 4862 3445 4902 cae-

1469 5027 1721 5083 V.\lll.\E
1761 5027 2164 5086 LECTIONES.

250 5186 377 5244 'Sic
420 5188 540 5253 CE;
571 5190 616 5243 Λ
661 5188 1039 5258 cognoscimus.

1136 5189 1354 5260 ‘Conj.,
1387 5190 1426 5242 A
1470 5189 1664 5245 Delinit
1705 5190 1874 5253 enim;
1920 5186 1961 5242 C
2016 5178 2272 5260 ripe/initi;
2386 5182 2566 5253 deﬁnit
2593 5183 2736 5260 (pero
2776 5183 3002 5260 0tn._-E.).
3074 5184 3208 5238 'Sic
3231 5183 3347 5249 CE;
3394 5185 3438 5238 Λ

185 5268 369 5312 ποια.
442 5258 580 5314 ‘Sic
616 5253 743 5323 ΑΕξ
775 5258 816 5312 C
855 5258 1214 5326 corporaliter.
1287 5253 1307 5291 ί
1331 5262 1421 5314 Sic
1462 5261 1579 5324 (1E;
1613 5264 1651 5312 Α
1685 5275 1778 5327 per
1821 5274 1943 5313 eum
1985 5257 2052 5310 ad
2079 5253 2714 5327 phantasia_s_ea_rnntlem
2743 5254 3067 5327 sensibilium
3111 5270 3281 5307 rerum
3321 5271 3438 5323 per-

182 5329 366 5399 venire
395 5330 650 5384 docemus
685 5328 776 5399 (ad
815 5329 1112 5399 interiorem
1154 5345 1359 5383 sensum
1389 5345 1496 5382 οιιι.
1527 5332 1613 5390 Α).

180 5395 205 5427 ⁸
225 5396 323 5469 Sic
343 5398 453 5465 CE;
473 5400 600 5469 quid
621 5395 704 5452 est
719 5399 916 5469 οιιιηᾼ.
988 5400 1009 5469 ξ
1032 5397 1124 5453 Sic
1142 5398 1265 5464 AE;
1294 5402 1334 5453 t.‘
1358 5401 1636 5469 incognito.

178 5466 342 5545 ctiam
358 5484 461 5524 om.
629 5469 675 5501 ³³
698 5466 1014 5545 ξξιὶῼΕὶκΛ
1036 5470 1269 5545 putribus
1292 5466 1540 5545 traditur.

178 5541 354 5603 ipsum
378 5541 634 5593 conditas.

180 5596 441 5665 C;Alini

179 5674 223 5708 ³⁸
248 5672 345 5729 Sic
380 5672 493 5743 CB;
525 5672 693 5732 illum.
717 5672 835 5732 om.
869 5678 929 5731 Α.

1690 5331 1709 5360 ⁶
1734 5328 1824 5383 Sic
1845 5328 1957 5390 CE;
1989 5328 2034 5381 A
2062 5329 2220 5380 enim.

1714 5401 1756 5431 ¹⁰
1778 5400 1868 5452 Sic
1887 5396 2003 5464 CE;
2025 5412 2157 5466 quae
2179 5411 2289 5449 om.
2315 5395 2378 5448 Α.

1618 5470 1660 5504 ⁸⁸³
1684 5469 1774 5523 Sic
1790 5467 1944 5522 ACE.

714 5539 757 5571 “
780 5538 871 5593 Sic
899 5537 1091 5608 CE;'7A
1117 5539 1327 5608 Regibus
1360 5541 1471 5592 suis
1499 5540 1851 5593 naturalibus.

515 5625 603 5663 um
625 5610 813 5678 quippe
844 5618 903 5660 ut
973 5607 1014 5638 ι’
1038 5607 1128 5678 Sic
1152 5605 1224 5670 C;
1256 5609 1298 5660 Λ
1324 5610 1560 5663 redeunt.
1581 5610 1619 5662 Ε
1645 5611 1694 5662 iu
1723 5610 1894 5678 ipsum
1918 5619 1962 5662 et
1987 5609 2040 5662 in
2070 5608 2228 5678 linem
2261 5619 2416 5659 suum
2446 5605 2698 5678 redigam.

1010 5680 1055 5708 "
1081 5677 1171 5731 Sic
1204 5678 1318 5743 (SE;
1345 5674 1835 5750 subintelligemlnm
1871 5709 1941 5718 ~—
1974 5677 2283 5747 relinquitur
2305 5689 2413 5729 om.
2446 5674 2508 5727 Α.

2306 5325 2325 5355 ⁷
2353 5323 2444 5378 Sic
2468 5325 2542 5385 A;
2573 5322 2613 5378 C
2636 5336 2963 5385 cunctarum,
2993 5324 3032 5377 Ε
3053 5333 3437 5377 creaturarum.

2455 5395 2494 5424 ¹¹
2519 5394 2607 5449 Sic
2629 5393 2745 5457 CE;
2778 5394 2819 5445 Α
2844 5394 2911 5446 de
2934 5395 3063 5461 ipso.
3106 5393 3181 5424 ‘"
3208 5393 3296 5445 Sic
3317 5394 3436 5458 L‘lu‘;

2032 5464 2075 5499 “’
2095 5465 2186 5521 Sic
2231 5466 2351 5524 (Ἐξ
2383 5464 2428 5518 Α
2467 5481 2558 5534 per
2584 5464 2750 5534 ipsum
2795 5480 2885 5534 per
2925 5465 3146 5515 rmiones
3183 5478 3308 5534 suos
3346 5481 3440 5532 per

1928 5539 1968 5570 ιτ
1994 5535 2085 5593 Sic
2111 5536 2226 5600 CE;
2254 5536 2296 5588 A
2324 5549 2421 5589 nec
2462 5532 2636 5611 colunt
2682 5532 3193 5611 nrc_“i,~gssenv£tunt.
3278 5532 3321 5563 “
3348 5536 3438 5588 Sic

2774 5602 2819 5633 ’θ
2849 5600 2938 5656 Sic
2966 5600 3082 5666 CE;
3111 5602 3150 5653 A
3179 5610 3438 5660 exerceri.
