3912 6154
444 284 548 337 573

1813 274 2095 338 ΙΟΑΝΝΙΞ
2135 276 2331 333 SCOTI

3604 274 3702 328 57G

454 396 619 448 lestcs
664 392 889 445 virtutes
937 391 1180 459 legimus,
1210 390 1499 445 humanam
1531 409 1657 446 vero
1690 404 1935 448 naturam
1976 395 2028 448 in
2060 406 2104 465 Α
2208 394 2351 447 Dtsc.
2380 392 2495 446 Non
2524 392 2695 446 solum
2724 392 2982 455 cottcede,
3036 405 3219 446 verum
3248 392 3413 447 etiam
3447 392 3700 465 intelligo,

454 483 626 537 Verbo
652 481 743 534 Dei
776 482 936 533 [)cum
968 480 1187 540 tactam,
1231 488 1285 532 et
1312 480 1505 534 sedere
1535 482 1601 534 ad
1631 482 1877 536 dextram
1910 484 2025 547 Dei,

452 586 506 629 et
539 588 783 643 regnare,
840 571 970 623 ﬁdes
1001 578 1232 624 testatur
1256 571 1542 626 catholica.
1592 573 1744 639 Quod
1802 582 1983 627 autem
2008 576 2025 604 ³

452 672 569 732 post
593 660 1046 714 resurrectionem
1083 660 1326 713 omnium
1356 660 1684 730 generaliter
1733 661 2027 715 omnibus'

449 754 754 809 hominibus
801 750 1056 804 Dominus
1084 751 1353 819 promittit
1395 750 1416 783 ³
1446 769 1458 803 :
1489 750 1659 805 Erunt
1690 753 1824 805 sicut
1853 752 2027 821 angeli

449 845 545 898 Dei
566 843 619 894 in
658 841 826 903 caelo,
857 842 921 894 de
977 841 1340 911 condignitate
1383 850 1629 905 naturae,
1667 844 1840 911 deque
1866 842 1889 873 "
1926 843 2027 895 im-

446 931 793 987 mortalitatis
838 930 1186 998 aequalitate,
1218 939 1272 984 et
1299 931 1441 999 quod
1464 932 1612 985 omni
1663 947 1793 987 sexu
1837 947 2027 1002 corpo-

444 1038 537 1076 reo
577 1022 833 1089 omnique
860 1020 1197 1090 corruptibili
1229 1021 1579 1090 generatione
1625 1022 1909 1088 carebunt,
1943 1023 2029 1077 ina

443 1113 791 1182 telligendum
824 1110 1077 1165 arbitror.
1115 1110 1351 1164 Primam
1378 1126 1608 1181 namque
1629 1113 1866 1167 hominis
1890 1128 2021 1167 con-

443 1204 700 1256 ditionem
732 1213 857 1285 ant'e
905 1210 1184 1269 peccatum
1222 1202 1276 1254 in
1324 1202 1613 1271 paradiso,
1664 1202 1768 1257 hoc
1812 1211 1916 1266 est,
1971 1203 2023 1257 in

444 1290 661 1345 caelesti
725 1291 1056 1344 beatitudine
1106 1290 1387 1361 aequalem
1444 1291 1688 1361 angelis,
1748 1305 1813 1345 ac
1858 1291 2025 1345 veluti

443 1383 851 1435 connaturalem
897 1379 1083 1444 fuisse,
1139 1396 1245 1434 non
1308 1381 1665 1451 incongruum
1713 1381 1735 1412 ⁸
1778 1380 2022 1436 credere.

444 1470 521 1523 De
573 1471 657 1524 his
714 1483 948 1538 namque
997 1469 1259 1523 ambabus
1304 1471 1554 1533 naturis,
1610 1469 1849 1540 angelica
1903 1470 2025 1525 dico

442 1570 604 1627 atque
649 1560 903 1621 humana,
946 1559 1214 1629 theologia
1264 1562 1599 1629 pronuntiat,
1649 1562 1880 1616 dicens:
1920 1560 2023 1627 Qui

442 1651 613 1719 fecisti
639 1649 809 1703 caelos
831 1652 883 1702 in
916 1649 1197 1713 intellectu,
1236 1652 1337 1705 hoc
1366 1660 1469 1713 est,
1498 1660 1559 1705 ut
1579 1652 1944 1707 essentialiter
1968 1662 2025 1706 et

2129 482 2642 537 excellentissimum
2692 480 2906 537 animae
2952 490 3157 534 motum
3195 482 3339 536 circa
3375 483 3698 553 incognitum

2130 573 2298 627 Deum
2339 572 2477 624 ultra
2508 584 2722 624 omnem
2772 571 3405 626 creaturamverissime
3435 575 3615 628 vocari
3653 584 3704 630 et

2129 662 2427 716 subsistere
2481 658 2832 713 intellectum.
2884 658 2992 713 Sed
3035 673 3143 729 quo
3172 660 3350 725 modo,
3385 660 3468 715 vel
3497 677 3601 731 qua
3631 679 3703 716 ra-

2128 751 2275 805 tione
2315 749 2639 811 intellectus,
2693 748 2821 801 dum
2870 747 3011 801 intra
3070 749 3331 803 terminos
3365 750 3633 807 humanae
3675 760 3699 792 ι

2127 849 2358 894 naturae
2388 837 2747 899 concluditur,
2766 851 2929 906 supra
2952 836 3186 906 seipsum
3213 853 3539 909 omnemque
3559 856 3701 896 creas

2128 936 2305 981 turam
2333 934 2511 997 potest
2542 926 2854 989 ascendere,
2883 934 2943 978 ut
2970 924 3112 979 circa
3144 926 3477 997 incognitum
3518 931 3697 991 Deum.

2126 1020 2218 1090 qui
2248 1020 2404 1089 longe
2431 1018 2499 1073 ab
2523 1018 2670 1072 omni
2718 1024 2899 1072 creata
2940 1025 3136 1070 natura
3182 1028 3422 1073 remotus
3450 1031 3555 1084 est,
3583 1037 3699 1078 suos

2125 1106 2508 1161 substantiales
2554 1115 2733 1161 motus
2777 1104 2955 1161 valeat
3008 1106 3289 1176 perlicere,
3338 1112 3698 1179 quaerendum

2125 1205 2257 1266 puto
2281 1197 2345 1249 “.

2195 1286 2331 1341 MAG.
2357 1286 2414 1340 in
2441 1288 2542 1342 hac
2567 1296 2728 1356 parte
2766 1285 3030 1353 tbeoriae,
3057 1302 3200 1357 quae
3230 1290 3296 1344 de
3329 1289 3697 1346 intellectualb

2122 1378 2224 1433 bus
2245 1378 2710 1447 rationalibusque
2737 1378 3055 1432 substantiis
3073 1379 3329 1449 disputat,
3361 1384 3489 1434 dum
3512 1397 3698 1451 pene-

2124 1470 2271 1522 nitur
2306 1468 2372 1521 ad
2411 1468 2885 1535 considerandum,
2943 1470 3215 1538 quomodo
3269 1478 3466 1524 natura
3521 1483 3697 1526 creata

2123 1566 2284 1615 extra
2317 1559 2550 1629 seipsam
2584 1566 2763 1627 potest
2782 1559 3098 1623 ascendere,
3126 1568 3184 1613 ut
3202 1561 3452 1614 crcatrici
3481 1570 3700 1615 naturae

2121 1648 2300 1703 valeat
2326 1648 2642 1711 adhaerere,
2670 1647 2848 1701 omnis
2869 1648 2933 1701 de
2972 1649 3211 1717 potentia
3240 1657 3471 1705 naturae
3493 1652 3707 1705 ratioci-

439 1739 869 1793 substantialiter
917 1738 1222 1793 intellectus
1299 1750 1500 1795 essent.
1560 1742 1827 1807 Quoniam
1892 1757 2023 1798 vero
2054 1742 2101 1803 B
2129 1740 2373 1795 nantium
2399 1740 2442 1771 "
2470 1739 2748 1809 inquisitio
2775 1738 2974 1794 delicit.
3024 1738 3140 1794 Non
3190 1740 3336 1794 enim
3372 1741 3445 1795 ibi
3480 1755 3701 1797 naturae

439 1837 615 1894 homo,
652 1848 769 1883 cum
803 1832 856 1883 in
886 1832 1083 1885 honore
1109 1842 1258 1892 esset,
1293 1849 1396 1886 non
1428 1833 1703 1899 intellexit,
1735 1843 1781 1887 et
1813 1851 2025 1903 compa-

443 1931 589 1973 ratus
619 1932 695 1973 est
729 1922 985 1989 jumcnlis
1035 1923 1421 1992 insipientibus,
1450 1934 1497 1976 et
1524 1924 1711 1976 similis
1757 1925 1927 1994 factus
1949 1932 2025 1977 est

441 2010 537 2071 eis,
568 2009 723 2077 longe
746 2025 812 2062 ex
842 2010 1082 2080 angelica
1116 2012 1377 2081 dignitate
1423 2015 1670 2078 recessit,
1705 2016 1865 2083 inque
1884 2031 2027 2069 tnor~

445 2100 614 2152 talis"
646 2100 802 2167 hujus
853 2102 993 2155 vitae
1041 2102 1405 2157 calamitatem
1457 2106 1670 2158 cecidit.
1732 2105 2024 2174 Postquam

439 2200 620 2244 autem
661 2189 881 2243 Verbum
926 2208 1050 2245 caro
1079 2184 1276 2262 factum
1302 2204 1403 2258 est,
1434 2195 1536 2248 hoc
1562 2205 1665 2260 est,
1695 2196 1837 2250 Deus
1865 2199 2026 2251 homo

442 2278 620 2332 factus
656 2289 759 2343 est,
801 2280 1075 2348 impletur,
1119 2283 1341 2351 quodin
1370 2284 1579 2352 psalmo
1611 2287 1870 2356 scriptum
1897 2298 2022 2343 est:

447 2369 589 2434 Quid
614 2381 688 2424 est
709 2372 886 2435 homo,
907 2374 1046 2442 quod
1067 2389 1265 2427 memor
1283 2391 1336 2428 es
1348 2376 1488 2446 ejus,
1509 2386 1600 2431 aut
1612 2377 1755 2446 ﬁlius
1779 2378 2023 2445 hominis,

443 2461 569 2528 quia
599 2461 778 2514 risitas
810 2478 928 2515 eum
955 2462 983 2516 7
1018 2462 1310 2517 Admirans
1334 2465 1581 2521 videlicet
1612 2468 1820 2536 primae
1847 2471 2029 2525 condi-

444 2549 608 2602 tionis
631 2551 895 2604 humanae
917 2561 1143 2605 naturae
1158 2552 1492 2608 altitudinem
1511 2574 1525 2609 :
1545 2557 1823 2613 Minorasti
1836 2577 1953 2614 eum
1978 2563 2024 2628 ⁷,

447 2638 644 2705 inquit,
690 2638 849 2709 paulo
898 2640 1072 2692 minus
1122 2642 1431 2712 abangelis,
1491 2647 1594 2701 hoc
1633 2657 1714 2702 est
1765 2650 2023 2707 minorari

444 2743 568 2780 cum
591 2729 785 2783 merito
807 2744 938 2783 suae
966 2732 1255 2799 superbiae
1281 2735 1598 2803 permisisti,
1632 2749 1687 2793 et
1717 2741 1769 2795 in
1799 2745 2028 2812 turpitu—

442 2818 623 2871 dinem
672 2817 1061 2874 irrationabilis
1107 2821 1252 2877 vitae
1299 2824 1495 2881 cadere
1532 2842 1629 2881 sua
1676 2832 1892 2901 propria
1928 2848 2027 2887 vo-

445 2906 651 2962 luntate
677 2908 962 2977 reliquisti.
998 2909 1140 2965 Deus
1158 2912 1302 2967 enim
1329 2912 1528 2982 facere,
1561 2919 1701 2987 quod
1731 2920 1845 2976 ﬁeri
1872 2922 2019 2987 sinit,

2129 1829 2287 1891 ratio,
2316 1829 2409 1882 sed
2437 1827 2652 1881 divinae
2699 1828 2907 1896 gratiae
2960 1827 3243 1883 ineliabilis
3292 1838 3348 1882 et
3405 1831 3707 1902 incompre-

2129 1920 2410 1977 hensibilis
2437 1921 2664 1975 altitudo
2707 1920 3058 1989 conspicitur.
3102 1920 3241 1974 Nulli
3279 1921 3547 1991 siquidem
3578 1938 3703 1977 con-

2127 2012 2273 2066 ditae
2308 2010 2645 2065 substantiae
2689 2009 3005 2063 naturaliter
3038 2010 3177 2079 inest
3201 2011 3393 2073 virtus,
3416 2026 3515 2080 per
3544 2029 3701 2081 quant

2126 2102 2299 2171 possit
2328 2111 2384 2154 et
2409 2101 2670 2154 terminos
2707 2110 2934 2154 naturae
2964 2114 3095 2154 suae
3117 2115 3391 2170 superare,
3422 2102 3702 2170 ipsumque

2128 2195 2297 2249 Deum
2332 2195 2641 2249 immediate
2667 2209 2766 2264 per
2795 2193 3028 2264 seipsqu
3081 2195 3381 2267 attingere;
3430 2196 3532 2250 hoc
3560 2198 3700 2250 enim

2127 2285 2292 2339 solius
2318 2293 2401 2339 est
2426 2286 2651 2355 gratiae,
2680 2284 2877 2339 nullius
2897 2301 3028 2343 vero
3059 2286 3273 2341 virtutis
3299 2295 3545 2341 naturae.
3570 2287 3701 2341 llinc

2128 2372 2401 2444 apostolus
2434 2373 2633 2428 fatetur
2657 2388 2718 2427 se
2765 2374 3064 2444 ignorasse,
3105 2376 3379 2444 quomodo
3403 2385 3599 2446 raptus
3626 2386 3705 2430 est

2126 2463 2181 2517 in
2200 2464 2529 2533 paradisum,
2553 2464 2739 2518 dicens
2765 2463 2923 2519 :Scio
2946 2464 3205 2519 hominem
3235 2476 3461 2536 raptum,
3492 2466 3589 2521 sed
3616 2483 3702 2520 ne-

2125 2557 2233 2608 scio
2253 2555 2511 2625 quomodo
2534 2555 2601 2621 ¹³,
2617 2556 2672 2609 in
2701 2570 2933 2625 corpore,
2952 2572 3019 2609 an
3039 2566 3188 2610 extra
3217 2572 3439 2627 corpus;
3471 2573 3536 2612 ac
3550 2559 3598 2611 si
3625 2559 3706 2611 di-

2124 2657 2275 2703 ceret
2324 2647 2386 2711 “,
2418 2664 2525 2703 non
2554 2648 2696 2703 enim
2752 2649 2804 2702 in
2836 2648 3169 2704 naturalibus
3192 2652 3405 2704 animae
3447 2650 3702 2710 motibus.

2124 2739 2180 2794 in
2211 2753 2438 2808 corpore
2456 2779 2462 2785 .
2482 2739 2561 2792 vel
2590 2747 2744 2794 extra
2773 2753 2989 2808 corpus,
3018 2740 3175 2794 video
3204 2739 3369 2793 ullam
3430 2740 3703 2803 virtutem,

2124 2849 2221 2905 per
2239 2847 2399 2905 quam
2432 2834 2543 2901 rapi
2572 2833 2774 2901 possim
2806 2847 2859 2886 in
2895 2833 3112 2887 tertium
3152 2832 3393 2897 caelum;
3429 2833 3582 2887 Deus
3608 2849 3707 2887 au-

2126 2934 2235 2981 tem
2260 2926 2306 2992 ‘2
2332 2925 2479 2980 solus
2527 2927 2652 2988 scit,
2684 2923 2837 2991 cujus
2863 2924 3037 2995 gratia
3064 2923 3177 2979 sola
3204 2936 3415 2993 raptum
3447 2938 3538 2978 me
3582 2924 3707 2978 l‘uis-

444 2999 607 3054 modo
638 3000 871 3067 quodam
899 3001 1149 3070 loquendi
1173 3005 1371 3086 dicitur
1396 3024 1409 3060 :
1433 3006 1614 3066 Gloria
1628 3022 1676 3065 et
1702 3014 1898 3070 honore
1932 3032 2021 3071 co-
2123 3032 2184 3073 se
2229 3032 2336 3072 non
2367 3017 2573 3086 ignoro.
2622 3014 2773 3068 Nulla
2804 3013 3068 3083 siquidem
3096 3021 3287 3067 natura
3329 3027 3426 3083 per
3468 3014 3705 3084 seipsam

443 3091 642 3145 ronasti
664 3106 804 3154 eum,
835 3100 882 3144 et
907 3094 1224 3148 constituisti
1246 3085 1365 3151 eum
1387 3115 1544 3169 super
1572 3117 1729 3171 Opera
1762 3120 2015 3162 manuum
2043 3086 2088 3150 (ἶ
2122 3115 2301 3176 potest
2343 3085 2637 3160 ascendere
2677 3104 2729 3158 in
2757 3104 2903 3158 illum
2954 3103 3151 3170 locum,
3191 3105 3258 3158 de
3288 3118 3395 3172 quo
3442 3103 3707 3159 Dominus

440 3191 678 3247 tuarum,
718 3187 894 3238 omnia
917 3186 1184 3256 subjecisti
1216 3190 1312 3243 sub
1351 3192 1566 3260 pedibus
1587 3196 1722 3264 ejus.
1764 3198 2019 3266 Videsne,

443 3282 709 3340 quantum
742 3274 975 3327 humana
1000 3284 1191 3330 natura
1222 3279 1275 3332 in
1300 3281 1717 3348 primothomine
1743 3295 1864 3354 post
1891 3302 2021 3357 pec-

399 3369 402 3373 ‘
443 3376 625 3417 catum
668 3365 968 3431 humiliata,
1017 3377 1071 3422 et
1099 3379 1359 3437 quantum
1407 3372 1458 3426 in
1498 3377 1737 3431 secundo
1782 3379 2020 3445 homine,

442 3453 501 3505 in
528 3454 749 3506 Christo
770 3454 912 3517 dico,
936 3469 1031 3523 per
1059 3458 1286 3527 gratiam
1314 3461 1585 3516 exaltata?
1608 3463 1887 3534 Siquidem
1910 3486 2019 3525 non

449 3541 623 3594 solum
649 3543 714 3595 ad
733 3542 1015 3607 pristinum
1042 3557 1264 3600 naturae
1293 3550 1457 3606 suae”
1480 3560 1702 3619 statum,
1722 3555 1789 3610 de
1808 3571 1914 3625 quo
1932 3574 2021 3615 ce-

449 3628 583 3682 cidit
605 3629 784 3691 homo,
801 3632 929 3684 resti
941 3640 1294 3696 tutus,verum
1309 3637 1472 3692 etiam
1486 3638 1537 3693 in
1555 3642 1730 3711 capite
1744 3659 1863 3709 suo,
1877 3647 2022 3716 quod

2125 3197 2237 3250 ait:
2267 3194 2369 3249 Ubi
2398 3211 2489 3265 ego
2529 3212 2665 3259 sum,
2719 3193 2829 3249 illic
2860 3204 2909 3248 et
2949 3196 3183 3248 minister
3225 3210 3371 3248 mens
3397 3196 3496 3249 erit
3529 3196 3601 3249 ¹⁶.
3641 3196 3709 3251 Ut

2127 3300 2257 3355 ergo
2287 3293 2507 3355 superat
2526 3299 2743 3339 onmem
2767 3283 3118 3350 intellectum,
3146 3285 3412 3354 quomodo
3444 3284 3542 3338 Dei
3575 3286 3707 3340 Ver-

2125 3376 2252 3431 bum
2295 3376 2574 3430 descendit
2606 3376 2659 3428 in
2690 3374 2997 3442 hominem;
3029 3376 3100 3429 ita
3130 3383 3349 3445 superat
3375 3390 3602 3432 omnem
3625 3394 3709 3432 ras

2125 3467 2347 3526 tionem,
2380 3462 2648 3533 quomodo
2671 3464 2832 3518 homo
2852 3463 3096 3518 ascendit
3118 3465 3172 3518 in
3200 3463 3388 3519 Deum.

2199 3554 2343 3609 Dtsc.
2393 3552 2712 3619 Quanquam
2742 3552 3009 3612 breviter.
3040 3560 3126 3606 sat
3157 3562 3334 3607 tamen
3372 3562 3424 3608 et
3461 3555 3503 3586 ⁸⁷
3562 3556 3711 3611 clare

2125 3654 2211 3702 est
2234 3660 2584 3716 responsum;
2631 3644 2877 3712 ideoque,
2914 3644 3057 3713 quod
3087 3645 3270 3711 instat,
3298 3647 3363 3700 ad
3402 3650 3709 3703 secundum

446 3729 532 3773 est
558 3720 806 3774 Christus
823 3761 837 3783 ,
874 3736 1036 3791 super
1061 3738 1249 3779 omnes
1283 3727 1543 3784 caelestes
1570 3732 1799 3790 virtutes
1820 3737 2023 3792 exalta-

452 3818 557 3862 tus.
593 3807 691 3863 Ubi
721 3809 863 3863 enim
901 3811 1195 3866 abundavit
1219 3826 1521 3884 peceatum,
1566 3826 2025 3891 superabundavit

443 3899 637 3966 gratia.
673 3898 728 3953 Si
753 3900 916 3968 igitur
945 3900 1176 3956 humana
1210 3914 1400 3961 natura
1428 3924 1533 3963 non
1561 3912 1733 3967 solum
1760 3916 1826 3969 ad
1851 3918 2025 3987 digiti-

443 3998 609 4043 tatem
651 3990 947 4060 angelicam
983 3993 1036 4045 in
1073 3993 1291 4051 Christo
1339 4009 1592 4055 renovata
1635 4008 1903 4073 pervenit,
1927 4023 2022 4063 ve-

445 4096 565 4134 rum
591 4080 752 4134 etiam
779 4081 919 4136 ultra
943 4098 1159 4138 omnem
1182 4096 1485 4143 creaturam
1516 4092 1567 4146 in
1596 4092 1761 4149 Deum
1785 4112 2022 4169 assump-

447 4184 499 4225 ta
530 4181 633 4237 est,
665 4182 722 4227 et
745 4175 885 4242 quod
912 4172 1114 4229 factum
1144 4184 1228 4229 est
1252 4177 1303 4230 in
1336 4180 1529 4249 capite,
1564 4183 1617 4237 in
1645 4188 1904 4243 membris
1936 4189 2022 4243 l‘u-

2125 3736 2338 3790 animae
2388 3741 2590 3788 motqu
2641 3733 3094 3787 considerandum
3151 3736 3346 3788 mentis
3386 3738 3567 3791 aciem
3638 3739 3712 3792 di«

2124 3827 2258 3896 rige.
2596 3836 2603 3839 ‘

2196 3916 2336 3970 MAG.
2366 3914 2541 3970 Motus
2573 3915 2786 3970 animae
2815 3913 3082 3969 secundus
3107 3923 3211 3978 est,
3243 3914 3586 3979 utdiximus,
3622 3917 3712 3985 qui

2123 4019 2179 4067 et
2226 4009 2368 4065 intra
2421 4008 2682 4062 terminos
2722 4015 2950 4061 naturae
3010 4007 3355 4071 continetur,
3419 3994 3713 4077 ipsumque

2125 4100 2292 4155 Deum
2335 4098 2630 4154 secundum
2675 4111 2892 4151 causam
2920 4096 3138 4157 deﬁnit;
3172 4097 3274 4151 hoc
3298 4105 3400 4160 cst,
3458 4097 3595 4152 illud
3626 4116 3714 4153 so—

2124 4188 2400 4244 lummodo
2446 4189 2514 4242 de
2564 4186 2677 4241 Deo
2709 4185 2984 4256 incognito
3041 4186 3257 4255 quidem
3313 4186 3357 4218 ³⁸
3401 4189 3709 4256 cognoscit,
3753 4186 3762 4256 ρ

447 4272 626 4318 turum
661 4279 783 4319 esse
838 4265 1059 4335 impium
1106 4275 1191 4321 est
1240 4282 1440 4340 negare
1489 4289 1503 4325 :
1552 4274 1679 4343 quid
1716 4278 1934 4344 tnirum,
1975 4282 2020 4336 si
2124 4282 2267 4352 quod
2296 4279 2559 4340 omnium,
2609 4291 2749 4346 quae
2793 4285 2938 4339 sunt,
2970 4291 3133 4331 causa
3187 4277 3275 4338 sit,
3308 4285 3363 4329 et
3413 4280 3565 4345 quod
3605 4282 3715 4349 pri-

449 4352 670 4407 humani
701 4354 1004 4411 intellectus
1036 4356 1109 4410 nil
1137 4357 1282 4413 aliud
1312 4360 1437 4425 sint,
1472 4363 1905 4426 nisiinell‘abiles
1942 4372 2021 4426 in-
2126 4368 2417 4425 mordiales
2458 4368 2697 4422 omnium
2730 4380 2929 4421 causae
2951 4366 3020 4420 ab
3046 4380 3113 4419 eo
3138 4374 3193 4419 et
3224 4367 3276 4419 in
3317 4381 3385 4420 eo
3416 4368 3717 4421 acternali-

443 4442 843 4511 ccssahilcsque
869 4446 1084 4500 motus?
1104 4446 1159 4500 In
1190 4448 1274 4503 his
1302 4449 1444 4516 dico,
1469 4455 1559 4523 qui
1588 4455 1734 4526 digni
1766 4470 1892 4516 sunt
1911 4464 2020 4518 cir-

2132 4470 2212 4515 ler
2228 4459 2481 4515 conditae
2505 4445 2634 4525 sint,
2656 4470 2950 4524 cantu-que
2978 4470 3283 4518 causarum,
3314 4466 3588 4525 quantum
3615 4458 3715 4511 da-

441 4542 506 4581 ca
541 4529 729 4595 Deum,
760 4533 814 4584 in
843 4549 945 4602 quo
991 4535 1189 4602 vivunt,
1220 4548 1267 4591 et
1310 4552 1602 4611 moventur,
1629 4556 1678 4600 et
1713 4560 1853 4603 sunt.
1885 4541 2022 4606 Sunt
2128 4559 2217 4604 tttr
2248 4549 2320 4613 ei,
2358 4548 2751 4603 intellectarutn
2805 4546 2905 4614 ipsi
2938 4544 3173 4608 animae,
3203 4544 3355 4612 cujus
3382 4553 3569 4598 motus
3600 4558 3711 4608 ρει,

442 4619 659 4712 quidem
685 4637 779 4689 per
806 4624 1064 4690 rationes,
1101 4628 1296 4696 quibus
1321 4633 1593 4701 existunt;
1618 4644 1902 4694 moventur
1924 4658 2022 4712 per
2126 4638 2488 4712 cognitionem
2517 4636 2798 4707 imprimit.
2831 4634 2899 4690 Ut
2923 4634 3070 4687 enim
3099 4647 3166 4688 ex
3201 4634 3560 4691 inferioribus
3584 4650 3716 4689 sen-

446 4710 684 4800 tationes
733 4713 1013 4776 virtutum,
1063 4718 1260 4786 quibus
1307 4720 1446 4779 bene
1481 4727 1716 4784 existere
1758 4710 2017 4800 possunt;

2132 4710 2358 4790 sibilium
2387 4746 2566 4787 rerum
2591 4729 2874 4798 imagines,
2901 4739 3038 4796 quas
3055 4723 3245 4780 Graeci
3278 4726 3603 4795 phantasias
3622 4742 3715 4780 vo-

443 4799 632 4892 sivunt
660 4817 759 4870 per
810 4804 1067 4871 rationes,
1097 4808 1294 4877 quibus
1343 4827 1558 4883 semper
1586 4799 1846 4875 existunt.
1883 4799 2020 4879 Sunt
2125 4838 2268 4891 cant,
2319 4826 2498 4879 anima
2531 4823 2750 4892 recipit;
2786 4821 2855 4874 ita
2902 4834 2965 4873 ex
3004 4816 3391 4887 superioribus,
3442 4818 3552 4872 hoc
3600 4827 3714 4883 est,
3774 4852 3781 4859 -

443 4891 622 4961 itaque
676 4897 721 4959 ',
774 4904 829 4949 et
859 4896 995 4953 bene
1039 4911 1185 4965 sunt,
1224 4912 1281 4957 et
1311 4918 1526 4975 semper
1553 4920 1700 4977 sunt,
1731 4914 1782 4967 in
1811 4915 1921 4971 Deo
1952 4917 2016 4972 '°.
2126 4904 2561 4990 primordialibus
2603 4891 2803 4969 causis-
2828 4912 3198 4983 cognitiones,
3227 4925 3366 4981 quae
3416 4926 3447 4962 a
3478 4909 3717 4966 Graecis

1711 5049 1966 5108 VARIAE
2004 5054 2401 5111 LECTIONES.

818 5145 877 5245 Α.
892 5147 1098 5245 (ἔςξηξεο
1118 5156 1146 5245 ι’
1174 5151 1407 5245 ACE;
1526 5165 1591 5218 de
1619 5169 1887 5225 omnibus.
1922 5242 1935 5245 _
1967 5173 2253 5245 fSichE;
2281 5174 2320 5227 A
2354 5173 2497 5245 dicit.
2633 5166 2736 5245 Sic_
2765 5163 2853 5245 ςξΕ
2876 5164 2972 5244 ξολ
2997 5180 3098 5245 ηοζι
3116 5162 3191 5245 εἰς
3217 5164 3594 5245 conndignilale
3620 5175 3717 5224 πά

444 5216 824 5309 {illuuiem}-
1165 5223 1206 5274 Α
1234 5243 1336 5309 [πίνη
1368 5216 1442 5285 est
1917 5242 1938 5272 ⁸
2281 5216 2736 5295 mortalitatisin"
2760 5233 2801 5289 C
2822 5216 2990 5309 enim.
3610 5216 3716 5294 ita:

443 5297 636 5375 ςξιῘςι-ςςμ
686 5284 707 5314 ⁸
1014 5304 1159 5375 ergo.
1240 5297 1284 5375 ξ’)
1308 5284 1433 5375 sunt
1940 5284 2053 5365 olli:
2180 5284 2194 5309 ’
2219 5284 2258 5344 ﬁ
2400 5284 2694 5375 titan
2721 5284 2999 5375 inlelligo._
3054 5284 3217 5375 "_Sit:
3410 5284 3716 5363 ratiocinii.

442 5356 713 5437 Hortum."
738 5353 783 5384 “
809 5353 1196 5437 qttontodo'ottt.
1226 5368 1291 5419 Α,
1370 5370 1415 5401 ιι
1444 5353 2047 5436 dg',’,",i,-ce',i;,‘,’,},',fdj"
2080 5353 2138 5415 ’ἷᾶ
2161 5353 2478 5437 αηιεξῇᾟιῖἶξ
2593 5353 2800 5433 “derit
2826 5353 2935 5428 otii.
2959 5370 3020 5424 C.
3101 5372 3139 5402 "
3167 5383 3213 5424 et
3237 5353 3345 5426 om.
3374 5376 3441 5428 Α.
3527 5378 3575 5407 ⁸⁸

440 5425 648 5493 quidem
675 5422 716 5477 C
738 5422 861 5494 quid
884 5434 978 5478 est.

1949 5515 2199 5572 NOTAE.

444 5591 540 5703 di;
566 5580 759 5707 ἕιῗῆιῦἰῗ
806 5587 896 5639 sed
921 5589 1179 5656 quomodo
1217 5599 1293 5649 rel
1326 5613 1428 5665 qua
1475 5602 1674 5657 ratione
1709 5603 1993 5660 intellectus
2030 5608 2155 5663 dum
2218 5621 2353 5664 intra
2409 5616 2658 5667 terminos
2686 5610 2967 5679 humanae,
2995 5603 3115 5658 coJ.
3146 5603 3183 5657 Ε
3209 5603 3335 5659 lolio
3362 5604 3494 5671 235,
3527 5611 3568 5664 ἱ»
3596 5628 3719 5667 mc-
