3912 6154
157 286 240 352 577
926 289 1014 350 DE
1053 284 1399 351 DWISIONE
1436 286 1792 348 NATURAE.
1819 317 1890 342 υ-
1929 292 2134 349 LIBER
2175 294 2550 355 SECUNDUS.

3266 301 3371 359 578

158 404 496 476 tbeopbanite,
531 419 560 458 a
594 403 806 458 Latinis
859 403 1054 458 divina:
1101 401 1467 472 apparitiones
1517 398 1693 454 solent
1721 410 1766 466 Α
1797 399 1960 456 tionis
1994 403 2213 458 nomine
2241 405 2583 474 appellatum,
2619 406 2670 460 in
2701 407 2946 477 proprias
2978 407 3216 464 rationes
3254 407 3373 462 sin-

156 497 406 566 appellari,
437 497 538 550 sibi
569 495 671 566 ipsi
707 493 899 564 inﬁgit,
929 503 982 548 et
1011 507 1105 563 per
1139 493 1286 561 ipsas
1324 491 1595 559 quandam
1626 489 1694 543 de

153 591 246 644 Deo
278 591 523 642 notitiam
553 589 778 656 percipit
797 603 824 652 ;-
841 601 934 654 per
964 587 1169 656 primas
1198 599 1388 638 causas
1414 585 1559 647 dico,
1587 599 1694 638 non

154 691 202 734 ut
223 675 1098 743 intelligat,quidsubstantialiter
1121 683 1244 729 sunt
1269 691 1282 739 ;
1313 674 1413 726 hoc
1436 673 1576 726 enim
1603 688 1694 724 su-

151 781 280 842 perat
307 785 524 825 omnem
557 770 753 823 anima:
784 779 1026 833 motum;
1078 769 1173 833 sed
1203 775 1264 820 ut
1313 765 1689 818 universaliter

142 860 418 912 mgnoscat,
449 845 572 911 quia
628 852 771 908 sunt,
805 845 968 910 inque
1003 858 1131 897 suos
1172 845 1394 899 elfectus
1429 846 1684 901 ineffabili

138 935 450 1004 processione
485 933 772 1004 proﬂuunt.
803 935 870 989 Et
899 936 985 989 hic
1012 945 1096 990 est
1117 945 1312 1000 motus,
1339 938 1428 1005 qui
1455 954 1484 992 τι
1512 938 1684 993 Grae-

136 1027 196 1079 cis
219 1027 353 1097 λόγος
383 1025 468 1082 vel
517 1027 752 1095 δύναμις,
785 1040 815 1078 a
844 1026 1047 1080 nostris
1075 1042 1205 1081 vero
1229 1028 1366 1082 ratio
1385 1044 1477 1083 seu
1512 1029 1685 1082 virtus

138 1126 352 1178 vocatur,
381 1125 437 1169 et
482 1131 550 1169 ex
581 1116 758 1186 primo
790 1127 939 1169 motu
991 1117 1252 1182 nascitur,
1302 1118 1393 1188 qui
1422 1127 1504 1173 est
1531 1118 1686 1174 intel-

136 1206 293 1262 lectus.
329 1207 485 1262 Sicut.
533 1208 676 1262 enim
729 1208 948 1276 quidam
997 1209 1213 1278 sapiens
1259 1209 1454 1264 artifex
1513 1219 1683 1265 artem

137 1314 260 1351 suam
283 1299 348 1351 de
381 1300 561 1368 seipso
592 1299 643 1352 in
668 1299 846 1367 seipso
870 1297 1051 1364 efﬁcit,
1078 1307 1133 1353 et
1162 1300 1214 1353 in
1246 1301 1382 1369 ipsa,
1413 1315 1554 1370 quae
1583 1302 1682 1356 sibi

135 1386 350 1440 facienda
402 1397 549 1451 sunt,
583 1389 891 1456 praenoscit
927 1388 966 1454 ¹,
997 1404 1291 1459 eorumque
1326 1405 1520 1445 causas
1549 1393 1600 1445 vi
1630 1401 1686 1448 et

134 1487 391 1545 potestate,
421 1479 734 1548 priusquam
764 1489 1062 1550 appareant
1096 1483 1220 1535 actu
1267 1491 1321 1535 et
1342 1497 1525 1552 opere,
1566 1487 1685 1540 uni-

133 1568 389 1621 versaliter
426 1577 587 1638 atque
627 1569 918 1623 causaliter
945 1579 1126 1635 creat;
1158 1571 1237 1626 sic
1271 1571 1578 1630 intellectus
1616 1577 1684 1630 de

134 1672 180 1709 se
222 1668 274 1710 et
317 1659 368 1711 in
410 1671 470 1712 se
521 1674 675 1712 suam
719 1660 984 1714 rationem
1015 1661 1220 1728 genuit,
1255 1662 1308 1715 in
1341 1678 1446 1732 qua
1475 1665 1680 1732 omnia,

1805 494 2052 558 gulamm
2100 511 2304 559 rerum,
2333 514 2452 563 quae
2490 500 2914 565 primordialiter
2943 500 2997 556 in
3031 501 3211 558 causis
3242 501 3367 556 uni-

1787 570 2181 642 versaliterque
2211 582 2426 627 creatae
2467 583 2610 638 sunt,
2637 577 2842 632 dividit.
2884 579 3124 634 Cunctae
3151 584 3367 650 qualem

1790 662 2060 717 essentiae
2084 663 2137 716 in
2169 663 2376 719 ratione
2409 682 2568 719 unum
2593 676 2736 728 sunt,
2764 685 2925 724 sensu
2953 687 3083 726 vero
3109 672 3161 725 in
3187 688 3370 728 essen-

1791 751 1892 807 tias
1921 753 2234 809 dilfcrentes
2270 755 2672 811 discernuntur.
2707 759 2954 816 Omnium
2987 763 3166 831 itaque
3190 779 3372 819 essen-

1791 841 1984 897 tiarttm
2013 859 2076 898 ex
2129 860 2346 899 suorum
2399 847 2786 916 principiorum
2828 852 3220 921 simplicissima
3255 847 3374 908 uni-

1791 939 1900 986 tate
1920 948 2017 1002 per
2040 933 2370 990 intellectum
2407 937 2821 992 descendentem
2868 941 3320 1010 simplicissimum
3347 943 3369 974 ³

1789 1022 2148 1091 cognitionem
2185 1025 2324 1079 ratio
2351 1027 2610 1098 percipit;
2635 1028 2726 1082 sed
2750 1046 2940 1085 sensus
2962 1032 3133 1101 ipSam
3163 1033 3370 1102 simpli-

1788 1114 2006 1170 citatem
2051 1131 2148 1186 per
2201 1115 2531 1187 differentias
2574 1129 2840 1191 segregat.
2895 1121 3154 1178 Similiter
3183 1140 3365 1179 rerum

1788 1217 1986 1270 genera
2025 1205 2370 1261 uniformiter
2392 1217 2445 1263 et
2471 1201 2790 1280 simpliciter
2819 1213 2872 1266 in
2907 1214 3017 1267 suis
3048 1215 3369 1269 universali-

1788 1293 1888 1348 bus
1907 1295 2106 1358 causis,
2132 1305 2186 1350 et
2214 1296 2233 1326 ⁹
2269 1297 2321 1350 in
2362 1299 2551 1368 seipsis
2592 1315 2689 1369 per
2732 1301 3060 1356 intellectum
3089 1305 3226 1358 ratio
3276 1319 3372 1359 cov-

1788 1385 2015 1452 gnoscit,
2039 1386 2180 1440 illam
2201 1391 2796 1465 verogeneralissimam
2813 1394 3232 1463 simplicitatem,
3258 1397 3312 1450 in
3334 1397 3350 1429 ³

1787 1489 1845 1529 se
1887 1475 1998 1545 ipsa
2025 1477 2354 1533 individuam
2381 1474 2671 1552 nullisque,
2706 1484 3023 1540 diii‘ereutiis
3049 1488 3368 1556 obnoxiam,

1786 1565 1948 1622 nullis
1976 1568 2344 1625 accidentibus
2385 1573 2703 1641 subjectum,
2738 1576 2897 1630 nullis
2940 1578 3126 1646 spatiis
3166 1577 3371 1634 distan-

1787 1664 1917 1720 tem,
1950 1656 2109 1712 nullis
2159 1661 2402 1728 partibus
2448 1665 2836 1732 compositam,
2886 1666 3032 1722 nullo
3069 1668 3226 1723 locali
3283 1669 3371 1724 vel

132 1762 248 1816 quae
276 1748 383 1800 vult
409 1747 610 1813 facere,
635 1751 1066 1820 praecognoscit,
1103 1751 1500 1823 causaliterque
1527 1770 1683 1823 prae-
1712 1743 1759 1803 Β
1789 1747 2069 1814 tempora“
2100 1747 2140 1781 ¹¹
2174 1758 2318 1807 "ml"
2364 1752 2589 1816 variam,
2636 1755 2688 1808 Ῐη
2717 1741 2926 1810 ἀίνέτδθ
2963 1774 3161 1826 genera
3218 1759 3370 1815 dme'

132 1848 276 1891 creat.
321 1836 454 1890 Nam
499 1854 606 1892 non
655 1839 800 1891 aliud
859 1838 1091 1895 dicimus
1132 1855 1253 1895 esse
1303 1843 1323 1872 ³
1377 1844 1682 1909 consilium,

132 1938 318 1998 praeter
368 1930 698 1984 artiﬁciosae
737 1930 935 1985 mentis
991 1941 1332 2001 conceptum.
1406 1932 1687 1990 Secundus

132 2021 291 2091 itaque
318 2029 496 2076 motus
523 2023 740 2077 animae
783 2032 867 2078 est
895 2024 1056 2088 ratio,
1087 2040 1227 2094 quae
1269 2025 1432 2080 veluti
1463 2027 1683 2096 quidam

131 2111 324 2166 obtutus
351 2112 722 2168 substantialis
751 2114 806 2167 in
839 2115 1022 2168 animo
1059 2115 1397 2186 intelligitur,
1426 2133 1490 2172 ac
1517 2119 1683 2174 veluti

132 2215 206 2254 ars
221 2202 283 2255 ab
306 2203 417 2272 ipso
463 2203 529 2257 de
557 2203 733 2273 seipso
761 2203 782 2236 ³
831 2206 887 2259 iu
931 2205 1108 2276 seipso
1139 2209 1339 2279 genita,
1384 2209 1436 2262 in
1467 2224 1571 2278 qua
1599 2225 1682 2276 ea,

133 2305 250 2358 quae
272 2292 376 2344 vult
415 2292 622 2359 facere,
673 2297 983 2364 praenoscit
1007 2297 1028 2326 ⁵
1057 2306 1113 2351 et
1165 2301 1498 2372 praecondit.
1536 2300 1686 2357 ideo-

133 2394 218 2447 que
242 2399 339 2436 non
367 2384 643 2439 immerito
684 2383 853 2441 forma
885 2387 1002 2457 ejus
1033 2390 1378 2457 nominatur;
1416 2392 1683 2462 siquidem

131 2470 226 2540 ipse
261 2490 350 2544 per
372 2490 430 2529 se
461 2476 636 2545 ipsum
664 2477 972 2547 incognitus
1000 2489 1102 2545 est,
1139 2482 1234 2536 sed
1280 2483 1336 2536 in
1362 2498 1458 2537 sua
1483 2482 1680 2549 forma,

131 2577 247 2630 quae
269 2573 348 2619 est
388 2567 552 2629 ratio,
592 2577 648 2622 et
678 2568 783 2622 sibi
811 2569 911 2640 ipsi
937 2579 993 2625 et
1020 2570 1138 2626 aliis
1182 2587 1445 2642 apparere
1475 2574 1682 2644 incipit.

129 2648 241 2707 Nam
262 2657 713 2723 quemadmodum
732 2675 893 2715 causa
917 2662 1160 2716 omnium
1188 2679 1285 2732 per
1307 2663 1560 2734 seipsam,
1584 2681 1686 2720 nec

128 2743 350 2812 aseipsa,
375 2762 476 2802 nec
507 2748 576 2802 ab
601 2746 782 2816 aliquo
820 2750 1049 2806 inveniri
1089 2762 1288 2821 potest,
1315 2755 1442 2824 quid
1473 2756 1582 2823 sit;
1629 2759 1681 2811 in

73 2831 86 2894 Ι
129 2835 222 2889 suis
236 2851 357 2891 vero
389 2839 731 2910 tbeopbaniis
763 2845 1160 2912 quodammodo
1191 2848 1539 2917 cognoscitur
1568 2866 1581 2902 :
1610 2849 1683 2904 ita

130 2928 422 2996 intellectus,
452 2935 545 3003 qui
595 2950 810 3005 semper
854 2938 1004 2993 circa
1048 2953 1173 2993 eum
1219 2939 1476 3007 volvitur,
1531 2949 1586 2996 et
1615 2944 1682 2998 ad

129 3018 228 3086 ejus
251 3022 531 3092 imaginem
572 3026 794 3080 omnino
835 3027 1066 3084 similem
1099 3030 1351 3086 conditus
1387 3040 1489 3096 est,
1526 3047 1626 3086 nec
1649 3047 1679 3086 a
1711 3064 1772 3148 C

131 3111 309 3148 enimn
372 3130 469 3148 non
501 3116 567 3148 ιιῑι
614 3115 795 3148 ..ιεηωι
826 3119 1046 3148 Mam":
1091 3129 1263 3148 κοίη..
1348 3123 1472 3148 -..ελ
1504 3125 1574 3148 ηε.
1625 3124 1675 3148 ε..

130 3123 178 3162 se
203 3111 329 3180 ipso,
371 3130 471 3169 nec
498 3116 567 3170 ab
613 3115 796 3186 aliquo
824 3119 1048 3188 intelligi
1090 3129 1290 3190 potest,
1345 3123 1473 3192 quid
1504 3125 1598 3190 sit,
1624 3124 1678 3178 in

131 3201 314 3256 ratione
346 3212 548 3269 autem,
593 3219 732 3274 quae
776 3208 841 3261 de
887 3208 1004 3277 ipso
1031 3207 1051 3239 ⁸
1074 3209 1338 3275 nascitur,
1365 3212 1556 3281 incipit
1591 3228 1682 3283 ap.

129 3303 315 3358 parere.
342 3290 495 3358 Quod
537 3309 667 3348 vero
700 3295 834 3361 dixi,
860 3312 1080 3353 causam
1131 3301 1373 3354 omnium
1399 3311 1454 3356 et
1483 3303 1687 3358 intelle-

133 3388 259 3435 ctum
296 3397 324 3434 a
355 3385 548 3454 seipsis
579 3402 686 3440 non
716 3388 958 3457 intelligi,
1001 3390 1129 3458 quid
1176 3392 1307 3460 sint,
1334 3409 1440 3462 qua
1470 3396 1684 3454 ratione

133 3482 286 3538 potest
307 3490 443 3539 esse,
477 3476 637 3546 paulo
681 3487 802 3547 post
854 3482 1308 3537 considerabitur.
1349 3485 1426 3540 De
1451 3490 1686 3545 secundo

135 3573 280 3626 motu,
303 3567 424 3634 quid
456 3568 558 3634 sit,
579 3577 635 3622 et
673 3570 816 3625 unde
861 3573 1123 3642 originem
1163 3577 1325 3630 ducat
1355 3577 1396 3642 ⁸,
1447 3580 1582 3634 satis
1613 3578 1688 3637 di-

135 3663 281 3721 ctum,
302 3669 357 3712 ut
378 3661 590 3730 Opinor.
623 3661 770 3718 Dtsc.
801 3665 897 3719 Sat
933 3667 1110 3735 plane.

193 3744 317 3802 Μλς.
347 3747 567 3806 Tertius
588 3752 774 3822 itaque
809 3765 978 3812 restat
999 3770 1195 3826 motus,
1219 3762 1311 3830 qui
1339 3763 1482 3818 circa
1505 3765 1688 3835 singu-

134 3831 199 3890 las
223 3838 540 3910 singularum
571 3844 590 3873 "
632 3860 814 3900 rerum
863 3849 1122 3916 rationes,
1165 3867 1307 3920 quae
1347 3854 1682 3925 simpliciter,

134 3924 222 3983 hoc
250 3941 344 3996 est,
388 3935 772 3992 universaliter
795 3938 849 3992 in
873 3940 1313 4008 primordialibus
1336 3924 1517 4000 cattsis
1551 3961 1684 4001 eon-

135 4017 256 4076 ditae
278 4033 414 4088 sunt,
445 4036 716 4093 versatur,
758 4039 832 4095 et,
871 4046 994 4086 cum
1033 4049 1098 4088 ex
1125 4035 1460 4093 sensibilium
1507 4054 1688 4094 rerum

132 4109 405 4176 phantasiis
425 4131 522 4185 per
544 4121 874 4175 exteriorem
891 4136 1110 4177 sensum
1141 4125 1242 4180 sibi
1267 4129 1540 4184 nunciatis
1570 4146 1686 4186 mo-

136 4206 206 4256 tus
229 4205 306 4258 sui
329 4207 697 4266 substantialis
717 4221 896 4266 sumat
916 4215 1221 4282 exordium,
1250 4219 1316 4273 ad
1338 4221 1687 4290 purissimam

132 4304 293 4349 rerum
343 4298 585 4353 omnium
631 4300 1013 4359 discretionem
1046 4321 1145 4376 per
1172 4310 1412 4368 rationes
1440 4315 1689 4384 proprias

132 4379 178 4434 in
199 4389 451 4444 essentias
487 4392 945 4462 generalissimas,
977 4397 1140 4468 inque
1159 4414 1355 4470 genera
1383 4405 1688 4472 generalia-

132 4487 203 4538 η,
230 4478 411 4535 deinde
438 4483 492 4536 in
526 4481 730 4540 formas
758 4488 1076 4559 speciesque
1103 4493 1548 4562 specialissimas.
1583 4499 1685 4554 hoc

129 4573 222 4631 est,
250 4569 300 4622 in
319 4587 572 4628 numeros
595 4574 1018 4634 innumerabiles
1042 4581 1412 4654 inﬁnitasque,
1439 4586 1691 4644 immuta-

133 4651 497 4718 bilibustamen
521 4674 749 4722 naturae
772 4683 904 4725 suae
925 4671 1186 4743 analogiis
1206 4651 1392 4732 ﬁnitos
1408 4678 1686 4748 'pervenit.

137 4742 194 4843 Fit
223 4749 304 4805 ille
332 4765 505 4810 motus
527 4766 634 4822 est,
661 4761 750 4827 qui
771 4776 965 4832 graece
987 4742 1186 4822 διὰιέοια
1221 4768 1305 4822 vel
1330 4742 1576 4846 ἕνὶβγηα,
1609 4774 1692 4830 la-

139 4833 236 4890 tine
254 4853 375 4895 vero
422 4859 616 4902 sensus
645 4848 728 4902 vel
772 4853 1019 4920 operatio
1069 4866 1323 4924 vocatur;
1358 4833 1534 4930 ipsum
1570 4865 1692 4921 dico

135 4936 351 4994 sensum,
375 4936 463 5001 qui
493 4937 871 4997 substantialis
902 4953 1006 5008 est,
1025 4953 1082 4999 et
1110 4947 1355 5013 interior,
1383 4953 1475 5021 qui
1503 4953 1691 5010 simili-

135 5022 208 5118 ter
233 5022 296 5075 ab
323 5024 592 5082 intellectu
617 5033 860 5100 procedit
885 5049 983 5104 per
1005 5038 1292 5118 rationem.
1320 5043 1492 5101 Omne
1517 5048 1690 5118 siqui-

133 5103 261 5172 dem,
291 5116 423 5181 quod
467 5117 772 5177 intellectus
810 5103 1349 5194 exiprimordial’ium
1405 5103 1689 5194 causarum

131 5203 357 5262 gnostico
379 5211 624 5264 contuitu
645 5214 750 5267 arti
773 5229 925 5282 suae,
950 5219 1052 5275 hoc
1072 5230 1178 5286 est,
1201 5225 1400 5280 rationi
1433 5227 1695 5298 imprimit

132 5299 434 5352 Persensum
461 5317 618 5356 suum
642 5319 708 5358 ex
739 5321 796 5360 se
821 5311 1227 5380 procedentem,
1251 5317 1479 5386 ejusque
1500 5335 1693 5389 opera-

1790 1837 2102 1906 rentiasque
2139 1840 2459 1908 praedictas,
2495 1843 2732 1912 aliasque
2759 1845 2902 1901 mille
2932 1848 3007 1911 ",
3038 1863 3228 1902 sensus
3249 1865 3371 1918 par-

1789 1923 1938 1979 titur.
1971 1925 2028 1979 Id
2079 1927 2254 1997 ipsum
2302 1939 2385 1984 est
2437 1931 2490 1986 in
2531 1926 2913 1991 differentibus
2959 1936 3169 2003 formis,
3228 1956 3370 2010 quae

1789 2017 2031 2072 consulta
2057 2019 2268 2076 ratione
2291 2020 2335 2052 ¹³
2360 2021 2412 2075 in
2444 2025 2729 2094 generibus
2749 2027 2862 2081 suis
2884 2044 3048 2083 unum
3071 2039 3213 2097 sunt,
3243 2047 3368 2086 sen-

1789 2121 1850 2160 su
1883 2115 2061 2164 tamen
2097 2120 2355 2180 operante
2391 2129 2489 2183 per
2524 2117 2814 2174 rationales
2844 2119 3219 2176 distinctiones
3249 2138 3278 2176 a
3309 2140 3370 2180 se

1789 2199 2018 2255 invicem
2049 2203 2429 2261 discernuntur
2469 2225 2482 2259 :
2513 2209 2615 2264 hoc
2644 2219 2746 2277 est,
2775 2227 2883 2281 quo
2915 2215 3074 2270 modo
3114 2217 3370 2273 naturali-

1789 2289 1891 2344 bus
1908 2292 2166 2358 motibus,
2189 2294 2368 2350 divina
2386 2299 2723 2366 providentia
2748 2315 2991 2373 regente,
3007 2305 3254 2373 jubente,
3280 2310 3370 2364 ad-

1789 2380 2149 2449 ministrante,
2184 2385 2237 2438 in
2268 2387 2531 2444 discretas
2576 2406 2756 2446 rerum
2788 2395 3249 2455 multiformitates
3287 2402 3370 2456 di-

1789 2471 2136 2540 viduntur“,
2182 2479 2296 2546 ipse
2326 2474 2628 2538 intellectus
2679 2487 2950 2543 mediante
3001 2492 3211 2547 ratione
3270 2509 3371 2563 per

1787 2565 2301 2624 consubstantialem
2375 2572 2476 2628 sibi
2527 2590 2743 2630 sensum
2799 2579 2914 2634 siue
2969 2596 3154 2639 errore
3209 2585 3363 2643 inve-

1789 2658 1951 2731 stigat
1981 2670 2036 2716 et
2071 2665 2438 2735 persequitur,
2483 2671 2754 2744 certisque
2792 2676 2990 2746 regulis
3019 2684 3370 2751 comprehen-

1787 2751 1884 2804 dit.
1936 2750 2076 2820 Quid
2112 2756 2284 2812 dicam
2333 2759 2399 2813 de
2430 2761 2658 2819 inﬁnitis
2703 2770 2962 2834 numeris,
3014 2750 3369 2844 qui,iquanto

1787 2842 2059 2901 interioris
2087 2862 2277 2904 sensus
2303 2853 2514 2908 actione
2541 2856 2654 2911 sive
2679 2858 2730 2912 in
2749 2861 2947 2931 seipso,
2971 2863 3083 2918 sive
3110 2866 3161 2918 in
3188 2883 3366 2923 rerum

1787 2945 1976 2991 natura
2025 2941 2350 3011 multiplices
2393 2945 2544 3008 ﬁunt,
2591 2957 2738 3005 tanto
2768 2953 2978 3008 ratione
3023 2959 3367 3014 considerata

1788 3027 1840 3082 in
1880 3031 1991 3085 suis
2060 3031 2251 3090 formis
2320 3038 2698 3096 universaliter
2736 3053 2788 3098 ct
2840 3046 3156 3116 simpliciter
3202 3067 3369 3106 unum

1793 3121 1951 3174 sunt?
1993 3121 2060 3176 Et
2086 3139 2145 3204 ut
2175 3127 2410 3182 breviter
2430 3130 2766 3202 colligamus,
2807 3140 3161 3209 quodcunque
3189 3143 3370 3199 anima

1786 3225 1884 3280 per
1919 3213 2150 3280 primum
2175 3232 2326 3271 suum
2343 3228 2566 3287 motum,
2591 3223 2681 3292 qui
2707 3235 2789 3280 est
2810 3226 3131 3298 intellectus,
3167 3233 3233 3288 de
3259 3234 3373 3290 Deo

1785 3311 1840 3357 et
1865 3303 1909 3334 ’⁸
1930 3304 2364 3375 primordialibus
2403 3313 2581 3367 causis
2631 3314 2969 3374 uniformiter
3002 3330 3057 3376 et
3093 3325 3374 3382 universa-

1785 3391 1910 3448 liter
1935 3399 2230 3466 cognoscit,
2261 3404 2498 3457 secundo
2521 3403 2618 3459 suo
2646 3408 2840 3474 motui,
2865 3408 2958 3478 qui
2983 3418 3064 3466 est
3090 3414 3250 3482 ratio,
3274 3431 3372 3472 eo-

1787 3486 1908 3540 dem
1922 3491 2084 3544 modo
2105 3491 2446 3549 uniformiter
2477 3497 2960 3573 universaliterque
2995 3506 3190 3576 inﬁgit.
3220 3510 3373 3578 Quod

1787 3594 1968 3640 autem
1989 3601 2018 3639 a
2046 3589 2418 3658 superioribus
2441 3609 2538 3663 per
2571 3595 2902 3654 intellectum
2933 3601 2985 3656 in
3022 3607 3234 3662 ratione
3262 3607 3373 3663 for-

1787 3685 1992 3732 matum
2044 3680 2271 3750 accipit,
2303 3682 2406 3738 hoc
2453 3693 2622 3740 totum
2675 3689 2729 3743 in
2773 3691 3037 3749 discretas
3083 3699 3372 3764 essentias,

1791 3767 1843 3820 in
1867 3768 2101 3823 discreta
2124 3785 2350 3840 genera,
2378 3773 2431 3827 in
2456 3775 2697 3832 diversas
2718 3777 2941 3846 formas,
2967 3783 3020 3836 in
3046 3787 3372 3858 multiplices

1792 3875 2044 3916 numeros
2075 3874 2172 3928 per
2211 3878 2436 3919 sensum
2482 3866 2830 3926 inferioribus
2859 3871 3143 3931 effectibus
3185 3878 3374 3935 distri-

1788 3951 1927 4006 buit.
1957 3951 2025 4006 Et
2055 3963 2116 4008 ut
2146 3955 2385 4024 apertius
2427 3957 2626 4023 dicam,
2659 3962 3018 4030 quodcunque
3061 3966 3242 4021 anima
3272 3969 3374 4023 ltu-

1790 4059 1949 4098 mana
1975 4060 2075 4116 per
2123 4047 2457 4103 intellectum
2499 4065 2656 4105 suum
2687 4051 2741 4105 in
2791 4055 3002 4110 ratione
3044 4072 3140 4111 sua
3168 4058 3235 4113 de
3265 4059 3376 4114 Deo

1792 4134 1969 4205 deque
1995 4151 2176 4191 rerum
2203 4138 2485 4208 principiis
2534 4138 2878 4198 uniformiter
2909 4147 3204 4216 cognoscit,
3235 4163 3379 4204 sem-

1789 4240 1890 4296 per
1914 4224 2262 4284 uniformiter
2303 4230 2567 4296 custodit;
2599 4233 2960 4304 quodcunque
3004 4252 3135 4293 vero
3175 4253 3271 4308 per
3297 4255 3380 4296 ra~

1793 4319 1994 4375 tionem
2044 4319 2096 4374 in
2141 4321 2323 4376 causis
2354 4338 2520 4377 unum
2574 4332 2630 4379 et
2680 4324 3022 4383 uniformiter
3081 4330 3380 4388 subsistere

1788 4411 2045 4484 perspicit
2075 4411 2118 4443 ³⁸
2135 4452 2152 4476 ,
2174 4412 2276 4468 hoc
2303 4421 2473 4468 totum
2501 4429 2599 4484 per
2613 4430 2831 4471 sensum
2856 4417 2910 4472 in
2934 4412 3221 4475 causarum
3248 4421 3380 4480 eﬁ'e-

1790 4513 1967 4570 ctibus
2014 4503 2380 4574 multipliciter
2404 4504 2445 4536 ¹⁷
2475 4513 2531 4561 et
2556 4505 2901 4564 uniformiter
2923 4510 2966 4541 ¹⁸
2996 4511 3274 4585 intelligit;
3325 4525 3382 4572 et

1791 4607 1988 4662 iterum
2009 4607 2205 4662 totum,
2233 4595 2380 4666 quod
2423 4612 2524 4667 per
2566 4611 2788 4653 sensum
2818 4599 3192 4672 multipliciter
3220 4621 3373 4678 spar-

1794 4711 1916 4752 sum
1956 4694 2012 4748 in
2041 4688 2326 4745 etl'ectibus
2371 4688 2640 4759 intelligit,
2670 4703 2770 4760 per
2810 4692 3074 4748 rationem
3112 4695 3167 4750 in
3199 4697 3379 4752 causis

1796 4800 1962 4841 unum
1991 4779 2340 4836 uniformiter
2365 4779 2668 4836 subsistere
2715 4783 2993 4852 perspicit.
3032 4782 3224 4840 Omnia
3251 4801 3381 4843 vero

1797 4892 1864 4931 ex
1888 4890 1994 4929 una
2021 4872 2263 4928 omnium
2287 4886 2451 4926 causa
2473 4880 2530 4926 et
2550 4871 3018 4952 multiplicationis
3046 4886 3381 4936 momentum

1799 4967 2064 5036 incipere,
2095 4971 2152 5018 et
2173 4963 2399 5018 unitatis
2443 4963 2870 5033 simplicitatem,
2901 4981 3006 5035 qua
3035 4967 3091 5022 in
3119 4985 3182 5024 ea
3207 4979 3384 5026 aeter.

1802 5056 1997 5112 naliter
2025 5063 2082 5109 et
2133 5054 2650 5109 incommutabiliter
2677 5056 2996 5122 subsistunt,
3047 5060 3192 5115 nullo
3220 5063 3383 5117 modo

1799 5146 2051 5200 deserere
2073 5185 2089 5209 ,
2123 5145 2396 5213 totiusque
2436 5146 2519 5200 sui
2556 5155 2737 5201 motus
2791 5151 2950 5206 linem
2983 5153 3036 5206 in
3073 5167 3194 5206 eam
3225 5163 3281 5208 et
3325 5153 3380 5208 in

1799 5253 1862 5294 ea
1896 5237 2218 5301 terminare,
2259 5252 2359 5307 per
2392 5237 2722 5294 intellectum
2761 5242 3051 5328 purissime
3083 5242 3380 5314 cognoscit.
3427 5253 3444 5268 α’

1803 5329 1878 5382 De
1925 5328 2099 5383 tribus
2139 5329 2352 5386 animae
2392 5331 2648 5397 motibus,
2699 5334 2805 5388 hoc
2834 5342 2938 5399 est,
2968 5334 3035 5388 de
3080 5333 3377 5400 intellectu,

1417 5406 1502 5462 VA
1512 5409 1671 5466 RIAE
1710 5413 2096 5472 LECTIONES

161 5542 172 5552 .
196 5475 212 5505 ¹
235 5476 573 5552 C_praevidet.

132 5548 584 5634 ξξίφξάίξναγηςαεε,
635 5555 656 5586 ⁸
682 5556 1000 5634 ῼρὶηιριίεἱδ
1043 5548 1504 5634 simplicissimum:

135 5621 332 5709 Easque
344 5625 619 5709 atqueglt'a
641 5627 788 5709 mille
813 5621 1131 5709 (praedictas
1143 5621 1231 5690 om
1247 5677 1256 5686 .
1275 5621 1361 5709 Ci.

433 5765 686 5826 Parum.
756 5771 1010 5838 CXXII.

653 5495 672 5524 ²
700 5485 808 5542 Pro
832 5490 1053 5548 dicimus
1073 5512 1184 5551 esse
1206 5495 1247 5552 C
1272 5508 1368 5553 est.
1444 5500 1465 5532 ³
1487 5499 1606 5558 Cde
1635 5506 1767 5576 ipso.
1843 5508 1864 5539 ι
1888 5508 1931 5562 Α
1957 5513 2368 5580 praecognoscit.
2447 5512 2469 5544 ³
2496 5510 2537 5566 C
2564 5512 2629 5568 de
2655 5515 2844 5582 seipso.
2921 5512 2942 5543 ⁸
2966 5512 3012 5566 Α
3053 5512 3216 5566 ducit.
3292 5514 3313 5546 '
3338 5514 3382 5572 Α

653 5560 656 5584 ¹
682 5556 1000 5634 ῼῌείηιριίεἱδ
1043 5567 1504 5634 simplicissimum.
1591 5577 1612 5608 ⁹
1641 5585 1690 5628 et
1716 5591 1824 5631 om.
1854 5577 1914 5634 C.
2017 5580 2058 5611 ¹⁰
2090 5581 2146 5634 in
2173 5596 2283 5634 om.
2307 5580 2368 5634 C.
2464 5582 2504 5613 ¹¹
2537 5582 2583 5634 Α
2605 5583 2884 5634 comorali.
2991 5583 3033 5614 "
3069 5584 3110 5634 Ο
3135 5580 3382 5634 differen-

1641 5591 1690 5628 ει
1716 5591 1824 5631 om.
1854 5591 1914 5631 υ.

135 5642 332 5712 ζξίίῖξξξυ
344 5642 619 5712 “7‘53"”
641 5642 788 5712 ’Ψηθ
813 5642 1131 5712 (PM-efﬁctas
1145 5652 1231 5690 0m
1247 5642 1361 5712 -_C).
1441 5642 1483 5672 ¹³
1503 5657 1601 5712 pro
1615 5645 1856 5701 consulta
1880 5649 2579 5706 rationeCconsideratione.

193 5701 386 5758 semper
415 5693 991 5800 ugiformiter
1010 5736 1081 5745 —-
1097 5693 1336 5776 perspicit
1350 5693 1477 5767 70m.
1504 5693 1597 5767 ’Ᾰί
1615 5693 1769 5772 vii-vd
2095 5693 2131 5704 ν
2144 5693 2636 5800 ἶῖἓῖῖιννίῆδῖηιὶεετ
2661 5735 2771 5776 om.
2801 5723 2866 5776 A.

2017 5580 2058 5611 ¹⁰
2090 5581 2146 5652 i_n
2173 5596 2283 5637 om.
2307 5580 2368 5636 C.
2464 5582 2504 5613 ¹¹
2537 5582 2583 5635 Α
2605 5580 2884 5652 corporali.
2920 5650 2928 5652 _
2991 5583 3033 5614 "
3069 5584 3110 5638 C
3135 5580 3386 5640 differen-

2659 5650 2703 5682 ιε
2723 5653 2763 5704 (3
2788 5650 3110 5708 dividantur.
3189 5653 3382 5712 “tia.

2993 5793 3073 5858 ιο
