3912 6154
524 248 638 307 ἳῖτῖ)

1887 253 2095 311 ιοΑΝΝ

2210 258 2416 318 SCOTI
2981 269 2988 280 ‘
3657 273 3738 332 550

535 376 806 444 quietiam
851 375 1114 440 essentia;
1144 375 1205 429 de
1243 375 1256 405 ¹
1294 375 1496 429 ratione
1523 417 1534 437 ,
1563 388 1699 443 quae
1736 374 1934 441 virtus;
1964 383 2018 430 et
2044 376 2112 430 de
2139 379 2185 438 Α
2213 377 2373 431 trium
2406 376 2719 432 Diviuitatis
2763 392 3112 450 personarum
3145 394 3413 452 cognosce
3445 382 3738 440 intellectum

535 483 717 532 sensu,
748 468 837 536 qui
885 468 1127 538 Operatio
1157 467 1374 530 dicitur,
1407 466 1734 522 suﬂicienter
1779 483 2020 532 suasum,
2052 477 2111 522 ut

539 559 746 626 opinor.
779 557 922 611 DISC.
950 555 1304 612 Lueidissime
1346 572 1409 611 ac
1440 557 1825 627 multipliciter.

601 648 692 702 24.
735 647 872 702 MAG.
896 647 1106 702 lntuere
1133 649 1334 718 itaque,
1365 650 1584 719 acieque
1609 650 1821 715 mentis,
1852 659 1960 705 tota
1989 665 2107 704 am-

531 739 807 807 biguitatis
851 739 1081 807 caligine
1109 741 1325 811 depulsa
1351 783 1365 804 ,
1403 757 1686 811 cognosce,
1737 757 1896 812 quam
1924 742 2068 798 clare
2090 783 2106 808 ,

531 844 689 898 quam
713 844 966 898 expresse
987 830 1200 885 divinae
1221 831 1476 885 bonitatis
1503 831 1872 886 substantialis
1894 831 2110 886 trinitas

529 919 582 972 in
613 919 846 973 motibus
875 920 1140 975 humanae
1163 929 1388 975 naturae
1412 927 1434 958 ²
1485 930 1630 975 recte
1656 935 1750 976 eos
1776 921 2109 976 intuentibus

529 1008 754 1072 arridet,
787 1025 952 1078 seque
984 1011 1004 1042 ³
1032 1011 1200 1080 ipsam
1232 1011 1319 1080 pie
1343 1013 1726 1081 quaerentibus
1755 1027 1834 1076 se,
1863 1012 2026 1067 veluti
2054 1011 2107 1066 in

525 1099 758 1168 quodam
785 1100 1003 1170 proprio
1032 1101 1248 1170 speculo
1299 1101 1366 1154 ad
1405 1101 1694 1172 imaginem
1742 1117 1896 1157 suam
1941 1102 2104 1167 facto,

526 1187 903 1257 limpidissime
931 1192 1272 1256 manifestat,
1303 1201 1504 1247 etcum
1543 1194 1612 1247 sit
1651 1195 1718 1247 ab
1763 1195 1908 1250 omni
1955 1210 2108 1249 crea-

525 1287 648 1332 tura
707 1289 942 1344 remota,
997 1283 1251 1352 omnique
1300 1284 1594 1338 intellectui
1648 1285 1958 1355 incognita,
2011 1300 2108 1354 per

524 1368 812 1440 imaginem
838 1386 988 1424 suam
1030 1379 1085 1426 et
1125 1372 1528 1428 similitudinem
1557 1373 1719 1427 veluti
1756 1361 2022 1443 cognitam
2052 1383 2107 1428 et

521 1462 1064 1532 comprehensibilcm
1109 1465 1558 1520 intellectualibus
1603 1467 1795 1530 oculis,
1837 1482 1900 1520 ac
1943 1467 2104 1522 veluti

519 1560 862 1620 praesentem
905 1555 1135 1624 seipsam
1175 1555 1459 1624 depromit,
1508 1556 1756 1627 ultroque
1805 1557 2101 1626 specillam,

520 1642 576 1696 in
606 1658 709 1712 qua
743 1644 964 1709 relucet,
989 1645 1258 1715 puriﬁcat,
1287 1656 1344 1700 ut
1371 1649 1424 1701 in
1452 1663 1513 1703 ea
1545 1649 1844 1705 clarissime
1869 1650 2105 1721 resplen-

2212 478 2455 522 uOstrum
2479 469 2681 536 omnia,
2714 485 3050 541 quaecunque
3063 463 3127 526 de
3151 472 3260 526 Deo
3281 473 3562 543 causisque
3590 491 3736 531 rerum

2211 568 2388 630 potest
2412 560 3130 631 intelligere,universaliter
3157 565 3208 620 in
3236 565 3446 620 ratione
3473 581 3566 636 per
3585 572 3736 636 cogni-

2216 651 2412 705 tionem
2440 661 2562 706 actu
2588 653 2829 708 scientiae
2851 670 3059 716 creare,
3078 657 3178 710 hoc
3207 666 3290 712 est
3322 657 3577 720 formare,
3597 670 3642 712 et
3660 675 3737 727 per

2210 747 2430 789 sensum
2465 739 2975 795 consubstantialem
3015 743 3115 797 sibi
3145 745 3553 813 particulariter
3583 747 3628 799 in
3653 748 3744 802 sin-

2209 825 2360 893 gulas
2400 842 2581 883 rerum
2625 830 2982 897 definitiones,
3031 849 3167 902 quas
3203 835 3255 889 in
3305 837 3512 892 ratione
3553 838 3738 910 colligit,

2208 920 2676 989 contemplationis
2696 924 2894 978 virtute
2916 925 3229 983 inconfusae
3249 928 3513 994 dividere;
3549 930 3639 986 hoc
3659 943 3736 994 est,

2209 1025 2358 1064 suam
2376 1013 2734 1083 cognitionem
2750 1015 3036 1086 unicuique
3051 1020 3425 1077 cautissimae'
3442 1022 3741 1079 discretionis

2209 1098 2450 1153 contuitu
2464 1104 2888 1160 accommodare.
2905 1105 3049 1161 DISC.
3067 1105 3210 1164 Haec
3227 1111 3616 1178 quodammodo
3635 1114 3736 1169 milii

2207 1186 2602 1255 splendescunt.
2631 1190 2736 1247 Sed
2756 1195 2883 1262 quid
2904 1196 3068 1250 distat
3089 1197 3229 1253 inter
3244 1201 3605 1269 Operationem
3620 1217 3742 1259 erea-

2209 1280 2361 1334 tricis
2391 1281 2648 1338 trinitatis
2689 1295 2743 1338 et
2786 1302 2891 1340 non
2935 1297 3170 1354 creatae,
3213 1300 3268 1346 et
3300 1301 3479 1348 actum
3521 1295 3741 1350 trinitatis

2209 1379 2424 1424 creatae
2459 1380 2513 1425 et
2549 1372 2571 1403 ⁸
2615 1376 2872 1440 creantis,
2924 1379 3156 1433 nondum
3199 1382 3486 1451 perspicio.
3531 1384 3742 1441 Creantis

2208 1456 2356 1522 dico;
2399 1473 2505 1513 non
2547 1462 2689 1515 enim
2727 1465 3055 1533 dubitamus,
3090 1471 3384 1526 trinitatem
3431 1484 3639 1530 nostrae
3663 1492 3741 1528 na-

2211 1555 2382 1613 turae,
2411 1565 2550 1620 quae
2577 1569 2680 1606 non
2711 1555 2887 1626 imago
2914 1556 3006 1612 Dei
3034 1569 3134 1623 est,
3161 1561 3252 1614 sed
3280 1562 3345 1615 ad
3375 1563 3648 1634 imaginem
3667 1565 3741 1620 Dei

2208 1639 2441 1704 condita,
2476 1641 2588 1696 sola
2618 1645 2814 1714 quippe
2835 1645 2855 1674 ’
2885 1663 3007 1702 vera
3039 1648 3217 1718 imago
3245 1650 3526 1708 invisibilis
3551 1655 3633 1709 Dei
3657 1664 3744 1720 est,

520 1737 707 1792 descal
729 1736 752 1768 δ
799 1753 902 1790 una
927 1739 1228 1793 essentialis
1252 1740 1470 1795 bonitas
1492 1741 1544 1795 in
1570 1741 1742 1796 tribus
1769 1742 2099 1806 substantiis,
2135 1728 2181 1787 Β
2209 1739 2264 1783 ει
2291 1731 2343 1784 in
2363 1731 2520 1786 'nullo
2545 1734 2843 1803 dissimilis,
2865 1739 3196 1810 unigenitum
3227 1744 3317 1798 Dei
3351 1744 3601 1810 Verbum,
3624 1745 3744 1801 Patri

518 1840 658 1896 quae
697 1827 876 1882 unitas
921 1835 977 1882 et
1022 1828 1233 1882 trinitas
1279 1829 1330 1883 in
1373 1831 1547 1900 seipsa
1594 1844 1692 1899 per
1728 1831 1958 1900 seipsam
1998 1847 2102 1884 non

519 1928 834 1990 appareret,
879 1919 1002 1988 quia
1037 1935 1252 1974 omnem
1303 1921 1637 1976 intellectum
1685 1919 1869 1992 eﬁ’ugit
1905 1921 2100 1976 eximia

523 2026 654 2066 suae
682 2011 949 2066 claritatis
975 2011 1259 2076 inﬁnitate,
1289 2012 1388 2067 nisi
1413 2012 1466 2066 in
1499 2028 1595 2068 sua
1621 2014 1851 2083 imagine
1878 2015 2102 2085 vestigia

517 2105 839 2175 cognitionis
860 2120 990 2160 suae
1017 2105 1352 2176 imprimeret
1377 2124 1389 2158 :
1422 2104 1598 2161 Patris
1621 2105 1882 2176 siquidem
1911 2107 1964 2160 in
1989 2107 2105 2160 ani-

512 2214 628 2264 mo,
657 2198 779 2254 Filii
805 2199 856 2253 in
891 2200 1119 2260 ratione,
1153 2199 1325 2253 sancti
1355 2197 1588 2270 Spiritus
1611 2200 1663 2254 in
1689 2215 1849 2256 sensu
1879 2201 2106 2270 apertis-

503 2288 652 2344 sima
680 2289 902 2344 lucescit
925 2289 1240 2344 similitudo.
1268 2290 1405 2344 Nam
1428 2292 1880 2360 quemadmodum
1910 2292 2100 2346 Filium

515 2385 690 2431 artem
716 2377 1103 2447 omnipotentis
1128 2377 1352 2433 artificis
1378 2380 1695 2443 vocitamus,
1739 2396 1838 2434 nec
1868 2381 2104 2435 immeri-

516 2477 590 2532 to,
619 2469 871 2538 quoniam
901 2469 953 2523 in
981 2468 1116 2539 ipso,
1135 2483 1229 2522 sua
1248 2469 1445 2539 quippe
1470 2471 1760 2540 sapientia,
1778 2472 1968 2528 artifex
1992 2489 2103 2528 om-

517 2560 768 2630 nipotens
793 2560 955 2614 Pater
985 2561 1097 2630 ipse
1119 2561 1318 2623 omnia,
1352 2576 1704 2631 quaecunque
1733 2561 1922 2628 voluit,
1952 2561 2100 2627 fecit,

499 2651 967 2721 .aeternaliterque
1033 2660 1088 2706 et
1141 2652 1654 2707 incommutabiliter
1704 2653 1987 2707 custodit:
2026 2654 2098 2708 ita

493 2741 702 2797 etiam"
730 2743 1000 2796 humanus
1042 2742 1384 2806 intellectus,
1431 2745 1787 2814 quodcunque
1833 2745 1899 2798 de
1954 2745 2096 2810 Deo,

513 2835 685 2904 deque
705 2834 945 2888 omnium
971 2847 1151 2888 rerum
1174 2834 1452 2905 principiis
1477 2835 1762 2904 purissime
1784 2835 2099 2890 incunctan-

485 2933 702 2995 iterque
715 2923 966 2994 percipit,
989 2922 1153 2978 veluti
1179 2923 1232 2977 in
1261 2925 1492 2993 quadam
1519 2933 1637 2980 arte
1662 2939 1781 2991 sua,
1813 2925 1864 2979 in
1890 2926 2098 2979 ratione

475 3046 483 3051 -
511 3015 656 3080 dico,
688 3015 920 3071 mirabili
943 3015 1173 3086 quadam
1204 3017 1516 3086 operatione
1541 3017 1799 3074 scientiae
1827 3027 1976 3073 creat
2001 3033 2096 3088 per

2207 1829 2262 1873 et
2301 1819 2524 1892 Spiritui
2574 1827 2946 1893 coessentiale,
2973 1846 3078 1885 non
3125 1832 3298 1886 solum
3337 1835 3403 1889 de
3449 1837 3612 1891 nihilo
3646 1851 3746 1890 esse

2207 1923 2468 1980 creatam,
2496 1932 2676 1970 verum
2694 1919 2856 1972 etiam
2879 1922 2979 1976 sub
2996 1938 3054 1977 se
3080 1925 3436 1980 adhaerentes
3465 1929 3565 1982 sibi
3587 1943 3746 1983 sensus

2207 2019 2569 2075 sensuumque
2612 2006 2884 2074 ollicinas,
2918 2019 3192 2083 totumque
3221 2015 3322 2070 hoc
3361 2032 3558 2086 corpus
3595 2034 3742 2082 suum,

2208 2094 2434 2148 mortale
2464 2096 2603 2160 dico,
2633 2113 2851 2164 creare;
2885 2115 2947 2156 ex
2971 2102 3076 2156 Deo
3103 2105 3368 2173 siquidem
3396 2110 3464 2161 ad
3492 2108 3742 2178 imaginem

2207 2183 2301 2238 Dei
2325 2185 2390 2241 de
2410 2187 2452 2216 ¹⁰
2479 2187 2648 2242 nihilo
2661 2188 2796 2244 facta
2811 2201 2921 2255 est;
2943 2207 3138 2263 corpus
3161 2209 3289 2250 vero
3301 2198 3581 2269 suumipsa
3604 2209 3744 2262 creat,

2207 2290 2312 2328 non
2345 2285 2521 2331 tamen
2547 2278 2614 2333 dc
2639 2280 2808 2335 nihilo
2830 2322 2846 2348 ,
2875 2283 2966 2336 sed
2998 2285 3062 2338 de
3096 2285 3294 2356 aliquo.
3323 2287 3518 2342 Anima
3549 2303 3745 2359 namque

2208 2368 2570 2438 incorporales
2615 2373 2902 2442 qualitates
2950 2375 3001 2430 in
3046 2393 3207 2431 unum
3243 2380 3664 2451 conglutinante,
3703 2389 3748 2435 et

2205 2458 2359 2524 quasi
2426 2461 2693 2528 quoddam
2754 2461 3052 2530 subjectum
3111 2466 3241 2535 ipsis
3299 2468 3638 2537 qualitatibus
3691 2484 3746 2523 ex

2203 2551 2504 2616 quantitate
2529 2563 2775 2608 sumente
2794 2563 2847 2608 et
2872 2567 3223 2626 supponente,
3248 2574 3446 2629 corpus
3473 2562 3574 2616 sibi
3605 2571 3746 2623 creat,

2204 2639 2257 2692 in
2289 2653 2396 2708 quo
2426 2640 2666 2696 occultas
2706 2658 2833 2699 suas
2857 2647 3095 2700 actiones
3121 2662 3219 2717 per
3252 2662 3310 2702 se
3341 2649 3631 2705 invisibiles
3655 2666 3753 2704 ma-

2203 2731 2396 2786 nifeste
2416 2735 2641 2802 aperiat,
2665 2737 2828 2807 inque
2855 2739 3162 2795 sensibilem
3193 2742 3470 2798 notionem
3494 2745 3752 2814 producat,

2204 2830 2261 2875 ut
2304 2823 2416 2892 jam
2460 2825 2512 2878 in
2560 2825 2727 2895 priori
2780 2827 2916 2883 libro
2954 2829 3282 2900 disputatum
3323 2843 3445 2898 est,
3489 2843 3544 2888 et
3571 2834 3753 2896 adhuc,

2201 2917 2325 2970 dum
2350 2917 2416 2970 ad
2443 2918 2932 2974 considerationem
2960 2923 3187 2978 actionis
3200 2926 3627 2993 primordialium
3646 2941 3756 2981 cau-

2202 3020 2382 3061 sarum
2419 3019 2736 3077 perventum
2777 3010 2960 3077 fuerit,
2995 3012 3305 3082 diligentius
3341 3015 3753 3087 investigabitur.

477 3133 482 3138 ο
511 3104 904 3174 cognitionem,
932 3080 1096 3174 inque
1125 3080 1505 3160 secretissimis
1535 3105 1742 3161 sinibus
1767 3106 1936 3177 ipsius
1960 3107 1981 3134 "
2001 3080 2092 3162 re-
2122 3080 2165 3142 ί
2198 3095 2350 3152 Νυηο
2378 3109 2581 3163 autem:
2611 3100 2752 3168 «ιυοά
2779 3100 2961 3164 instat,
2994 3104 3208 3173 ερετίειε
3232 3103 3434 3177 ﬂagito-

479 3198 694 3253 rcondit
722 3213 818 3268 per
845 3197 1182 3253 memoriam.
1227 3195 1301 3252 Ut
1332 3205 1511 3251 autem
1556 3197 1721 3252 Pater
1757 3197 1935 3268 opifex
1976 3213 2094 3252 om-

513 3291 663 3347 nium
688 3291 1048 3361 omnipotens,
1075 3303 1428 3361 quaecunque
1473 3289 1527 3344 in
1557 3298 1674 3344 arte
1699 3305 1818 3356 sua,
1843 3306 1982 3360 quae
2012 3301 2096 3345 est

487 3377 685 3450 ‘ipsius
715 3378 979 3450 sapientia
1000 3386 1056 3433 et
1079 3379 1270 3442 virtus,
1302 3378 1356 3432 in
1388 3377 1565 3434 Verbo
1593 3393 1711 3444 suo,
1740 3378 1793 3433 in
1822 3379 2095 3449 unigenito

505 3465 666 3531 Filio,
693 3467 854 3522 simul
892 3474 947 3521 et
971 3466 1158 3531 semel,
1182 3466 1621 3536 primordialiter,
1645 3467 1954 3533 causaliter,
1982 3469 2094 3523 uni-

507 3558 781 3625 formiter,
821 3558 1202 3614 universaliter
1241 3559 1479 3613 condidit
1522 3573 1620 3629 per
1663 3558 1922 3629 Spiritum
1970 3575 2094 3616 san-

507 3659 657 3705 etum
685 3665 748 3706 ex
781 3665 840 3706 se
868 3649 1114 3718 Filioque
1142 3650 1518 3719 procedentem
1543 3691 1557 3715 ,
1584 3651 1636 3704 in
1667 3651 2091 3721 primordialium

509 3759 798 3800 causarum
845 3743 1264 3798 innumerabiles
1310 3741 1532 3797 ell‘ectus
1585 3743 1816 3809 dividit,
1871 3745 1986 3800 sive
2036 3745 2089 3800 in

507 3837 774 3891 essentias
791 3834 1155 3906 intelligibiles
1178 3833 1610 3904 dill'erentiasque
1632 3851 1847 3891 omnem
1873 3849 2089 3890 sensum

512 3942 836 3998 corporeum
861 3935 1178 3997 superantes
1202 3926 1491 3991 manarint,
1515 3926 1627 3981 sive
1644 3927 1697 3980 in
1725 3927 1883 3996 hujus
1905 3927 2088 3982 mundi

506 4018 782 4074 sensibilis
806 4018 1014 4074 varium
1062 4016 1521 4088 multiplicemque
1563 4026 1812 4072 ornatum
1849 4019 2088 4075 locorum

505 4119 922 4180 temporumque
977 4107 1395 4163 discretionibus
1452 4107 1767 4162 variabilem
1824 4109 2092 4179 proﬂuxe-

501 4203 647 4258 rint:
677 4204 750 4257 ita
776 4201 1099 4264 intellectus,
1135 4203 1236 4256 hoc
1262 4210 1363 4267 est,
1397 4201 1706 4272 principalis
1735 4201 1947 4257 animae
1976 4216 2090 4256 mo-

507 4304 616 4360 tus,
644 4309 710 4349 ex
729 4291 1142 4364 intelligibilium
1167 4306 1345 4346 rerum
1370 4294 1610 4362 gnostica
1639 4292 2089 4362 contemplatione

505 4383 770 4439 formatus
806 4383 828 4414 °
858 4424 871 4447 ,
937 4396 1097 4437 omne
1126 4423 1140 4446 ,
1195 4382 1552 4451 quodcunque
1600 4382 1652 4437 in
1698 4392 1816 4439 arte
1863 4383 2088 4440 rationis

506 4485 674 4536 creat,
711 4481 766 4527 et
793 4472 1006 4541 reponit
1032 4487 1130 4541 per
1155 4485 1370 4526 sensum
1401 4472 1610 4526 animae
1641 4472 1954 4528 interiorem
1983 4515 1998 4540 ,
2029 4476 2080 4528 in

503 4563 837 4634 singularum
880 4577 1058 4615 rerum
1095 4561 1208 4615 sive
1256 4561 1668 4632 intelligibilium
1707 4561 1822 4618 sive
1858 4563 2084 4617 sensibi-

503 4656 637 4710 lium
663 4655 952 4709 discretam
985 4651 1424 4721 inconfusamque
1467 4652 1658 4706 dividit
1699 4652 2076 4724 cognitionem.

506 4744 699 4802 Omnia
722 4743 886 4803 enim,
911 4756 1050 4812 quae
1071 4741 1372 4795 intellectus
1394 4741 1446 4794 in
1477 4741 1688 4796 ratione
1707 4742 2084 4797 universaliter

505 4832 848 4896 considerat,
880 4828 1277 4899 particulariter
1301 4843 1398 4898 per
1424 4842 1642 4883 sensum
1674 4830 1725 4883 in
1765 4843 1946 4884 rerum
1969 4844 2084 4885 om-

507 4925 655 4978 nium
688 4920 950 4976 discretas
977 4918 1309 4988 cognitiones
1344 4917 1791 4988 deiinitionesque
1828 4921 2079 4990 partitur.

503 5013 669 5068 Vides
691 5009 1127 5080 itaque,Patrem
1153 5009 1206 5063 in
1229 5008 1365 5063 Filio
1390 5025 1488 5064 suo
1507 5010 1709 5075 omnia,
1733 5026 2082 5082 quaecunque

496 5105 664 5160 voluit
701 5141 718 5166 ,
767 5100 1148 5156 universaliter
1187 5100 1520 5165 condidisse,
1567 5108 1622 5154 et
1670 5116 1768 5170 per
1819 5102 2080 5172 Spiritum

493 5206 751 5252 sanctum
782 5210 938 5250 suum
970 5193 1376 5263 particulariter
1404 5193 1746 5250 distribuisse
1767 5236 1782 5261 ,
1815 5206 1870 5251 et
1901 5197 2080 5252 distri-

501 5289 688 5353 buere,
737 5295 792 5343 et
834 5286 1245 5343 distributurum
1282 5301 1398 5340 esse
1451 5293 1463 5330 :
1497 5284 1550 5330 et
1581 5281 1645 5334 ad
1672 5283 2077 5344 similitudinem

2116 4425 2165 4483 D

2266 3185 2407 3240 MAG.
2425 3187 2594 3260 Hujus
2608 3192 2942 3259 quaestionis
2956 3193 3153 3248 solutio
3167 3194 3418 3251 facillima
3435 3213 3502 3254 ac
3515 3212 3643 3269 pene
3655 3197 3761 3252 sine

2196 3279 2305 3333 ullo
2330 3278 2514 3335 labore
2543 3282 2673 3337 mihi
2702 3283 2935 3338 videtur.
2971 3284 3192 3341 Summa
3218 3288 3492 3358 siquidem
3518 3289 3762 3353 Trinitas,

2195 3372 2432 3426 omnium
2469 3389 2647 3429 rerum
2690 3377 2946 3442 creatrix,
2975 3387 3032 3433 et
3073 3393 3102 3433 a
3138 3379 3284 3435 nullo
3310 3392 3530 3447 creata,
3574 3381 3759 3441 omnia,

2195 3475 2334 3528 quae
2369 3460 2530 3522 fecit.
2563 3463 2629 3517 de
2677 3465 2844 3520 nihilo
2885 3467 3031 3521 fecit.
3063 3467 3344 3538 Proprium
3373 3471 3524 3525 enim
3564 3470 3760 3525 divinae

2195 3552 2452 3608 bonitatis
2496 3564 2597 3620 est,
2649 3571 2714 3611 ex
2744 3558 3232 3615 non-existentibus
3285 3561 3340 3615 in
3384 3563 3759 3625 existentia",

2194 3658 2334 3711 quae
2355 3643 2464 3698 vult
2494 3645 2629 3712 ﬁeri,
2665 3662 2877 3703 vocare.
2911 3648 3043 3704 Nam
3067 3660 3122 3706 et
3148 3653 3250 3707 hoc
3276 3668 3500 3719 nomen,
3533 3655 3672 3726 quod
3689 3663 3764 3710 est

2197 3735 2429 3802 bonitas,
2461 3751 2566 3792 non
2613 3737 2828 3794 aliunde
2881 3741 3144 3813 originem
3191 3743 3374 3810 ducit,
3404 3746 3515 3802 nisi
3544 3763 3574 3801 a
3615 3746 3763 3801 verbo

2193 3841 2407 3895 graeco,
2439 3829 2580 3898 quod
2609 3839 2693 3886 est
2719 3833 2855 3907 βοῶ,
2889 3833 2990 3890 hoc
3042 3843 3160 3901 est,
3201 3835 3412 3904 clamo;
3446 3841 3561 3912 βοῶ
3600 3848 3760 3892 autem

2192 3929 2246 3974 et
2273 3922 2432 3987 καλῶ,
2463 3923 2515 3977 id
2540 3931 2622 3977 est
2652 3925 2715 3991 ι’,
2747 3925 2921 3981 clamo
2946 3935 3001 3982 et
3029 3942 3183 3994 voco,
3211 3945 3374 3984 unum
3401 3947 3628 3987 sensum
3653 3945 3764 4000 pos-

2193 4012 2401 4076 sident;
2435 4015 2635 4070 etenim
2665 4018 2756 4086 qui
2804 4026 3002 4084 vocat,
3032 4021 3346 4091 saepissime
3389 4024 3448 4078 in
3480 4025 3764 4080 clamorem

2191 4105 2444 4175 erumpit.
2479 4107 2619 4161 Deus
2647 4122 2778 4178 ergo
2805 4123 2912 4164 non
2961 4111 3402 4169 inconvenienter
3436 4116 3617 4172 bonus
3648 4115 3770 4170 dici-

2192 4205 2280 4252 tur
2307 4207 2360 4252 et
2395 4198 2636 4265 bonitas,
2673 4201 2799 4270 quia
2849 4204 3027 4258 omnia
3073 4206 3140 4261 de
3180 4207 3349 4264 nihilo
3393 4210 3449 4264 in
3481 4209 3766 4266 essentiam

2191 4289 2378 4342 venire
2410 4289 2735 4361 intelligihili
2768 4291 3004 4348 clamore
3044 4294 3275 4360 clamat,
3323 4297 3561 4370 ideoque
3586 4313 3769 4371 graece

2191 4377 2388 4431 dicitur
2413 4377 2555 4433 Deus
2579 4379 2751 4446 καλός,
2781 4382 2832 4436 id
2857 4391 2961 4446 est,
2991 4383 3184 4450 bonus,
3231 4385 3318 4443 διὰ
3339 4388 3397 4442 τὸ
3416 4392 3592 4446 πάντα
3613 4390 3769 4444 add:

2188 4471 2261 4527 εἰς
2285 4469 2485 4532 οὐσίαν,
2519 4469 2620 4524 hoc
2649 4479 2733 4524 est
2758 4512 2772 4535 ,
2812 4486 2877 4528 eo
2909 4474 3052 4542 quod
3095 4475 3276 4530 omnia
3305 4487 3470 4532 vocat
3501 4480 3558 4534 in
3595 4493 3773 4534 essen.

2192 4559 2554 4614 tiam.Cuneta
2574 4561 2861 4632 siquidem,
2879 4579 3018 4634 quae
3037 4567 3357 4623 naturaliter
3368 4569 3695 4634 subsistunt,
3709 4569 3770 4622 de

2191 4649 2360 4703 nihilo
2387 4649 2438 4703 in
2464 4653 3088 4712 essentiamaconditore
3110 4669 3298 4713 vocata
3331 4670 3465 4716 sunt
3495 4677 3598 4732 per
3626 4662 3774 4732 quin-

2190 4743 2551 4809 quepertitum
2591 4745 2915 4800 universalis
2944 4757 3225 4806 creaturae
3245 4762 3478 4808 motum.
3497 4755 3769 4822 Quaedam

2193 4847 2426 4901 namque
2469 4844 2657 4888 vocata
2719 4844 2882 4898 sunt,
2927 4848 2984 4892 ut
3029 4839 3366 4897 solummodo
3403 4844 3776 4899 essentialiter

2189 4922 2484 4977 subsistant
2511 4925 2584 4989 ¹³;
2635 4928 2922 4995 quaedam,
2966 4935 3024 4981 ut
3056 4929 3353 4986 subsistant
3372 4942 3430 4986 et.
3457 4936 3683 5001 vivant;
3727 4936 3776 4987 in

2188 5013 2505 5082 quibusdam
2535 5016 2871 5073 substantiali
2921 5021 3063 5076 vitae
3087 5039 3278 5080 sensus
3316 5035 3401 5079 est
3431 5029 3695 5093 additus;
3729 5027 3779 5082 iu

2187 5106 2509 5175 quibusdam
2538 5109 2684 5164 vitali
2715 5113 2894 5167 sensui
2930 5116 3066 5170 ratio
3093 5117 3432 5185 cumulatur;
3466 5123 3526 5175 ln
3559 5122 3780 5192 quibus-

2187 5195 2310 5248 dam
2367 5197 2433 5249 ad
2495 5200 2890 5266 praedictorum
2936 5206 3264 5260 naturalium
3302 5217 3567 5265 motuum
3611 5208 3783 5281 perle-

2189 5284 2421 5342 ctioncm
2455 5288 2755 5345 intellectus
2779 5298 3181 5362 superponitur.
3217 5297 3283 5352 Et
3312 5311 3397 5354 est
3427 5304 3658 5370 primus
3682 5319 3785 5357 mo-

1775 5442 2028 5498 VARIAE
2068 5444 2466 5535 LECTIONES.

913 5558 930 5588 '
962 5556 1002 5611 A
1020 5557 1225 5610 animae

919 5630 938 5660 '
969 5628 1011 5680 A
1041 5629 1198 5680 enim.

567 5550 577 5578 ⁸
610 5553 643 5600 λ
671 5567 716 5610 ει
747 5556 832 5612 de.

501 5623 524 5656 ‘
551 5634 732 5680 ctum.
759 5627 795 5680 Α

1324 5555 1344 5585 ⁸
1368 5555 1414 5627 νϐ
1441 5570 1612 5627 saepe.
1679 5556 1707 5627 κδ
1733 5556 1774 5611 C
1800 5557 2183 5627 resplendescit.

1277 5626 1320 5657 ¹⁰
1351 5626 1398 5681 Α
1425 5640 1507 5680 ex.
1585 5626 1625 5658 “
1662 5626 1706 5678 A
1753 5626 2100 5682 (ﬂuentiam.

2261 5561 2344 5638 '_A
2373 5561 2535 5631 ipsius
2561 5566 2780 5638 sinibus.
2857 5567 2877 5598 ‘
2907 5566 2948 5623 C
2971 5568 3249 5638 formatur.
3327 5571 3348 5602 '
3372 5571 3413 5626 (ἒ
3438 5592 3785 5635 «facetissime.

2184 5631 2224 5660 "
2269 5633 2319 5714 ,Δ
2368 5638 2466 5688 hoc
2502 5646 2604 5690 est.
2685 5637 2727 5668 ⁸³
2757 5639 2798 5692 Α
2835 5631 3120 5694 subsistant
3166 5641 3559 5702 essentialiler.
