3912 6154
121 291 207 354 1581

924 281 1013 344 DE
1047 278 1389 343 DIVISIONE
1441 278 1793 341 NATURAE.
1829 312 1900 324 —
1935 280 2139 338 LIBER
2176 228 2560 340 SECUNDUS.

3273 281 3376 336 582

120 414 199 459 tus
222 400 274 456 in
302 395 622 469 corporibus
664 392 1030 461 naturalibus;
1060 394 1332 451 secundus
1367 408 1422 447 tn
1462 405 1525 446 ea
1553 392 1687 457 vita,
1716 399 1767 458 Α
1792 395 2051 458 continet,
2070 405 2331 465 quantum
2354 392 2876 464 mortaltsfragilitas
2899 392 3069 463 ipsius
3082 393 3372 463 permittit.

118 507 212 563 qua
237 492 380 560 ligna
409 490 713 559 herbaeque
735 490 751 518 ¹
793 496 849 544 et
873 488 1066 542 vivunt
1093 494 1148 541 et
1176 493 1459 548 crescunt;
1495 483 1689 538 tertius

1862 483 1955 538 25.
1998 485 2104 539 Sed
2135 484 2273 547 vide,
2307 500 2375 540 ne
2394 500 2460 540 ex
2489 486 2532 516 ιι
2562 485 2649 539 his
2677 483 2975 539 rationibus
2999 484 3226 555 incipias
3252 499 3385 539 εοιι-

121 590 168 641 to
198 585 217 616 ⁸
258 580 720 639 irrationabilibus
766 581 1161 646 animantibus;
1214 587 1440 649 quartus
1475 577 1692 647 proprie
1789 575 1978 644 jicere,
2010 577 2224 631 animae
2252 578 2295 608 ¹²
2329 578 2655 631 creationem
2687 575 2966 644 temporali
2994 575 3226 645 quodam
3252 591 3379 646 spa-

121 679 167 733 itt
202 677 470 740 humana;
502 675 722 745 quintus
770 675 823 729 in
862 675 883 706 ³
928 673 1171 745 angelica
1214 672 1545 741 conspicitur
1596 687 1693 725 na.

123 778 247 822 tura.
262 765 329 820 Et
348 765 371 796 "
392 766 479 820 his
504 765 742 836 quinque
762 764 1019 835 gradibus
1041 764 1094 817 in
1124 762 1418 817 condendis
1439 762 1505 817 de
1527 759 1695 815 nihilo

124 860 267 927 rebus
296 871 542 912 summae
573 871 638 911 ac
676 863 897 910 sanctae
922 849 1204 907 Trinitatis
1245 852 1460 907 bonitas
1487 851 1695 920 perspi-

122 951 249 1005 citur
292 950 348 1015 ',
401 947 791 1016 inell'abilisque
856 945 1100 1015 operatio
1154 942 1552 998 manifestatur.
1617 942 1696 998 Ea

125 1056 238 1096 vero
265 1040 504 1104 trinitas,
552 1053 694 1107 quae
731 1038 785 1092 in
816 1044 1002 1091 nostra
1046 1043 1240 1089 natura
1283 1033 1351 1089 ad
1404 1033 1696 1101 imaginem

123 1130 384 1186 Creatoris
411 1130 627 1185 condita
653 1128 675 1158 ⁸
694 1168 709 1194 ,
736 1127 869 1182 nihil
897 1135 1045 1182 creat
1073 1125 1141 1180 de
1170 1123 1360 1179 nihilo.
1390 1122 1526 1178 lllud
1549 1124 1695 1179 enim

123 1221 276 1276 solius
304 1219 399 1273 Dei
428 1229 531 1283 est,
559 1227 616 1273 et
640 1217 841 1272 nullius
865 1226 1168 1272 creaturae.
1193 1215 1405 1286 Duplex
1427 1229 1557 1270 vero
1579 1215 1699 1285 ejus

122 1313 253 1367 actio
291 1311 552 1366 videtur:
605 1317 701 1362 aut
747 1308 893 1362 enim
944 1322 1025 1369 ea,
1053 1320 1195 1376 quae
1240 1306 1309 1361 de
1355 1306 1526 1361 nihilo
1570 1320 1700 1361 suus

123 1400 338 1455 Greater
370 1399 631 1463 condidit,
687 1396 1096 1452 rationabilibus
1140 1394 1701 1465 intellectualibusque

121 1490 222 1544 suis
246 1490 484 1545 motibus
536 1488 843 1558 investigat,
889 1496 945 1543 et
992 1502 1132 1557 quae
1163 1487 1219 1541 in
1270 1495 1467 1541 natura
1515 1501 1701 1541 rerum

120 1604 245 1658 pum
278 1581 669 1661 intestigentiae
692 1579 935 1635 contuitu
966 1578 1265 1651 cegnoscit,
1298 1579 1353 1633 in
1385 1577 1590 1641 intimis
1612 1593 1700 1632 ra-

124 1680 273 1734 tionis
319 1696 453 1733 suae
502 1671 722 1734 sedibus
777 1670 1047 1742 disponit,
1095 1669 1449 1740 omniumque
1485 1684 1695 1731 rerum,

1797 668 1871 721 tio
1895 668 2257 722 conditionem
2278 667 2520 736 corporis
2539 666 2833 736 spiritualis
2857 675 2980 720 ante
3004 674 3282 736 peccatum
3311 667 3384 732 ³³,

1798 760 2140 829 praecedere.
2182 758 2305 813 Sola
2342 760 2604 828 siquidem
2645 758 2904 829 dignitate
2947 756 3382 827 excellentiaque

1794 858 2027 925 naturae
2053 850 2328 918 praecedit
2348 850 2528 902 anima
2556 864 2772 918 corpus,
2803 865 2908 905 non
2938 858 3116 903 autem
3146 848 3267 903 loco
3297 850 3385 903 vel

1800 947 2073 1009 tempore;
2102 939 2260 993 simul
2286 939 2430 994 enim
2476 953 2541 993 ac
2582 939 2749 993 semel
2782 939 2836 993 in
2884 939 2974 994 illo
2999 954 3107 994 uno
3146 940 3384 998 homine.

1801 1029 1891 1098 qui
1919 1030 1987 1084 ad
2031 1029 2318 1100 imaginem
2360 1030 2453 1084 Dei
2493 1028 2670 1084 factus
2691 1037 2796 1094 est,
2822 1032 3060 1085 omnium
3110 1031 3388 1086 hominum

1800 1121 2037 1175 rationes
2059 1122 2351 1175 secundum
2374 1135 2572 1190 corpus
2590 1129 2645 1175 et
2672 1118 2718 1152 “
2739 1121 2973 1175 animam
3000 1130 3218 1177 creatae
3240 1133 3388 1176 sunt.

1800 1212 1956 1267 Nullo
1984 1212 2129 1267 enim
2161 1213 2206 1245 "
2236 1214 2394 1268 modo
2434 1212 2587 1280 juxta
2615 1226 2796 1267 moras
2827 1220 3125 1282 temporum
3153 1214 3392 1269 essentia

1801 1303 2016 1358 animae
2050 1304 2295 1374 corporis
2323 1304 2615 1359 essentiam
2636 1344 2651 1368 ,
2698 1304 2839 1358 sicut
2882 1318 2985 1358 nec
3023 1304 3271 1373 corporis
3304 1318 3391 1360 es-

1804 1394 1979 1448 s’entia
2012 1395 2224 1448 animae
2242 1396 2530 1450 essentiam
2560 1394 2856 1465 praecedit.
2893 1394 2956 1449 Et
2986 1410 3057 1450 ne
3093 1410 3181 1451 me
3207 1395 3396 1450 existi-

1804 1498 1921 1538 mes
1962 1484 2028 1549 ",
2058 1485 2289 1554 primum
2336 1485 2465 1539 illttd
2494 1485 2780 1540 cssenliale
2811 1500 3007 1556 corpus
3053 1485 3106 1539 in
3144 1484 3396 1555 paradiso

1804 1574 2080 1628 conditum
2107 1616 2121 1639 ,
2156 1576 2269 1629 sola
2303 1584 2481 1629 tamen
2521 1574 2731 1629 ratione
2761 1575 2937 1630 adhuc
2979 1574 3182 1629 factum
3210 1614 3222 1637 ,
3255 1574 3398 1627 sicut.

1807 1670 1863 1717 et
1893 1663 2006 1732 ipsa
2035 1664 2215 1717 anima
2241 1665 2378 1719 —in
2408 1664 2524 1732 ipso
2545 1666 2741 1735 quippe
2766 1665 3001 1736 generali
3026 1674 3081 1719 et
3106 1663 3395 1719 universali

124 1783 245 1839 quas
279 1776 464 1836 ροιεει
515 1782 880 1837 cognoscere,
922 1758 1260 1838 cognitiones
1301 1768 1395 1814 aut
1441 1760 1496 1814 in
1538 1776 1704 1814 uulua
1736 1741 1782 1800 Β
1810 1753 2030 1808 homine
2054 1754 2125 1808 ad
2157 1753 2446 1825 imaginem
2492 1756 2583 1809 Dei
2634 1754 2778 1809 facto
2810 1771 2999 1810 omnes
3041 1755 3285 1809 homines
3312 1770 3398 1811 se-

124 1858 331 1928 colligit,
351 1857 500 1911 verbi
520 1857 692 1927 gratia
706 1871 905 1927 genera
930 1856 985 1911 iu
1010 1849 1272 1923 essentia,
1304 1848 1507 1904 formas
1534 1848 1587 1904 in
1614 1864 1707 1920 Be-

94 2000 101 2009 ,
127 1963 260 2013 nere,
290 1962 551 2002 numeros
579 1947 978 2001 individuorum
1007 1947 1063 2001 in
1097 1945 1273 2002 forma
1294 1945 1576 2015 scientiae,
1601 1962 1694 2010 aut

130 2056 278 2096 unum
305 2039 456 2105 facit,
482 2048 580 2094 aut
610 2039 982 2110 multipliciter
1002 2040 1214 2103 dividit,
1249 2041 1492 2112 singulas
1515 2042 1702 2112 cogni-

134 2133 288 2189 tiones
328 2131 560 2203 singulis
607 2132 809 2198 rebus,
855 2146 1085 2201 quarum
1154 2133 1494 2203 cognitiones
1547 2141 1702 2199 sunt,

136 2226 461 2287 distribuens,
503 2224 609 2279 hoc
652 2232 757 2287 est,
811 2233 870 2278 ut
918 2224 1109 2279 eodem
1175 2224 1421 2294 exemplo
1465 2234 1703 2290 utamur,

138 2316 405 2373 essentiam
447 2316 503 2370 in
542 2330 741 2386 genera
766 2355 782 2381 ,
811 2330 981 2385 genus
1026 2316 1080 2370 in
1112 2315 1335 2383 formas,
1378 2315 1609 2371 formam
1651 2318 1707 2372 in

139 2407 387 2467 hdividua
423 2408 666 2477 gnostica
702 2407 1016 2477 operatione
1062 2408 1381 2464 discernens
1407 2410 1448 2462 ⁷.
1478 2406 1544 2463 Et
1573 2410 1709 2466 haec

137 2507 209 2553 est
249 2496 564 2567 principalis
591 2509 913 2566 summaque
944 2497 1224 2553 rationalis
1262 2507 1488 2552 naturae
1515 2513 1710 2567 opera-

138 2589 219 2644 tio.
242 2589 488 2646 Secunda
518 2592 650 2645 vero
674 2597 778 2654 est,
800 2603 963 2659 quae,
984 2597 1042 2644 ut
1063 2588 1319 2656 diximus,
1352 2590 1406 2644 in
1434 2592 1709 2647 creatione

137 2680 207 2735 sui
244 2679 487 2750 corporis
531 2679 904 2750 cognoscitur,
931 2679 1094 2749 inque
1134 2680 1252 2751 ejus
1297 2681 1531 2737 sollicito
1562 2684 1708 2753 regi-

142 2771 267 2826 mine
306 2770 573 2841 aperitur.
615 2770 801 2826 Primo
839 2771 1105 2840 siquidem
1152 2774 1437 2828 materiam
1484 2775 1602 2845 ejus
1638 2790 1707 2829 ex

140 2863 473 2932 qualitatibus
512 2878 698 2919 rerum
739 2863 1076 2919 sensibilium
1115 2865 1334 2934 accipit,
1365 2865 1525 2951 eique
1562 2865 1709 2921 nullo

141 2956 397 3027 temporali
426 2956 606 3026 spatio
638 2955 959 3025 interposito
986 2955 1219 3012 fortnam
1247 2956 1567 3027 vitalemque
1595 2973 1712 3013 mo-

142 3055 239 3102 tum
255 3048 278 3080 ⁸
297 3048 707 3114 accommodat,
736 3062 845 3117 quo
876 3048 1050 3117 ipsam
1085 3050 1369 3105 materiam
1390 3059 1446 3106 et
1471 3050 1709 3106 vivificat

141 3147 189 3193 et
208 3139 387 3204 nutrit,
407 3139 571 3208 inque
594 3146 882 3209 augmenta
912 3137 1186 3207 perfectae
1212 3146 1453 3195 staturae
1474 3154 1572 3211 per
1600 3156 1704 3195 nu-

145 3241 303 3283 meros
319 3227 561 3283 locorum
594 3237 652 3281 et
673 3235 974 3296 temporum
1004 3228 1286 3298 provehit,
1324 3244 1542 3285 sensum
1572 3245 1708 3302 quo-

144 3338 236 3393 que
267 3324 592 3379 exteriorem
639 3322 689 3378 ei
726 3330 1116 3392 praestat,,per
1144 3338 1304 3392 quem
1334 3324 1575 3378 omnium
1620 3339 1709 3380 rc-

147 3430 269 3482 rum,
295 3406 428 3485 quas
448 3414 788 3472 extrinsecus
808 3414 1043 3484 attingit,
1073 3414 1388 3483 phantasias
1411 3415 1622 3485 recipit,
1654 3424 1710 3470 et

148 3516 331 3573 cetera,
377 3521 520 3577 quae
547 3505 615 3561 de
656 3504 1018 3560 sollicitudine
1064 3504 1280 3560 assidua
1305 3504 1711 3576 continentique

148 3601 338 3656 actione
369 3600 587 3653 animae
606 3597 749 3652 circa
769 3612 967 3668 corpus
993 3611 1150 3652 suum
1182 3612 1377 3666 resque
1398 3611 1710 3668 corporeas,

145 3687 244 3743 sive
272 3688 516 3744 sensibus
544 3700 802 3757 praesens
825 3685 1127 3757 vigilando,
1157 3686 1271 3741 sive
1299 3688 1369 3743 ab
1395 3687 1476 3743 eis
1506 3697 1714 3743 remota

143 3776 478 3843 dormienda,
528 3776 899 3848 imaginesque
944 3792 1164 3842 rerum,
1203 3793 1339 3849 quas
1374 3794 1472 3850 per
1523 3792 1714 3834 sensus

144 3869 400 3937 hauserat,
426 3884 616 3927 secum
641 3868 944 3933 tractando,
974 3878 1072 3923 aut
1115 3869 1377 3941 imagines
1419 3869 1711 3941 imaginum

143 3960 400 4035 ﬁngendo,
426 3973 524 4020 aut
560 3960 816 4016 alimenta
846 3962 1170 4032 corporalia,
1206 3978 1348 4033 quae
1378 3962 1713 4018 extrinsecus

142 4053 195 4110 in
213 4056 513 4112 aedilicium
540 4051 785 4125 corporis
805 4054 1036 4124 accipit,
1060 4069 1157 4125 per
1181 4053 1425 4109 occultos
1455 4067 1711 4109 venarum

140 4157 523 4214 nervorumque
561 4155 787 4212 meatus,
817 4161 954 4216 quos
977 4142 1170 4198 Graeci
1196 4157 1358 4213 poros
1380 4141 1461 4196 vel
1483 4139 1713 4197 arterias

140 4233 413 4304 appellant,
444 4235 852 4298 distribuendo.
888 4243 944 4290 et
979 4233 1203 4304 cogitari
1234 4240 1289 4287 et
1317 4231 1542 4301 intelligi
1581 4246 1711 4302 pos-

142 4334 275 4379 sunt.
305 4324 378 4382 Ut
413 4327 562 4382 enim
599 4342 808 4383 summa
840 4326 1082 4382 Trinitas
1109 4324 1514 4379 universitatem
1543 4322 1710 4378 totius

141 4425 440 4481 creaturae,
484 4433 650 4487 quam
706 4419 772 4473 de
810 4416 982 4472 nihilo
1018 4414 1290 4480 condidit,
1336 4412 1709 4483 providentiae

145 4520 263 4563 suae
286 4508 483 4580 regulis
519 4516 738 4574 movet,
781 4508 939 4579 regit,
968 4506 1205 4570 ordinat,
1233 4512 1290 4559 et
1330 4502 1465 4559 nihil
1489 4503 1668 4574 perire
1689 4544 1705 4569 ,

144 4594 239 4652 hoc
278 4608 393 4664 est,
433 4599 653 4670 penitus
700 4598 771 4653 ad
806 4596 1035 4652 nihilum
1067 4595 1277 4659 redire,
1315 4608 1381 4648 ex
1421 4593 1537 4657 his,
1567 4608 1710 4664 quae

146 4688 385 4755 condidit,
414 4690 577 4756 sinit;
602 4690 677 4743 ita
696 4687 719 4719 ’
742 4698 960 4743 nostrae
982 4693 1209 4740 naturae
1245 4683 1460 4739 trinitas
1489 4683 1710 4737 univer-

150 4776 281 4832 sitati
309 4781 551 4851 corporis
572 4779 656 4834 sui
677 4779 1028 4847 omniumque
1057 4790 1312 4831 sensuum
1345 4772 1462 4843 ejus
1500 4774 1710 4831 incolu-

151 4867 305 4925 mitati
335 4871 377 4902 ¹⁶
402 4871 675 4942 providet,
724 4871 1004 4941 ipsumque
1030 4865 1268 4922 vivificat
1324 4874 1380 4922 et
1424 4866 1625 4933 movet,
1657 4874 1714 4921 et

1733 4458 1880 4555 ι)Ᾱέ

1813 1845 2049 1900 cundum
2089 1860 2286 1915 corpus
2314 1853 2370 1900 et
2410 1846 2647 1901 animam
2694 1847 2856 1902 simul
2891 1856 2945 1902 et
2981 1847 3144 1903 semel
3187 1848 3238 1904 itt
3283 1848 3400 1906 sola

1810 1935 2166 2007 possibilitate
2210 1938 2427 1994 condita
2485 1947 2611 1993 sunt
2635 1940 2698 2003 ",
2730 1948 2785 1993 et
2820 1940 2875 1994 in
2909 1939 3023 2009 ipso
3053 1956 3240 1997 omnes
3266 1957 3398 2012 pec-
3454 1960 3455 1963 η

1810 2037 2091 2094 caverunt,
2117 2030 2431 2101 priusquam
2452 2032 2502 2085 in
2524 2032 2771 2103 proprias
2797 2033 3128 2088 substantias
3148 2034 3408 2104 spiritua—.
3442 2032 3450 2044 ‘

1809 2128 1953 2195 liter,
1972 2130 2113 2185 sicut
2128 2123 2330 2199 angeli,
2352 2124 2651 2194 prodirent,
2683 2125 2783 2179 hoc
2805 2135 3213 2195 est,antequam
3235 2141 3401 2181 unus-

1809 2210 2039 2289 quisque
2062 2220 2358 2276 secundum
2389 2213 2688 2291 angelicam
2712 2214 3208 2284 multiplicationem
3225 2215 3277 2269 in
3300 2227 3401 2270 sua

1811 2308 2046 2363 discreta
2095 2308 2399 2365 differentia
2440 2310 2494 2363 in
2534 2310 2712 2364 anima
2750 2304 3003 2365 rationali
3045 2312 3099 2359 et
3133 2304 3401 2374 spirituali

1811 2418 2039 2472 corpore
2090 2411 2377 2473 appareret
2415 2419 2429 2470 ;
2479 2404 2623 2473 quod
2667 2403 2917 2458 videlicet
2959 2415 3157 2474 corpus
3223 2398 3403 2454 incor-

1811 2493 2065 2562 rttpttbile
2086 2493 2435 2549 aeterualiter
2454 2502 2511 2548 et
2536 2494 3179 2550 eoaeternaliteranimae
3200 2493 3397 2549 adhae-

1814 2594 1980 2649 rcret,
2009 2584 2054 2640 si
2080 2600 2186 2640 non
2209 2594 2482 2654 peccaret,
2507 2584 2563 2638 in
2589 2600 2696 2654 quo
2723 2599 2912 2639 omnes
2942 2584 3191 2639 homines
3213 2599 3401 2639 resur-

1816 2673 2017 2730 recturi
2075 2683 2200 2729 sunt
2225 2704 2297 2714 -
2333 2675 2402 2729 ab
2434 2675 2615 2729 anima
2650 2674 2820 2730 creari
2850 2673 3069 2729 dixisse.
3098 2671 3231 2728 illud
3253 2674 3401 2729 enim

1815 2766 1883 2817 ah
1906 2780 2012 2818 uno
2035 2764 2275 2818 omnium
2289 2763 2549 2819 Creatore
2575 2764 2883 2819 immediate
2905 2763 3064 2818 simul
3091 2780 3213 2819 cum
3239 2764 3406 2820 ratio-

1813 2857 1921 2912 nali
1943 2858 2123 2913 anima
2144 2858 2197 2912 in
2218 2857 2437 2913 caelesti
2461 2857 2815 2923 beatitudine,
2840 2858 3007 2911 immo
3026 2858 3093 2912 ad
3114 2857 3401 2913 caelestem

1814 2950 2197 3005 beatitudinem
2227 2949 2659 3006 substantialiter
2689 2948 2968 3005 conditum
2997 2958 3114 3016 est;
3146 2950 3408 3005 substan-

1817 3040 2015 3096 tialiter
2035 3049 2215 3095 autem
2263 3041 2420 3108 dico,
2462 3042 2590 3111 quia
2636 3040 3064 3110 uniuscujusque
3118 3048 3405 3095 creaturae

1812 3147 1937 3185 vera
1983 3139 2071 3186 est
2114 3132 2421 3187 substantia
2478 3145 2575 3186 sua
2625 3130 2679 3185 iu
2735 3130 3175 3201 primordialibus
3225 3132 3407 3187 causis

1812 3224 2184 3294 praecognita,
2235 3220 2698 3293 praeconditaque
2727 3221 2772 3254 “
2798 3221 2958 3284 ratio,
2985 3236 3091 3291 qua
3137 3222 3280 3277 Deus
3305 3221 3407 3277 de-

1810 3313 2003 3380 Iinivit,
2030 3314 2110 3370 sic
2140 3323 2196 3369 et
2223 3329 2330 3368 non
2358 3312 2516 3366 aliter
2541 3312 2664 3367 erit.
2688 3311 2769 3366 Ad
2792 3312 3081 3367 caelestem
3106 3311 3151 3344 "
3173 3312 3407 3369 beatitu-

1813 3406 1994 3462 dinem
2020 3419 2235 3475 quoque
2265 3404 2377 3459 dixi
2402 3420 2418 3471 ;
2452 3419 2557 3458 non
2583 3404 2726 3457 enim
2756 3404 2933 3468 video,
2958 3417 3120 3473 quom
3137 3403 3228 3459 )do
3241 3403 3407 3459 homo

1813 3497 2201 3553 beatitudinem
2226 3495 2500 3566 perderet,
2527 3495 2572 3550 si
2596 3508 2716 3549 eam
2741 3508 2800 3549 re
2829 3495 2942 3566 ipsa
2965 3495 3121 3566 plene
3142 3495 3409 3566 perfecte-

1816 3602 1920 3657 que
1946 3596 2205 3659 gustaret.
2233 3586 2391 3642 Prius
2416 3587 2582 3652 enim,
2614 3595 2674 3641 ut
2700 3588 2965 3654 arbitror,
2995 3588 3063 3643 ad
3099 3603 3159 3644 se
3203 3590 3402 3660 ipsum,

1817 3666 1979 3748 quam
2004 3682 2070 3736 ad
2097 3680 2266 3736 Deum
2291 3694 2586 3736 conversus
2614 3688 2727 3746 est,
2761 3688 2924 3750 atque
2947 3680 2994 3712 ὀ
3037 3681 3158 3737 ideo
3197 3681 3404 3752 lapsus.

1817 3766 1933 3823 Hoc
1956 3783 2086 3823 vero
2110 3782 2307 3840 corpus
2327 3753 2678 3840 cor'ruptibile
2725 3783 2790 3824 ac
2821 3770 3103 3826 materiale
3125 3812 3139 3837 ,
3170 3771 3316 3842 quod
3336 3786 3406 3827 ex

1817 3860 1947 3917 limo
1977 3869 2155 3916 terrae
2182 3868 2520 3931 assumptum
2559 3869 2660 3923 est,
2691 3868 2752 3914 ttt
2787 3861 3037 3932 superius
3066 3861 3305 3917 diximus
3361 3864 3406 3927 ³,

1818 3958 1940 4023 post
1993 3960 2275 4020 peccatum
2304 3949 2504 4005 merito
2541 3949 2749 4019 peccati
2791 3949 2859 4003 ad
2900 3949 3307 4005 exercitandam
3347 3951 3403 4006 itt

1817 4059 1883 4099 eo
1932 4043 2290 4115 negligentem
2340 4042 2577 4096 animam
2626 4054 2754 4113 erga
2797 4042 3173 4097 mandatorum
3216 4049 3404 4098 custo—

1815 4135 1990 4201 diam,
2050 4150 2286 4204 suasque
2348 4133 2590 4190 occultas
2643 4134 2988 4205 operationes
3044 4134 3404 4203 revelandas,

1815 4228 1980 4283 veluti
2058 4227 2289 4297 quadam
2361 4224 2581 4295 propria
2655 4226 2871 4281 actione
2925 4226 2985 4296 ,²²
3065 4226 3280 4280 animae
3348 4237 3407 4282 et

1816 4325 2060 4373 creatum
2110 4315 2277 4370 fuisse
2323 4322 2379 4369 et
2427 4313 2670 4383 quotidie
2718 4314 2916 4380 creari,
2968 4314 3238 4370 afﬁrmare
3292 4331 3401 4371 non

1816 4407 2045 4462 haesito.
2084 4404 2238 4472 Quod
2282 4404 2427 4459 enim
2478 4404 2762 4475 Scriptura
2810 4419 2969 4460 sacra
3009 4406 3177 4461 Deum
3228 4405 3404 4463 lutum

1921 4508 2065 4553 terra
2107 4496 2446 4568 sumpsisse,
2492 4495 2668 4567 deque
2704 4511 2770 4552 eo
2807 4510 3005 4566 corpus
3043 4496 3250 4553 homini
3288 4497 3404 4554 for—

1813 4607 1992 4648 masse
2042 4590 2349 4661 perhibeat,
2398 4604 2507 4644 non
2568 4597 2621 4644 te
2673 4603 2893 4645 movere
2936 4591 3114 4645 debet.
3159 4589 3296 4646 Nam
3347 4601 3408 4646 et

1815 4683 1957 4739 actio
2002 4691 2286 4737 creaturae
2317 4680 2386 4735 ad
2411 4694 2535 4735 eum
2563 4719 2580 4746 ,
2628 4695 2697 4736 ex
2751 4695 2860 4750 quo
2912 4681 3090 4736 omnis
3140 4682 3403 4737 naturalis

1815 4775 1955 4828 actio
2013 4773 2239 4843 incipit,
2305 4788 2412 4828 non
2471 4771 2743 4826 immerito
2807 4773 3061 4828 refertur.
3123 4771 3401 4845 Siquidem

1817 4877 1873 4922 et
1906 4868 1959 4922 in
1985 4866 2309 4923 caelestibus
2344 4865 2601 4922 essentiis
2628 4864 2850 4938 aprimo
2876 4866 3088 4932 ordine,
3120 4867 3212 4938 qui
3237 4867 3403 4922 “im-

1416 5041 1671 5099 V’ARIAE
1713 5040 2114 5099 LECTlONES.

208 5181 228 5216 ί
252 5181 584 5251 Cherbaqne.
660 5181 681 5211 '
710 5179 767 5233 in
790 5193 900 5251 om.
931 5177 994 5233 C.
1073 5176 1094 5209 ³
1116 5175 1157 5233 C
1180 5177 1401 5251 quintus
1426 5177 1600 5251 adhuc
1620 5177 1696 5231 in.
1774 5176 1797 5208 ⁸
1824 5176 1870 5231 Α
1898 5175 2002 5251 Ex.
2056 5176 2100 5251 _'
2131 5175 2176 5229 A
2197 5176 2472 5251 aspicitur.
2551 5175 2579 5251 '_
2600 5175 2992 5251 Agat-condita.
3070 5177 3090 5207 "
3112 5176 3155 5251 ᾼ
3180 5176 3401 5247 colligit,

151 5252 235 5306 hoc
260 5265 327 5309 est
352 5265 405 5307 tu
434 5245 615 5307 eodem
635 5248 870 5316 exemplo
898 5260 1132 5314 utamur,
1155 5245 1434 5303 essentiam
1454 5248 1509 5301 in
1544 5262 1753 5317 genera,
1779 5262 1942 5315 genus
1966 5248 2022 5300 in
2047 5245 2265 5317 formas,
2293 5246 2518 5315 formam
2560 5247 2617 5300 in
2646 5246 2918 5302 individua
2952 5247 3189 5316 gnostica
3218 5245 3404 5317 apera-

149 5324 276 5377 tione
305 5324 630 5385 discernens,
666 5328 758 5389 aut
786 5315 1143 5389 Multipliciter
1171 5318 1377 5389 dividit,
1406 5315 1650 5389 singulas
1684 5316 2000 5386 cognitiones
2022 5315 2248 5389 singulis
2279 5317 2452 5389 rebus,
2488 5331 2713 5389 quorum
2754 5315 3070 5389 cognitiones
3097 5324 3249 5389 sunt,
3286 5316 3399 5370 dis-

150 5391 381 5459 tribuens,
432 5385 1007 5461 verbigratia,_gene'ra
1028 5389 1085 5461 in
1115 5388 1360 5461 essentia,
1392 5385 1589 5461 fortnas
1622 5385 1923 5461 ingenue,
1961 5402 2202 5461 numeros
2234 5385 2627 5461 indiuidttorum
2656 5387 2733 5461 ‘in
2766 5385 2943 5461 [arma
2987 5385 3233 5461 =scientiae
3279 5395 3401 5461 actu

150 5476 298 5533 unum
329 5454 471 5533 (dcit.
572 5454 667 5512 ’Ἃ
688 5454 901 5533 citatam
927 5458 1139 5533 modum
1174 5454 1423 5526 (formam
1453 5456 1611 5526 om.).
1687 5454 1847 5533 "Pro
1873 5456 1949 5533 ita
1979 5454 2020 5512 C
2048 5457 2145 5509 hoc
2170 5467 2265 5533 est.
2358 5456 2406 5533 ff
2446 5455 2488 5511 C
2519 5454 2903 5533 incolumitate.
2965 5454 3028 5533 ’ξι
3059 5468 3133 5533 ex
3171 5466 3282 5533 om_.
3328 5457 3396 5509 A.

153 5522 350 5587 “And
376 5533 607 5588 animae.
686 5527 730 5560 ¹³
761 5528 1050 5597 spiritualis
1100 5522 1221 5583 ante
1267 5536 1537 5596 peccatum
1574 5522 1694 5581 om.
1725 5525 1792 5579 A.
1895 5525 1938 5556 “
1964 5536 2012 5581 et
2041 5541 2150 5597 om.
2195 5525 2257 5581 C.
2355 5526 2402 5558 “’
2446 5527 2605 5582 enim.
2660 5541 2770 5580 om.
2810 5523 2883 5597 _C.
2950 5522 3089 5597 _‘_“_A
3130 5524 3396 5597 aestimes.

171 5602 418 5657 "condita
446 5612 566 5657 sum
603 5592 803 5669 om.cl
881 5597 924 5629 ⁸⁸
950 5598 1010 5669 Α
1049 5592 1381 5669 conditaque.
1459 5598 1502 5629 ι’
1531 5596 1800 5653 caelestem
1829 5611 1939 5652 om.
1968 5596 2036 5653 Δ.
2114 5595 2157 5628 ³ο
2208 5597 2252 5651 Δ
2295 5613 2378 5651 ac.
2455 5597 2497 5638 ’ί
2544 5605 2598 5650 ut
2645 5594 2884 5665 superius
2925 5592 3157 5647 diximus
3185 5605 3296 5650 om.
3329 5594 3398 5649 A.

163 5678 199 5708 ²¹
224 5680 262 5731 Δ
295 5672 605 5742 operatione.
680 5667 725 5700 "
753 5668 795 5721 A
821 5668 977 5739 quod.
