3912 6154
459 398 563 455 587

1808 386 2093 450 JOANNIS
2131 385 2326 445 SCUTI

3624 364 3724 420 588

456 514 578 583 giae
613 512 910 585 disciplinis
944 512 962 543 ¹
989 509 1235 567 eruditus
1281 509 1619 578 interrogare
1648 513 1961 577 praesumat
1984 503 2052 559 de
2078 499 2209 562 Aid
2243 508 2340 563 est,
2383 494 2648 552 veritatem
2687 493 2770 585 pie
2808 507 2871 585 ac
2912 488 3142 585 studiose
3185 476 3545 585 quaerentibus
3573 477 3720 585 ,ἕπω-

459 601 639 655 divina
655 599 976 664 substantia,
993 597 1121 667 quid
1137 597 1358 664 sit,cum
1372 595 1663 666 purissime
1677 592 1961 661 intelligat,
1977 591 2044 646 de

462 689 578 757 ipsa
613 702 714 743 nec
740 685 953 741 deﬁniri
978 700 1156 756 posse,
1189 700 1287 741 nec
1312 684 1482 739 ullum
1511 697 1723 750 eorum,
1741 696 1881 753 quae
1896 686 2040 745 sunt,

460 792 611 842 esse,
664 777 972 846 omniaque,
1027 791 1169 846 quae
1219 775 1430 831 deﬁniri
1460 782 1712 845 possunt,
1746 772 2043 843 superare?

459 869 599 923 Audi
627 867 1027 922 Nazianzeuum
1056 885 1070 921 :
1107 865 1167 921 Si
1192 866 1323 921 nihil
1352 865 1563 920 omnino
1585 873 1680 929 est,
1710 862 2043 933 inquit,exi-

457 958 704 1014 stentium
736 958 1023 1012 secundum
1050 960 1218 1028 ipsum
1247 974 1358 1011 esse
1402 958 1517 1027 ipsa
1548 954 1860 1018 cumulatio,
1914 969 2046 1024 quae

461 1056 537 1102 est
564 1055 608 1111 ι,
634 1058 683 1101 et
715 1047 911 1100 dicitur
951 1063 1149 1110 eorum,
1177 1062 1311 1116 quae
1331 1062 1364 1099 a
1390 1043 1538 1099 nobis
1560 1045 1701 1098 circa
1724 1042 1879 1107 illud,
1907 1040 2047 1113 quod

459 1136 749 1207 quaeritur,
799 1146 847 1189 et
890 1135 1256 1206 intelliguntur
1297 1145 1347 1190 et
1389 1136 1660 1200 dicuntur,
1685 1135 1775 1190 sed
1821 1135 2048 1190 alterum

459 1227 586 1297 quid
613 1236 821 1298 praeter
868 1226 1030 1290 illud,
1080 1228 1222 1280 circa
1265 1227 1405 1298 quod
1447 1227 1575 1282 haec
1617 1237 1780 1292 sunt;
1822 1227 2051 1281 continet

462 1332 687 1386 namque
712 1332 800 1381 ea,
822 1315 992 1386 ipsum
1014 1331 1136 1369 vero
1163 1314 1227 1369 ab
1253 1316 1335 1370 Itis
1363 1314 1508 1369 nullo
1537 1316 1692 1370 modo
1719 1316 2049 1381 continetur;

461 1408 700 1477 quiescat
746 1407 915 1461 omnis
955 1406 1134 1460 anima
1162 1407 1227 1460 ab
1270 1406 1413 1460 omni
1458 1406 1663 1461 ratione
1691 1422 1894 1471 eorum,
1917 1422 2052 1476 quae

464 1499 606 1552 circa
637 1498 805 1552 Deum
827 1508 972 1562 sunt,
1001 1507 1192 1552 temere
1223 1498 1277 1552 in
1303 1498 1665 1568 deﬁnitionem
1686 1499 1801 1569 ejus
1827 1497 2050 1562 insilire,

462 1590 555 1644 sed
580 1589 786 1644 silentio
817 1588 954 1643 colat
981 1588 1002 1621 ³
1030 1599 1235 1643 tantum
1277 1589 1597 1659 ineffabilem
1623 1598 1672 1644 et
1715 1606 1872 1659 super
1895 1588 2053 1643 intel-

465 1680 676 1746 lectum,
708 1681 976 1752 omnisque
996 1696 1259 1735 summum
1279 1680 1547 1745 scientiae,
1574 1680 1784 1735 divinae
1802 1681 2055 1735 essentiae

469 1774 757 1827 veritatem.
809 1772 867 1827 Si
916 1788 1047 1844 ergo
1097 1787 1256 1827 nemo
1303 1771 1830 1841 sapientissimorum
1876 1780 2056 1842 potest

2149 590 2327 646 niendi
2360 586 2587 659 facultas
2621 584 2774 640 desit.
2807 583 2953 637 DISC.
2996 578 3112 634 Non
3148 574 3464 647 perturbor,
3498 569 3591 626 sed
3615 583 3728 622 ma-

2147 682 2232 752 gis
2255 689 2308 735 et
2342 658 2539 734 merito
2582 676 2649 731 de
2691 672 3022 729 obscuritate
3064 664 3369 739 praesentis
3399 658 3727 752 quaestionis

2148 747 2391 833 moveor,
2413 765 2639 836 ejusque
2662 761 2988 819 solutionem
3011 756 3221 812 facilem
3247 753 3362 808 ﬁeri
3387 765 3492 805 nou
3518 747 3725 819 Opinor.

2149 860 2289 915 MAG.
2320 857 2630 913 Redeamus
2671 854 2853 924 itaque
2891 850 2961 906 ad
3005 865 3093 914 ea,
3137 861 3278 917 quae
3316 844 3368 897 in
3395 840 3564 912 priori
3596 839 3727 894 libro

2150 949 2292 1005 inter
2320 962 2420 1003 nos
2451 947 2716 1010 discussa,
2747 952 2803 997 et
2849 942 2917 997 ad
2956 953 3171 1011 purum,
3217 935 3271 990 ni
3304 932 3484 996 fallor,
3508 928 3725 986 deducta

2150 1050 2299 1097 sunt.
2338 1041 2483 1095 DISC.
2514 1036 2665 1105 Quae
2688 1044 2815 1090 sunt
2843 1032 2956 1097 illa,
2997 1030 3313 1089 admoneas,
3345 1036 3568 1093 quaeso.
3591 1017 3726 1075 Msa.

2151 1131 2580 1195 Recordarisne,
2636 1129 2780 1183 inter
2820 1142 2920 1181 nos
2967 1123 3035 1178 ad
3084 1120 3350 1191 liquidum
3404 1113 3725 1174 consedisse,

2153 1224 2352 1280 nullam
2401 1220 2793 1293 categoriarum
2823 1215 3046 1272 denario
3086 1224 3311 1268 numero
3356 1205 3725 1293 conclusartuu

2244 1311 2424 1367 divina
2453 1278 2645 1364 natura
2670 1307 2778 1361 ullo
2804 1306 2962 1361 modo
2983 1301 3201 1375 proprie
3222 1294 3527 1369 praedicari
3550 1278 3761 1363 posse?!

2157 1405 2302 1460 DISC’.
2329 1402 2462 1456 illud
2494 1402 2817 1456 inconcusse
2861 1404 2918 1452 et
2962 1406 3278 1451 concessum
3319 1395 3405 1443 est
3443 1395 3503 1440 et
3541 1380 3733 1438 stabili-

2157 1504 2269 1550 tum
2318 1493 2382 1546 ⁸⁸.
2430 1490 2570 1546 MAG.
2600 1488 2719 1544 Non
2760 1487 2926 1558 igitur
2971 1493 3080 1539 tam
3132 1479 3439 1542 laboriose,
3475 1483 3538 1529 ut
3582 1468 3732 1527 aesti-

2157 1601 2274 1642 mes
2302 1586 2367 1650 “,
2398 1584 2451 1639 in
2479 1582 2638 1653 hujus
2665 1576 3000 1652 quaestionis
3028 1571 3339 1629 diﬁicultate
3373 1564 3628 1623 solvenda
3651 1576 3731 1616 su-

2159 1677 2438 1740 dabimus,
2489 1675 2532 1730 si
2575 1672 2774 1744 prioris
2821 1658 2945 1724 libri
2995 1673 3141 1720 ratas
3185 1657 3561 1718 conclusiones
3589 1658 3732 1708 acute

2158 1770 2574 1843 perspiciamus.
2600 1765 2819 1822 lllarum
2849 1760 3111 1830 siquidem
3141 1753 3353 1812 subtilis
3374 1767 3440 1805 ac
3459 1746 3731 1843 perspicax

468 1878 796 1935 cognoscere
828 1863 1175 1920 existentium
1205 1863 1541 1919 substantiae
1578 1863 1841 1928 rationes,
1865 1877 2059 1918 secun-

2172 1838 2372 1920 utilitas
2402 1863 2455 1917 in
2488 1861 2593 1916 hoc
2618 1858 2738 1914 loco
2770 1851 3197 1927 pulcherrimum
3242 1846 3484 1901 fructum
3516 1838 3735 1935 util-issi-

470 1954 598 2006 dum
629 1967 765 2022 quas
790 1951 1041 2008 fundatae
1064 1961 1217 2019 sunt,
1237 1952 1360 2023 quis
1390 1952 1587 2008 audeat
1608 1951 1779 2008 Deum
1801 1952 1855 2007 in
1879 1952 2060 2021 aliquo

471 2046 739 2103 deﬁnire?
788 2047 934 2102 Dice.
979 2046 1091 2102 Nec
1128 2047 1235 2101 hoc
1260 2059 1527 2116 quaerere
1568 2042 2058 2114 praesumpserim,

473 2154 805 2211 cognoscens
821 2140 991 2209 ipsam
1002 2136 1506 2194 omninoinﬁnitam
1523 2132 1699 2191 esse‘.
1716 2132 1857 2189 MAG.
1875 2132 2064 2203 Itaque

474 2229 519 2283 si
553 2228 698 2286 Deus
725 2228 1005 2300 cognoscit
1028 2228 1287 2297 seipsum,
1309 2224 1438 2296 quid
1467 2224 1559 2287 sit.
1592 2237 1770 2279 nonne
1796 2236 1855 2278 se
1890 2223 2063 2293 ipsum

481 2319 708 2374 deﬁnit?
740 2318 913 2376 Omne
943 2319 1230 2389 siquidem,
1255 2318 1397 2388 quod
1422 2316 1755 2387 intelligitur,
1801 2314 1929 2385 quid
1972 2315 2062 2380 sit,

478 2408 691 2465 deﬁniri
720 2425 750 2464 a
781 2424 840 2466 se
883 2410 1003 2480 ipso
1028 2409 1114 2463 vel
1144 2408 1214 2464 ab
1255 2407 1361 2464 alio
1400 2415 1581 2479 potest
1606 2405 1649 2459 ⁸.
1693 2406 1774 2461 Ac
1820 2419 1915 2476 per
1961 2406 2067 2462 hoc
2120 2402 2125 2408 ’

478 2512 590 2554 non
632 2498 1013 2556 universaliter
1055 2497 1300 2553 inﬁnitus
1345 2506 1448 2563 est,
1500 2496 1595 2553 sed
1641 2495 2060 2567 particulariter.

479 2587 528 2643 si
567 2603 634 2643 ex
663 2597 915 2645 creatura
954 2588 1291 2645 solummodo
1326 2587 1537 2643 deﬁniri
1572 2602 1676 2642 non
1716 2596 1913 2657 potest,
1944 2602 1972 2640 a
2008 2600 2068 2641 se

481 2692 614 2733 vero
637 2678 757 2749 ipso
779 2685 979 2748 potest.
1016 2677 1115 2733 Vel
1136 2685 1195 2731 ut
1216 2678 1292 2731 ita
1318 2676 1517 2740 dicam,
1546 2677 1647 2732 sibi
1671 2675 1691 2707 ⁸
1737 2676 1838 2746 ipsi
1862 2675 2065 2741 ﬁnitus,

479 2776 769 2825 creaturae
793 2768 1035 2824 inﬁnitus
1061 2766 1326 2823 subsistit.
1357 2766 1423 2821 Et
1454 2767 1500 2821 si
1542 2766 1647 2821 hoc
1672 2766 1855 2820 datum
1883 2765 2067 2831 fuerit,

481 2857 795 2913 necessario
823 2866 1101 2927 sequetur,
1140 2864 1202 2910 ut
1231 2865 1323 2910 aut
1364 2866 1471 2911 non
1503 2853 1884 2909 universaliter
1927 2853 2070 2909 Deus

483 2947 732 3004 inﬁnitus
759 2949 849 3015 sit,
876 2948 919 3003 si
951 2963 981 3003 a
1012 2947 1125 3004 sola
1147 2957 1424 3013 creatura,
1462 2960 1571 3001 non
1604 2953 1785 3000 autem
1813 2960 1844 2999 a
1868 2944 2067 3014 seipso,

484 3053 595 3113 non
620 3039 812 3109 recipit
843 3038 1087 3104 deﬁniri;
1120 3046 1213 3093 aut
1241 3037 1463 3093 omnino
1489 3051 1589 3091 nec
1617 3052 1647 3090 a
1675 3044 1946 3101 creatura,
1970 3049 2071 3091 nec

488 3147 521 3186 a
559 3132 759 3201 seipso,
808 3141 868 3186 ut
892 3132 912 3162 ⁷
958 3128 1338 3186 universaliter
1361 3128 1602 3184 inﬁnitus
1640 3128 1731 3193 sit,
1762 3126 1870 3182 ullo
1910 3128 2069 3183 modo

486 3223 857 3278 deﬁnitionem
885 3222 1137 3293 percipit.
1171 3221 1318 3276 Dtsc.
1361 3219 1672 3275 Praesentis
1712 3217 1868 3288 hujus
1902 3219 2070 3275 ratio-
2100 3203 2145 3265 (ἶ

488 3311 781 3367 cinatiouis
827 3312 1111 3382 caliginem
1161 3309 1585 3367 inaccessibilem
1629 3323 1753 3364 esse
1801 3310 2071 3364 aestimo:

486 3412 547 3457 et
574 3403 679 3458 nisi
717 3403 854 3472 ipse,
891 3402 982 3472 qui
1011 3403 1318 3477 quaeritur,
1346 3402 1594 3457 dextram
1627 3415 1780 3456 suam
1811 3402 2077 3472 quaeren-

490 3492 637 3549 tibus
658 3493 1094 3563 se'praetendat,
1132 3493 1337 3548 nullum
1373 3494 1425 3548 in
1446 3500 1571 3549 eam
1603 3493 1879 3548 introitum
1921 3491 2078 3548 facile

492 3582 839 3639 crediderim.
875 3583 929 3638 Si
960 3583 1105 3638 enim
1134 3583 1277 3639 Deus
1319 3584 1556 3654 seipsum
1603 3598 1709 3639 non
1742 3583 1948 3649 definit,
1986 3592 2079 3638 aut

492 3686 556 3728 se
577 3672 804 3728 deﬁnire
829 3688 934 3728 non
962 3674 1151 3743 possit,
1181 3674 1304 3743 quis
1335 3673 1696 3742 ignorantiam
1724 3684 1780 3729 et
1804 3675 2074 3745 impoten—

492 3766 629 3822 tiam
658 3767 713 3821 in
756 3782 880 3822 cum
926 3768 1119 3824 cadere
1164 3767 1411 3838 negarit?
1447 3767 1811 3839 ignorantiam
1852 3766 2077 3832 scilicet,

495 3857 544 3912 si
573 3871 634 3913 se
658 3856 681 3889 ⁸
707 3871 814 3911 non
846 3856 1113 3928 intelligit,
1142 3856 1272 3928 quid
1302 3857 1403 3920 sit;
1437 3857 1808 3928 impotentiam
1845 3872 2005 3922 vero,
2035 3857 2080 3912 si

496 3964 605 4004 non
630 3956 811 4019 potest
834 3948 1085 4014 deﬁnire,
1109 3950 1237 4019 quid
1263 3950 1526 4005 subsistit.
1555 3949 1826 4020 Impotens
1838 3949 1980 4004 enim
2004 3950 2076 4004 vi-

497 4040 715 4096 debitur
750 4055 895 4106 esse,
935 4041 1151 4111 quando
1180 4041 1416 4112 seipsum
1450 4041 1503 4096 in
1545 4042 1726 4111 aliquo
1752 4055 1861 4096 non
1906 4049 2085 4110 potest

501 4130 845 4187 deﬁnire..Si
877 4146 1008 4187 vero
1034 4140 1087 4188 et
1120 4131 1369 4202 intelligit
1397 4130 1816 4202 etdeﬁnit,quid
1848 4131 1963 4201 ipse
1991 4129 2081 4195 sit,

502 4238 612 4279 non
640 4223 862 4278 omnino
902 4222 1146 4278 inﬁnitus
1187 4237 1308 4277 esse
1351 4222 1698 4293 probabitur,
1737 4208 1878 4275 dum~
1910 4236 1940 4274 a
1972 4218 2085 4275 sola

506 4323 758 4370 creatura
787 4315 998 4371 deﬁniri
1027 4330 1133 4370 non
1166 4323 1369 4387 potest,
1397 4315 1523 4385 quia
1558 4313 1706 4369 nullo
1740 4313 1899 4368 modo
1928 4311 1997 4366 ab
2023 4327 2085 4367 ea

513 4407 857 4479 intelligitur,
887 4422 917 4461 a
946 4422 1003 4463 se
1031 4423 1162 4464 vero
1200 4408 1318 4479 ipso
1348 4414 1403 4463 et
1430 4405 1684 4461 deﬁnitur
1717 4413 1772 4459 et
1806 4404 2086 4474 cognosci-

508 4510 619 4565 tur,
642 4501 769 4569 quid
797 4500 888 4555 sit.
914 4499 1054 4555 MAG.
1072 4500 1152 4555 Ne
1173 4498 1415 4564 turbere,
1439 4496 1536 4554 sed
1559 4496 1729 4567 magis
1752 4495 1894 4550 bono
1909 4494 2089 4549 animo

510 4597 650 4642 esto.
683 4586 827 4643 Haec
848 4588 991 4641 enim
1018 4587 1381 4643 consideratio
1410 4602 1509 4640 nos
1539 4585 1606 4639 ad
1637 4599 1734 4640 nos
1757 4583 1902 4653 ipsos
1936 4581 2094 4637 intel-

512 4677 754 4746 ligendos
776 4676 1033 4741 attrahit,
1065 4688 1122 4730 et
1159 4676 1225 4730 ad
1255 4691 1342 4741 ea,
1366 4689 1505 4745 quae
1529 4675 1619 4745 pie
1650 4673 1716 4729 de
1755 4672 1866 4727 Deo
1903 4681 2094 4726 nostro

2123 4542 2175 4603 D

2162 1968 2418 2024 mumque
2442 1952 2585 2006 ferre
2608 1944 3061 2003 manifestabitur.
3088 1939 3231 1995 DISC.
3262 1935 3429 1991 Valde
3450 1932 3556 2024 erit
3584 1928 3627 1962 "

2162 2018 2478 2105 cessarium,
2508 2041 2550 2095 si
2581 2039 2660 2094 sic
2695 2036 2876 2092 fuerit.
2911 2033 3052 2088 Man.
3085 2029 3201 2086 Erit
3232 2026 3409 2097 plane.
3458 2022 3606 2092 lpsas
3642 2018 3737 2072 ita-

2165 2151 2269 2206 que
2296 2132 2598 2203 categorias
2621 2129 2858 2185 breviter
2883 2126 2934 2180 in
2960 2122 3281 2180 memoriam
3308 2130 3565 2172 revocare
3585 2110 3737 2206 ratio-

2165 2202 2454 2284 cinationis
2475 2225 2644 2281 series
2670 2222 2881 2277 videtur
2907 2229 3222 2287 exposcere.
3250 2212 3397 2266 Dtsc.
3427 2206 3548 2262 Alia
3574 2202 3735 2272 inqui-

2166 2319 2380 2375 sitionis
2402 2333 2506 2373 non
2534 2315 2738 2370 arridet
2763 2313 2844 2366 via
2869 2310 2937 2365 ¹³.
2969 2309 3221 2363 Attamen
3254 2298 3633 2371 interrogative
3652 2307 3735 2348 eas

2167 2409 2492 2479 recapitules
2526 2405 2710 2460 velim.
2741 2402 2882 2459 Mac.
2924 2400 3168 2455 Intentus
3211 2395 3394 2463 itaque
3420 2392 3565 2446 hunc
3585 2388 3738 2479 inter:

2169 2473 2390 2570 rogandi
2426 2488 2671 2552 ordinem
2714 2494 2963 2548 intuere:
3007 2486 3181 2555 Quid?
3218 2480 3519 2555 quantum?
3562 2473 3738 2570 quale!

2169 2562 2433 2658 atlvquid?
2456 2600 2563 2655 quo
2591 2582 2738 2639 situ?
2763 2596 2871 2650 quo
2894 2576 3121 2633 habitu?
3147 2572 3353 2629 locine?
3390 2562 3738 2639 temporisne!

2169 2657 2348 2750 agitne
2371 2676 2414 2708 “
2435 2677 2462 2730 ?
2482 2691 2549 2729 au
2566 2672 2808 2744 patitur?
2836 2671 2967 2725 ltem
2994 2667 3038 2722 si
3065 2666 3148 2719 vis
3169 2676 3363 2750 graece
3388 2678 3401 2714 :
3434 2658 3533 2721 Ti;
3557 2657 3733 2717 πόσονς

2168 2777 2335 2833 misr;
2358 2768 2488 2843 πρὸς
2506 2767 2583 2831 τίς
2612 2765 2805 2819 κεῖσθαι
2822 2778 2835 2826 ;
2860 2755 2962 2837 ἆρα
2978 2758 3192 2830 ἔχεσθαι
3215 2754 3289 2818 ¹⁸;
3313 2746 3417 2827 ἆρα
3437 2757 3534 2807 ποῖ
3547 2766 3563 2814 ;
3584 2748 3733 2843 πότι-ς

2168 2863 2220 2916 τί
2244 2835 2489 2935 meta";
2532 2855 2632 2930 ἄρα
2663 2854 2694 2915 ἦ
2726 2835 2959 2923 πάσχω
3002 2848 3205 2903 [lorum
3234 2846 3418 2913 itaque
3446 2838 3648 2895 nullum

2172 2926 2349 3005 Deo“
2376 2926 2593 3020 proprie
2630 2946 3018 3012 interrogatur,
3061 2937 3186 3009 quia
3232 2933 3441 2990 nullum
3480 2931 3667 3020 borum
3696 2926 3741 2980 in

2172 3042 2309 3111 ipso,
2340 3018 2440 3095 nec
2483 3053 2512 3092 a
2555 3052 2614 3092 se
2657 3036 2803 3105 ipso,
2848 3047 2949 3088 nec
2982 3031 3051 3085 ab
3093 3028 3201 3084 alio
3243 3024 3587 3095 intelligitur.
3613 3018 3747 3074 Haec

2176 3131 2374 3187 etenim
2413 3130 2465 3184 in
2498 3128 2603 3192 bis,
2636 3140 2775 3197 quae
2801 3124 2901 3179 sub
2932 3119 3260 3177 intellectum
3298 3132 3391 3172 seu
3419 3127 3640 3170 sensum
3666 3124 3750 3197 caf

2179 3222 2307 3277 dere
2351 3196 2678 3290 probantur,
2707 3213 2927 3287 proprie
2967 3206 3299 3266 considerari
3343 3209 3593 3275 possunt.
3622 3196 3751 3266 Quid

2179 3314 2363 3369 enim?
2390 3312 2446 3367 Si
2493 3306 2913 3380 interrogaveris
2959 3304 3026 3358 de
3068 3302 3178 3357 Deo
3203 3340 3219 3364 ,
3270 3297 3401 3367 quid
3442 3295 3530 3358 sit,
3587 3301 3752 3380 nonne

2180 3406 2450 3478 quandam
2472 3378 2747 3474 propriam
2770 3394 3126 3453 substantiam
3141 3386 3415 3445 deﬁnitam
3432 3397 3662 3455 quaeres
3683 3378 3752 3430 "1'

2182 3499 2318 3554 Etsi
2344 3498 2466 3569 quis
2510 3491 2870 3565 responderit,
2898 3489 3003 3543 boc
3040 3484 3123 3540 vel
3162 3481 3315 3547 illud,
3340 3490 3518 3533 nonne
3562 3484 3752 3569 certam

2182 3565 2451 3665 quandam
2481 3584 3055 3655 circumscriptumque
3082 3576 3355 3665 videbitur
3385 3568 3615 3627 deﬁnire
3638 3565 3753 3664 sub-

2183 3662 2484 3739 stantiam?
2513 3676 2669 3745 Quod
2691 3675 2736 3731 si
2761 3673 2883 3743 quis
2906 3667 3178 3725 veraciter
3208 3665 3274 3720 de
3297 3662 3414 3731 ipso
3438 3662 3755 3730 pronuncia-

2182 3773 2346 3837 verit,
2377 3768 2462 3823 vel
2486 3769 2601 3838 ipse
2631 3766 2698 3820 de
2724 3777 2783 3818 se
2816 3763 2932 3831 ipso
2972 3754 3240 3825 intelligit,
3282 3751 3519 3838 primum
3560 3755 3757 3838 catego-

2185 3862 2389 3917 riarum
2414 3836 2592 3913 locum
2617 3853 2739 3921 jure
2767 3848 3067 3913 obtinebit,
3101 3844 3192 3914 qui
3236 3840 3402 3897 certis
3426 3836 3756 3903 deﬁnitisque

2187 3951 2441 4008 tribuitur
2485 3945 2771 4018 subjectis,
2819 3943 2876 3998 in
2911 3940 3127 4012 quibus,
3158 3944 3215 3990 et
3237 3935 3386 3990 circa
3423 3946 3565 3999 quae
3588 3923 3759 3983 omnia

2184 4050 2476 4099 versantur
2501 4047 2556 4094 et
2580 4036 2924 4093 continentur
2952 4027 3274 4085 accidentia.
3302 4024 3380 4078 Ac
3413 4038 3513 4091 per
3541 4019 3643 4073 hoc
3663 4028 3760 4069 non

2186 4136 2538 4198 translative,
2582 4131 2675 4187 sed
2703 4128 2920 4200 proprie
2946 4123 3120 4196 prima
3165 4121 3233 4175 de
3257 4133 3323 4172 eo
3369 4108 3762 4200 praedicabitur

2188 4225 2480 4299 categoria.
2503 4195 2630 4279 Sive
2653 4195 2888 4278 enim—ab
2904 4195 3245 4274 intellectuali
3259 4216 3530 4269 creatura,
3549 4202 3699 4299 sivea
3718 4195 3759 4228 "

2189 4291 2364 4391 seipsa
2405 4318 2458 4372 in
2499 4315 2678 4386 aliqua
2734 4311 2952 4369 deﬁnita
2981 4304 3212 4362 essentia
3245 4300 3581 4391 intelligatur
3595 4291 3764 4391 divina

2190 4379 2405 4473 natura,
2425 4424 2529 4463 non
2542 4379 2762 4461 omnino
2781 4411 2865 4458 est
2895 4399 3103 4456 inﬁnita
3131 4405 3188 4451 et
3210 4386 3675 4455 incircumscripta
3702 4379 3764 4444 ’ὀ

2197 4500 2452 4569 omnique
2482 4494 2742 4552 accidenti
2769 4505 2981 4548 carens.
3022 4488 3256 4555 Ideoque
3289 4497 3395 4536 non
3425 4478 3565 4533 ultra
3594 4484 3765 4529 omne.

2198 4593 2345 4665 quod
2391 4589 2588 4646 dicitur
2630 4597 2686 4642 et
2716 4583 3053 4653 intelligitur,
3100 4576 3381 4665 veraciter
3410 4578 3630 4665 remota
3656 4574 3769 4665 esse

2195 4654 2455 4744 creditur,
2486 4678 2742 4749 quoniam
2775 4676 2913 4730 intra
2941 4670 3206 4742 quosdam
3234 4664 3492 4722 terminos
3530 4654 3771 4714 deﬁnitae

512 4768 797 4839 cogitanda
827 4776 880 4823 et
909 4768 1249 4840 intelligenda
1280 4776 1335 4824 et
1364 4764 1769 4838 pronuncianda
1806 4772 1949 4830 sunt,
1977 4764 2068 4835 ipsv

2195 4782 2425 4830 naturae
2456 4767 2791 4835 intelligitur.
2814 4763 2987 4820 Omne
3012 4760 3178 4823 enim,
3202 4759 3271 4812 de
3295 4768 3403 4824 quo
3427 4757 3607 4822 potest
3632 4756 3771 4840 prae-

513 4866 811 4929 praeeunte
840 4859 1102 4929 perducit.
1135 4858 1348 4926 Quanto
1389 4870 1620 4926 namque
1660 4855 1715 4909 in
1756 4854 1980 4909 introitu
2015 4853 2099 4907 in-
2198 4864 2365 4922 dicari
2419 4860 2503 4916 vel
2546 4856 2802 4926 intelligi,
2846 4852 2975 4924 quid
3020 4850 3120 4914 sit,
3163 4859 3385 4907 eorum,
3438 4853 3595 4929 quae,
3626 4839 3770 4894 sunt,

517 4948 827 5019 quisitionis
862 4950 1154 5020 caliginosa
1196 4959 1252 5003 et
1292 4946 1560 5003 laboriosa
1598 4945 1894 5016 putabitur,
1947 4951 2097 4998 tanto

517 5041 810 5112 perspicua
849 5051 904 5096 et
952 5041 1227 5097 fructuosa
1274 5038 1595 5109 reperietur.
1639 5033 1787 5089 Fieri
1815 5036 1951 5089 enim
1993 5049 2097 5087 non

518 5141 711 5204 potest,
733 5144 791 5189 ut
814 5134 891 5189 ait
916 5142 1139 5190 sanctus
1164 5129 1760 5202 Augustinus,quadam
1782 5127 1959 5180 divina
1978 5133 2100 5195 p'ro-

519 5222 757 5279 videntin
775 5224 818 5289 ’,
847 5233 902 5277 nt
927 5223 1182 5294 religiosis
1220 5222 1410 5275 animis
1438 5220 1633 5290 seipsos
1657 5228 1703 5273 et
1737 5216 1900 5271 Deum
1922 5229 2099 5275 suum,

744 5358 781 5385 ‘-

2201 4966 2486 5012 numerum
2538 4964 2645 5005 non
2702 4953 2879 5017 potest
2936 4939 3230 5001 excedere,
3287 4935 3382 4990 sed
3438 4928 3603 4986 veluti
3657 4937 3777 5017 pars

2205 5044 2258 5097 in
2309 5050 2418 5097 toto
2446 5081 2459 5107 ,
2511 5039 2597 5094 vel
2652 5012 2822 5092 totum
2886 5034 2941 5088 in
3003 5029 3291 5101 partibus,
3352 5022 3437 5077 vel
3500 5018 3670 5073 forma
3726 5012 3777 5065 in

2207 5149 2441 5207 genere,
2494 5129 2577 5184 vel
2633 5142 2802 5199 genus
2845 5125 2898 5179 iu
2960 5120 3192 5184 formis,
3244 5114 3328 5169 vel
3376 5108 3636 5207 individui
3690 5119 3781 5199 nu.-

2208 5198 2343 5283 ineri
2384 5225 2437 5281 in
2478 5221 2683 5295 specie,
2723 5218 2808 5273 vel
2839 5214 3047 5286 species
3075 5212 3126 5266 in
3158 5205 3476 5270 individuis,
3510 5198 3591 5254 vel
3629 5198 3779 5266 prae-

1801 5381 2055 5438 VARIAE
2087 5377 2494 5437 LECTIONES.

595 5514 611 5544 '
653 5511 699 5567 Α
731 5507 1036 5580 discipulus.
1112 5505 1132 5534 ²
1154 5502 1318 5580 Cips_a
1337 5497 1662 5580 cumulatior
1681 5510 1741 5580 ea
1765 5507 1899 5580 quae
1919 5499 2035 5580 est:
2050 5486 2370 5580 celet;
2406 5484 2443 5580 _'*
2636 5461 3788 5580 ξῖιὶὺῇῡηιέςῗίὲεξέξὶ-ᾇξεξηηὶεῗιἐξ

527 5559 699 5651 suer
718 5559 1026 5660 litigii-5gb}.
1051 5590 1068 5657 ς
1100 5559 2421 5660 φίαὲἀεῄηὶνξπῃοδξαηι,ἓὶρίνανενρίλειιέξᾏώὶἓὲ

2055 5630 2097 5683 Α
2134 5625 2455 5693 providentia
2484 5623 2680 5676 dicina.

1925 5701 1969 5734 ¹³
2006 5696 2104 5755 Dei
2135 5696 2350 5769 ἔχεσθαι
2387 5708 2495 5749 om.
2525 5693 2585 5747 (Σ.

524 5632 741 5723 ﬂgiti
763 5632 811 5679 "7
847 5632 1081 5723 ﬁnienti.
1112 5632 1124 5644 ’
1155 5643 1176 5676 '
1218 5653 1271 5696 ut
1317 5632 1426 5723 om:
1630 5653 1684 5723 se
1702 5632 1824 5723 oms.-
1843 5632 1907 5687 Α.

532 5706 575 5751 δ’
614 5719 655 5773 C
688 5730 784 5772 est.
861 5720 904 5749 ⁸³
936 5719 974 5770 Λ
1018 5717 1098 5769 ria
1138 5730 1241 5768 non
1277 5710 1495 5763 arridet.
1573 5707 1616 5740 ’δ
1639 5706 1682 5760 Α
1719 5706 1846 5775 agit.

532 5789 579 5822 ¹⁸
623 5809 651 5842 a
692 5804 797 5842 unt.
829 5788 891 5840 (ἶ.
970 5788 1011 5821 ¹⁹
1041 5786 1079 5841 C
1112 5782 1521 5850 circumscripta.

2280 5532 2371 5610 FC
2400 5572 2432 5608 a
2455 5532 2623 5635 Ie'i'plé
2649 5532 2961 5607 *ὧι-τᾶίαίἱο
2986 5544 3194 5614 deﬁniri
3217 5560 3250 5595 α
3276 5532 3443 5609 seipse
3484 5536 3559 5592 vel
3602 5538 3668 5617 ab
3688 5532 3788 5586 alio

2282 5625 2455 5660 Αρκιεη
2484 5623 2659 5660 Αηοεηη
2763 5621 2867 5660 Nl‘.
2907 5617 3270 5660 nabilimmm.
3381 5609 3419 5639 “
3444 5608 3486 5660 Α
3524 5616 3787 5658 aestimas.

2763 5621 2867 5673 “(1
2907 5617 3270 5670 stabilitatum.
3381 5616 3419 5639 "
3444 5616 3486 5660 Α
3524 5616 3787 5658 aestimas.

2685 5693 2727 5723 ³⁸
2754 5691 2797 5745 Δ
2850 5689 2913 5742 tle
2952 5686 3061 5741 Deo
3097 5682 3317 5738 nullum.
3426 5678 3466 5709 "
3499 5677 3539 5732 Α
3561 5687 3789 5745 quaeris.
