3884 6158
123 5625 132 5634 ,
216 5579 398 5628 liueat.

220 291 325 348 589

1028 282 1119 341 ne
1157 281 1496 340 nmsnoa's
1535 276 1885 338 amcam.
1925 311 1996 322 —
2032 239 2232 335 uasa
2273 278 2657 336 secessus.

3367 292 3478 349 590'

220 406 484 460 dictorum
529 400 768 457 omnium
817 400 1080 469 quaedam
1123 400 1174 454 in
1200 399 1214 430 ¹
1245 399 1513 468 quandam
1540 395 1803 451 unitatem
1833 399 1879 459 Α
1907 394 1996 449 nia
2025 409 2250 464 corpora
2283 394 2647 458 continemur,
2680 391 2905 446 inferius
2933 399 3158 446 naturae
3182 403 3314 444 suae
3334 403 3484 445 men-

217 513 284 553 ex
337 494 521 550 multis
565 491 810 548 collectio
851 492 974 560 jure
1027 489 1400 545 aestimabitur
1447 502 1586 544 esse.
1643 485 1798 555 Quod

217 589 373 658 longe
397 586 564 640 distat
604 599 668 640 ex
700 581 913 638 divinae
951 591 1177 637 naturae
1210 580 1440 652 simplici
1487 581 1799 650 infinitaque

217 676 469 739 veritate,
489 691 626 746 quae
652 672 786 728 nihil
812 674 1026 738 horum,
1051 686 1189 742 quae
1212 679 1359 737 sunt,
1385 670 1648 727 subsistit.
1682 669 1800 725 Non

215 769 361 824 enim
400 777 571 823 totum
607 773 725 829 εει,
764 778 938 833 neque
966 778 1130 834 pars:
1169 771 1336 817 totum
1376 771 1554 818 tamen
1594 770 1650 817 et
1678 776 1802 831 pars

213 861 434 922 dicitur,
466 857 719 927 quoniam
759 856 826 910 ab
865 870 927 909 ea
952 869 1112 910 omne
1141 861 1309 908 totum
1350 861 1404 908 et
1446 854 1618 908 omnis
1653 869 1796 922 pars,

214 959 269 1006 et
291 949 477 1004 omnia
511 957 619 1000 tota
648 957 705 1000 et
742 960 932 1000 omnes
959 953 1141 1015 partes
1170 944 1386 998 condita
1417 953 1561 998 sunt.
1595 943 1799 1000 Simili-

216 1053 295 1096 Ier
317 1054 498 1110 neque
525 1054 695 1110 genus
730 1047 851 1102 est,
895 1052 1071 1107 neque
1113 1037 1308 1102 forma,
1351 1051 1526 1106 neque
1568 1038 1798 1106 species,

213 1146 390 1202 neque
444 1146 736 1194 numerus,
784 1144 958 1198 neque
1000 1132 1176 1193 οὐσία,
1214 1129 1329 1184 sive
1369 1128 1800 1200 generalissima,

213 1224 328 1278 sive
351 1219 744 1291 specialissima
775 1218 1048 1274 subsistit:
1074 1226 1128 1272 et
1154 1227 1336 1274 tamen
1361 1218 1498 1274 haec
1522 1218 1704 1273 omnia
1734 1219 1801 1274 de

209 1333 274 1373 ea
303 1315 717 1388 praedicantur,
753 1313 1008 1384 quoniam
1035 1312 1104 1368 ab
1128 1328 1190 1369 ea
1215 1313 1544 1370 subsistendi
1577 1312 1801 1371 faculta-

213 1420 319 1463 tem
344 1407 645 1477 accipiunt.
682 1404 792 1460 Nec
825 1420 931 1460 non
966 1405 1294 1461 universitas
1321 1406 1515 1461 horum
1555 1405 1797 1461 omnium

210 1501 431 1562 dicitur,
453 1496 581 1552 dum
606 1496 771 1552 totius
791 1504 1072 1551 creaturae
1097 1495 1505 1553 universitatem
1535 1495 1800 1553 inﬁnitate

210 1603 340 1644 suae
362 1586 721 1643 excellentiae
744 1594 982 1656 superat,
1008 1585 1260 1655 quoniam
1289 1584 1358 1640 ab
1382 1599 1445 1641 ea
1476 1585 1798 1642 universalis

210 1677 550 1732 universitas
571 1684 754 1730 creata
779 1683 881 1730 est.
899 1674 1178 1742 Quomodo
1204 1674 1370 1745 igitur
1395 1675 1575 1730 divina
1605 1684 1794 1730 natura

1901 502 2083 541 suram
2118 501 2222 541 non
2265 493 2441 555 potest
2478 485 2788 547 extendere,
2819 483 2943 553 quia
2973 483 3105 538 nihil
3131 482 3356 538 inferius
3377 491 3483 546 est.
3523 495 3526 500 '

1902 591 2003 630 nec
2028 575 2278 644 superius
2316 583 2492 645 potest
2529 574 2843 630 ascendere.
2871 573 3086 627 Finitur
3115 573 3260 628 enim
3289 573 3341 628 in
3371 572 3498 645 ipSo

1904 665 2050 720 vitali
2097 673 2248 719 motu
2276 705 2292 730 ,
2331 679 2438 734 quo
2485 666 2722 719 nutritur
2763 672 2820 719 et
2865 672 3127 735 augetur,
3166 677 3328 732 atque
3364 663 3488 720 ideo

1901 757 2042 812 ultra
2071 757 2241 828 ipsam
2283 774 2390 813 non
2430 759 2765 828 provehitur.
2801 757 2858 812 Si
2889 772 3016 813 vero
3061 758 3114 811 in
3156 757 3489 814 sublimitate

1902 846 2184 903 universae
2206 857 2490 903 creaturae
2514 847 2778 915 subsistit,
2799 860 2858 902 ut
2879 847 3259 902 intellectualis
3281 863 3483 920 cognoo

1902 949 2104 1006 scatur,
2139 940 2252 995 suis
2281 939 2477 994 ﬁnibus
2508 940 2746 994 coartari
2772 954 2994 996 necesse
3037 948 3142 993 est.
3187 939 3302 994 Non
3340 941 3486 994 enim

1899 1043 2078 1105 potest
2126 1034 2418 1088 ascendere
2467 1033 2519 1087 in
2573 1031 2818 1086 altiorem
2867 1047 2925 1086 se
2979 1042 3306 1097 creaturam,
3358 1032 3507 1102 quia.

1902 1125 2067 1180 altius
2091 1124 2181 1178 illo
2219 1123 2273 1178 in
2324 1125 2484 1178 rebus
2517 1123 2721 1177 creatis
2746 1122 2821 1176 nil
2847 1136 2968 1177 esse
2996 1123 3226 1176 videtur.
3256 1119 3487 1175 Inferius

1905 1216 2030 1272 item
2059 1231 2164 1270 non
2194 1223 2374 1286 potest
2398 1214 2601 1268 remitti
2631 1223 2854 1283 pr0pter
2884 1223 3172 1282 sequentes
3211 1227 3270 1268 se
3311 1212 3487 1267 subsi-

1903 1307 2150 1363 stentias.
2200 1305 2257 1360 Si
2300 1320 2428 1361 vero
2460 1305 2511 1359 in
2538 1305 2718 1360 medio
2759 1304 3046 1358 libramine
3072 1303 3247 1358 locum
3277 1303 3487 1359 obtine-

1903 1404 2004 1460 ret,
2035 1410 2137 1451 nec
2157 1396 2224 1451 ad
2248 1395 2501 1451 inferiora
2531 1410 2589 1450 se
2612 1395 2882 1450 relaxaret
2907 1395 2952 1460 ',
2997 1410 3098 1449 nec
3121 1395 3186 1448 ad
3207 1395 3482 1466 superiora

1901 1500 1962 1540 se
2014 1485 2330 1541 extenderet
2374 1485 2418 1549 ',
2465 1486 2560 1540 sed
2597 1484 2898 1540 naturalem
2945 1501 3101 1539 suum
3145 1486 3487 1557 mediumque

1901 1575 2169 1630 obtineret
2208 1583 2406 1629 statum
2447 1575 2492 1631 ’.
2527 1575 2606 1630 Ac
2651 1589 2748 1644 per
2789 1575 2890 1629 hoc
2936 1574 3080 1628 nulla
3105 1584 3355 1631 creatura
3379 1586 3484 1641 est,

1903 1665 2019 1720 sive
2044 1664 2273 1721 visibilis
2296 1665 2410 1721 sive
2440 1665 2739 1730 invisibilis,
2771 1680 2912 1735 quae
2933 1681 3038 1719 non
3071 1666 3211 1720 intra
3228 1667 3487 1723 terminos

209 1769 448 1841 seipsum
479 1777 661 1840 potest
699 1766 1017 1837 intelligere,
1041 1765 1169 1837 quid
1212 1767 1304 1831 sit,
1332 1782 1454 1822 cum
1501 1768 1634 1823 nihil
1687 1769 1799 1828 sit?
1829 1750 1875 1810 Β
1903 1758 2152 1828 ΡτοΡΐίθθ
2171 1765 2397 1812 "almae
2424 1757 2476 1811 ίη
2504 1756 2684 1825 ειιίίιυο
2703 1765 2978 1812 martem"
3005 1757 3060 1787 ¹⁰’
3078 1757 3132 1811 in
3161 1773 3412 1814 ιηθηευη
3431 1771 3486 1814 οι

213 1860 451 1931 Superat
481 1860 626 1914 enim
657 1872 838 1922 omne,
872 1857 1014 1927 quod
1053 1866 1166 1922 est,
1193 1857 1408 1926 quando
1446 1871 1546 1912 nec
1579 1858 1691 1928 ipsa
1715 1867 1801 1914 est

207 1964 350 2014 esse,
381 1949 478 2004 sed
506 1947 574 2002 ab
602 1949 716 2018 ipsa
745 1956 830 2003 est
858 1961 1018 2000 omne
1036 1960 1179 2012 esse,
1206 1961 1346 2016 quae
1371 1961 1586 2002 omnem
1612 1962 1798 2003 essen-

211 2041 341 2096 tiam
374 2048 433 2094 et
459 2036 1040 2109 substantiamfvirtute
1060 2052 1192 2092 suae
1225 2036 1575 2092 excellentiae
1610 2053 1800 2108 super-

208 2130 436 2188 eminet.
513 2129 620 2184 Aut
639 2129 908 2198 quomodo
931 2127 1197 2183 inﬁnitum
1227 2135 1404 2197 potest
1432 2127 1482 2180 in
1500 2127 1681 2197 aliquo
1702 2130 1798 2184 de-

211 2224 350 2281 ﬁniri
385 2240 416 2277 a
440 2239 502 2279 se
525 2224 664 2292 ipso,
699 2221 786 2277 vel
808 2222 862 2276 in
883 2221 1064 2291 aliquo
1089 2219 1334 2290 intelligi,
1373 2235 1495 2276 cum
1521 2235 1579 2276 se
1601 2235 1799 2292 cogno-

212 2329 324 2374 scat
350 2332 521 2389 super
544 2330 706 2372 omne
734 2313 944 2370 ﬁnitum
975 2321 1030 2368 et
1058 2311 1346 2376 inﬁnitum,
1373 2319 1429 2367 et
1457 2312 1716 2367 ﬁnitatem
1743 2320 1799 2367 et

171 2443 186 2484 ί
211 2407 577 2464 inﬁnitatem?
599 2405 739 2460 Dens
764 2405 944 2474 itaque
958 2403 1130 2458 nescit
1154 2417 1234 2466 se,
1255 2403 1384 2472 quid
1407 2413 1513 2469 est,
1542 2403 1668 2474 quia
1691 2417 1797 2457 non

206 2510 292 2556 εει
335 2498 510 2570 quid;
557 2493 1115 2566 incomprehensibilis
1162 2495 1359 2564 quippe
1401 2494 1455 2548 in
1507 2493 1688 2564 aliquo
1741 2501 1798 2550 et

207 2590 310 2644 sibi
348 2587 457 2658 ipsi
492 2595 548 2640 et
573 2585 718 2640 omni
772 2583 1084 2640 intellectui.
1129 2581 1194 2638 Et
1237 2598 1359 2639 cum
1392 2584 1414 2615 ³
1449 2584 1565 2654 ipsa
1595 2584 1797 2640 veritas

209 2676 536 2749 intelligibili
573 2690 706 2731 voce
744 2674 798 2729 in
829 2675 981 2745 puris
1023 2672 1381 2729 intellectihus
1420 2673 1556 2728 haec
1589 2673 1656 2728 de
1686 2673 1796 2730 Deo

210 2771 501 2827 verissime
521 2769 543 2800 ⁸
580 2767 686 2825 dici
707 2767 1027 2838 proclamat,
1051 2782 1208 2824 nemo
1228 2768 1315 2837 pie
1332 2767 1793 2839 cognoscentium,

209 2863 378 2930 inque
420 2859 607 2916 divina
656 2858 913 2930 mysteria
960 2859 1411 2919 introductorum,
1461 2857 1685 2913 audiens
1728 2857 1796 2912 de

211 2952 341 3016 Deo,
369 2951 612 3020 seipsum
654 2947 956 3018 intelligere
996 2962 1101 3002 non
1145 2961 1319 3016 posse,
1357 2946 1486 3016 quid
1520 2946 1610 3012 sit,
1651 2945 1796 3002 aliud

211 3042 369 3098 debet
390 3039 726 3104 existimare,
757 3037 859 3093 nisi
882 3037 1064 3107 ipsum
1077 3038 1267 3103 Deum,
1291 3037 1382 3108 qui
1403 3053 1509 3093 non
1531 3046 1616 3093 est
1640 3039 1792 3108 quid,

211 3131 437 3185 omnino
466 3130 714 3200 ignorare
739 3127 792 3181 in
821 3142 880 3182 se
906 3126 1042 3196 ipso,
1072 3127 1213 3196 quod
1244 3127 1359 3198 ipse
1386 3141 1492 3181 non
1511 3135 1618 3191 est,
1646 3127 1791 3197 seip-

209 3237 329 3277 sum
358 3229 546 3276 autem
571 3235 676 3274 non
697 3219 976 3291 cognoscit
1003 3219 1204 3289 aliquid
1231 3234 1370 3275 esse.
1400 3219 1579 3275 Nescit
1611 3219 1793 3289 igitur,

212 3312 338 3382 quid
373 3312 490 3381 ipse
515 3317 617 3374 est,
646 3309 749 3364 hoc
783 3317 869 3364 est
891 3348 906 3375 ,
935 3308 1110 3363 nescit
1138 3323 1196 3364 se
1224 3309 1353 3378 quid
1377 3323 1516 3373 esse,
1541 3308 1794 3378 quoniam

211 3401 526 3473 cognoscit,
554 3415 614 3456 se
653 3399 859 3454 nullum
892 3414 1076 3455 eorum
1103 3440 1118 3466 ,
1151 3413 1289 3471 quae
1315 3399 1371 3454 in
1401 3400 1580 3470 aliquo
1600 3415 1797 3472 cogno-

211 3505 462 3558 scuntur,
489 3502 544 3548 et
571 3493 637 3547 de
677 3493 873 3562 quibus
911 3500 1088 3562 potest
1115 3493 1222 3548 dici
1256 3493 1340 3548 vel
1378 3493 1638 3566 intelligi,
1668 3495 1796 3565 quid

211 3596 359 3650 sunt,
387 3585 612 3640 omnino
633 3599 772 3639 esse.
807 3583 939 3638 Nam
966 3583 1010 3638 si
1044 3585 1094 3639 in
1125 3585 1308 3656 aliquo
1332 3587 1569 3656 seipsum
1597 3602 1797 3658 cogno-

212 3687 412 3742 sceret,
445 3692 552 3730 non
583 3675 800 3730 omnino
829 3675 1095 3730 inﬁnitum
1121 3685 1178 3731 et
1201 3677 1795 3749 incomprehensibilem

213 3765 771 3835 innominabilemqne
800 3765 1036 3834 seipsum
1063 3765 1344 3823 indicaret.
1383 3765 1451 3823 lit
1479 3768 1610 3838 quid
1631 3770 1798 3825 inter-

214 3874 410 3930 rogas,
445 3861 649 3930 inquit,
684 3875 879 3915 nomen
927 3861 1140 3916 meum?
1188 3861 1254 3916 Et
1291 3863 1394 3918 hoc
1433 3872 1517 3918 est
1561 3880 1732 3933 genus
1775 3864 1798 3897 ⁵

215 3951 484 4007 mirabile.
512 3951 617 4004 Aut
659 3965 838 4007 nonne
879 3951 982 4006 hoc
1009 3967 1134 4007 vere
1177 3961 1260 4008 est
1301 3952 1547 4008 mirabile
1577 3969 1795 4022 nomen,

211 4041 358 4114 quod
403 4051 490 4098 est
525 4057 688 4113 super
726 4057 886 4100 omne
927 4059 1147 4108 nomen,
1195 4044 1337 4113 quod
1379 4044 1794 4114 innominabile,

210 4136 358 4205 quod
391 4134 538 4189 omni
570 4133 985 4205 supercollatum
1028 4135 1232 4190 nomini
1267 4136 1573 4202 nominato,
1603 4136 1717 4193 sive
1743 4138 1796 4192 in

209 4227 399 4284 seculo
438 4226 561 4289 hoc,
596 4227 709 4280 sive
745 4226 797 4279 in
835 4224 1049 4280 futuro?
1087 4225 1144 4281 Si
1180 4241 1310 4298 ergo
1338 4228 1580 4298 increpat
1602 4243 1795 4283 nomen

213 4333 371 4372 suum
403 4333 687 4386 quaerere,
719 4318 843 4387 quia
875 4333 1036 4388 super
1072 4332 1232 4373 omne
1267 4333 1460 4372 nomen
1497 4327 1610 4385 est,
1640 4319 1796 4375 inno-

1907 1866 2132 1907 numero
2153 1851 2478 1923 etpondere.
2509 1853 2650 1906 Deus
2675 1860 2853 1906 autem
2878 1852 2930 1906 in
2948 1851 3093 1906 nullo
3107 1867 3292 1907 eorum
3324 1855 3483 1910 intel-

1905 1943 2021 2016 ligit
2055 1958 2114 2000 se
2134 1958 2276 2007 esse,
2309 1943 2402 2000 sed
2431 1944 2727 2016 cognoscit,
2748 1959 2806 1999 se
2837 1959 3000 2014 supra
3028 1959 3216 2001 omnes
3243 1960 3364 2002 esse
3385 1963 3485 2001 na-

1905 2045 2060 2089 turae
2079 2033 2299 2090 ordines
2320 2034 2363 2066 “
2384 2049 2514 2089 suae
2534 2033 2831 2103 sapientiae
2849 2033 3189 2100 excellentia,
3205 2044 3260 2092 et
3285 2035 3421 2091 infra
3441 2040 3498 2069 ι’

1901 2126 2082 2180 omnia
2123 2139 2256 2181 suae
2284 2124 2498 2180 virtutis
2523 2123 2835 2190 altitudine,
2875 2132 2932 2179 et
2969 2125 3109 2179 intra
3145 2127 3324 2181 omnia
3355 2143 3496 2183 suae-

1901 2221 2270 2289 providentiae
2297 2215 2716 2289 ininvestigabili
2751 2218 3178 2289 dispensatione,
3214 2231 3265 2276 et
3302 2223 3492 2280 omnia

1902 2310 2128 2377 ambire,
2153 2312 2278 2382 quia
2309 2312 2362 2365 in
2394 2312 2510 2380 ipso
2525 2318 2650 2366 sunt
2675 2312 3118 2377 omnia,etextra
3150 2313 3322 2383 ipsum
3351 2313 3488 2371 nihil
3543 2315 3559 2356 ⁸

1901 2411 2008 2457 εει.
2039 2401 2198 2458 Solus
2224 2402 2367 2457 enim
2396 2401 2510 2472 ipse
2534 2410 2616 2456 est
2643 2416 2895 2458 mensura
2925 2402 3044 2457 sine
3081 2418 3355 2472 mensura,
3387 2421 3486 2460 nu-

1903 2507 2086 2548 merus
2114 2493 2233 2548 sine
2260 2506 2505 2558 numero,
2525 2492 2739 2562 pondus
2763 2492 2881 2548 sine
2901 2493 3157 2565 pondere.
3182 2493 3247 2548 Et
3270 2497 3482 2563 merito,

1901 2583 2030 2655 quia
2072 2601 2102 2639 a
2140 2582 2320 2650 nullo,
2353 2599 2455 2640 nec
2489 2599 2518 2638 a
2550 2584 2727 2656 seipse
2756 2592 3118 2650 tuensuratur,
3146 2595 3482 2652 numeratur,

1899 2677 2205 2742 ordinatur,
2238 2689 2339 2732 nec
2367 2677 2420 2730 in
2453 2675 2559 2730 ulla
2591 2690 2845 2732 mensura
2867 2717 2882 2744 ,
2910 2677 2965 2732 in
2991 2677 3100 2732 ullo
3138 2693 3395 2746 numero,
3425 2680 3482 2736 in

1900 2765 2011 2822 ullo
2039 2765 2229 2822 ordine
2253 2767 2502 2839 intelligit
2529 2783 2588 2824 se
2607 2783 2748 2835 esse,
2775 2768 3030 2839 quoniam
3053 2769 3107 2824 in
3127 2770 3274 2828 nullo
3293 2787 3482 2829 eorum

1900 2859 2333 2915 substantialiter
2358 2861 2688 2926 continetur,
2727 2876 2849 2916 cum
2884 2861 3032 2917 solus
3069 2877 3197 2920 vere
3225 2864 3280 2920 in
3311 2867 3484 2920 omni-

1900 2951 2002 3008 bus
2027 2967 2190 3022 supra
2228 2953 2409 3008 omnia
2441 2952 2684 3009 inﬁnitus
2713 2954 2930 3009 existat.
2967 2954 3036 3011 Et
3063 2971 3132 3012 ne
3156 2957 3288 3012 mihi
3319 2973 3484 3030 oppo-

1901 3059 2019 3111 nas,
2044 3058 2214 3114 quare
2238 3044 2490 3110 dixerim,
2518 3045 2762 3100 ordinem
2788 3060 3074 3117 corporum
3107 3047 3158 3102 in
3181 3045 3397 3105 altiores
3423 3065 3484 3106 se

1898 3145 2121 3190 naturas
2149 3135 2368 3191 extendi
2402 3133 2447 3166 “
2476 3149 2581 3190 non
2611 3135 2814 3198 valere,
2853 3152 2978 3192 cum
3017 3137 3321 3206 credamus,
3360 3155 3481 3196 om-

1895 3224 1982 3278 nia
2008 3239 2238 3295 corpora
2261 3224 2314 3278 in
2347 3224 2694 3295 incorporeas
2721 3225 3012 3295 qualitates
3041 3237 3203 3299 atque
3223 3231 3476 3286 substan-

1898 3313 2000 3366 tias
2023 3326 2146 3368 esse
2181 3312 2495 3369 transitura.
2525 3314 2750 3382 Quando
2773 3314 2918 3370 enim
2958 3316 3062 3372 hoc
3100 3318 3225 3382 erit,
3254 3333 3506 3390 corpora.

1895 3418 2019 3460 esse
2059 3405 2370 3460 cessabunt.
2423 3405 2615 3460 Adhuc
2655 3413 2835 3460 autem
2879 3405 3006 3460 dum
3060 3421 3286 3477 corpora
3332 3417 3480 3474 sunt.

1897 3511 1997 3552 nec
2016 3497 2062 3531 “
2093 3496 2321 3554 inferius
2342 3513 2515 3568 neque
2543 3497 2789 3568 superius
2816 3512 2945 3553 suae
2967 3508 3194 3554 naturae
3217 3500 3480 3558 terminos

1895 3597 2123 3656 possunt
2151 3586 2472 3658 transgredi.
2506 3586 2583 3642 De
2619 3601 2723 3656 qua
2753 3595 2907 3658 parte
2932 3579 3477 3658 philosophiae,,.dtnu

1897 3678 1963 3734 de
1999 3679 2172 3734 reditu
2215 3693 2394 3734 rerum
2426 3679 2479 3734 in
2507 3694 2700 3735 causas
2737 3678 3222 3747 considerabimus,
3253 3681 3481 3754 diligen-

1899 3769 2006 3823 tius
2033 3768 2374 3824 tractabitur.
2396 3767 2549 3824 Nunc
2575 3778 2754 3824 autem
2783 3768 2847 3824 de
2873 3784 2960 3831 eo,
2995 3770 3136 3839 quod
3160 3772 3343 3838 instat,
3378 3772 3480 3829 hoc

1897 3869 2002 3926 est,
2035 3861 2177 3931 quod
2207 3861 2368 3927 Deus,
2411 3861 2540 3933 quid
2571 3861 2661 3928 sit,
2699 3878 2806 3916 non
2845 3860 3118 3932 intelligit,
3153 3863 3478 3918 intueamur.

1898 3952 1967 4007 Et
1993 3951 2038 3983 "
2062 3952 2129 4008 de
2153 3953 2257 4009 hoc
2297 3953 2440 4024 quod
2478 3967 2740 4010 conamur
2773 3953 3019 4015 suadere,
3050 3951 3177 4020 quid
3209 3951 3301 4005 tibi
3334 3953 3482 4007 vide-

1900 4053 1988 4100 tur
2027 4043 2091 4110 ",
2121 4059 2226 4100 non
2276 4053 2329 4100 te
2371 4045 2569 4114 pudeat
2609 4043 2789 4100 fateri.
2823 4043 2965 4098 DISC.
3007 4041 3084 4097 De
3113 4043 3213 4096 hac
3246 4042 3479 4097 mirabili

1897 4136 2076 4191 divina
2095 4135 2416 4206 ignorantia,
2447 4150 2552 4206 qua
2574 4135 2715 4191 Deus
2729 4131 3117 4205 nonintelligit,
3141 4131 3269 4202 quid
3299 4133 3342 4165 ι’
3366 4133 3480 4203 ipse
3509 4169 3518 4206 ι

1899 4229 1987 4290 sit,
2005 4243 2186 4300 quaca
2204 4238 2252 4283 te
2272 4228 2412 4282 dicta
2435 4225 3152 4296 sunt,quamviscaliginosa,
3173 4233 3484 4278 nontamen

1899 4319 2057 4382 falsa.
2081 4319 2175 4374 sed
2197 4334 2345 4380 vera,
2363 4318 2585 4387 verique
2602 4315 2798 4372 similia
2815 4316 2944 4370 mihi
2963 4315 3130 4370 videri
3154 4314 3345 4368 fateor.
3361 4312 3480 4370 Non

217 4409 492 4472 minabilc,
533 4409 685 4477 quid,
734 4409 777 4462 si
818 4409 940 4478 quis
985 4419 1212 4478 quaerat
1253 4408 1368 4477 ejus
1413 4409 1795 4476 substantiam,
1826 4440 1878 4501 ο
1904 4413 2046 4468 εηίιη
2072 4412 2286 4478 suades,
2304 4412 2472 4466 Deum
2491 4410 2724 4478 seipsum
2745 4408 3014 4478 ignorare,
3037 4406 3129 4461 sed
3145 4406 3504 4462 solummodo.

213 4514 375 4570 quae,
429 4498 475 4552 si
521 4497 573 4551 in
621 4496 803 4566 aliquo
843 4497 996 4552 ﬁnito
1039 4508 1203 4562 esset,
1255 4497 1406 4553 ﬁnito
1444 4499 1662 4555 nomine
1693 4515 1800 4554 non

221 4591 470 4646 careret?
509 4589 781 4657 Quoniam
828 4605 959 4644 vero
996 4590 1051 4643 in
1094 4590 1240 4646 nullo
1281 4591 1648 4655 substituitur,
1672 4591 1798 4661 quia

216 4680 458 4736 inﬁnitus
498 4681 647 4736 omni
689 4681 1056 4736 nominatione
1103 4689 1283 4746 caret,
1339 4681 1739 4737 innominabilis
1777 4683 1798 4714 '

214 4783 312 4827 est.
344 4771 516 4829 Omne
547 4771 835 4841 siquidem,
874 4771 1016 4842 quod
1062 4773 1116 4828 in
1162 4773 1343 4845 aliquo
1369 4773 1798 4829 substantialiter

215 4863 548 4934 intelligitur,
583 4863 658 4917 ita
685 4873 743 4917 ut
770 4866 990 4934 preprie
1013 4865 1078 4919 de
1098 4879 1164 4920 eo
1185 4865 1524 4934 praedicetur
1544 4864 1671 4936 quid
1702 4865 1787 4925 sit,

215 4969 388 5024 neque
436 4955 653 5009 modum
715 4971 889 5025 neque
936 4971 1242 5011 mensuram
1299 4957 1548 5012 excedit:
1609 4956 1790 5026 aliquo

213 5061 448 5116 namque
475 5047 657 5111 modo,
686 5061 794 5115 quo
821 5049 1024 5110 linitur,
1052 5048 1390 5103 concluditur
1408 5065 1422 5115 ;
1440 5048 1614 5118 aliqua
1641 5063 1789 5102 men-

213 5153 359 5206 sura,
389 5153 551 5208 quam
573 5153 832 5210 superare
859 5155 965 5194 non
994 5149 1190 5210 potest,
1222 5141 1454 5195 lineatur
1477 5141 1517 5194 '.
1561 5139 1616 5195 Si
1644 5139 1787 5194 enim

213 5227 458 5285 inﬁmum
484 5230 538 5286 in
565 5238 760 5286 natura
787 5245 967 5286 rerum
997 5231 1291 5287 obtinuerit
1318 5231 1515 5298 locum,
1544 5247 1650 5302 quo
1674 5247 1790 5286 om-

1903 4507 2178 4576 ignorare,
2215 4502 2345 4574 quid
2382 4502 2488 4557 sit.-
2506 4501 2574 4555 Et
2603 4500 2796 4555 merito
2821 4541 2834 4564 ,
2883 4499 3007 4569 quia
3044 4513 3150 4554 non
3185 4506 3267 4554 est
3305 4499 3476 4569 quid;

1902 4595 2145 4662 inﬁnitus
2212 4591 2410 4662 quippe
2475 4600 2558 4644 est
2613 4597 2669 4643 et
2704 4588 2819 4653 ,sihi
2881 4588 3020 4657 ipsi,
3083 4597 3139 4640 et
3187 4586 3478 4654 omnibus,

1895 4657 2035 4754 quae
2063 4657 2381 4738 abeosunt.
2411 4679 2490 4735 Ac
2515 4695 2614 4750 per
2651 4679 2754 4734 hoc
2786 4679 2837 4733 in
2867 4678 2968 4734 hac
2997 4678 3180 4749 specie
3218 4678 3502 4749 ignoram-

1898 4777 2006 4831 tiae
2031 4773 2375 4844 apertissime
2417 4771 2885 4842 pulcherrimeque
2939 4786 3150 4826 summa
3182 4779 3238 4825 et
3284 4767 3482 4825 ineﬂ'a-

1897 4867 2022 4922 bilis
2046 4865 2250 4920 arridet
2282 4863 2570 4934 sapientia.
2616 4860 2850 4916 Stultum
2880 4861 3022 4916 enim
3053 4861 3146 4916 Dei
3175 4863 3492 4933 sapientius.

1896 4967 1982 5014 est
2001 4958 2325 5013 hominibus.
2347 4954 2484 5010 Mite.
2506 4951 2644 5022 Quid
2664 4954 2866 5023 itaque?
2879 4952 2934 5008 Si
2950 4953 3068 5024 quis
3092 4954 3157 5008 de
3173 4952 3282 5010 Deo
3311 4955 3487 5010 inter»

1898 5052 2186 5122 rogaverit,
2210 5060 2446 5120 quantus
2469 5048 2547 5102 vel
2582 5047 2758 5118 qualis
2787 5048 2888 5107 sit.
2921 5063 3047 5101 num
3085 5047 3180 5103 tibi
3223 5033 3365 5102 recte
3398 5047 3482 5100 vi"

1897 5143 2111 5197 dubitur
2136 5140 2481 5210 responderi,
2521 5147 2700 5194 tantus
2729 5151 2785 5194 ct
2828 5137 3119 5194 talis?'Non
3166 5139 3308 5193 illam
3353 5136 3472 5191 dico

1900 5233 2258 5303 quantitatem
2285 5239 2338 5286 et
2375 5230 2712 5300 qualitatem,
2754 5230 2821 5285 de
2858 5246 2962 5300 qua
3001 5228 3266 5298 Propheta
3295 5225 3470 5282 dicit:

1503 5387 1753 5442 VARIAE
1792 5386 2191 5444 LECTIONES.

288 5507 303 5536 ¹
332 5503 438 5560 Pro
466 5502 579 5558 iaC
605 5504 696 5557 ita.
775 5505 796 5534 '
833 5504 874 5557 A
900 5505 963 5558 si.
1043 5503 1115 5555 Ἀ
1153 5502 1412 5556 verissime
1447 5503 1510 5556 de
1553 5501 1680 5556 Deo.
1756 5502 1777 5572 ξ
1817 5519 1978 5572 genus
2020 5515 2129 5556 om.
2173 5501 2235 5554 (Σ.
2316 5501 2336 5532 ⁸
2375 5500 2554 5571 C0nj.,
2582 5499 2668 5555 AC
2709 5502 2832 5570 quia
2869 5495 3288 5572 innominabilis.
3363 5495 3386 5528 ⁸
3428 5463 3532 5554 C‘

499 5575 521 5605 '
558 5573 596 5626 A
654 5574 994 5628 relaxantur.
1100 5574 1120 5605 '
1170 5574 1210 5626 Α
1254 5573 1633 5626 extenderemr.
1758 5571 1780 5601 '

221 5647 262 5676 "
325 5645 412 5698 Sic
463 5644 540 5706 (ἒς
580 5644 622 5698 Α
651 5655 868 5696 naturae
901 5645 1107 5697 ordines
1147 5660 1274 5697 esse.

1841 5575 1943 5628 sed
1998 5573 2289 5627 naturalem
2344 5600 2414 5612 ——
2475 5568 2667 5626 statum
2723 5568 2836 5623 Om.
2893 5568 2955 5624 Ο.

1389 5643 1430 5672 ¹¹
1463 5645 1553 5697 Sic
1596 5641 1700 5696 AC.
1733 5641 1778 5673 ¹³
1827 5644 1867 5697 (3
1902 5645 2194 5699 extendere.

3068 5566 3112 5598 “
3161 5568 3203 5621 C
3244 5578 3466 5624 coartet.

2275 5645 2318 5673 ιιι
2352 5641 2393 5696 c
2419 5658 2540 5694 ηοη,
2638 5642 2680 5671 η
2699 5637 2840 5710 quod
2870 5637 3003 5692 Deus
3040 5666 3109 5710 -—_
3151 5636 3217 5710 ξι
3254 5654 3360 5695 om.
3402 5641 3468 5698 C.

223 5715 262 5746 ¹⁶
306 5715 396 5768 Sic
433 5715 501 5777 C,
540 5717 579 5769 A
614 5712 866 5767 Etim-um
905 5715 994 5766 tibi
1041 5713 1301 5784 probabile
1332 5714 1550 5770 videtur.
1579 5712 1718 5782 quod
1739 5729 1988 5769 rouamur
2025 5717 2088 5770 de
2109 5717 2203 5769 hoc
2227 5716 2464 5777 suadere,
2492 5727 2591 5764 non
2613 5707 2870 5782 tepudeal
2910 5718 3011 5765 cet.
3093 5708 3132 5742 ³⁷
3158 5707 3198 5766 C
3228 5714 3382 5781 quod.
