3912 6154
462 286 562 348 59!

1843 281 2126 345 ιοΑΝΝιε
2161 280 2359 342 SCO'H

3604 276 3700 336 ξω

460 395 692 474 Magnus
728 398 983 456 Dominus
999 407 1048 455 et
1069 397 1352 454 laudabilis
1369 398 1551 464 nimis,
1580 406 1630 452 st
1665 397 2040 469 magnitudinis
2067 402 2117 465 Α
2144 394 2356 453 nullum
2385 392 2551 453 situm
2571 390 2909 458 babitumve,
2941 388 3146 447 nullum
3168 387 3341 445 locum
3361 401 3458 445 seu
3487 396 3701 463 tempus,

461 489 583 563 ejus
605 507 710 546 non
745 502 823 545 est
842 490 988 559 ﬁnis.
1026 488 1160 545 Vide
1204 503 1371 559 quam
1398 486 1506 542 alte
1534 486 1838 559 Theologus
1864 486 2048 557 eloqui-5

464 589 593 637 tur:
619 579 865 652 Magnus,
907 580 1104 648 inquit,
1141 577 1415 635 Dominus.
1455 579 1564 636 Sed
1612 595 1681 637 ne
1724 579 1846 650 quis
1893 578 2045 637 ﬁnita

463 671 766 742 quantitate
801 684 924 725 eum
971 669 1115 723 ﬁniri
1149 677 1387 738 putaret,
1439 669 1696 725 continuo
1735 668 1885 727 addit
1931 685 1946 724 :
1994 679 2045 725 et

462 760 841 832 magnitudinis
869 759 982 829 ejus
1012 777 1117 814 non
1146 770 1221 814 est
1251 760 1397 828 ﬁnis.
1435 758 1591 826 Item,
1626 774 1695 814 ne
1721 759 1844 831 quis
1871 757 2045 827 quali.

463 857 629 905 tatem
657 850 865 904 ﬁnitam
893 850 950 904 in
986 864 1051 904 eo
1070 863 1191 905 esse
1213 850 1548 920 opinaretur,
1588 864 1697 905 nou
1737 848 1874 904 dixit
1908 848 2042 904 sim-

456 938 676 1012 pliciter
715 950 764 994 a
812 938 1121 1007 laudabitis,
1169 940 1264 995 sed
1305 939 1582 1011 subiunxit
1611 956 1624 993 :
1656 939 1847 1004 nimis;
1882 938 2045 1025 nimié

459 1036 644 1086 autem
686 1029 905 1093 dicitur,
941 1030 1087 1100 quod
1124 1043 1343 1088 omnem
1384 1030 1603 1087 modum
1643 1029 1879 1086 excedit.
1924 1027 2043 1086 Non

458 1117 606 1176 illam
640 1119 842 1189 itaque,
873 1128 934 1174 ut
960 1120 1096 1187 dixi,
1120 1121 1477 1191 quantitatem
1502 1119 1770 1177 inlinitam
1798 1120 2042 1186 nomino,

459 1226 567 1268 nec
599 1211 745 1267 illam
770 1211 1106 1284 qualitatem,
1131 1227 1273 1283 quae
1301 1219 1387 1268 est
1409 1212 1604 1277 nimis;
1634 1213 1772 1269 haec
1809 1226 2045 1282 namque

456 1313 569 1357 non
586 1300 605 1332 ¹
632 1299 927 1370 incongrue
947 1301 1014 1356 de
1046 1301 1155 1357 Deo
1171 1302 1510 1374 cogitantur;
1539 1302 1634 1359 sed
1661 1302 2046 1374 qualitatemet

456 1390 836 1462 quantitatem,
860 1406 1001 1461 quae
1022 1393 1322 1449 secundum
1352 1392 1605 1449 accidens
1622 1392 1677 1448 in
1698 1391 1941 1462 subjecto
1963 1392 2042 1449 di-

455 1490 673 1538 cuntur.
691 1482 835 1539 Drsc.
853 1481 973 1538 Non
992 1492 1140 1541 recte
1160 1484 1397 1554 quidem.
1419 1482 1522 1543 Ubi
1537 1484 1682 1540 enim
1710 1498 1817 1540 non
1836 1483 2045 1545 inveni-

455 1582 547 1628 tur
573 1572 797 1629 deﬁnita
822 1574 1145 1641 substantia,
1180 1574 1287 1639 vel,
1316 1582 1377 1629 ut
1415 1573 1489 1628 ita
1519 1573 1731 1641 dicam,
1756 1573 2040 1629 deﬁnitum

456 1661 785 1734 subiectura,
807 1663 880 1718 ibi
906 1665 1262 1735 quantitatem
1293 1665 1314 1695 ²
1336 1672 1393 1721 et
1429 1664 1745 1734 qualitatem
1778 1677 2043 1737 qtmerere

2145 488 2353 545 nullum
2401 502 2564 557 agere
2601 485 2687 542 vel
2745 484 2859 556 pati
2907 483 3128 541 omnino
3164 481 3216 536 ei
3241 479 3502 545 accidere,
3530 496 3590 536 ac
3612 495 3699 550 per

2143 583 2251 640 hoc
2272 581 2477 639 nullum
2506 594 2696 645 eorum
2718 593 2822 637 nec
2849 592 2882 633 a
2905 576 3105 647 seipse,
3138 588 3240 630 nec
3263 573 3330 629 ab
3358 571 3462 629 alio
3477 572 3526 626 in
3540 573 3700 643 seipse

2148 674 2190 709 ι’
2235 671 2458 742 intelligi
2482 670 2679 759 ροβε.ςῖ
2709 668 2987 740 Siquidem
3015 663 3237 759 deﬁnita
3258 663 3552 759 substantia
3570 663 3617 759 in
3641 676 3699 725 eo

2144 777 2253 819 non
2287 770 2525 833 reperta,
2565 753 2740 830 neque
2782 757 3077 820 intellecta.
3110 753 3314 811 nullum
3367 753 3699 809 accidentium

2144 854 2397 910 deﬁnitae
2449 852 2788 913 substantiae
2817 850 2869 907 ei
2925 849 3173 905 accidere
3223 854 3433 903 rectum
3461 844 3696 900 estdabi-

2144 956 2281 1007 tare.
2335 944 2435 1001 Ubi
2477 944 2622 999 enim
2682 941 2864 999 deﬁcit
2914 939 3193 997 deﬁnitum
3246 937 3585 1007 subjectum,
3632 932 3697 990 ibi

2144 1037 2351 1093 nullum
2408 1034 2662 1091 accidens
2719 1030 3038 1102 intelligitur
3082 1029 3394 1099 adiunctum
3441 1023 3523 1080 vel
3567 1038 3698 1093 sepa-

2142 1135 2343 1191 ratum,
2373 1123 2458 1180 vel
2484 1123 2592 1181 ullo
2617 1122 2776 1178 modo
2796 1129 2990 1176 natura
3019 1115 3248 1187 subjecti
3270 1116 3575 1171 discretum.
3604 1110 3695 1168 Sed

2141 1228 2203 1276 ut
2238 1217 2479 1276 breviter
2505 1218 2574 1273 de
2597 1213 2824 1285 singulis
2862 1212 3130 1275 dicamus,
3177 1208 3243 1263 de
3267 1207 3464 1278 quibus
3489 1205 3538 1258 in
3557 1219 3695 1275 supe-

2142 1310 2274 1372 riori
2295 1309 2435 1374 libro
2458 1307 2675 1378 copiose
2692 1304 2736 1336 ⁸³
2764 1301 3119 1359 tractavimus
3138 1315 3151 1352 :
3170 1297 3305 1366 Quis
3338 1295 3544 1351 divinae
3569 1300 3707 1346 uatu-

2143 1419 2238 1463 rae
2264 1403 2427 1458 situm
2468 1398 2679 1460 dederit
2697 1438 2713 1463 ,
2736 1396 2865 1453 dum
2886 1401 2947 1449 et
2988 1393 3104 1465 ipsa
3132 1391 3185 1446 in
3213 1384 3392 1471 seipsa
3423 1384 3614 1442 nullum
3637 1399 3699 1439 sr-

2142 1504 2256 1553 tum
2303 1490 2614 1564 cognoscit?
2661 1488 2811 1546 Situs
2851 1487 2997 1547 enim
3035 1493 3127 1540 aut
3160 1482 3401 1554 partium
3431 1479 3485 1536 in
3530 1487 3629 1533 toto
3657 1475 3697 1509 ⁸⁸

2141 1592 2254 1652 est;
2314 1582 2462 1639 verbi
2506 1580 2706 1656 gratia,
2760 1579 2896 1635 situs
2944 1575 3165 1637 humani
3196 1570 3444 1643 corporis
3477 1576 3557 1625 est
3583 1564 3697 1622 ordo

2142 1675 2534 1739 membrorum,
2580 1686 2689 1742 quo
2732 1669 2777 1703 “
2802 1683 2966 1727 omne
3010 1665 3310 1725 membrum
3345 1662 3398 1722 in
3422 1676 3514 1716 suo
3535 1657 3700 1713 ordino

455 1763 511 1810 et
536 1755 756 1810 ﬁrmare
784 1754 1010 1810 stultum
1041 1755 1198 1813 valde
1224 1756 1446 1826 risuque
1467 1756 1690 1827 dignum
1726 1755 1860 1811 mihi
1892 1754 2041 1810 vide-
2066 1765 2116 1826 Β
2141 1768 2342 1823 suum,
2382 1766 2445 1821 ιο,
2500 1764 2651 1821 suus
2691 1774 2912 1833 quoque
2937 1758 3135 1819 dicitur
3162 1754 3327 1813 totius
3354 1750 3584 1823 corporis
3616 1762 3699 1821 po-

454 1853 565 1900 tur.
593 1845 673 1900 Ac
703 1862 799 1918 per
838 1847 959 1912 hoc,
991 1847 1117 1902 dum
1147 1846 1202 1903 in
1226 1845 1337 1902 Deo
1360 1861 1461 1903 nec
1488 1848 1626 1918 ipse,
1657 1861 1758 1903 nee
1786 1846 1924 1905 alius
1953 1845 2036 1900 in-

454 1934 700 1990 tellectus
721 1935 883 1992 ullam
908 1935 1184 1991 deﬁnitam
1209 1938 1589 1999 substantiam.
1621 1937 1728 2002 vel,
1760 1945 1819 1992 ut
1848 1937 1923 1991 ita
1954 1936 2037 1991 di.

451 2040 596 2092 cam,
644 2027 927 2085 deﬁnitum
957 2025 1275 2095 subjectum,
1307 2028 1604 2085 secundum
1634 2027 1777 2099 quod
1814 2025 1920 2083 dici
1952 2026 2037 2082 vel

451 2116 677 2188 intelligi
728 2118 904 2173 valeat
930 2116 1059 2187 quid
1086 2117 1178 2184 sit,
1224 2119 1461 2188 reperire
1489 2134 1599 2176 non
1625 2127 1826 2190 potest,
1859 2133 2037 2175 nonne

451 2207 830 2279 limpidissime
876 2208 1065 2275 claret,
1108 2208 1313 2266 nullam
1373 2209 1579 2265 ﬁnitam
1624 2209 1709 2264 vel
1766 2210 2036 2265 inlinitam

451 2301 835 2372 quantitatem,
890 2300 1091 2357 nullam
1121 2300 1443 2372 qualitatem
1492 2300 1701 2356 ﬁnitam
1732 2301 1820 2356 vel
1851 2301 2036 2356 inﬁui-r

452 2403 564 2447 tam
596 2393 651 2447 in
696 2393 814 2463 ipso
858 2393 1109 2465 cognosci
1138 2408 1168 2448 a
1204 2408 1262 2448 se
1288 2394 1430 2464 ipso,
1456 2394 1542 2449 vel
1573 2394 1653 2449 ab.
1672 2393 1780 2450 alio
1816 2394 2043 2450 valere?

453 2482 512 2536 Si
537 2483 679 2537 enim
706 2498 921 2539 omnem
947 2482 1155 2541 ﬁnitam
1184 2492 1241 2539 et
1270 2483 1533 2541 inﬁnitam
1554 2485 1924 2543 substantiam
1955 2487 2037 2541 in-

455 2574 607 2631 ﬁnita
648 2581 704 2628 et
748 2573 1033 2646 plusquam
1074 2574 1283 2633 inﬁnita
1312 2577 1562 2649 propriae
1590 2577 1810 2632 virtutis
1855 2576 2039 2632 ercet-

449 2662 614 2719 lentia
663 2664 1051 2735 superexaltat,
1106 2666 1226 2735 quis
1268 2681 1375 2725 non
1411 2668 1668 2725 continuo
1697 2684 1762 2723 ac
1783 2669 1900 2725 sine
1926 2669 2034 2724 ulla

449 2754 789 2810 dubitatione
862 2765 1147 2826 erumpat,
1214 2764 1275 2811 ut
1341 2765 1528 2827 aperte
1588 2756 1824 2814 fateatur
1873 2767 2038 2828 atque

453 2845 758 2911 exclamet,
792 2845 993 2901 nullam
1031 2846 1237 2900 ﬁnitam
1260 2846 1344 2901 vel
1382 2846 1647 2905 inﬁnitam
1677 2848 2037 2919 quantitatem

451 2937 538 2994 vel
574 2938 889 3009 qualitatem
947 2939 1002 2994 iu
1055 2953 1179 2993 eum
1223 2939 1436 3005 cadere,
1462 2947 1556 2995 aut
1580 2940 1688 2994 ullo
1718 2941 1876 2997 modo
1905 2941 2036 3011 quid

451 3031 674 3087 omnino
698 3031 853 3087 esse?
875 3030 1007 3087 Nam
1036 3030 1124 3085 ubi
1155 3029 1428 3086 invenitur
1446 3032 1599 3102 quid,
1623 3031 1696 3087 ibi
1724 3032 2031 3099 confestim,

2139 1858 2290 1924 sitio,
2318 1855 2472 1912 verbi
2518 1853 2715 1925 gratia,
2736 1860 2875 1919 stat,
2907 1840 3083 1914 sedet,
3106 1847 3280 1918 jacet,
3318 1844 3519 1917 quibus
3556 1840 3700 1897 omni-

2138 1950 2241 2009 bus
2265 1947 2490 2003 omnino
2518 1946 2734 2001 divinae
2763 1942 3037 2003 essentiae
3062 1942 3316 1995 virtutem
3348 1951 3532 1992 carere
3558 1948 3694 1991 nemo

2136 2046 2285 2095 recte
2326 2034 2823 2109 philosophantium
2851 2033 3087 2103 ignorat.
3119 2028 3236 2084 Non
3259 2027 3407 2082 etiim
3433 2036 3589 2083 totum
3608 2029 3696 2091 est,

2137 2144 2313 2201 neque
2356 2142 2503 2198 pars,
2533 2139 2707 2196 neque
2734 2124 2885 2180 sedet
2911 2121 3078 2176 veluti
3109 2118 3358 2190 fatigata,
3390 2129 3554 2184 neque
3573 2114 3697 2189 jacet

2135 2228 2196 2275 ut
2225 2227 2515 2289 prostrata,
2533 2230 2708 2286 neque
2723 2222 2846 2287 post
2861 2212 3024 2267 ullum
3047 2210 3087 2241 "
3111 2218 3313 2263 motum
3337 2216 3468 2261 stat.
3486 2203 3559 2258 Ad
3582 2204 3697 2257 dex-

2138 2321 2277 2371 tram
2310 2310 2486 2366 Patris
2510 2308 2698 2365 sedere
2714 2306 2882 2362 Filius
2900 2303 3100 2361 dicitur
3125 2302 3192 2367 ¹⁸,
3224 2310 3374 2354 totus
3394 2292 3697 2360 Filius,Ver-

2135 2407 2261 2463 bum
2289 2413 2348 2461 et
2365 2419 2512 2460 caro.
2540 2402 2739 2459 Dextra
2765 2400 2943 2455 Patris
2966 2406 3050 2455 est
3073 2395 3316 2466 potentia
3335 2393 3531 2455 Patris,
3552 2389 3711 2446 iorti-‘

2139 2497 2267 2555 tudo
2297 2495 2497 2550 Patris.
2553 2493 2672 2565 ipse
2722 2493 2905 2560 itaque
2953 2488 3124 2544 Filius
3153 2489 3345 2543 dextra
3405 2483 3570 2547 Patris
3606 2489 3694 2535 est.

2136 2588 2238 2644 Ubi
2263 2586 2429 2659 igitur
2459 2584 2501 2617 ¹⁹
2526 2585 2698 2648 sedet,
2726 2583 2781 2638 in
2826 2581 3006 2650 seipse
3026 2579 3199 2641 sedet,
3238 2570 3697 2632 consubstantialis

2135 2677 2282 2739 Patri
2320 2691 2567 2742 manens,
2603 2673 2854 2745 judicans
2876 2671 3057 2728 omnia
3098 2669 3336 2740 quietus.
3387 2666 3506 2721 Stat
3529 2663 3569 2695 ³⁸
3592 2660 3696 2719 Ste-

2135 2770 2318 2843 pbano
2344 2768 2606 2824 militibus
2627 2779 3000 2837 compugnans
3020 2762 3153 2827 suis,
3178 2760 3314 2815 dans
3332 2760 3422 2815 eis
3445 2756 3695 2817 virtutem,

2134 2870 2199 2916 ut
2245 2861 2470 2916 vincant
2512 2859 2569 2914 in
2618 2858 2804 2921 terris,
2832 2856 3019 2910 dextra
3051 2852 3269 2908 Domini
3295 2850 3419 2920 fecit
3451 2850 3696 2911 virtutem,

2134 2950 2374 3022 largiens
2407 2951 2487 3006 eis
2532 2964 2791 3005 coronam
2812 2944 3168 3003 confessionis
3204 2942 3306 2998 sibi
3359 2943 3407 2973 ἰ
3460 2941 3510 2996 in
3536 2937 3695 2995 caelis.

2142 3040 2273 3097 Vide
2288 3038 2562 3111 quomodo
2580 3039 2750 3103 sedet,
2776 3035 3045 3107 quomodo
3080 3045 3208 3090 stat.
3241 3032 3397 3093 Situs
3423 3033 3466 3064 “
3488 3032 3580 3086 iste
3601 3041 3700 3098 my-

452 3131 715 3191 quantum
744 3131 799 3177 et
820 3122 997 3195 quale.
1032 3123 1131 3180 Ubi
1161 3141 1293 3181 vero
1328 3140 1434 3183 non
1462 3133 1546 3180 est
1569 3124 1716 3193 quid,
1742 3124 1820 3183 ibi
1862 3142 2034 3196 quan-
2062 3112 2108 3177 (ἶ
2140 3131 2309 3191 sticus
2349 3138 2458 3197 est,
2479 3146 2586 3187 non
2613 3143 2930 3200 corporeus,
2958 3142 3065 3183 non
3087 3125 3293 3190 localis,
3334 3125 3436 3182 sed
3476 3121 3697 3192 spiritua-

454 3216 572 3268 tum
603 3222 659 3268 et
679 3214 839 3284 quale
864 3214 1194 3287 impossibile
1227 3222 1309 3269 est
1340 3214 1587 3284 reperiri.
1618 3213 1676 3269 Si
1703 3229 1834 3287 ergo
1864 3216 1918 3271 in
1950 3230 2038 3271 re-

453 3320 576 3358 rum
624 3305 911 3375 generibus
957 3319 1132 3377 neque
1158 3305 1306 3376 quid,
1334 3319 1508 3374 neque
1541 3313 1827 3374 quantum,
1860 3320 2041 3377 neque

453 3396 632 3465 quale,
663 3412 840 3465 neque
891 3398 1056 3455 ullum
1096 3399 1348 3457 accidens
1390 3397 1728 3469 intelligitur,
1778 3399 2035 3468 quoniam

451 3485 717 3555 simplicia
756 3495 900 3554 sunt,
945 3487 1079 3545 haec
1105 3504 1234 3544 vero
1282 3488 1339 3544 in
1377 3488 1672 3547 individuis
1692 3488 2039 3549 solummodo

376 3578 379 3579 ⁷
451 3587 819 3648 quaeruntur.
845 3579 987 3649 quis,
1012 3580 1116 3636 nisi
1144 3580 1358 3644 stultus,
1386 3581 1443 3640 in
1468 3580 1580 3637 Deo
1603 3580 1735 3657 quid
1760 3580 1845 3637 vel
1870 3595 2041 3659 quan-

459 3678 576 3725 tum
598 3671 681 3724 vel
710 3671 870 3739 quale
898 3671 1093 3728 audeat
1119 3673 1418 3743 quaerere?

526 3759 669 3816 Mne.
694 3759 833 3825 Quid
864 3760 1050 3832 igitur?
1080 3760 1217 3815 Num
1244 3762 1300 3816 in
1327 3776 1392 3817 eo
1414 3762 1671 3818 aestimas
1685 3776 1811 3818 esse
1826 3762 2040 3819 relatio-

452 3867 603 3917 nem,
626 3866 807 3921 quaea
837 3851 1062 3908 Graecis
1082 3852 1279 3907 dicitur
1303 3854 1435 3931 πρὸς
1457 3875 1527 3909 τι.
1547 3854 1693 3910 DISC.
1710 3853 1787 3909 Ne
1802 3853 1903 3908 boe
1921 3854 2039 3923 qui»

455 3944 578 3998 dem
617 3942 867 3997 dixerim.
904 3941 1005 3997 Ubi
1041 3943 1187 3999 enim
1209 3942 1232 3973 ⁸
1260 3943 1478 4001 deﬁnita
1495 3945 1792 4000 substantia
1813 3960 1916 3999 non
1942 3959 2039 4014 po-

451 4041 565 4090 test
606 4033 865 4104 intelligi,
899 4033 971 4088 ibi
1003 4034 1205 4089 nullam
1229 4034 1545 4093 relationem
1584 4034 1702 4090 ﬁeri
1733 4050 1891 4107 posse
1929 4050 2035 4091 non

451 4124 687 4195 ambigo.
739 4124 856 4183 Non
897 4124 1040 4178 enim
1100 4135 1184 4180 est
1213 4125 1235 4157 ‘
1265 4127 1559 4183 secundum
1608 4126 1964 4182 substantiam
1992 4127 2031 4191 ⁸,

454 4215 550 4271 sed
580 4214 877 4272 secundum
910 4215 1179 4284 quandam
1229 4216 1477 4287 copulam
1510 4216 1983 4287 babitudinemque
2013 4218 2035 4250 ⁸

457 4306 689 4361 duorum
720 4321 815 4362 seu
845 4304 1115 4376 plurium"
1146 4305 1527 4375 subjectorum.
1554 4305 1688 4361 Nam
1714 4306 1924 4377 quodin
1950 4307 2033 4362 di-

2141 3225 2210 3282 lis
2234 3225 2303 3280 ³³.
2341 3223 2527 3281 Talem
2550 3222 2600 3258 λδ
2620 3223 2781 3278 situm
2804 3221 3020 3277 divinae
3041 3228 3266 3274 naturae
3285 3231 3563 3287 cognosce.
3585 3208 3698 3281 Quis

2141 3318 2191 3377 ei
2234 3317 2481 3373 habitum
2522 3311 2850 3385 adiunxerit,
2880 3312 3007 3368 dum
3033 3311 3086 3364 in
3113 3309 3291 3379 seipsa
3315 3308 3518 3363 nullum
3545 3302 3700 3377 perci-

2139 3410 2220 3479 pit
2250 3408 2534 3467 habitum?
2576 3405 2698 3477 ipsa
2724 3403 2997 3474 siquidem
3038 3400 3144 3457 sibi
3178 3400 3279 3474 ipsi
3309 3398 3380 3453 ad
3420 3394 3696 3454 habendum
3744 3460 3754 3466 ε

2140 3496 2359 3563 suﬁieit,
2384 3511 2485 3552 nec
2522 3495 2629 3552 ulla
2656 3495 2827 3549 virtus
2856 3493 2905 3547 ei
2929 3492 3146 3557 accidit,
3173 3490 3432 3562 quoniam
3463 3489 3515 3543 in
3543 3485 3695 3554 seips:

2140 3586 2537 3658 simplicissima
2557 3585 2751 3648 virtus,
2781 3592 2836 3639 et
2862 3582 3145 3653 plusquam
3165 3581 3340 3635 virtus
3370 3576 3625 3638 subsistit,
3646 3577 3698 3626 et

2138 3679 2264 3733 fons
2310 3672 2552 3733 omnium
2576 3675 2871 3737 virtutum,
2916 3679 2973 3726 et
3022 3683 3379 3739 quaecunque
3423 3662 3697 3723 substantia

2138 3769 2395 3824 virtutem
2412 3766 2673 3838 possidet,
2695 3781 2801 3821 non
2825 3762 3042 3819 aliunde
3064 3762 3246 3826 habet,
3278 3760 3383 3815 nisi
3411 3775 3474 3815 ex
3498 3754 3696 3828 partici-

2140 3861 2359 3930 patione
2382 3857 2717 3930 generalium
2751 3856 3030 3914 virtutum,
3056 3868 3190 3923 quas
3226 3850 3469 3909 omnium
3491 3843 3699 3904 causalis

2138 3953 2312 4006 virtus
2359 3950 2414 4008 in
2466 3947 2905 4020 primordialibus
2956 3945 3069 4027 suis
3115 3944 3356 4003 condidit
3415 3938 3694 4014 principiis.

2139 4039 2296 4096 Omni
2324 4039 2443 4097 loco
2466 4047 2615 4094 caret
2639 4037 2687 4069 ’⁸
2714 4037 2895 4095 divina
2924 4045 3139 4099 natura,
3168 4032 3420 4104 quamvis
3448 4032 3581 4085 intra
3625 4039 3699 4082 se-

2138 4131 2311 4202 ipsam
2340 4131 2541 4196 omnia,
2563 4144 2701 4200 quae
2721 4127 2788 4185 ab
2814 4142 2877 4182 ea
2897 4136 3041 4192 sunt.
3065 4124 3321 4187 collucet;
3348 4124 3572 4189 ideoque
3588 4133 3695 4174 om-

2140 4223 2289 4276 nium
2332 4221 2483 4277 locus
2526 4221 2743 4283 dicitur,
2770 4220 3002 4288 seipsam
3032 4224 3209 4270 tamen
3240 4213 3416 4267 nescit
3437 4212 3485 4244 "
3505 4210 3695 4266 locare.

2140 4312 2264 4383 quia
2297 4311 2505 4366 inﬁnita
2538 4318 2622 4367 est
2644 4307 3203 4376 etincircumscripta,
3229 4313 3284 4359 et
3321 4319 3349 4357 a
3389 4301 3534 4356 nullo
3555 4295 3695 4353 intel-

450 4396 612 4453 vinae
640 4398 895 4453 bonitatis
923 4396 1209 4460 Trinitate,
1239 4398 1339 4454 sub
1362 4396 1582 4453 relativa
1606 4398 1629 4430 ⁸
1655 4398 1849 4463 forma,
1874 4388 2047 4453 Pater.
2069 4464 2102 4471 ᾗ
2139 4400 2303 4466 lectu,
2329 4416 2504 4471 neque
2524 4416 2554 4454 a
2586 4401 2760 4469 seipsa
2786 4398 2828 4430 ³⁷
2859 4396 3043 4457 locari,
3072 4395 3123 4448 id
3149 4402 3252 4457 est,
3287 4391 3499 4447 deﬁniri
3528 4398 3579 4443 et
3596 4385 3693 4441 cir-

450 4486 575 4543 Filii
600 4488 796 4543 dicitur
821 4488 864 4556 °,
886 4498 940 4544 et
962 4490 1133 4545 Filius
1162 4488 1357 4552 Patris,
1376 4489 1500 4558 plus
1515 4489 1651 4545 mihi
1674 4488 2038 4563 possessionis
2064 4464 2115 4525 θ
2140 4464 2432 4548 cumscribi
2482 4464 2769 4563 permittit.
2830 4488 2912 4543 Ab
2962 4489 3074 4557 ipsa
3103 4485 3373 4553 siquidem
3406 4481 3606 4538 inﬁnita
3648 4482 3698 4530 et

449 4576 717 4644 habitum,
756 4593 920 4647 quam
952 4580 1231 4637 relationis
1258 4580 1681 4636 vicissitudinem
1729 4581 1942 4636 videtur
1965 4580 2038 4634 si-
2072 4591 2092 4599 "
2138 4584 2422 4657 plusquam
2456 4583 2662 4640 inﬁnita
2688 4581 2870 4639 omnia
2901 4580 3048 4637 ﬁnita
3076 4587 3130 4634 et
3157 4577 3364 4632 inﬁnita
3394 4573 3692 4645 procedunt.

453 4668 732 4738 gniﬁcare.
760 4667 877 4722 Non
905 4680 1086 4724 autem
1110 4671 1361 4728 accidens
1390 4682 1474 4727 est
1505 4672 1553 4704 ³ου
1577 4671 1727 4728 Patri
1757 4670 2034 4742 possidere
2138 4677 2300 4747 inque
2347 4677 2524 4746 ipsam
2569 4675 2616 4713 ’3
2658 4675 2923 4735 inﬁnitam
2950 4681 3006 4728 et
3027 4671 3308 4741 plusquam
3340 4668 3598 4722 inﬁnitam
3622 4675 3693 4715 re-

458 4758 809 4837 Filiumhnec
835 4760 877 4791 “
908 4760 1044 4816 Filio
1079 4764 1359 4834 possidere
1399 4763 1637 4822 Patrem.
1672 4765 1811 4821 Mne.
1843 4765 1918 4819 De
1947 4778 2036 4818 ce-
2138 4769 2326 4826 deum.
2355 4753 2622 4838 Tempore
2660 4766 2706 4798 ³⁸
2742 4774 2893 4821 caret
2922 4779 2985 4818 ea
3013 4771 3227 4824 natura,
3255 4774 3395 4829 quae
3424 4774 3481 4814 se
3503 4757 3695 4829 ignorit

458 4852 590 4906 teris
637 4852 927 4922 categoriis
974 4868 1070 4923 per
1116 4854 1324 4925 singula
1364 4854 1691 4924 superﬂuum
1714 4854 1926 4911 videtur
1955 4855 2032 4909 di-
2137 4860 2462 4932 principium
2486 4859 2687 4919 habere
2713 4858 2796 4914 vel
2840 4858 3023 4921 ﬁnem,
3048 4865 3101 4911 et
3123 4870 3338 4913 omnem
3364 4859 3696 4916 motum,qu

456 4956 605 5008 cere,
644 4951 702 4997 ut
723 4943 970 4999 aestimo.
990 4942 1125 4999 Nam
1145 4945 1190 5000 si
1216 4947 1357 5003 Deus
1387 4946 1500 5016 ipse
1520 4945 1755 5014 scipsum
1786 4946 1836 5001 in
1886 4944 2030 4999 nulla
2134 4962 2382 5013 movetur
2403 4949 2741 5019 omne,quod
2766 4964 2796 5006 a
2816 4948 3087 5019 principio
3113 4947 3180 5003 ad
3204 4947 3363 5001 ﬁnem
3390 4951 3445 4996 et
3478 4942 3529 4995 in
3552 4938 3697 4990 tinem

460 5033 682 5089 deﬁnita
712 5032 1034 5100 substantia,
1063 5050 1155 5090 seu
1179 5037 1497 5109 quantitate,
1522 5051 1615 5091 seu
1636 5036 1919 5106 qualitate,
1936 5052 2031 5092 seu
2132 5052 2395 5097 movetur.
2447 5038 2630 5099 Nescit
2683 5038 2738 5095 in
2783 5054 2843 5093 se
2884 5039 3238 5100 incrementa,
3284 5047 3421 5103 quae
3461 5031 3590 5083 ﬁunt
3610 5035 3699 5094 per

453 5122 718 5182 relatione
739 5122 1032 5194 intelligit,
1057 5125 1144 5180 cui
1186 5126 1304 5184 luce
1332 5126 1531 5183 clarius
1576 5142 1686 5184 non
1717 5127 2028 5198 apparebit,
2133 5144 2388 5185 numeros
2408 5128 2649 5186 locorum
2673 5136 2727 5182 et
2750 5136 3076 5197 temporum,
3100 5123 3184 5180 vel
3206 5122 3552 5185 detrimenta,
3577 5124 3699 5185 quo-

1747 5235 2003 5297 VARIAE
2036 5238 2441 5297 LECTIONES.

527 5349 546 5383 ⁸
580 5366 687 5406 non
734 5364 847 5405 om.
884 5348 946 5405 C.
1053 5350 1075 5381 ’
1113 5348 1203 5404 Sic
1231 5348 1302 5416 C;
1333 5350 1379 5403 A
1430 5350 1775 5419 quantitatem
1799 5360 1866 5420 et
1916 5350 2241 5420 qualitatem.

455 5430 726 5475 naturam.
838 5420 1364 5490 {habitudinemque
1419 5435 1528 5473 om.
1576 5420 1641 5490 Α.
1738 5419 2148 5490 'Cplurimum.

455 5492 719 5562 accidens.
799 5492 840 5524 “
870 5489 912 5547 C
944 5490 1036 5562 uel.
1120 5489 1233 5562 νᾼ
1262 5490 1495 5562 iuipso.
1535 5489 1599 5562 _“
1620 5490 1667 5562 _C
1696 5489 1927 5562 copiosa.
2007 5491 2051 5522 ”
2075 5491 2118 5544 A
2155 5491 2207 5545 in
2236 5490 2369 5562 loco.
2446 5491 2491 5522 “‘
2520 5494 2563 5545 A
2598 5492 2759 5562 quod.

458 5544 781 5632 ratifallam
947 5544 1009 5615 (Σ.
1092 5561 1135 5592 ¹⁸
1172 5558 1278 5632 Pro
1306 5544 1501 5632 dicitur
1523 5558 1564 5614 C
1608 5544 1769 5632 Dei."
1806 5544 1857 5591 "'7
1971 5544 2167 5632 itaque.
2241 5561 2288 5593 ²⁰
2315 5544 2427 5616 Stat
2456 5544 2565 5616 om;
2592 5544 2774 5632 ἀξίίί
2812 5562 2911 5616 sibi
2937 5544 3167 5616 adnisi
3218 5544 3336 5632 51C.
3358 5557 3512 5609 sicut.
3584 5544 3695 5632 “‘C

456 5630 714 5754 gizig'lis.
790 5618 910 5683 ιέἈ
957 5641 1156 5688 tamen.
1227 5627 1504 5686 "Ccaret
1528 5638 1575 5684 et
1597 5629 1800 5691 divina.
1877 5618 1993 5690 ’δα
2023 5618 2325 5687 tamennon
2358 5633 2547 5688 nescit,
2626 5633 2672 5665 π
2702 5631 2741 5689 C
2773 5646 2948 5702 neque
2970 5631 3163 5702 πίνη,
3236 5628 3286 5665 η
3314 5629 3474 5698 imam
3502 5636 3592 5676 om
3632 5618 3692 5671 Α,

643 5714 929 5754 enituerunt.

643 5714 929 5770 cantitarunt.

2349 5352 2371 5383 ³
2397 5352 2533 5406 enim
2567 5367 2674 5405 om.
2729 5351 2794 5404 A.
2890 5352 2912 5382 ⁸
2944 5351 3035 5407 Sic
3071 5349 3141 5415 C;
3172 5350 3218 5404 Α
3242 5357 3318 5402 est
3353 5346 3513 5415 enim.
3558 5410 3569 5415 Α
3612 5336 3695 5391 Ἀ

2260 5421 2350 5475 ⁸Α
2387 5421 2675 5477 relationis.
2752 5420 2900 5475 “Pro
2922 5410 3183 5492 dicitur'A
3227 5419 3387 5492 ρεηδ-
3460 5410 3585 5492 “.-A.
3628 5418 3696 5463 ⁸⁸⁸

2854 5492 2896 5523 ’⁵
2927 5490 3018 5547 Sic
3038 5491 3110 5551 C;
3148 5492 3192 5547 Δ
3218 5489 3420 5557 ﬁnitur.
3497 5483 3538 5515 "
3563 5483 3699 5557 ὶρξος
