3912 6154
265 297 364 351 593

1077 292 1166 347 DE
1212 290 1559 348 DIVISIONE
1598 291 1949 350 NATURAE.
1990 324 2060 336 —
2097 294 2299 348 LIBER
2340 293 2722 352 SECUNDUS.

3427 310 3529 364 593

267 416 409 468 niam
442 411 496 463 in
552 407 728 477 seipsa
781 403 937 474 plena
989 413 1150 474 atque
1200 404 1440 474 perfecta
1493 415 1596 460 est.
1625 405 1760 473 Quid
1786 406 1852 460 de
1880 418 1927 475 Α
1958 407 2255 463 accidentia
2309 407 2606 476 recipiunt;
2657 408 2788 460 haec
2819 408 2988 470 enim,
3022 407 3073 460 in
3098 407 3376 464 eﬂ‘ectibus
3403 413 3534 474 suis,

264 518 424 573 agere
445 511 503 555 et
535 499 643 570 pati
673 497 993 552 dicendum?
1015 493 1152 548 Num
1190 494 1431 564 ineptum
1459 496 1847 565 incongruum-

261 611 365 665 que
393 602 500 657 est,
525 591 567 645 si
595 590 713 658 quis
736 588 1031 658 putaverit,
1054 601 1214 656 agere
1235 586 1322 640 vel
1352 589 1460 654 pati
1497 587 1593 657 ipsi
1626 595 1853 642 naturae

263 688 534 742 acetdere.
567 696 704 750 quae
728 680 780 734 in
804 679 978 748 seipse
1012 678 1214 731 nullum
1239 686 1445 731 motum
1470 678 1534 731 ad
1560 678 1850 746 agendum,

263 775 464 831 nullum
489 771 662 825 habile
695 771 762 822 ad
791 769 1098 838 patiendum
1123 767 1382 836 percipit?
1404 766 1519 820 Non
1551 767 1714 830 enim,
1751 767 1855 822 sic-

265 875 320 918 ut
363 864 417 916 in
471 861 626 915 nobis
669 859 813 912 aliud
849 868 932 912 est
977 857 1314 922 substantia,
1366 857 1509 910 aliud
1542 858 1556 887 ¹
1603 857 1853 911 accidens

265 954 620 1015 substantiae,
677 953 782 1006 hoc
834 960 916 1005 est
967 951 1112 1003 actio
1154 959 1210 1004 et
1249 951 1449 1019 passio,
1476 951 1547 1003 ita
1583 950 1694 1020 ipsa
1720 951 1855 1003 inse

267 1048 377 1114 ipsa
421 1044 699 1114 cognoscit
737 1041 1185 1112 compositionem
1212 1044 1232 1072 ³
1287 1041 1558 1110 quandam
1593 1040 1850 1095 substan-

264 1139 369 1192 tiae
418 1145 474 1190 et
524 1134 910 1190 accidentium.
957 1132 1052 1186 llis
1099 1132 1244 1185 enim
1275 1132 1528 1201 iuseipsa
1547 1140 1718 1196 caret,
1757 1145 1856 1185 nec

263 1227 442 1280 inesse
463 1224 565 1278 sibi
586 1222 882 1292 cognoscit;
903 1231 986 1275 est
1001 1221 1144 1278 enim
1164 1221 1569 1290 simplicissima
1595 1221 1856 1290 omnique

265 1314 662 1384 compositione
712 1313 907 1367 aliena.
958 1311 1219 1367 Voluntas
1245 1312 1509 1382 siquidem
1535 1327 1671 1376 sua,
1716 1326 1857 1380 quae

259 1425 341 1471 eis
375 1421 496 1481 ipsa
545 1405 992 1469 substantialiter,
1016 1411 1071 1458 et
1091 1403 1373 1474 plusquam
1397 1403 1852 1469 substantialiter,

264 1508 316 1552 et
341 1496 627 1567 plusquam
649 1496 922 1559 volo-atas,
945 1494 1088 1548 actio
1117 1502 1170 1547 et
1195 1492 1376 1564 passio
1399 1493 1515 1564 ejus
1553 1501 1658 1554 est.
1680 1493 1855 1561 Agere

265 1588 407 1644 enim
462 1587 681 1649 dicitur,
725 1586 848 1654 quia
880 1585 994 1638 vult
1016 1586 1199 1639 omnia
1233 1585 1348 1639 ﬁeri
1385 1601 1527 1655 que
1551 1596 1710 1650 sunt,
1742 1585 1855 1656 pati

271 1687 474 1740 autem,
503 1676 627 1744 quia
657 1675 770 1729 vult
791 1676 860 1729 ab
880 1675 1130 1734 omnibus
1157 1675 1352 1738 amari,
1374 1684 1429 1729 et
1449 1676 1682 1744 seipsam
1707 1683 1854 1730 amat

1959 517 2064 556 non
2119 510 2298 556 autem
2335 501 2386 554 in
2438 516 2496 554 se
2533 500 2662 568 ipsis
2699 501 2972 568 patiuntur
3005 517 3018 552 :
3051 502 3178 570 quid
3209 501 3229 533 ⁸
3282 503 3346 556 de
3380 503 3545 571 ipsius

1959 591 2216 648 inell'ahili
2235 599 2424 644 natura
2445 590 3075 660 iucomprehensibilique
3091 593 3543 648 existimandum?

1957 681 2154 745 Quisiu
2180 679 2277 734 eo”
2295 680 2508 748 aliquod
2536 679 2742 733 linitum
2763 681 3012 744 lcrt‘niuo,
3031 682 3322 736 distentum
3348 685 3543 752 spatio,

1957 770 2200 839 partibus
2263 769 2597 833 discretum,
2682 770 2996 824 substantiis
3071 771 3546 841 aceidentibusque

1958 858 2314 928 compositum
2341 857 2630 924 cogitarit?
2654 856 2768 924 Ipsa
2802 859 2980 927 itaque
3003 859 3302 928 ignorantia
3333 877 3542 916 summa

1957 964 2022 1004 ac
2053 963 2178 1001 veta
2209 956 2288 1001 est
2319 946 2600 1015 Sapientia.
2629 945 2757 1008 Tale
2783 957 2958 1002 autem
2986 960 3090 1010 est,
3122 951 3262 1016 quod
3289 950 3543 1014 dicimus,

1958 1037 2118 1095 veluti
2162 1037 2205 1091 si
2240 1036 2361 1104 quis
2388 1044 2630 1089 nostrum
2680 1036 2744 1089 de
2773 1038 2950 1108 seipso
2975 1039 3118 1092 dicat
3164 1039 3398 1107 lapidem
3455 1056 3540 1094 me

1957 1142 2076 1184 esse
2127 1129 2490 1192 inscusatum,
2528 1127 2672 1182 omni
2702 1127 2848 1180 vitali
2872 1136 3016 1182 motu
3043 1139 3344 1195 carentem,
3372 1132 3546 1186 omni-

1967 1238 2038 1275 no
2085 1237 2188 1275 non
2232 1219 2504 1290 intelligo,
2535 1220 2638 1276 hoc
2669 1227 2772 1282 est,
2805 1234 2892 1272 me
2919 1221 3144 1288 lapidem
3182 1222 3540 1288 insensatutu,

1957 1311 2105 1367 vitali
2133 1320 2276 1366 motu
2298 1319 2571 1364 carentem
2599 1310 2819 1362 omnino
2847 1324 3051 1363 menon
3079 1325 3199 1364 esse
3218 1311 3457 1381 intelligo
3475 1313 3545 1368 ³⁸.

1956 1404 2088 1460 Item
2158 1403 2326 1458 ullum
2393 1401 2666 1456 hominem
2735 1401 2912 1454 vivum
2980 1401 3030 1455 in
3074 1417 3547 1466 .carne,sensuac

1958 1498 2168 1554 ratione
2187 1509 2375 1551 carere
2398 1509 2503 1548 non
2535 1493 2794 1563 intelligo,
2812 1494 2934 1562 quia
2961 1509 3174 1548 omnem
3193 1495 3464 1559 hominem
3498 1494 3539 1530 “

1956 1590 2230 1644 viventem
2283 1588 2335 1642 in
2379 1601 2544 1641 carne
2589 1600 2751 1640 sensu
2815 1601 2880 1640 ac
2932 1588 3139 1642 ratione
3193 1604 3298 1642 non
3354 1603 3550 1652 carere

1959 1697 2245 1754 cognosco.
2274 1681 2404 1735 Item
2438 1679 2603 1733 ullum
2630 1678 3051 1732 irrationaliilem
3091 1690 3292 1734 motum
3318 1689 3543 1736 natura.-

267 1769 317 1822 in
338 1767 610 1822 oinnihns.
640 1766 755 1837 Ipsa
773 1767 915 1821 enim
934 1765 1400 1821 estsuhstantialis
1427 1775 1656 1821 etverus
1677 1781 1853 1832 amor,
1887 1767 1932 1826 Β
1961 1776 2086 1830 mer
2110 1776 2163 1830 in
2210 1775 2392 1828 anima
2439 1787 2558 1826 mea
2608 1772 2904 1826 subsistere
2929 1787 3032 1824 non
3062 1772 3323 1840 intelligo,
3358 1773 3406 1825 id
3437 1781 3544 1836 est,

267 1872 319 1916 et
361 1862 646 1931 plusquam
679 1861 1052 1916 substantialis
1105 1876 1290 1926 arnor;
1348 1870 1402 1917 et
1450 1878 1572 1922 eum
1624 1872 1849 1928 amant,

267 1967 623 2022 quaecunque
671 1963 873 2015 amant,
919 1953 1032 2006 sive
1088 1953 1263 2008 sciant
1305 1953 1430 2022 quia
1489 1961 1694 2016 amant,
1741 1953 1855 2008 sive

268 2046 546 2109 nesciant;
581 2045 680 2099 hoc
695 2055 796 2107 est,
824 2044 938 2098 sive
960 2054 1108 2100 motu
1131 2044 1451 2115 intelligibili
1479 2044 1856 2106 rationabilive

269 2145 452 2191 amant
475 2135 516 2196 ³.
545 2136 776 2189 ducente
805 2136 997 2206 gratia,
1023 2137 1137 2196 sive
1175 2136 1404 2206 simplici
1436 2137 1676 2206 appetitu
1701 2147 1856 2192 natu-

271 2242 379 2282 rae.
428 2225 574 2280 Nihil
617 2226 761 2279 enim
802 2225 872 2278 ab
897 2239 958 2278 ea
982 2233 1068 2280 est
1106 2235 1370 2291 creatum,
1411 2227 1551 2295 quod
1587 2242 1692 2282 non
1738 2225 1856 2294 ejus

275 2319 470 2373 habeat
534 2317 880 2372 desiderium.
933 2315 1164 2371 Videsne
1211 2317 1396 2387 igitur,
1451 2317 1594 2386 quod
1638 2317 1852 2382 omnia,

276 2424 411 2477 quae
441 2407 582 2462 intra
606 2407 792 2460 decem
821 2406 1218 2474 categoriarum
1254 2407 1516 2460 terminos
1541 2405 1856 2476 ample-xan-

273 2509 373 2562 tur,
400 2513 505 2552 non
532 2497 805 2551 immerito
825 2496 968 2554 Deus
996 2496 1194 2552 dicitur
1223 2496 1276 2550 in
1297 2512 1394 2550 sua
1427 2505 1616 2553 natura
1655 2496 1858 2554 subsis-

273 2600 382 2642 tere
406 2590 682 2657 ignorare,
707 2587 920 2656 quando
945 2588 1168 2642 omnino
1210 2602 1272 2642 ea
1315 2587 1599 2641 altitudine
1639 2586 1855 2642 virtutis

273 2694 397 2731 suae
427 2687 484 2732 et
520 2677 786 2732 inﬁnitate
817 2677 1079 2746 probatur
1107 2678 1406 2732 excellere?
1428 2679 1578 2744 Quod
1603 2678 1743 2732 enim
1775 2678 1852 2732 in-

272 2768 480 2822 ﬁnitum
509 2776 593 2820 cst
625 2765 770 2820 omni
809 2766 1016 2822 ratione
1045 2775 1099 2820 et
1128 2767 1306 2830 modo,
1348 2768 1616 2822 inﬁnitum
1647 2775 1730 2822 est
1754 2781 1855 2840 per

273 2859 584 2919 essentiam,
599 2871 697 2925 per
714 2857 994 2922 virtutem,
1017 2873 1114 2927 per
1143 2857 1533 2928 operationem,
1560 2874 1656 2926 per
1680 2869 1854 2913 utros-

270 2967 371 3022 que
410 2950 567 3014 lines,
605 2965 820 3010 sursum
853 2949 975 3004 dico
1003 2958 1056 3004 et
1091 2949 1364 3015 deorsum,
1397 2951 1496 3005 hoc
1527 2959 1630 3013 est,
1657 2964 1854 3003 secun-

273 3044 395 3098 dum
469 3043 795 3113 principium
877 3051 931 3096 et
1014 3043 1224 3108 linem;
1301 3044 1852 3112 incomprehensibile

1955 1866 2161 1922 nullum
2220 1861 2644 1920 irrationabilem
2698 1869 2900 1916 motum
2949 1860 3270 1914 naturaliter
3324 1861 3541 1918 animae

1957 1973 2114 2016 meae
2143 1958 2320 2013 inesse
2347 1953 2649 2009 certissime
2675 1952 2848 2021 sapio.
2877 1952 2945 2008 Et
2979 1953 3082 2006 hoc
3123 1968 3151 2004 a
3197 1967 3348 2004 saera
3389 1952 3541 2008 Scri-

1953 2057 2113 2119 ptura
2145 2061 2433 2117 possumus
2453 2042 2773 2112 approbare.
2815 2041 2948 2094 Nam
2977 2050 3032 2096 et
3060 2041 3111 2094 in
3135 2041 3422 2110 Evangelio
3461 2042 3544 2096 le-

1956 2141 2153 2210 gimus,
2205 2137 2490 2192 Dominum
2532 2136 2584 2190 in
2615 2133 2799 2189 futuro
2820 2132 3025 2201 judicio
3047 2134 3290 2202 reprohis
3322 2149 3546 2202 respon-

1955 2245 2182 2291 surum:
2226 2226 2348 2281 Non
2379 2225 2499 2279 novi
2528 2240 2639 2284 vos,
2674 2223 2775 2277 hoc
2815 2231 2918 2288 est,
2956 2237 3061 2276 non
3101 2222 3223 2277 novi
3255 2238 3348 2276 vos
3375 2223 3426 2276 in
3459 2238 3548 2277 ra-

1957 2321 2193 2378 tionibus
2211 2318 2455 2373 omnium
2493 2330 2697 2376 rerum,
2737 2329 2873 2383 quas
2893 2313 3056 2368 Pater
3087 2315 3137 2368 in
3165 2330 3249 2369 me
3278 2315 3544 2380 condidit,

1955 2411 2212 2482 quoniam
2251 2407 2512 2476 intelligo,
2539 2421 2644 2459 non
2670 2421 2792 2460 esse
2815 2421 2911 2460 vos
2948 2406 2990 2436 ¹⁸
3021 2405 3230 2458 inmeis
3254 2406 3318 2469 ’³,
3349 2421 3454 2459 non
3487 2406 3542 2462 in

1957 2512 2218 2575 quantum
2269 2498 2593 2556 naturaliter
2635 2495 2885 2552 substitui
2919 2510 3036 2558 vos,
3067 2495 3158 2549 sed
3183 2503 3445 2563 quantum
3475 2510 3546 2550 ex

1957 2593 2164 2664 legibus
2201 2600 2429 2648 naturae
2449 2595 2661 2643 vestrae
2688 2586 2730 2616 “‘
2754 2585 3062 2640 cecidistis:
3091 2585 3209 2638 novi
3235 2586 3376 2638 enim
3401 2585 3547 2654 quod

1960 2685 2015 2741 in
2048 2684 2198 2742 vobis
2231 2681 2368 2750 feci;
2410 2695 2514 2734 non
2547 2678 2668 2732 novi
2694 2693 2823 2732 vero
2844 2677 2985 2746 quod
3011 2692 3115 2730 non
3141 2676 3242 2732 feci
3272 2695 3285 2730 :
3317 2677 3546 2747 ideoque

1959 2792 2065 2838 non
2119 2775 2308 2846 punio,
2352 2787 2454 2830 nec
2497 2770 2748 2832 recedere
2799 2783 2828 2822 a
2880 2783 2964 2822 me
2987 2767 3173 2835 juheo,
3205 2766 3426 2835 quodin
3458 2783 3546 2823 me

1959 2868 2114 2931 novi;
2143 2867 2236 2921 sed
2268 2864 2406 2932 quod
2450 2864 2501 2916 in
2550 2878 2635 2916 me
2659 2876 2764 2914 non
2789 2861 2910 2914 novi
2953 2861 3078 2913 illud
3109 2862 3292 2930 punio,
3325 2871 3428 2916 eta
3461 2877 3546 2916 me

1961 2960 2216 3017 recedere
2255 2954 2548 3028 praecipio.
2597 2952 2812 3022 lgnorat
2868 2953 3049 3018 itaque
3097 2952 3234 3004 Deus
3266 2952 3316 3005 in
3367 2953 3544 3020 imp-iis

1959 3045 2463 3118 peccatoribusquc,
2517 3041 2657 3110 quod
2705 3055 2813 3094 non
2862 3038 3007 3101 fecit,
3041 3038 3251 3092 illorum
3299 3039 3547 3094 videlicet

273 3133 414 3186 cui!“
493 3133 786 3187 secundum
867 3135 1158 3187 εδεειιιίίι-ῐιι
1189 3174 1204 3198 ο
1282 3142 1336 3188 Cl
1400 3133 1788 3203 inintelligibile
1831 3130 1926 3192 ‘C
1961 3138 2227 3208 malignos
2280 3131 2786 3199 irrationabilcsque
2823 3138 3020 3185 motus.
3073 3129 3169 3182 Est
3214 3130 3376 3182 etiam
3439 3130 3545 3186 alia

275 3225 566 3279 secundum
613 3225 892 3289 virtutem,
942 3233 1000 3278 et
1045 3226 1341 3280 secundum
1382 3227 1749 3296 operationem
1777 3228 1860 3282 iu-

275 3317 762 3386 circumscriptum,
812 3325 866 3371 et
912 3317 1026 3374 sine
1066 3317 1334 3388 principio
1393 3321 1458 3372 de
1507 3334 1741 3383 sursum,
1799 3327 1854 3374 et

275 3409 385 3461 sine
435 3410 543 3462 line
593 3409 868 3471 deorsum,
927 3417 982 3461 et
1027 3409 1048 3439 ⁵
1097 3409 1386 3474 inﬁnitum,
1429 3419 1488 3462 et
1544 3411 1862 3480 simpliciter

277 3500 560 3554 dicendum
617 3515 680 3554 ac
725 3499 928 3562 verius,
978 3514 1078 3569 per
1119 3500 1302 3553 omnia
1356 3499 1642 3554 inﬁnitum.
1713 3502 1857 3555 DlSC.

275 3587 438 3642 Plane
482 3587 659 3648 video,
705 3603 999 3656 verumque
1045 3602 1186 3652 esse,
1243 3603 1307 3643 ac
1354 3603 1516 3642 verae
1566 3591 1858 3650 ratiocina-

278 3677 441 3732 tionis
523 3675 961 3732 conclusionibus
1030 3679 1298 3732 inunitutn
1388 3679 1673 3749 perspicio.
1754 3680 1860 3734 Sed

278 3767 427 3821 valde
478 3782 566 3821 me
600 3776 802 3832 movet,
857 3783 962 3836 qua
1008 3768 1218 3824 ratione
1261 3770 1560 3840 ignorzuntia
1597 3771 1655 3826 in
1692 3771 1858 3826 Deum

279 3858 456 3923 cadat,
493 3874 649 3925 quem
672 3859 803 3914 nihil
839 3860 967 3914 latet
993 3871 1087 3914 aut
1111 3862 1163 3918 in
1185 3863 1382 3931 seipso,
1415 3872 1506 3919 aut
1530 3863 1580 3915 in
1606 3863 1690 3917 his
1719 3878 1860 3932 quae

281 3964 308 3998 a
337 3964 396 4002 se
435 3960 580 4003 sunt.
619 3951 757 4005 Illac.
793 3951 920 4006 Esto
958 3952 1138 4022 itaque
1181 3953 1441 4019 intentus,
1493 3965 1548 4008 et
1589 3970 1670 4018 ea,
1716 3971 1860 4024 quae

280 4038 421 4092 dicta
469 4053 616 4104 sunt,
656 4043 941 4112 diligenter
988 4045 1212 4113 inspice.
1253 4044 1309 4098 Si
1336 4047 1478 4104 enim
1505 4061 1636 4115 puro
1660 4047 1859 4108 mentis

281 4131 518 4183 contuitu
557 4133 813 4188 virtutem
839 4149 1018 4186 rerum
1052 4143 1213 4203 atque
1244 4135 1529 4189 verborum
1557 4135 1859 4190 considera-

283 4224 443 4284 veris,
474 4225 810 4292 apertissime
859 4225 1120 4294 reperies,
1157 4226 1302 4280 nulla
1329 4230 1582 4284 obstante
1607 4227 1854 4296 caligine,

286 4315 479 4368 nullam
527 4316 580 4369 in
628 4317 796 4370 Deum
848 4316 1208 4385 ignorantiam
1249 4319 1461 4372 cadere.
1496 4318 1672 4388 Ipsius
1713 4319 1857 4373 enim

289 4404 582 4474 ignorantia
608 4392 891 4461 inellahilis
911 4417 991 4463 est
1013 4408 1394 4478 intelligentia.
1421 4410 1489 4463 Et
1515 4421 1573 4470 ut
1603 4425 1666 4465 ex
1699 4423 1856 4479 prae.-

295 4495 444 4548 dictis
486 4499 584 4550 hoc
637 4513 898 4573 conemur
933 4500 1253 4568 approbare,
1283 4499 1569 4556 verborum
1607 4501 1860 4554 virtutem

288 4579 508 4638 intuere.
533 4584 667 4637 Num
691 4586 785 4639 tibi
806 4587 1046 4642 videmur
1059 4587 1203 4642 aliud
1217 4590 1596 4655 snadere,dum
1613 4591 1862 4652 dicimus,

290 4671 446 4732 Deum
500 4677 756 4744 seipsum,
805 4677 934 4746 quid
990 4678 1080 4742 sit,
1132 4679 1403 4750 ignorare,
1444 4697 1604 4750 quam
1635 4683 1685 4735 in
1717 4682 1862 4735 nullo

292 4779 485 4830 eorum,
544 4783 681 4836 quae
732 4781 881 4832 sunt,
939 4783 997 4824 se
1037 4785 1158 4824 esse
1200 4771 1538 4842 intelligere?
1577 4773 1859 4840 Quomodo

295 4858 426 4910 enim
474 4859 528 4916 in
581 4859 762 4934 seipse
785 4868 966 4928 potest
992 4875 1340 4932 cognoscere,
1371 4864 1511 4931 quod
1547 4879 1655 4922 non
1687 4871 1862 4932 potest

296 4947 342 5001 in
393 4950 570 5024 seipse
617 4952 777 5007 esse?
808 4952 864 5005 Si
895 4952 1038 5007 enim
1081 4955 1318 5008 rationes
1353 4970 1554 5016 rerum,
1575 4970 1714 5024 quas
1745 4956 1858 5026 ipse

295 5038 342 5091 in
385 5043 592 5110 seipse,
639 5044 743 5098 hoc
771 5052 876 5108 est,
922 5045 1085 5099 Pater
1120 5047 1171 5101 in
1225 5047 1359 5102 Filio
1396 5049 1623 5112 creavit,
1659 5049 1715 5108 in
1741 5050 1858 5119 ipso

297 5146 448 5186 unum
490 5135 829 5191 individuum
889 5146 1040 5201 sunt,
1090 5139 1401 5209 nullamqtte
1434 5139 1457 5171 ⁶
1493 5141 1860 5198 deﬁnitionem

292 5237 534 5292 propriae
577 5227 911 5288 substantiae
947 5244 1044 5298 per
1071 5231 1090 5259 ⁷
1139 5232 1384 5299 proprias
1415 5231 1745 5290 dilI‘erentias
1767 5250 1861 5291 seu

1965 3231 2173 3302 Species
2223 3225 2557 3298 ignorantiae
2590 3223 2644 3280 in
2671 3222 2808 3284 Deo,
2848 3222 3062 3290 quando
3109 3237 3194 3285 ea,
3217 3237 3355 3290 quae
3390 3235 3550 3291 prae-

1964 3320 2125 3375 scivit
2149 3328 2201 3372 et
2230 3314 2670 3385 praedestinavit,
2696 3313 2947 3382 ignorare
2976 3312 3196 3374 dicitur,
3227 3313 3350 3367 dum
3373 3313 3548 3368 adhuc

1965 3412 2016 3464 in
2048 3425 2229 3464 rerum
2255 3407 2524 3461 factarum
2566 3404 2815 3459 ciirsibus
2837 3403 3216 3471 experimento
3243 3418 3345 3456 non
3378 3418 3544 3472 appa-

1961 3508 2086 3566 rent
2116 3489 2181 3553 ⁸⁸.
2216 3498 2342 3552 Inde
2382 3498 2496 3566 ipse
2537 3497 2592 3549 iu
2623 3494 2917 3563 Evangelio
2949 3513 2962 3546 :
2997 3493 3069 3546 De
3090 3494 3176 3546 die
3223 3503 3393 3546 autem
3419 3492 3543 3558 illa,

1961 3590 2160 3661 inquit,
2190 3599 2235 3644 et
2277 3591 2407 3642 liora
2445 3586 2538 3639 illa
2565 3602 2712 3640 nemo
2751 3586 2873 3648 scit,
2911 3600 3073 3651 neque
3099 3582 3268 3652 angeli
3296 3583 3350 3636 in
3379 3582 3544 3646 caelo,

1963 3697 2125 3749 neque
2158 3677 2330 3734 Filius
2352 3677 2597 3740 hominis,
2625 3675 2727 3729 nisi
2755 3673 2918 3727 Pater
2946 3673 3108 3732 solus.
3130 3673 3187 3726 lu
3213 3672 3407 3740 quibus
3429 3686 3548 3751 ver.-

1961 3774 2048 3830 bis
2077 3773 2120 3804 “‘
2146 3786 2250 3826 non
2282 3779 2366 3824 est
2390 3771 2608 3833 mirum,
2629 3769 2672 3822 si
2702 3768 2864 3820 futuri
2883 3767 3068 3835 judicii
3097 3765 3326 3820 scientia
3357 3765 3548 3819 huma-

1962 3879 2060 3919 nos
2080 3864 2290 3917 animos
2307 3862 2481 3915 adhuc
2495 3859 2707 3914 mortali
2729 3875 2893 3912 carne
2917 3859 3201 3924 depressos
3233 3857 3413 3912 lateat.
3444 3854 3550 3910 Ne-

1961 3974 2067 4028 que
2095 3957 2257 4016 ctiam
2275 3953 2573 4008 omninod-e
2598 3950 2805 4019 angelis
2823 3949 3122 4015 negandum
3145 3949 3184 3979 ιτ
3204 3949 3378 4001 adhuc
3399 3947 3552 4017 igno-

1961 4049 2172 4105 rantiae
2201 4063 2328 4101 esse
2352 4056 2741 4113 capaces,enm
2758 4055 2909 4094 Sacra
2930 4039 3207 4108 Scriptura
3226 4053 3552 4110 cosscmper

1960 4142 2168 4196 discere
2181 4138 2481 4209 perhibent,
2508 4141 2844 4189 testesancto
2861 4132 3112 4201 Dionysio
3140 4129 3460 4198 Areopagita
3493 4131 3548 4184 in

1960 4233 2186 4302 septimo
2199 4227 2433 4296 capitulo
2445 4228 2512 4284 de
2525 4226 2740 4282 caelesti
2757 4225 3047 4284 lerarchia,
3063 4223 3278 4275 dicens:
3299 4221 3548 4290 Tlteologi

1959 4331 2136 4391 aperte
2165 4319 2457 4381 declarant,
2482 4316 2778 4387 suppositas
2806 4312 3012 4382 quidem
3037 4309 3337 4362 caelestium
3367 4326 3543 4362 esscno

1961 4412 2155 4465 tiaram
2179 4409 2545 4477 dispositiones
2562 4421 2624 4458 ea:
2645 4400 3041 4472 superformatis
3069 4399 3111 4429 ¹⁸
3136 4407 3320 4452 ornate
3347 4398 3549 4452 eradi-ri

1893 4486 1940 4544 D
1968 4503 2186 4570 dei/iens
2207 4500 2475 4562 scientias,
2506 4497 2736 4550 omnium
2764 4510 2882 4546 vero
2914 4491 3125 4549 altiores
3166 4493 3229 4545 ab
3261 4493 3374 4560 ipsa
3401 4489 3548 4543 Dici—

1967 4597 2149 4656 nitale,
2177 4600 2430 4662 quantum
2468 4589 2574 4658 fas,
2620 4586 2887 4640 doctrinas
2921 4583 2972 4621 «⁸⁸
2997 4584 3290 4644 illuminari
3316 4625 3330 4647 ,
3385 4592 3433 4636 et
3460 4597 3550 4634 eas

1964 4688 2136 4754 ipsum
2193 4681 2372 4736 Iesum
2420 4679 2718 4732 immediate
2767 4679 3057 4742 docentem,
3108 4675 3464 4745 praelargicns
3504 4675 3549 4705 ’°

1963 4779 2037 4831 eis
2079 4773 2414 4841 ntauilcstam
2476 4786 2629 4824 suam
2673 4769 2957 4824 humanam
3003 4767 3394 4836 benignitatem.
3437 4763 3550 4835 qu

1964 4868 2126 4929 enim,
2154 4864 2341 4931 inquit,
2392 4863 2598 4931 disputo
2615 4860 2878 4930 justitiam
2907 4869 2952 4912 et
2985 4859 3249 4928 judicium
3277 4858 3548 4911 salutaris.

1963 4959 2098 5014 Item
2133 4977 2150 5014 :
2184 4957 2370 5020 Miror,
2401 4956 2588 5025 inquit,
2629 4955 2754 5023 quia
2788 4963 2836 5006 et
2883 4952 3179 5007 caelestium
3205 4951 3550 5004 essentiarum

1967 5052 2187 5121 primae,
2226 5058 2271 5101 et
2295 5047 2452 5103 simul
2480 5062 2655 5100 omnes
2691 5044 3069 5113 superemineat
3099 5043 3302 5096 divinas
3341 5039 3550 5093 ordines

1969 5140 2230 5210 angelicas
2260 5137 2774 5198 illuminationes,et,
2814 5144 2871 5189 ut
2900 5136 3176 5194 mediame,
3222 5131 3550 5201 quaestiones

1971 5241 2258 5287 reverenter
2278 5239 2476 5299 petunt.
2516 5227 2704 5284 Nonne
2734 5227 2852 5282 inde
2893 5229 3229 5297 interrogant,
3269 5236 3432 5293 quare
3455 5230 3549 5272 tua

1556 5365 1639 5418 VA
1648 5366 1806 5420 RIAE
1867 5362 2267 5421 LECTION-ES.

366 5488 383 5520 ⁸
409 5490 452 5543 Δ
479 5491 632 5563 aliud
654 5502 750 5546 est.
847 5495 869 5526 '
894 5503 942 5547 et
985 5493 1328 5563 positionem.

302 5574 416 5634 gae.
477 5561 623 5634 :per
644 5579 753 5618 om.
785 5563 848 5618 Α.
927 5565 947 5596 ⁸
971 5561 1016 5619 Ᾱ
1038 5564 1198 5634 quod.
1275 5565 1295 5594 ⁹
1325 5565 1367 5618 Λ
1408 5565 1460 5620 in
1484 5583 1565 5619 ea.

307 5625 345 5656 ¹¹
367 5627 452 5684 Sic
472 5625 545 5687 Ci
579 5632 620 5685 Α
648 5651 734 5686 vos
765 5651 868 5686 non
902 5625 1060 5689 esse.
1108 5635 1149 5666 '3
1176 5635 1216 5688 C
1240 5636 1290 5689 in
1311 5638 1406 5690 eis.

310 5698 488 5754 ra‘rent.
561 5703 610 5733 ⁸⁵
637 5704 796 5760 verbis
822 5721 927 5759 om.
970 5707 1032 5760 Δ.
1111 5708 1150 5738 ³⁷
1166 5708 1208 5760 Λ
1225 5723 1488 5778 negamus.

1441 5497 1460 5527 ³
1487 5507 1665 5550 amant
1708 5511 1818 5551 om.
1846 5498 1912 5551 Α.

1645 5567 1686 5598 ’°
1725 5568 1823 5622 hoc
1852 5580 1945 5631 est,
1974 5587 2053 5624 me
2074 5571 2382 5641 lapidem»
2415 5571 2647 5640 intelligo
2682 5588 2784 5624 om.
2824 5568 2884 5621 6.

1487 5639 1527 5669 ⁸⁸
1569 5637 1611 5691 Α
1647 5649 1841 5693 restrac
1885 5651 2124 5695 naturae.

1571 5711 1610 5739 ¹⁸
1638 5711 1678 5765 Α
1712 5711 2110 5779 snperﬁrmatis.

2793 5499 2815 5532 ⁵
2845 5498 2945 5549 Pro
2975 5505 3021 5548 et
3053 5494 3091 5546 Α
3120 5501 3218 5546 est.
3294 5490 3315 5520 ⁸
3345 5489 3387 5543 C
3418 5508 3544 5544 nau-

2965 5566 3003 5596 ¹¹
3037 5563 3294 5616 I-mnincnt
3342 5578 3452 5614 om.
3483 5563 3543 5616 (Ζ.

2232 5642 2274 5673 ¹⁸
2303 5641 2395 5696 Sic
2424 5642 2496 5703 C;
2541 5633 2964 5707 A'apparncrit;
3023 5633 3152 5686 Gale
3193 5649 3336 5686 corr.
3379 5649 3543 5701 appa—

2278 5713 2356 5760 sic
2410 5713 2486 5760 t“.:
2522 5712 2563 5760 Α
2593 5709 2861 5760 doctrinis.
2941 5707 2986 5737 ¹⁹
3024 5705 3111 5760 Sit:
3143 5704 3248 5759 AC.

2001 5499 2021 5530 δ
2041 5499 2222 5562 C0rr.,
2255 5499 2344 5556 AC
2375 5500 2714 5567 intelligibile.

2194 5714 2232 5746 ¹⁹
2278 5713 2356 5767 sic
2410 5713 2487 5777 (1;
2522 5712 2563 5765 Λ
2593 5709 2861 5764 doctrinis.
2897 5763 2899 5765 ,
