3884 6158
333 333 436 389 ωδ

1679 313 1962 369 JOALVMS
2000 311 2158 366 SLU'I
2178 322 2196 362 ι

3501 320 3611 379 596

334 444 491 497 rubra
519 441 817 496 vestimenta
839 438 862 491 ?
886 435 1024 505 apud
1050 433 1244 502 seipsas
1273 431 1288 462 ¹
1315 445 1432 484 vero
1460 427 1769 488 deliberant,
1794 433 1916 476 ante
1944 427 1991 483 Α
2019 419 2259 488 ejusdem
2296 418 2700 489 operationibus
2742 432 2896 477 extra
2949 439 3148 496 corpus
3194 437 3380 500 raptus
3407 447 3527 487 sum
3554 437 3611 490 in

334 515 679 602 interrogare,
703 527 1025 583 ostendentes
1039 523 1270 594 quidem,
1289 521 1409 592 quia
1432 521 1662 580 discunt,
1687 527 1736 570 et
1761 515 1916 577 deiﬁ-

335 639 453 677 cum
477 622 745 676 scientiam
761 623 1025 688 appetunt.
1045 613 1102 667 Si
1117 627 1270 681 ergo,
1287 620 1420 664 teste
1439 607 1716 680 praedicto
1731 605 1918 678 σοφῷ⁸,

339 713 604 770 caelestes
658 710 888 762 virtutes
945 706 1180 765 dist-unt,
1238 702 1545 757 necessario
1588 713 1696 752 non
1744 696 1922 751 omnis

341 799 675 871 ignorantiae
707 805 959 866 expertes
984 801 1129 849 sunt.
1163 793 1227 847 Et
1260 792 1305 846 si
1337 793 1407 844 ita
1431 798 1534 854 est,
1582 803 1689 842 non
1722 786 1924 840 miran-

341 893 488 954 dum,
507 888 667 943 futuri
684 885 870 955 judicii
898 885 1151 956 mysteria
1177 884 1350 938 adhuc
1364 897 1457 936 eas
1481 883 1729 952 ignorare
1742 892 1918 947 posse.

339 981 491 1050 Quod
515 995 644 1036 vero
666 980 731 1032 de
753 979 930 1048 seipso
947 977 1204 1031 Dominus
1233 977 1361 1030 dicit
1391 992 1404 1028 :
1439 989 1598 1042 neque
1627 970 1672 1024 F
1675 971 1798 1023 ilius
1825 969 1924 1023 lio-

338 1073 518 1135 minis,
552 1071 652 1125 nisi
681 1067 846 1123 Pater
873 1068 1038 1132 solus,
1074 1067 1514 1121 obscurissimam
1560 1062 1724 1119 ellicit
1759 1076 1924 1132 quae-

341 1162 592 1216 stionem.
627 1158 906 1226 Quomodo
935 1158 1078 1212 enim
1109 1155 1278 1210 Filius
1305 1155 1548 1224 ignorat,
1581 1151 1719 1220 quod
1759 1151 1925 1213 Pater

340 1255 478 1319 scit,
515 1254 833 1326 praesertim
878 1252 944 1306 de
976 1251 1061 1305 die
1090 1251 1310 1320 judicii,
1341 1267 1464 1306 cum
1511 1250 1772 1319 judicium
1804 1268 1925 1322 spe-

341 1344 553 1398 cialiter
573 1345 640 1397 ad
669 1343 863 1398 Filium
892 1341 1196 1411 pertineat?
1225 1339 1389 1394 Pater
1416 1341 1574 1406 enim,
1603 1351 1660 1396 ut
1688 1342 1800 1412 ipse
1826 1343 1922 1406 ait,

341 1433 670 1501 non'juilicat
691 1448 1004 1503 quenquam,
1025 1430 1115 1484 sed
1137 1441 1286 1484 omne
1314 1430 1567 1494 iudicium
1598 1431 1738 1484 dedit
1757 1429 1921 1486 Filio.

341 1523 637 1594 Caliginem
671 1531 848 1576 tamen
883 1520 1039 1589 hujus
1068 1520 1403 1589 quaestionis
1430 1529 1650 1575 sanctus
1694 1519 1927 1592 Epiplia-

343 1616 485 1679 nius,
517 1614 866 1670 Constantiae
889 1613 1048 1684 Cypri
1071 1613 1379 1682 episcopus,
1410 1613 1462 1667 in
1489 1612 1648 1679 libro,
1674 1629 1836 1682 quem
1858 1613 1927 1670 de

346 1705 451 1760 llde
473 1705 710 1774 scripsit,
756 1704 1156 1774 elegantissime
1201 1704 1619 1774 acutissimeque
1647 1705 1668 1737 ⁸
1693 1707 1923 1774 aperuit,

2026 511 2240 564 tertium
2259 511 2486 572 caelum,
2504 511 2598 565 sed
2613 514 2925 582 operatione
2945 515 3157 573 divinae
3172 522 3379 589 gratiae
3406 524 3615 595 absque

2023 600 2183 656 ullius
2211 610 2492 656 creaturae
2523 603 2999 661 administratione
3023 623 3188 678 super
3212 627 3429 666 omnem
3459 631 3614 671 crea—

2023 700 2199 746 turam
2229 701 2440 760 raptum
2471 705 2557 746 me
2580 690 2746 748 fuisse
2775 695 3114 764 apertissime
3141 701 3273 755 scio.
3307 701 3504 759 Nescio
3525 723 3616 761 er-

2023 799 2091 854 go
2118 784 2171 837 in
2201 797 2428 852 corpore
2447 798 2514 836 an
2547 783 2586 814 ¹¹
2613 793 2766 838 extra
2790 800 3005 854 corpus,
3037 789 3161 856 quia
3185 792 3319 856 scio,
3342 796 3490 863 quod
3516 812 3614 854 nec

2029 875 2084 930 in
2117 888 2366 944 corpore,
2398 889 2496 928 nec
2522 884 2676 930 extra
2703 890 2900 945 corpus
2926 888 3114 947 raptus
3142 895 3282 935 sum.
3311 882 3377 937 Et
3406 901 3476 938 ne
3498 886 3613 940 diu-

2024 964 2132 1018 tius
2160 965 2212 1019 in
2242 965 2427 1020 eadem
2471 981 2530 1020 re
2561 965 2934 1033 immoremur,
2991 970 3142 1038 prius
3197 973 3342 1026 enim
3401 975 3614 1032 deficiet

2026 1063 2274 1125 tempus,
2323 1070 2484 1124 quam
2546 1055 2759 1110 divinae
2806 1057 3164 1127 ignorantiae,
3219 1062 3334 1116 sive
3381 1064 3435 1119 in
3469 1064 3616 1121 Scri-

2026 1154 2205 1216 ptura,
2222 1147 2335 1201 sive
2356 1147 2408 1201 in
2423 1161 2604 1202 rerum
2622 1157 2834 1215 natura,
2858 1151 3101 1220 exempla
3123 1170 3137 1205 :
3163 1154 3263 1208 hoc
3278 1155 3620 1215 solummodo

2028 1252 2190 1291 nosse
2239 1236 2478 1291 arbitror
2529 1235 2798 1305 sulllcere,
2843 1239 3058 1296 divinae
3113 1243 3454 1314 ignorantiae
3507 1257 3617 1308 tres

2029 1326 2356 1397 principales
2377 1327 2586 1396 species
2607 1341 2748 1382 esse.
2769 1327 3008 1384 Primam
3037 1332 3255 1402 quidem
3275 1374 3289 1398 ,
3313 1349 3412 1404 per
3454 1353 3616 1407 quam

2029 1418 2227 1472 malum
2257 1434 2363 1472 non
2399 1418 2697 1490 cognoscit,
2747 1419 2872 1490 quia
2896 1422 3014 1492 ejus
3057 1426 3292 1493 cognitio
3314 1427 3359 1458 "
3391 1429 3620 1501 simplex

2028 1516 2132 1573 est,
2183 1517 2240 1563 et
2287 1523 2319 1562 a
2367 1509 2482 1564 solo
2531 1511 2874 1566 substantiali
2904 1511 3064 1578 bono,
3107 1515 3210 1570 hoc
3239 1525 3342 1582 est,
3373 1534 3406 1574 a
3435 1517 3620 1592 seipso

2030 1598 2297 1655 formatur
2323 1601 2390 1654 ⁸⁸.
2423 1600 2583 1657 Solus
2607 1604 2750 1658 enim
2779 1603 2895 1674 ipse
2929 1615 3012 1660 est
3035 1607 3390 1666 substantiale
3420 1613 3620 1669 bonum

2034 1707 2132 1762 per
2179 1708 2238 1747 se
2294 1694 2503 1764 ipsum;
2538 1703 2718 1750 cetera
2755 1711 2884 1752 vero
2922 1696 3062 1753 bona
3102 1701 3272 1770 ipsius
3327 1704 3621 1774 participa-

345 1795 562 1849 dicens:
586 1770 809 1848 'Patrem
833 1770 1159 1848 solummodo
1192 1811 1341 1848 nosse
1375 1770 1613 1864 futurum
1641 1770 1932 1866 judicium,
1961 1770 2009 1830 Β
2039 1782 2182 1838 tione
2206 1782 2345 1838 bona
2374 1795 2519 1838 ευηῐο
2550 1784 2694 1839 Deus
2723 1784 2906 1855 itaque
2932 1787 3130 1842 malum
3177 1791 3371 1846 ηθδοίῑο
3411 1791 3546 1846 Nam
3572 1796 3618 1848 Si

347 1903 449 1940 non
491 1885 659 1940 solum
703 1904 795 1955 per
823 1885 1238 1953 praescientiam,
1288 1885 1378 1939 sed
1411 1887 1567 1940 etiam
1609 1903 1701 1956 per
1727 1889 1934 1958 experi-

352 1985 600 2028 mentum.
636 1972 800 2029 Pater
831 1977 1086 2045 siquidem
1145 1993 1238 2045 per
1263 1977 1669 2046 experimentum
1697 1977 1718 2009 ⁸
1744 1994 1936 2047 cogno-

346 2065 438 2116 scit
461 2064 745 2132 Judicium,
769 2066 885 2134 jam
923 2067 1056 2120 enim
1097 2081 1150 2118 re
1194 2065 1306 2135 ipsa
1333 2082 1484 2119 omne
1500 2066 1762 2134 judicium
1793 2068 1936 2122 dedit

352 2153 536 2218 Filio;
574 2159 784 2210 omnino
833 2159 968 2211 enim
1001 2157 1162 2211 Pater
1194 2159 1388 2227 peregit
1423 2157 1685 2228 judicium
1723 2159 1767 2226 ⁸,
1809 2160 1936 2215 dum

351 2260 500 2297 omne
521 2243 651 2296 illud
675 2245 815 2297 dedit
837 2243 1000 2301 Filio.‘
1030 2244 1079 2299 F
1081 2247 1203 2300 ilius
1230 2264 1346 2301 vero
1371 2258 1418 2302 et
1448 2249 1566 2314 scit,
1597 2260 1646 2304 et
1661 2254 1820 2306 nescit
1841 2255 1936 2324 ju-

352 2335 567 2388 dicium.
589 2334 939 2390 Praescientia
963 2355 1183 2408 namque
1198 2339 1316 2404 scit,
1341 2342 1572 2396 nondum
1589 2353 1762 2399 tamen
1783 2363 1938 2417 expe-

356 2427 598 2490 rimento,
625 2441 668 2482 et
693 2430 809 2484 ideo
832 2433 1180 2500 experimento
1217 2436 1395 2501 nescit,
1437 2438 1563 2507 quia
1610 2441 1841 2496 nondum
1883 2461 1938 2500 re

353 2516 468 2583 ipsa
495 2515 694 2602 factum
716 2529 800 2571 est.
835 2520 1114 2587 judicium,
1148 2523 1252 2578 hoc
1286 2533 1388 2588 est,
1413 2530 1718 2599 segregatio
1754 2548 1940 2602 repro-

355 2594 645 2662 borum‘ab
688 2609 898 2672 electis,
929 2610 1194 2680 siquidem
1239 2615 1414 2670 adhuc
1444 2594 1635 2674 messis
1662 2594 1939 2680 Ecclesiae

356 2695 628 2752 frumento
650 2709 704 2753 et
718 2700 943 2755 zizaniis
969 2702 1135 2756 mixta
1149 2712 1252 2758 est.
1278 2704 1393 2760 Non
1412 2708 1718 2778 ignoramus
1735 2721 1938 2783 tamen,

357 2796 605 2841 sanctum
649 2789 1006 2858 Augustinum
1047 2795 1251 2864 tr0piee
1278 2797 1609 2855 hunclocum
1625 2803 1938 2874 explanare,

356 2887 417 2929 nt
445 2875 613 2933 Filius
658 2882 892 2937 hominis
935 2887 1144 2941 nescire
1171 2887 1382 2944 dicatur
1403 2890 1542 2946 diem
1573 2891 1783 2961 judicii,
1814 2899 1941 2968 quia

359 2981 458 3020 nos
487 2968 696 3022 nescire
723 2972 1022 3028 sinit.Audi
1050 2992 1265 3047 quoque
1297 2980 1645 3046 apostolicam
1683 2985 1941 3055 ignoran-

357 3057 509 3123 tiam,
544 3059 610 3114 de
638 3078 740 3131 qua
771 3065 1026 3134 scriptum
1061 3078 1144 3123 est
1186 3071 1238 3124 in
1289 3071 1514 3130 Actibus
1551 3079 1910 3146 apostolorum

359 3147 527 3204 Paulo
577 3153 928 3212 maledicente
983 3174 1194 3216 summo
1247 3165 1510 3220 sacerdoti
1550 3168 1832 3237 Ananiae,
1883 3147 1939 3228 et

363 3239 622 3296 dicente:
659 3242 990 3314 Nesciebam,
1042 3250 1253 3316 fratres,
1303 3256 1427 3323 quia
1474 3258 1712 3328 princeps
1762 3278 1940 3316 sacer-

359 3328 541 3384 dotum
568 3342 676 3396 est;
703 3336 952 3403 scriptum
1001 3349 1078 3391 est
1121 3356 1298 3396 enim:
1331 3340 1624 3414 Princtpem
1659 3350 1839 3418 populi
1865 3354 1943 3406 tui

361 3435 468 3474 non
491 3421 784 3477 maledices.
816 3425 951 3480 Num
979 3429 1073 3482 tibi
1112 3431 1322 3486 videtur
1347 3417 1777 3504 sapientissimus
1817 3417 1967 3511 apo:

363 3508 538 3564 stolus
566 3518 620 3564 et
651 3510 702 3564 in
729 3512 842 3582 lege
863 3517 1245 3584 peritissimus,
1271 3523 1538 3576 Ananiam
1569 3539 1838 3580 summum
1852 3508 1947 3583 isa-

362 3599 838 3665 cerdoteml'uisse,
865 3604 1005 3658 sicut
1029 3607 1193 3660 ceteri
1236 3606 1446 3674 Judaei,
1478 3626 1582 3665 non
1596 3616 1945 3683 cognovisse?

364 3686 520 3754 Quod
548 3689 692 3744 nullo
735 3693 891 3747 modo
931 3705 1014 3749 est
1044 3697 1458 3754 aestimandum.
1492 3701 1595 3756 Sed
1625 3703 1744 3760 ideo
1771 3705 1946 3774 ipsum

366 3777 641 3847 ignorasse
683 3781 818 3836 dixit
851 3783 894 3850 ⁸,
927 3787 1182 3853 quoniam
1219 3803 1248 3841 a
1289 3788 1399 3845 Deo
1446 3790 1612 3848 fuisse
1639 3796 1946 3853 ordinatum

365 3882 472 3922 non
503 3869 655 3922 vidit.
703 3870 1040 3943 Ignorabam,
1075 3876 1284 3946 fratres,
1311 3879 1501 3950 inquit,
1545 3885 1668 3952 quia
1709 3887 1947 3958 princeps

361 3959 695 4014 sacerdotum
721 3970 816 4026 est,-
845 3964 968 4030 quia
993 3980 1277 4034 cognosco,
1307 3972 1450 4038 quod
1474 3987 1573 4027 nec
1601 3989 1666 4028 ex
1692 3974 1822 4039 Deo,
1850 3992 1950 4033 nec

365 4048 662 4104 secundum
716 4051 909 4123 legem,
955 4056 1046 4110 sed
1093 4059 1386 4113 secundum
1431 4060 1711 4118 Iudaicam
1758 4081 1948 4135 super-

366 4137 642 4194 stitionem
700 4145 1027 4201 constitutus
1091 4150 1262 4214 est';
1320 4151 1546 4221 ideoque
1597 4156 1787 4225 ignoro
1825 4173 1948 4214 eum

368 4228 666 4301 principem
697 4235 1038 4290 sacerdotum
1069 4253 1206 4302 esse,
1238 4244 1490 4311 quoniam
1515 4262 1640 4302 vere
1660 4264 1946 4320 cognosco,

368 4334 491 4372 eum
537 4339 640 4378 non
671 4325 750 4379 sic
781 4342 922 4383 esse.
949 4328 1006 4384 Si
1038 4331 1181 4384 enim
1209 4335 1506 4406 principem
1554 4340 1730 4409 populi
1762 4357 1949 4397 verum

367 4426 436 4465 ac
483 4413 778 4485 legitimum
826 4436 946 4476 esse
989 4438 1369 4494 cognoscerem
1399 4429 1444 4494 ⁸,
1481 4430 1723 4501 profecto
1752 4435 1799 4488 ei
1843 4451 1948 4490 non

371 4501 769 4562 maledicerem.
796 4511 1059 4578 Quoniam
1087 4529 1213 4570 vero
1238 4518 1447 4586 ignoro,
1497 4535 1618 4576 eum
1645 4525 1945 4593 principem

369 4604 493 4647 esse
519 4594 570 4646 in
599 4598 847 4664 veritate,
882 4611 1165 4672 pr0pterea
1190 4620 1293 4659 non
1321 4623 1406 4662 me
1434 4611 1672 4678 poenitet
1710 4614 1758 4667 ei
1784 4613 1805 4645 ⁹
1831 4631 1948 4668 ma-

369 4680 622 4739 ledicere.
649 4687 819 4743 Aliam
835 4691 1070 4761 ejusdem
1100 4710 1365 4766 cognosce
1391 4699 1768 4768 ignorantiam.
1802 4701 1944 4769 Scio,

373 4771 564 4842 inquit,
603 4777 859 4833 hominem
903 4794 1109 4852 raptum
1162 4802 1324 4854 usque
1376 4789 1445 4841 ad
1475 4791 1682 4844 tertium
1723 4793 1951 4859 caelum,

375 4865 547 4932 nescio
594 4868 646 4920 in
695 4885 930 4938 corpore,
981 4891 1050 4928 an
1091 4886 1238 4929 extra
1290 4893 1477 4946 corpus
1518 4881 1688 4934 nescio
1721 4882 1784 4945 ¹⁰,
1811 4883 1954 4939 Deus

370 4955 492 5010 scit.
526 4955 738 5030 Nescio,
787 4963 881 5026 ait,
937 4964 989 5016 in
1039 4980 1286 5034 corpore,
1316 4968 1568 5036 quoniam
1619 4971 1731 5024 scio
1761 4987 1865 5026 non
1897 4974 1951 5027 in

376 5061 632 5116 corpore,
667 5064 760 5106 aut
802 5062 955 5108 extra
1014 5071 1208 5125 corpus
1257 5059 1462 5119 nescio,
1495 5061 1749 5128 quoniam
1800 5071 1954 5118 extra

373 5151 572 5207 corpus
602 5155 688 5194 me
733 5153 942 5211 raptum
987 5162 1092 5200 non
1124 5146 1288 5202 fuisse
1325 5163 1612 5218 cognosco.
1645 5151 1760 5206 Non
1808 5153 1953 5208 enim

373 5232 781 5301 operationibus
813 5236 1026 5292 animae
1066 5253 1164 5307 per
1203 5254 1493 5309 corporeos
1539 5258 1750 5308 sensus,
1781 5259 1954 5314 neque

1917 3116 2014 3180 ’C

2038 1870 2246 1926 malum
2285 1872 2470 1936 sciret,
2513 1875 2822 1930 necessario
2867 1876 2921 1930 in
2955 1886 3150 1932 natura
3199 1895 3382 1935 rerum
3418 1883 3619 1938 malum

2036 1971 2198 2016 esset.
2226 1963 2415 2017 Divina
2444 1964 2709 2033 siquidem
2731 1965 2957 2022 scientia
2988 1969 3253 2034 omnium,
3284 1985 3423 2041 quae
3471 1982 3622 2038 sunt,

2037 2069 2200 2109 causa
2253 2063 2356 2110 est.
2407 2055 2524 2112 Non
2551 2057 2696 2111 enim
2738 2058 2860 2114 ideo
2888 2057 3029 2114 Deus
3055 2061 3160 2116 scit
3187 2077 3272 2127 ea,
3304 2078 3445 2132 quae
3471 2073 3620 2131 sunt,

2036 2149 2161 2217 quia
2193 2149 2523 2215 subsistunt;
2545 2150 2638 2205 sed
2668 2150 2790 2206 ideo
2814 2151 3134 2218 subsistunt,
3161 2155 3290 2223 quia
3323 2156 3464 2211 Deus
3484 2170 3550 2211 ea
3575 2157 3626 2191 ⁸⁸

2039 2239 2162 2293 scit.
2216 2239 2415 2294 Eorum
2470 2240 2615 2295 enim
2651 2241 2921 2296 essentiae
2942 2257 3105 2297 causa
3134 2245 3416 2300 estdivina
3452 2247 3627 2303 scien-

2042 2329 2137 2390 tia.
2163 2345 2229 2384 ac
2248 2345 2344 2398 per
2374 2330 2494 2396 hoc,
2521 2331 2566 2385 si
2597 2330 2739 2386 Dens
2765 2331 2964 2406 malum
2989 2333 3175 2398 sciret,
3208 2335 3260 2388 in
3289 2333 3469 2405 aliquo
3499 2337 3627 2393 sub-

2040 2424 2366 2479 stantialiter
2405 2423 2817 2496 intelligeretur,
2848 2433 2903 2480 et
2943 2428 3216 2497 particeps
3260 2428 3385 2482 boni
3425 2429 3627 2484 malum

2041 2525 2206 2584 esset,
2238 2526 2294 2574 et
2316 2533 2384 2573 ex
2416 2519 2618 2574 virtute
2644 2527 2698 2574 et
2719 2519 2963 2576 bonitate
2985 2521 3173 2575 vitium
3196 2529 3249 2575 et
3273 2521 3480 2577 malitia
3507 2539 3629 2594 pro-

2041 2613 2318 2678 cederent,
2374 2613 2516 2683 quod
2573 2612 2907 2682 impossibile
2929 2629 3048 2670 esse
3088 2629 3214 2669 vera
3250 2615 3440 2670 edocet
3465 2617 3622 2670 ratio.

2044 2701 2294 2758 Secunda
2322 2705 2531 2774 species
2559 2713 2663 2771 est,
2686 2721 2783 2776 per
2814 2721 2975 2777 quam
3005 2706 3204 2762 dicitur
3231 2707 3375 2762 Deus
3405 2707 3452 2740 "
3480 2708 3625 2780 igno-

2045 2807 2166 2848 rare
2195 2793 2298 2846 alia
2326 2804 2544 2863 praeter
2566 2809 2652 2858 ea,
2682 2810 2910 2864 quorum
2963 2797 3203 2851 rationes
3239 2797 3291 2851 in
3320 2797 3500 2866 seipso
3542 2812 3625 2850 ac-

2047 2884 2330 2941 ternaliter
2371 2894 2426 2941 et
2459 2885 2589 2940 fecit
2617 2895 2674 2941 et
2711 2889 3009 2958 cognoscit.
3067 2887 3306 2955 Quorum
3349 2889 3494 2943 enim
3538 2905 3628 2942 na-

2048 2975 2292 3030 turaliter
2340 2975 2501 3030 habet
2535 2977 2812 3042 virtutem,
2843 2992 3029 3031 eorum
3064 2977 3428 3033 essentialiter
3451 2979 3625 3050 possi-

2045 3065 2136 3120 det
2165 3067 2468 3121 scientiam.
2503 3067 2682 3122 Tertia
2710 3077 2809 3132 est,
2859 3083 2956 3139 per
2990 3085 3151 3140 quam
3181 3072 3383 3126 dicitur
3419 3073 3559 3128 Deus
3584 3073 3629 3106 “

2048 3155 2322 3226 ignorare,
2351 3165 2404 3211 ut
2437 3158 2823 3226 praediximus,
2850 3172 2938 3222 ea,
2991 3174 3130 3227 quae
3153 3159 3389 3214 nondum
3417 3162 3628 3230 experi-

2047 3255 2232 3301 mento
2262 3249 2495 3302 actionis
2524 3257 2577 3302 et
2599 3248 2928 3317 operationis
2952 3249 3005 3302 in
3027 3248 3310 3304 ell‘ectibus
3342 3250 3626 3307 manifeste

2046 3345 2340 3407 apparent;
2367 3352 2598 3406 quorum
2626 3347 2802 3391 tamen
2821 3337 3116 3392 invisibiles
3131 3338 3368 3393 rationes
3385 3339 3437 3392 in
3454 3341 3629 3411 seipso

2046 3445 2076 3482 a
2105 3427 2283 3496 seipso
2335 3436 2546 3482 creatas
2583 3436 2638 3482 et
2685 3427 2786 3481 sibi
2832 3427 2928 3497 ipsi
2968 3428 3213 3498 cognitas
3251 3429 3509 3498 possidet.
3539 3430 3632 3486 llis

2045 3518 2335 3590 praedictis
2374 3526 2565 3587 quarta
2597 3518 2806 3588 species
2826 3518 3061 3581 additur,
3093 3519 3156 3572 de
3185 3535 3287 3587 qua
3333 3535 3477 3575 nunc
3519 3529 3629 3576 tra-

2049 3617 2200 3664 ctare
2230 3608 2364 3663 ordo
2401 3605 2780 3676 disputationis
2808 3607 3094 3677 poscebat,
3127 3622 3231 3676 qua
3263 3608 3406 3662 Deus
3439 3608 3633 3664 dicitur

2047 3701 2320 3770 ignorare,
2349 3683 2408 3754 se
2427 3713 2546 3753 esse
2584 3698 2636 3752 in
2665 3714 2891 3752 numero
2911 3714 3114 3762 rerum,
3145 3715 3284 3770 quae
3327 3701 3398 3755 ab
3438 3715 3505 3755 eo
3555 3699 3632 3756 ia-

2046 3804 2168 3848 ctae
2193 3802 2335 3854 sunt,
2362 3807 2498 3862 quas
2520 3791 2663 3844 intra
2693 3781 3340 3860 dtiﬁariamquantitatem
3366 3793 3636 3862 praedica-

2049 3890 2354 3938 mentorum
2407 3881 2719 3949 Philosophi
2771 3891 3039 3936 conantur
3067 3881 3409 3937 concludere.
3442 3883 3520 3938 Ac
3541 3899 3636 3954 per

2049 3973 2153 4028 hoc
2181 3972 2224 4003 “
2257 3971 2632 4026 universaliter
2653 3958 2963 4035 dicendum,
2994 3972 3134 4040 quod
3168 3971 3219 4024 in
3248 3971 3394 4026 nullo
3416 3987 3636 4038 eorum,

2049 4081 2189 4136 quae
2217 4066 2356 4120 intra
2387 4065 2573 4121 decem
2611 4080 2808 4136 genera
2835 4080 3012 4120 rerum
3055 4080 3085 4118 a
3113 4065 3449 4136 philosophis
3490 4081 3636 4121 com-

2049 4158 2482 4228 prehenduntur.
2533 4172 2709 4226 neque
2761 4170 2971 4220 eorum,
3010 4171 3149 4225 quae
3187 4166 3339 4212 extra
3380 4158 3468 4211 illa
3512 4158 3638 4212 dili-

2052 4249 2264 4320 gentior
2291 4247 2566 4318 inquisitio
2614 4247 2840 4311 invenit,
2872 4247 2988 4301 sive
3040 4247 3336 4301 secundum
3383 4247 3636 4301 substan-

2056 4340 2206 4403 tiam,
2222 4338 2338 4392 sivc
2359 4338 2654 4393 secundum
2673 4336 2924 4391 accidens
2937 4338 3065 4401 sint,
3085 4352 3258 4405 neque
3271 4353 3482 4400 eorum,
3499 4354 3637 4405 quae

1983 4468 2028 4528 ο
2055 4431 2108 4485 in
2126 4430 2266 4484 nulla
2285 4431 2586 4486 substantia
2598 4428 2680 4482 vel
2693 4429 2968 4483 accidente
2983 4439 3208 4496 possunt
3244 4428 3495 4493 inveniri,
3528 4429 3642 4484 sive

2055 4524 2108 4577 in
2134 4521 2430 4575 rationibus
2449 4519 2695 4584 occultis,
2718 4520 2831 4574 sive
2856 4517 2909 4572 in
2934 4519 3382 4588 possibilitatibns
3400 4561 3414 4582 ,
3447 4520 3562 4574 sive
3585 4521 3636 4574 in

2053 4609 2573 4681 impossibilitatibus
2595 4609 2704 4663 sint
2728 4609 2794 4674 ¹⁷,
2816 4608 2956 4662 Deus
2981 4624 3040 4663 se
3061 4607 3309 4678 intelligit
3325 4608 3368 4640 ¹⁶
3384 4608 3642 4664 subsiste-

2055 4701 2392 4772 re,quoniam
2406 4715 2463 4754 se
2475 4700 2752 4770 cognoscit
2768 4697 2968 4754 nullum
2985 4715 3170 4754 eorum
3184 4713 3305 4755 esse
3317 4699 3444 4754 dum
3459 4702 3638 4754 munia
3687 4763 3690 4768 _

2058 4790 2311 4847 inell'abili
2329 4791 2708 4845 essentialisua
2733 4790 2931 4845 virtute
2960 4799 3014 4845 et
3034 4789 3316 4861 plusquam
3345 4791 3548 4845 virtute
3588 4802 3644 4846 et

2059 4879 2582 4951 incomprehensibili
2605 4895 2699 4934 sua
2723 4879 2987 4935 infinitate
3009 4879 3258 4950 intelligit
3278 4894 3337 4935 se
3355 4879 3641 4935 excellere.

2126 4972 2216 5028 29.
2259 4970 2545 5041 Propterea
2574 4979 2752 5024 autem
2791 4969 2923 5033 dixi,
2968 4968 3366 5040 diligentiorem
3415 4970 3643 5041 inquisi-

2060 5062 2259 5116 tionem
2303 5075 2461 5129 posse
2508 5061 2770 5128 quaedam
2819 5059 3061 5113 invenire
3108 5060 3162 5114 in
3215 5075 3396 5115 rerum
3447 5068 3640 5115 natura

2057 5161 2272 5223 praeter
2299 5167 2380 5212 ea,
2406 5166 2546 5220 quae
2575 5151 2760 5204 decem
2794 5150 3249 5220 praedicamentis
3288 5151 3644 5221 comprehen-

2058 5245 2278 5298 duntur.
2329 5239 2462 5295 Nam
2507 5249 2561 5294 et
2601 5239 2690 5294 illa
2734 5255 2764 5294 a
2809 5240 3140 5310 philosophis
3165 5254 3374 5311 reperta
3399 5251 3547 5306 sunt,
3579 5256 3645 5296 ne

1656 5394 1910 5449 VARIAE
1951 5390 2350 5448 LECTlONES.

455 5505 773 5587 'ﬁseipsos.
838 5505 859 5536 '
887 5504 981 5589 §ic
1083 5505 1374 5589 praedicto
1393 5507 1581 5576 SOpIm,
1683 5505 2135 5589 .Patrepraedicto‘.
2213 5506 2306 5589 10.
2329 5504 2838 5589 accuratissimeque.
2919 5502 3137 5589 [ἔδοτε]
3155 5507 3531 5589 siquidem"
3556 5523 3649 5560 ex-

381 5577 722 5641 perimentum
744 5593 853 5632 om.
883 5577 944 5630 (ἶ.

390 5659 554 5696 verem
582 5647 864 5715 principem
897 5665 947 5714 p.
985 5665 1030 5702 υ.
1062 5668 1112 5701 a.
1137 5664 1210 5709 e.,
1236 5647 1476 5716 profecto
1499 5656 1608 5703 cet.
1648 5647 1668 5677 ’
1696 5648 1740 5700 ei
1780 5664 1888 5700 om.
1917 5647 1980 5702 C.

386 5716 628 5766 armat-it.
710 5717 751 5747 ”
783 5720 821 5773 (ὲ
844 5735 901 5770 et
931 5717 1091 5774 Deus.
1170 5718 1212 5749 "
1240 5719 1283 5772 Δ
1341 5717 1479 5773 Deus
1520 5719 1734 5773 dicitur.

1022 5578 1043 5607 '
1064 5578 1182 5647 jam
1216 5577 1353 5631 enim
1372 5607 1444 5616 —
1461 5577 1652 5645 peregit
1667 5577 1928 5646 judicium
1953 5593 2059 5631 om.
2087 5579 2150 5631 (Ζ.

1811 5717 1852 5749 ¹⁶
1883 5717 1927 5772 Λ
1957 5717 2104 5771 haec.

2227 5576 2248 5606 ⁸
2278 5577 2320 5629 Α
2348 5576 2561 5628 dicitur.
2652 5575 2670 5604 "
2735 5585 2807 5626 est
2830 5589 2918 5628 om
2943 5576 3002 5628 (ἱ.

2611 5643 2718 5718 ιι.
2749 5654 2867 5718 aut,
2911 5644 2982 5718 "'
3013 5643 3056 5697 Α
3083 5647 3304 5718 cognitio
3327 5647 3461 5716 ejus.

2569 5714 2609 5742 "‘
2631 5713 2673 5767 Δ
2703 5711 2941 5783 intelligit
2998 5731 3070 5768 se.

2058 5647 2100 5676 "‘
2131 5647 2302 5699 nescio
2331 5660 2439 5697 οιη.
2473 5645 2535 5698 Α.

2196 5716 2236 5747 ³⁷
2268 5715 2310 5770 A
2349 5724 2486 5769 sunt.

3545 5644 3648 5698 Hc

3099 5575 3121 5607 '
3142 5578 3184 5630 A
3212 5575 3256 5632 Si
3280 5577 3422 5631 enim
3454 5592 3645 5645 cognaf
3711 5589 3724 5594 '
