3884 6158
126 1566 137 1574 .
230 1551 496 1650 subjecta.
524 1576 623 1633 Cui
679 1579 856 1628 motus
906 1567 992 1622 ille
1038 1561 1478 1636 generalissimus
1530 1554 1766 1623 nullique
1798 1551 1818 1582 ³

235 383 332 440 597
1051 361 1140 416 DE
1177 356 1516 416 DIVISIONE
1553 350 1901 409 NATURAE.
1935 378 2010 392 —
2044 347 2244 404 LIBER
2285 349 2666 408 SECUNDUS.
3417 376 3517 430 558

233 495 350 566 quis
400 489 584 544 minus
631 479 909 552 capacium
953 473 1246 537 existimet,
1286 482 1466 524 rerum
1496 464 1804 534 diligentem
1836 462 1885 521 Α
1913 459 2210 528 intelligere
2236 470 2484 531 possunt,
2517 462 2612 517 sed
2637 478 2798 532 supra
2831 467 3010 521 omnia
3039 470 3379 527 suoiimatum
3409 488 3501 528 co-

237 547 315 566 γ
696 547 713 552 _

235 581 636 650 indagationem
682 573 821 627 ultra
859 567 1190 638 praedictam
1217 557 1815 650 categoriarum‘quan-
1915 563 2214 623 gnoscunt,
2256 571 2319 610 ac
2356 572 2452 626 per
2489 557 2588 611 hoc
2639 547 2826 624 eorum
2879 562 3179 630 ignorantia
3234 580 3361 620 vera
3411 583 3496 624 es.

233 678 444 733 titatem
487 685 592 725 non
630 678 789 734 posse
815 657 1066 732 progredi
1102 656 1141 708 ⁸.
1173 649 1518 709 Generaliora
1551 645 1693 701 enim
1725 658 1816 712 ge-
1915 645 2205 716 sapicntia,
2241 656 2291 701 et
2334 641 2621 704 nesciendo
2650 665 2772 706 eum
2810 651 2862 704 in
2914 653 2998 706 his
3037 669 3173 722 quae
3201 665 3347 722 sunt,
3381 672 3497 714 me-

232 781 357 824 nera
382 774 575 818 eorum
604 748 1015 824 comprehendit
1044 745 1211 808 ratio;
1243 738 1508 809 siquidem
1559 735 1612 788 in
1664 739 1812 824 motu
1916 735 2018 790 lius
2047 752 2168 791 cum
2201 739 2377 792 sciunt
2412 755 2572 807 super
2603 742 2800 802 omnia.
2837 758 2974 810 quae
2995 754 3197 800 suntet
3226 761 3364 816 quae
3388 763 3496 804 non

230 867 284 914 et
323 856 377 909 in
408 860 558 906 statu
601 855 745 902 sunt.
799 842 931 895 ltem
978 844 1152 890 status
1198 841 1252 886 et
1298 837 1476 883 motus
1521 820 1815 878 universali
1916 835 2076 880 sunt:
2110 827 2182 880 ita
2212 829 2373 880 etiam
2398 829 2463 884 de
2491 831 2666 899 seipse
2693 848 2795 886 non
2813 833 3254 888 irrationabiliter
3273 836 3495 903 dicitur,

209 943 470 1002 'essentia
520 937 863 1006 colliguntur,
920 941 1058 998 quae
1114 924 1166 976 in
1199 919 1465 1001 inﬁnitum
1497 913 1814 1006 divisionem
1917 921 1969 973 in
1999 931 2257 990 quantmn
2287 923 2520 990 scipsum
2549 924 2600 978 in
2635 925 2736 988 his,
2770 942 2908 994 quae
2932 927 3079 992 fecit,
3105 945 3209 983 non
3245 931 3499 1002 intelligit

230 1039 309 1094 sui
339 1035 572 1106 patitur.
605 1029 676 1082 Ea
709 1037 942 1091 namque
966 1014 1292 1078 substantia,
1324 1026 1463 1081 quae
1484 1008 1731 1106 primurn
1761 1003 1815 1058 in
1917 1011 2235 1076 subsistere,
2271 1012 2322 1066 in
2349 1022 2555 1067 tantum
2589 1014 2835 1083 intelligit
2867 1031 2926 1072 sc
2953 1034 3114 1087 super
3137 1022 3315 1073 omnia
3338 1037 3498 1088 esse,

229 1127 522 1198 categoriis
548 1121 755 1176 obtinet
790 1116 987 1175 locum.
1022 1109 1167 1164 Πηῖιὲι
1196 1115 1300 1169 εει,
1352 1111 1408 1157 εὶ
1451 1097 1817 1155 accideﬂlibus
1918 1115 1982 1155 ac
2027 1118 2124 1171 per
2167 1102 2269 1156 hoc
2325 1103 2492 1172 ipsius
2522 1105 2821 1174 ignorantia
2855 1123 2976 1161 vera
3009 1119 3092 1163 est
3124 1108 3496 1180 intelligentia.

229 1218 514 1287 subjecta;
569 1227 629 1266 ea
675 1222 803 1261 vero
833 1197 1152 1256 universalis
1175 1194 1406 1250 essentia
1438 1190 1641 1246 nullum
1683 1188 1734 1240 in
1760 1201 1818 1240 se
1918 1192 1986 1246 Et
2011 1193 2060 1246 in
2089 1203 2350 1263 quantmn
2394 1211 2451 1250 se
2486 1198 2659 1251 nescit
2692 1199 2742 1251 in
2776 1199 2878 1260 his,
2906 1215 3044 1268 quae
3074 1213 3216 1262 sunt,
3252 1219 3503 1272 compre-

230 1279 722 1369 accidensrecipit;
754 1296 805 1348 in
827 1292 940 1347 suis
956 1289 1152 1358 quippe
1173 1279 1626 1340 subdivisionibus
1650 1290 1818 1346 usque
1920 1283 2104 1348 hendi,
2137 1285 2189 1338 in
2217 1295 2423 1340 tantum
2453 1303 2512 1342 se
2533 1288 2635 1342 scit
2658 1287 2795 1344 ultra
2839 1292 3016 1345 omnia
3049 1294 3306 1357 exaltari;
3338 1305 3502 1366 atque

230 1399 293 1453 ad
317 1394 597 1451 individua
627 1382 1064 1458 pervenientibus
1111 1374 1468 1432 accidentium
1500 1385 1669 1440 capax
1711 1375 1816 1432 est,
1921 1373 2040 1429 ideo
2071 1376 2362 1431 nesciendo
2393 1378 2653 1448 seipsum,
2679 1396 2706 1433 a
2735 1381 2914 1450 seipsn
2945 1383 3136 1438 melius
3163 1385 3360 1452 scitur;
3389 1402 3501 1442 me-

230 1491 340 1560 ipsa
367 1501 504 1541 vero
531 1485 585 1538 in
609 1481 780 1550 seipsa
797 1476 1022 1544 simplex
1038 1460 1816 1536 est,nullique’accidentium
1919 1465 2022 1520 lius
2059 1475 2144 1521 est
2163 1468 2327 1533 enim,
2381 1485 2440 1524 se
2473 1471 2615 1526 scire
2659 1473 2728 1527 ab
2765 1474 3017 1529 omnibus
3051 1487 3315 1530 remotum
3357 1494 3500 1542 esse,

1921 1573 2080 1626 quam
2125 1559 2170 1614 si
2214 1561 2397 1624 sciret,
2440 1563 2492 1617 in
2547 1580 2774 1619 numero
2818 1567 3058 1622 omnium
3109 1583 3169 1623 se
3225 1570 3502 1626 constitui.

1923 1649 2063 1704 MAG.
2095 1650 2262 1707 Recte
2290 1653 2575 1724 intelligis;
2601 1665 2656 1710 et
2677 1655 2816 1724 quod
2845 1658 2910 1710 de
2929 1657 3122 1712 talibus
3136 1660 3274 1712 ratio
3289 1661 3504 1727 suadet,

1921 1758 2056 1812 pure
2081 1759 2146 1798 ac
2175 1744 2542 1802 indubitanter
2569 1756 2619 1802 te
2661 1748 2968 1816 perspicere
3005 1751 3197 1804 sentio.
3245 1751 3356 1805 Nec
3389 1751 3504 1818 jam

1923 1834 2126 1898 cernis,
2154 1843 2213 1888 ut
2237 1837 2448 1905 opinor,
2477 1838 2642 1892 ullam
2673 1837 3030 1895 dilferentiam
3065 1841 3105 1872 “
3153 1842 3401 1912 imaginis
3450 1853 3507 1898 et

1921 1925 2234 1994 principalis
2262 1925 2491 1992 formae,
2527 1939 2744 1997 praeter
2781 1933 3042 1987 rationem
3074 1933 3322 2002 subjecti.
3367 1915 3370 1918 i

1994 2016 2216 2070 Summa
2245 2017 2508 2086 siquidem
2537 2019 2777 2076 Trinitas
2805 2022 3236 2080 substantialiter
3254 2042 3351 2096 per
3365 2027 3508 2099 seip-

1921 2124 2036 2163 sam
2056 2109 2377 2174 "subsistit,
2408 2119 2463 2164 et
2486 2126 2553 2165 ex
2579 2113 2721 2168 nulla
2759 2128 2920 2168 causa
2937 2125 3118 2170 creata
3140 2125 3257 2181 est;
3294 2118 3510 2176 trinitas

1922 2214 2054 2252 vero
2072 2210 2290 2301 nostrae
2314 2209 2540 2258 naturae
2569 2203 2635 2258 de
2660 2203 2829 2258 nihilo
2852 2206 2990 2258 facta
3016 2214 3101 2258 est
3121 2206 3190 2260 ab
3219 2205 3510 2276 ipsa,quae

1923 2304 2019 2359 per
2047 2295 2279 2375 seipsam
2313 2301 2529 2347 aeterna
2553 2303 2654 2360 est,
2700 2295 2768 2350 ad
2799 2295 3086 2367 imaginem
3121 2304 3175 2351 et
3203 2297 3510 2352 similitudi-

1924 2397 2048 2435 nem
2103 2397 2285 2447 suam;
2331 2392 2386 2437 et
2436 2384 2480 2438 si
2527 2385 2704 2454 aliqua
2753 2386 3132 2440 dissimilitudo
3160 2397 3378 2457 praeter
3406 2388 3513 2445 hoc

1925 2471 2176 2543 imaginis
2205 2481 2261 2526 et
2292 2472 2601 2542 principalis
2645 2475 2874 2546 exempli
2905 2487 3121 2546 reperta
3159 2476 3343 2543 fuerit,
3402 2493 3508 2534 non

1924 2579 1990 2620 ex
2019 2575 2208 2619 natura
2237 2566 2336 2621 hoc
2360 2567 2646 2636 processit,
2672 2569 2765 2622 sed
2787 2583 2850 2623 ex
2868 2569 3064 2625 delicto
3081 2569 3307 2636 accidit,
3335 2585 3513 2641 neque

1928 2675 1991 2715 ex
2013 2659 2296 2715 creatricis
2327 2659 2614 2715 Trinitatis
2659 2661 2878 2726 invidia,
2918 2662 3013 2717 sed
3041 2678 3106 2718 ex
3137 2672 3352 2718 creatae
3386 2663 3514 2718 ima-

1928 2750 2070 2821 ginis
2098 2749 2276 2820 culpa.
2310 2752 2505 2807 Totum
2536 2766 2791 2821 namque,
2823 2752 2965 2821 quod
2998 2753 3064 2807 de
3093 2753 3204 2808 Deo
3235 2754 3319 2808 vel
3356 2752 3514 2808 intel-

1930 2838 2118 2910 ligitur
2145 2841 2440 2896 secundum
2467 2841 2732 2896 essentiae
2768 2842 3043 2905 virtutem,
3077 2843 3142 2898 de
3167 2843 3285 2913 ejus
3325 2843 3516 2914 imagi-

1929 2947 1998 2986 ne
2030 2931 2083 2986 in
2112 2931 2218 2997 his,
2239 2933 2436 3002 quibus
2467 2932 2510 2964 ⁸³
2531 2941 2808 3002 purgatur,
2832 2932 3186 2998 illuminatur,
3213 2932 3514 3003 perﬁcitur,

1933 3034 1989 3081 et
2016 3026 2147 3092 dici,
2175 3034 2232 3080 et
2260 3025 2486 3096 intelligi
2517 3033 2694 3094 potest
2716 3025 3010 3080 secundum
3053 3025 3346 3080 creationis
3393 3040 3519 3097 gra-

231 1675 544 1746 catagoriae
572 1667 862 1730 obnoxius,
893 1678 1003 1734 quo
1027 1661 1048 1692 ⁸
1074 1658 1255 1716 omnia
1298 1657 1364 1711 de
1402 1653 1570 1708 nihilo
1607 1652 1660 1705 in
1702 1663 1821 1704 esse

231 1767 557 1841 procedunt,
607 1769 780 1818 status
811 1771 1046 1828 quoque,
1079 1754 1132 1807 in
1163 1765 1322 1821 quem
1365 1747 1545 1803 omnia
1575 1752 1818 1800 motuum

231 1833 308 1916 sui
339 1857 638 1914 terminum
673 1852 1022 1912 constituent,
1044 1847 1134 1916 qui
1174 1843 1337 1899 etiam
1359 1838 1490 1893 nulli
1510 1833 1818 1906 categoriae

231 1950 566 2016 succumbit,
617 1943 1048 2000 subdividuntur.
1095 1935 1249 2004 Quod
1295 1941 1475 1988 autem
1516 1927 1713 1990 addidi,
1762 1926 1816 1979 in

231 2054 426 2100 natura
455 2055 641 2096 rerum
665 2052 784 2094 esse
809 2032 1092 2104 quaedam,
1117 2041 1258 2098 quae
1286 2039 1384 2080 nec
1419 2025 1470 2078 in
1495 2017 1815 2082 substantia,

233 2151 330 2192 nec
353 2136 410 2190 in
433 2128 807 2188 accidentibus
841 2130 1258 2194 cognoscuntur,
1291 2118 1392 2171 hoc
1413 2124 1520 2178 est,
1555 2124 1692 2181 quae
1719 2123 1821 2163 nec

233 2225 570 2282 substantiae
593 2235 697 2276 nec
720 2215 1016 2274 accidentia
1045 2220 1193 2276 sunt,
1217 2210 1282 2263 de
1314 2205 1612 2261 rationibus
1643 2200 1818 2254 adhuc

233 2320 285 2373 in
309 2316 464 2373 nulla
519 2330 581 2370 re
625 2309 1009 2383 apparentibus
1055 2305 1169 2359 sive
1219 2295 1666 2359 substantialiter,
1705 2291 1820 2346 sive

233 2409 532 2468 secundum
562 2405 835 2466 accidens,
857 2397 1040 2454 sensui
1062 2393 1144 2448 vel
1169 2387 1460 2446 intellectui
1487 2387 1690 2452 dictum
1702 2396 1821 2438 esse

235 2501 496 2572 intellige.
526 2493 806 2552 Possibilia
835 2502 1050 2561 quoque
1079 2493 1132 2540 et
1156 2477 1576 2551 impossibiliain
1595 2488 1822 2530 numero

234 2567 437 2647 rerum.
454 2583 760 2656 computari
797 2595 956 2637 nemo
987 2585 1135 2632 recte
1173 2567 1664 2644 philosophantium
1695 2580 1822 2620 con-

237 2683 490 2738 tradicet.
529 2653 678 2746 Quae
702 2673 845 2729 nulla
876 2671 981 2726 alia
1034 2667 1242 2722 ratione
1273 2676 1394 2718 esse
1420 2659 1689 2720 dicuntur,
1719 2653 1824 2709 nisi

235 2775 362 2845 quia
394 2769 670 2842 possibilia
698 2772 925 2836 possunt
951 2761 1006 2816 in
1038 2759 1214 2827 aliqua
1258 2770 1319 2810 re
1365 2752 1519 2815 fieri,
1573 2747 1677 2803 etsi
1718 2761 1826 2800 non

235 2839 344 2924 sint
366 2839 430 2919 '—:
459 2859 807 2933 impossibilia
857 2869 989 2909 vero
1017 2851 1131 2907 sola
1156 2849 1357 2904 virtute
1377 2839 1827 2914 impossibilitatis

237 2929 620 3020 continentur;
681 2964 868 3020 eorum
914 2945 1058 3001 enim
1100 2957 1221 2998 esse
1251 2947 1335 2995 est
1381 2929 1826 3006 impossibilitas‘

240 3050 294 3104 in
336 3047 521 3115 aliqua
572 3057 631 3097 re
665 3035 1014 3095 intellectuali
1043 3049 1136 3089 seu
1167 3029 1406 3087 sensibili
1440 3039 1720 3096 apparere.
1760 3020 1829 3075 Et

1853 1803 1896 1862 Β

243 3137 586 3211 possibilinm
633 3133 850 3204 quidem
899 3126 1203 3197 exemplum
1253 3121 1351 3177 ﬁat
1380 3139 1393 3174 :
1423 3119 1642 3190 quidam
1663 3116 1828 3170 homo

243 3207 424 3304 potest
449 3227 660 3301 prolem
689 3226 930 3296 gignere,
958 3221 1051 3275 sed
1080 3231 1264 3271 amore
1293 3210 1617 3282 virginitatis
1643 3207 1830 3262 deten-

245 3298 330 3379 tus
353 3298 564 3394 spernit
584 3317 788 3388 prolem
806 3313 1025 3368 habere.
1053 3305 1466 3378 lmpossibilium
1490 3315 1640 3364 vero,
1666 3298 1834 3352 ratio-

250 3415 426 3469 nabile
467 3408 669 3465 animal
695 3403 1023 3475 impossibile
1050 3412 1133 3455 est
1161 3393 1528 3453 irrationabile
1555 3406 1697 3456 esse,
1741 3399 1836 3444 aut

250 3502 551 3559 cunversini
579 3501 624 3553 ⁷.
677 3498 754 3552 De
779 3497 974 3565 quibus
998 3491 1243 3561 quisquis
1269 3487 1424 3556 plene
1451 3484 1682 3539 voluerit
1707 3496 1833 3552 per-

252 3599 449 3668 cipere,
496 3595 644 3664 legat
681 3594 802 3667 περί
828 3590 1110 3663 ἑρμηνείας.
1141 3584 1243 3638 hoc
1272 3590 1376 3645 est,
1409 3579 1474 3632 de
1518 3577 1836 3644 interpreta-

253 3693 398 3745 tione
425 3685 806 3748 Aristotelem;
849 3683 902 3735 in
929 3694 1032 3748 qua
1071 3686 1165 3731 aut
1207 3673 1274 3728 de
1299 3672 1385 3726 his
1415 3669 1564 3733 solis,
1612 3668 1713 3722 hoc
1753 3671 1840 3720 est

255 3779 597 3852 possibilibns
621 3784 677 3829 et
697 3769 1138 3842 impossibilibus,
1181 3773 1274 3817 aut
1323 3762 1557 3816 maxime
1591 3773 1622 3811 a
1659 3754 1843 3809 Philo-

258 3851 426 3939 sopbo
445 3869 784 3938 disputatum
824 3871 928 3916 est.
955 3858 1109 3913 Nune
1135 3857 1317 3923 itaque
1347 3851 1414 3924 ad
1445 3865 1533 3912 ea,
1585 3862 1723 3916 quae
1753 3861 1841 3900 re—

261 3971 421 4025 stant,
455 3956 846 4017 consideranda
872 3965 1230 4012 transeamus,
1256 3947 1299 4001 si
1327 3945 1422 4000 tibi
1443 3944 1463 3974 ³
1480 3945 1546 3998 de
1559 3941 1842 4012 speciebus

263 4055 470 4108 divinae
499 4049 857 4124 ignorantiae,
900 4043 1097 4114 quibus
1138 4041 1337 4094 dicitur
1381 4037 1525 4090 Deus
1568 4035 1840 4105 ignorare,

266 4146 396 4200 satis
407 4145 618 4198 videtur
637 4141 970 4194 discussum.
987 4135 1132 4189 Disc.
1159 4131 1305 4187 Satis
1319 4129 1536 4198 quidem
1553 4139 1840 4195 superque,

269 4252 332 4289 ac
362 4235 558 4290 diutius
599 4234 656 4286 in
701 4231 782 4285 eis
823 4225 1098 4282 immorari
1128 4239 1235 4279 non
1268 4219 1636 4277 necessarium
1665 4217 1842 4270 video.

273 4326 436 4380 Solari
489 4339 728 4393 namque
774 4320 926 4376 radio
975 4317 1202 4371 lucidius
1243 4312 1569 4384 patefactum
1597 4351 1612 4372 ,
1664 4307 1844 4361 divina

273 4415 566 4485 ignorantia
587 4413 662 4468 nil
699 4411 844 4466 aliud
872 4406 1277 4477 intelligemlum
1307 4419 1448 4466 esse,
1495 4399 1600 4454 nisi
1635 4397 1850 4451 incom-'

1937 3119 2063 3172 tiam
2114 3133 2201 3182 eo,
2235 3126 2296 3172 ut
2345 3117 2731 3188 praediximus,
2759 3125 3009 3185 excepto,
3039 3117 3181 3186 quod
3210 3116 3388 3170 divina
3425 3133 3519 3170 na-

1938 3217 2059 3262 tura
2109 3208 2256 3263 Deus
2309 3217 2395 3263 est
2446 3207 2762 3262 excellentia
2783 3207 3068 3270 essentiae,
3119 3207 3351 3260 humana
3389 3221 3522 3261 vero

1937 3297 2079 3352 Deus
2107 3306 2191 3352 est
2219 3298 2431 3352 divinae
2461 3297 2666 3368 gratiae
2691 3297 2971 3368 largitate;
2998 3305 3052 3351 et
3073 3297 3214 3365 quod
3244 3295 3333 3351 illa
3362 3310 3518 3350 crea-

1938 3387 2044 3440 trix
2072 3386 2166 3451 sit,
2189 3395 2244 3441 et
2267 3401 2296 3440 a
2330 3385 2477 3440 nullo
2495 3394 2701 3451 creata,
2730 3386 2834 3440 ista
2864 3401 2994 3441 vero
3016 3387 3084 3439 ab
3103 3386 3190 3439 illa
3208 3394 3390 3440 creata
3409 3393 3520 3452 est,

1938 3489 1994 3534 et
2021 3495 2108 3545 ea,
2147 3495 2285 3549 quae
2317 3495 2449 3535 suae
2475 3488 2700 3534 naturae
2725 3478 2864 3533 infra
2889 3494 2948 3534 se
2987 3479 3317 3543 adhaerent,
3352 3486 3522 3542 creat,

1939 3584 2138 3640 corpus
2151 3571 2253 3624 hoc
2269 3569 2498 3624 mortale
2514 3569 2654 3634 dico,
2669 3577 2789 3638 post
2801 3584 2962 3638 pecca
2972 3576 3080 3622 tum
3103 3569 3316 3622 animae
3335 3566 3527 3634 adjun-

1941 3671 2108 3725 ctum,
2139 3661 2280 3732 quod
2314 3661 2476 3714 etiam
2506 3661 2682 3730 imago
2715 3659 2966 3731 imaginis
2999 3667 3250 3723 vocatur,
3277 3667 3336 3712 ut
3362 3672 3526 3726 saepe

1942 3759 2179 3814 diximus
2198 3759 2262 3812 ¹⁸.
2281 3757 2416 3812 Nam
2431 3757 2883 3826 quemadmodum
2902 3755 3136 3809 animam
3155 3754 3220 3808 ad
3237 3753 3527 3821 imaginem

1943 3865 2096 3906 suam
2132 3849 2275 3904 Deus
2309 3849 2544 3914 creavit;
2587 3849 2658 3902 ita
2691 3848 2870 3902 anima
2901 3863 3096 3916 corpus
3128 3846 3289 3900 veluti
3331 3845 3531 3898 instru-

1943 3939 2468 4009 mentuinquoddam
2497 3937 2894 4008 quodammodo
2923 3937 3006 3990 sui
3049 3935 3225 3989 simile
3270 3933 3434 3988 eﬂicit
3459 3934 3526 3986 ⁸³.

1946 4034 2052 4089 Sed
2066 4036 2132 4088 ad
2147 4035 2361 4089 divinae
2379 4031 2802 4099 trinitatis,quae
2815 4043 2978 4084 causa
2997 4027 3236 4080 omnium
3257 4033 3362 4086 est,
3379 4024 3534 4079 theo-

1948 4127 2081 4180 riam
2112 4125 2466 4186 redeundum,
2496 4122 2539 4177 si
2571 4120 2688 4185 tibi,
2713 4134 2853 4190 quae
2881 4119 2948 4172 de
2980 4116 3173 4170 talibus
3205 4114 3348 4169 dicta
3379 4123 3528 4176 sunt,

1947 4219 2238 4273 sufﬁciunt.
2272 4216 2416 4271 Disc.
2447 4212 2734 4269 Snﬂiciunt
2759 4225 2910 4266 sane.
2942 4207 3084 4263 MAG.
3109 4206 3165 4260 ln
3196 4220 3407 4260 summa
3434 4205 3537 4259 ita-

1948 4327 2053 4380 que
2081 4327 2146 4365 ac
2174 4308 2431 4377 singulari
2472 4308 2846 4361 universormn
2894 4316 3080 4364 causa,
3131 4315 3198 4352 ex
3237 4313 3344 4367 qua
3387 4304 3439 4350 et
3481 4296 3536 4350 in

1950 4419 2055 4472 qua
2087 4411 2144 4455 et
2171 4409 2297 4456 sunt
2334 4407 2389 4453 et
2427 4396 2641 4452 comlita
2673 4402 2798 4449 sunt
2827 4391 2991 4446 totius
3021 4398 3305 4444 creaturae
3337 4386 3540 4456 princi-

273 4504 677 4575 prebcnsibilem
703 4501 1078 4568 inﬁnitamque
1118 4496 1354 4551 divinatn
1384 4493 1686 4548 scientiam.
1712 4487 1845 4542 Nam
1876 4507 1928 4564 Ι)
1956 4496 2062 4565 pia,
2095 4496 2196 4548 hoc
2240 4500 2344 4554 est,
2391 4486 2772 4560 primordiales
2817 4499 3033 4546 causae,
3085 4478 3539 4537 considerandum

277 4599 408 4671 quod
431 4601 600 4655 sancti
647 4597 856 4659 Patres,
891 4592 1250 4664 Augustinum
1280 4589 1401 4644 dico
1427 4595 1482 4641 et
1505 4585 1846 4655 Dionysium,

281 4694 341 4747 de
365 4692 466 4747 Deo
506 4691 790 4747 verissime
817 4686 1190 4759 pronuntiant,
1219 4681 1548 4752 Augustinus
1584 4679 1802 4747 quidem
1829 4693 1846 4732 :

285 4781 384 4846 Qui
405 4784 587 4836 melius
621 4781 796 4849 inquit
816 4777 1089 4832 nesciendo
1115 4775 1298 4838 scitur,
1319 4771 1608 4842 Dionysius
1635 4780 1844 4824 autem:

286 4873 435 4943 Cujus
450 4875 748 4946 ignorantia
772 4888 893 4926 vera
914 4879 989 4924 est
1013 4867 1288 4935 sapientia,
1320 4879 1426 4918 non
1455 4863 1630 4918 solum
1665 4861 1732 4916 de
1768 4861 1852 4914 in-

289 4965 590 5030 tellectibus,
607 4965 836 5034 quicum
864 4963 950 5032 pie
976 4959 1321 5026 studioseque
1343 4964 1632 5024 quaerunt,
1659 4967 1850 5008 verum

289 5060 436 5110 etiam
463 5057 529 5111 de
559 5056 738 5122 scipso
766 5052 787 5083 ’
819 5049 1222 5120 intelligendum
1251 5047 1462 5115 opinor.
1493 5044 1647 5100 Sicut
1684 5044 1852 5108 enim,

293 5145 374 5213 qui
411 5156 555 5202 recto
593 5146 638 5177 "
660 5141 1018 5199 ratiocinandi
1041 5141 1232 5194 itinere
1253 5138 1603 5208 investigant,
1627 5136 1679 5190 in
1711 5135 1857 5190 nullo

295 5245 480 5300 comm,
526 5249 670 5306 quae
715 5234 769 5289 in
816 5240 1005 5286 natura
1053 5243 1234 5284 rerum
1261 5227 1631 5288 continentur,
1682 5226 1856 5295 ipsum

1958 4585 2216 4647 arbitror,
2244 4592 2426 4636 utrum
2455 4580 2590 4648 ipsa,
2621 4579 2749 4631 dum
2779 4578 2852 4631 sit
2877 4575 3059 4628 unitas
3078 4569 3541 4627 ettrinitas—di-

1957 4677 2080 4731 vina
2130 4672 2398 4743 siquidem
2427 4669 2642 4724 bonitas
2666 4675 2748 4722 est
2769 4682 2871 4721 una
2891 4664 3126 4720 essentia
3159 4662 3210 4716 in
3238 4661 3406 4714 tribus
3419 4659 3544 4715 sub-

1957 4764 2192 4829 stantiis,
2222 4773 2278 4818 et
2304 4772 2411 4817 tres
2437 4759 2776 4816 substantiae
2821 4759 2872 4812 in
2903 4771 3008 4811 una
3037 4754 3272 4810 essentia
3305 4751 3474 4818 “,vel
3502 4749 3544 4782 "'

1959 4857 2254 4914 secundum
2303 4869 2458 4908 usum
2504 4852 2778 4906 Romanae
2821 4849 3036 4918 linguae
3082 4844 3406 4908 dicendum,
3441 4855 3547 4894 una

1962 4947 2262 5006 substantia
2314 4945 2370 4999 in
2428 4944 2602 4998 tribus
2642 4940 2909 5012 personis,
2948 4945 3004 4993 et
3065 4945 3173 4991 tres
3201 4945 3463 5005 personae
3492 4929 3547 4982 in

1965 5057 2070 5097 una
2101 5037 2402 5094 substantia
2424 5065 2494 5076 —
2532 5035 2586 5088 in
2619 5034 2793 5102 seipsa
2815 5045 3005 5087 causas
3025 5023 3422 5099 quodammodo
3446 5017 3549 5073 dif-

1965 5133 2202 5188 ferentes
2247 5129 2390 5184 sicut
2433 5125 2766 5182 substantias
2793 5123 2891 5176 "a
2930 5134 2988 5176 se
3033 5118 3264 5174 invicem
3313 5111 3546 5173 habeat;

1968 5227 2073 5281 hoc
2102 5232 2204 5286 est,
2235 5231 2417 5276 utrum
2448 5219 2588 5274 sicut
2617 5218 2683 5272 de
2713 5217 2827 5286 ipsa
2861 5211 3208 5284 praedicatur
3236 5219 3340 5258 una
3367 5212 3546 5255 essen-

1569 5380 1822 5437 VARIAE
1857 5377 2242 5437 LECTIONES

363 5546 911 5642 Lirrsetrffl
957 5541 1234 5642 sisi??-
1280 5539 1454 5642 .’.,S.‘f
1469 5538 1858 5642 Ξιῖξρέίίὲσειεο...
1889 5537 1908 5569 ⁸
1939 5534 2226 5642 φρέᾙὲ
2256 5552 2416 5642 ξ”ἓὲἰλ
2444 5534 2580 5642 .13‘.
2603 5542 2740 5634 “‘2':

302 5615 336 5672 Α
367 5610 749 5687 impossibilitas
778 5633 911 5672 vere.
983 5617 1002 5645 '
1031 5614 1122 5668 Sic
1141 5613 1203 5668 C.
1280 5611 1302 5642 ⁸
1334 5611 1441 5667 Pro
1466 5613 1512 5666 si
1536 5610 1627 5663 tibi
1655 5610 1698 5662 A
1726 5611 1878 5665 sicut.
1959 5610 1980 5638 ’
2006 5610 2047 5663 C

302 5688 482 5742 dinem.
555 5689 662 5744 "A
692 5703 783 5756 per
805 5689 1025 5756 scipsum
1070 5681 1503 5756 subslaniiaiiter.
1575 5680 1681 5756 “_C
1729 5683 1782 5733 in
1818 5680 2047 5756 quibus.

1816 5747 1861 5780 ’ί
1885 5754 2015 5805 sicut
2043 5748 2365 5805 substantias
2401 5763 2510 5802 om.
2537 5747 2601 5799 A.

301 5615 336 5672 Α
367 5613 749 5687 impossibilitas
778 5633 911 5672 vere.
983 5617 1002 5645 '
1031 5614 1122 5668 Sic
1141 5613 1203 5687 β.

304 5758 451 5812 tribus
473 5789 542 5800 -—
563 5751 782 5814 essentia
814 5751 920 5812 om.
947 5758 1006 5811 (λ.
1088 5757 1125 5786 ⁸⁷
1160 5755 1199 5810 C
1233 5754 1312 5808 vcl
1343 5754 1386 5806 si
1423 5751 1735 5808 secundum.

2841 5530 2862 5560 ⁸
2906 5526 3011 5582 Pro
3057 5534 3130 5578 est
3161 5518 3553 5590 impossibilitas

3071 5596 3108 5625 "
3150 5597 3186 5648 A
3214 5591 3551 5649 dissimilitu-

1959 5609 1980 5638 ’
2006 5608 2047 5663 C
2075 5599 2141 5663 de
2170 5606 2224 5660 δὲ
2255 5599 2279 5678 (’
2305 5609 2416 5678 ipso
2444 5609 2580 5674 om.)
2680 5603 2720 5634 ¹⁰
2750 5599 2791 5654 C
2822 5607 2972 5653 recte.
3071 5599 3108 5625 ”
3150 5599 3186 5648 A
3214 5599 3308 5649 dist

1963 5696 2047 5734 us.
2128 5677 2171 5709 "
2203 5688 2259 5731 ut
2284 5694 2436 5734 saepe
2455 5678 2684 5730 diximus
2706 5687 2814 5727 om.
2842 5670 2904 5723 A.
3012 5665 3055 5699 ¹⁵
3076 5665 3118 5720 A
3141 5665 3308 5734 (πρίει

2128 5677 2171 5709 ³⁵
2203 5661 2436 5744 τιίεᾶερε
2455 5661 2684 5730 diximus
2706 5687 2814 5727 om.
2842 5670 2904 5723 A.
3012 5665 3055 5699 ¹⁵
3076 5665 3118 5720 A
3141 5665 3328 5734 (πρίει.
3431 5661 3474 5694 ⁸⁸
3505 5662 3571 5716 in.-
