3884 6158
274 317 376 368 Sil

1622 309 1904 366 JOANNIS
1941 308 2134 364 SCOTI

3405 313 3521 370 600

268 428 341 479 tia
388 425 439 478 in
473 423 654 478 tribus’
689 423 1020 486 substantiis,
1070 422 1142 474 ita
1189 421 1348 478 etiam
1397 436 1500 473 una
1532 419 1834 476 essentialis
1859 423 1906 483 Α
1937 417 2078 486 qttod
2099 417 2165 470 de
2193 417 2303 470 Deo
2325 414 2585 470 catholica
2607 414 2710 469 fide
2731 415 3062 484 approbante
3081 415 3239 471 datur
3260 418 3517 488 intelligi,

214 578 216 580 τ
265 527 424 566 causa
457 513 508 564 in
543 513 711 566 tribus
746 510 1158 565 subsistentibus
1189 509 1388 574 causis,
1433 517 1487 562 et
1518 518 1624 564 tres
1652 509 1828 563 subsi-

272 613 474 658 stentes
527 616 720 656 causae
765 603 816 654 in
866 615 970 653 una
1025 599 1295 654 essentiali
1351 615 1514 653 causa
1566 598 1830 653 credenda

262 703 365 757 est,
400 703 453 747 et
483 693 819 760 intelligenda
852 691 893 746 ¹.
918 690 986 744 Et
1017 691 1142 759 quid
1170 691 1235 744 de
1282 689 1587 758 hujusmodi
1612 689 1832 743 theoriis

263 797 395 836 sana
427 781 528 834 fide
554 781 897 849 cogitandum
939 781 1010 835 sit
1039 790 1093 834 et
1127 780 1566 850 praedicandum,
1610 795 1714 833 non
1754 780 1835 832 in-

261 887 554 939 congruum
585 871 914 926 orthodoxae
946 872 1066 925 fidei
1095 871 1632 940 coutemplationibus
1651 869 1835 938 expla-

260 977 406 1016 nare.
441 963 582 1018 Dtsc.
613 963 781 1017 Immo
803 964 1363 1032 congruentissimum,
1386 973 1442 1016 et
1463 961 1694 1016 fidelium
1716 959 1832 1014 ani-

262 1067 470 1107 tuarum
497 1055 655 1108 saluti
699 1054 1082 1107 necessarium.
1120 1052 1256 1106 MAG.
1288 1052 1424 1118 Quid
1467 1049 1831 1122 igitur?Num

258 1143 512 1197 debemus
541 1145 641 1198 hoc
665 1143 730 1197 de
759 1159 921 1198 causa
948 1140 1184 1198 omnium
1215 1153 1269 1197 et
1297 1143 1545 1206 credere,
1573 1150 1628 1195 et
1662 1157 1834 1210 quan-

260 1242 368 1284 tum
397 1233 573 1294 datur,
597 1231 893 1302 intelligere
913 1240 964 1286 et
989 1233 1301 1301 praedicare
1328 1236 1370 1295 ’,
1407 1240 1462 1286 et
1494 1230 1831 1285 cssentialem

257 1340 474 1378 causam
531 1339 693 1378 unam
741 1325 794 1378 in
847 1324 1016 1379 tribus
1061 1323 1504 1380 substantialibus
1539 1323 1735 1386 causis,
1779 1331 1833 1376 et

261 1426 371 1468 tres
420 1412 798 1470 substantiales
842 1429 1031 1467 causas
1082 1414 1134 1467 in
1168 1428 1272 1466 una
1318 1411 1589 1466 essentiali
1635 1403 1833 1466 causa?

257 1505 402 1559 Disc.
441 1503 578 1570 Quid
630 1505 733 1559 hoe
767 1503 789 1536 ⁸
833 1505 1080 1574 prohibet
1135 1502 1356 1574 intelligi
1402 1510 1456 1558 et
1505 1501 1829 1572 praedicari,

256 1613 360 1653 non
409 1597 540 1651 mihi
591 1597 847 1653 occurrit.
890 1597 946 1652 Si
995 1597 1138 1652 enim
1190 1595 1330 1650 Deus
1376 1610 1540 1650 causa
1592 1593 1831 1652 omnium

255 1694 360 1751 est,
410 1701 588 1740 nonne
635 1687 898 1756 sequitur,
937 1694 998 1740 ut
1049 1683 1071 1716 ⁵
1111 1693 1166 1740 ει
1216 1700 1378 1740 causa
1425 1683 1660 1739 omnium
1692 1685 1835 1738 Deus

1935 509 2001 562 de
2030 523 2190 562 causa
2225 507 2463 561 omnium
2497 505 2746 560 similiter
2765 507 2852 575 pie
2883 507 3323 576 philosophantes
3347 527 3520 580 opor-

1937 609 2050 652 tere
2075 598 2250 652 fateri.
2274 597 2418 652 Dtsc.
2443 596 2555 650 Iloc
2582 597 2897 660 inconcusse
2921 598 3218 652 stabilitum
3236 611 3338 654 est.
3364 599 3521 658 MAG.

1934 689 2072 743 Num
2103 689 2263 759 igitur
2297 688 2632 743 divinitatem
2682 689 2974 756 ingenitam
3003 700 3058 744 et
3095 691 3442 760 gignentem,
3467 701 3529 747 et

1935 781 2188 835 deitatem
2231 779 2488 850 genitam,
2518 788 2572 832 et
2601 779 2858 832 deitatem
2905 779 3283 847 procedentem
3335 783 3526 837 credi-

1935 885 2085 934 tuus,
2119 880 2173 924 et
2197 870 2322 923 dum
2351 870 2421 922 sit
2445 883 2552 922 una
2576 878 2624 922 et
2659 869 3032 938 inseparabilis
3059 871 3336 937 divmitas,
3361 873 3530 927 diﬂ'e-
3595 931 3602 938 λ

1935 959 2135 1026 rentius
2181 967 2358 1012 tamen
2389 957 2768 1012 substantiales
2807 959 3030 1034 recipit?
3062 959 3117 1012 In
3159 959 3324 1016 Patre
3366 963 3526 1017 enim
3585 947 3592 952 ’

1935 1049 2185 1103 deitatem
2225 1047 2542 1117 ingenitam,
2592 1048 2642 1100 in
2670 1047 2808 1102 Filio
2851 1048 3104 1103 deitatem
3141 1051 3408 1118 genitam,
3468 1053 3528 1106 in

1936 1140 2138 1211 Spiritu
2192 1149 2379 1198 sancto
2415 1141 2666 1206 deitatem
2709 1142 3086 1208 procedentem
3137 1143 3446 1212 accipimus
3473 1153 3530 1199 et

1934 1231 2184 1302 religiose
2217 1231 2507 1293 credimus,
2555 1238 2610 1284 et
2649 1231 2821 1284 sancti
2865 1230 3103 1301 Dionysii
3147 1232 3532 1303 Areopagitae

1934 1318 2266 1387 aliorumque
2334 1317 2552 1379 Patrum
2598 1319 2883 1372 sanissitna
2928 1321 3249 1374 auctoritate
3295 1332 3532 1378 utentes

1933 1411 2310 1482 approbamus.
2346 1407 2487 1474 Disc.
2526 1411 2783 1480 Quisquis
2823 1411 2876 1465 in
2926 1413 3026 1466 hoc
3056 1413 3310 1476 haesitat,
3353 1414 3530 1485 longe

1933 1515 1964 1553 a
1997 1501 2224 1553 veritate
2252 1499 2438 1552 distat.
2471 1497 2609 1554 MAG.
2639 1500 2735 1554 Est
2765 1500 2928 1570 igitur
2950 1501 3324 1557 substantialis
3348 1518 3530 1560 causa

1934 1585 2171 1657 ingenita
2214 1597 2270 1641 et
2299 1586 2561 1658 gignens;
2602 1596 2657 1642 et
2701 1597 2785 1644 est
2819 1589 3186 1644 substantialis
3221 1606 3389 1647 causa
3423 1607 3530 1664 ge-

1935 1676 2048 1730 nita
2080 1683 2136 1730 et
2175 1691 2280 1730 non
2318 1676 2572 1746 gignens;
2621 1675 2750 1731 item
2796 1677 3168 1734 substantialis
3209 1688 3294 1734 est
3343 1695 3528 1738 causa

255 1781 641 1850 cognoscatur?
681 1780 750 1834 At
777 1779 798 1811 ⁸
843 1780 888 1844 si
935 1779 1074 1834 Deus
1127 1795 1311 1844 causa,
1358 1787 1414 1833 et
1458 1793 1620 1840 causa
1667 1777 1826 1840 Deus,
1859 1765 1905 1824 B
1933 1767 2230 1837 procedens
2253 1775 2311 1821 et
2338 1782 2443 1822 non
2475 1767 2736 1838 ingenita,
2765 1783 2866 1824 nec
2895 1771 3098 1838 genita,
3129 1784 3230 1826 nec
3250 1771 3525 1842 gignens;

255 1883 434 1924 nonne
481 1884 814 1938 consequens
865 1877 950 1922 est
977 1869 1023 1933 ⁸,
1053 1878 1112 1924 ut
1151 1879 1207 1922 et
1235 1882 1416 1932 omne,
1457 1867 1600 1936 quod
1629 1866 1696 1921 de
1725 1865 1834 1920 Deo

255 1961 476 2015 credere
506 1961 782 2026 debemus,
819 1961 1068 2016 similiter
1095 1961 1211 2015 sine
1239 1960 1347 2015 ulla
1373 1959 1730 2028 discrepantia
1767 1959 1834 2012 de

252 2063 414 2104 causa
440 2065 544 2104 non
567 2051 868 2104 dubitemus
890 2050 1222 2120 intelligere?
1247 2049 1380 2104 Nam
1403 2050 1446 2104 si
1471 2065 1634 2112 unum
1665 2049 1831 2103 Deum

250 2155 351 2211 per
378 2157 436 2196 se
473 2143 790 2197 existentem
820 2143 872 2196 in
898 2143 1068 2197 tribus
1089 2143 1405 2197 substantiis
1441 2159 1539 2212 per
1565 2158 1626 2196 se
1651 2141 1828 2197 subsi-

251 2231 520 2288 stentibus
555 2232 688 2286 lides
724 2230 922 2286 fatetur
949 2231 1236 2295 catholica,
1279 2231 1405 2301 quid
1437 2233 1632 2298 obstat,
1667 2248 1733 2286 ne
1759 2230 1832 2286 si-

252 2323 453 2377 militer
488 2323 749 2386 dicamus,
789 2339 948 2376 unam
979 2338 1199 2377 causam
1229 2338 1326 2392 per
1350 2339 1408 2378 se
1431 2324 1749 2378 existentem
1774 2323 1830 2377 in

252 2417 424 2472 tribus
451 2417 626 2472 causis
660 2432 758 2485 per
785 2431 842 2470 se
866 2416 1314 2470 subsistentibus?
1344 2416 1481 2471 ΜΑσ.
1520 2415 1613 2469 Pic
1641 2425 1697 2469 et
1738 2430 1827 2470 or-

254 2509 505 2564 thodoxe.
541 2507 638 2562 Est
667 2507 686 2539 "
722 2507 886 2577 igitur
912 2522 1018 2559 una
1049 2521 1208 2561 causa
1252 2507 1303 2559 in
1334 2507 1506 2560 tribus
1537 2505 1737 2569 causis,
1776 2512 1831 2558 et

253 2609 362 2656 tres
392 2601 445 2654 in
477 2615 601 2653 una.
636 2599 779 2653 Dtsc.
811 2599 928 2653 Jam
969 2606 1024 2653 et
1048 2613 1363 2653 concessum
1394 2607 1478 2653 est
1519 2607 1576 2652 et
1621 2598 1825 2652 datum.

321 2688 410 2744 30.
441 2688 578 2744 MAG.
610 2688 761 2742 Nunc
808 2689 990 2758 itaque
1040 2688 1106 2742 ad
1156 2688 1478 2758 theologiam
1523 2689 1826 2754 redeamus,

249 2793 391 2852 quae
417 2793 544 2848 pars
573 2777 750 2847 prima
792 2786 878 2832 est
905 2787 960 2832 et
985 2793 1193 2833 summa
1223 2780 1474 2848 soultiae;
1510 2793 1609 2834 nec
1643 2778 1829 2834 imme-

255 2870 379 2932 rito,
409 2869 533 2938 quia
565 2877 657 2922 aut
677 2868 785 2923 sola
811 2877 904 2922 aut
932 2869 1166 2923 maxime
1193 2868 1337 2924 circa
1365 2869 1576 2924 divinae
1603 2877 1828 2924 naturae

253 2967 501 3013 versatur
535 2957 986 3026 speculationem;
1019 2967 1072 3011 et
1095 2956 1349 3012 dividitur
1382 2958 1436 3012 in
1467 2959 1600 3012 duas
1621 2967 1825 3027 partes,

253 3048 306 3102 in
335 3045 762 3111 aﬂirtnationem,
791 3046 935 3112 dico,
975 3055 1028 3101 et
1067 3047 1432 3117 negationem,
1467 3061 1606 3115 quae
1634 3061 1826 3117 graece

254 3139 590 3208 appellantur
629 3138 652 3170 ⁸
681 3145 990 3212 aucupa-miri
1025 3147 1080 3194 et
1107 3143 1406 3212 ἁποφατική.
1440 3139 1678 3207 Quarum
1721 3155 1826 3194 una

249 3229 304 3283 in
337 3228 357 3259 ’
404 3229 576 3298 primo
627 3228 764 3283 libro
815 3230 893 3284 usi
939 3245 1160 3292 sumus,
1203 3230 1291 3284 ubi
1331 3231 1494 3284 certis
1530 3231 1828 3284 rationibus

251 3320 434 3374 decem
465 3319 769 3388 categorias
792 3320 1080 3388 omniaque
1109 3335 1286 3373 rerum
1318 3335 1513 3388 genera
1543 3330 1597 3374 et
1624 3319 1828 3374 formas

251 3423 608 3476 numerosque
633 3417 686 3460 et
713 3408 1010 3461 accidentia
1048 3409 1115 3462 de
1153 3409 1262 3463 Deo
1285 3411 1500 3478 preprie
1526 3411 1827 3479 praedicari

251 3497 592 3566 negavimus;
632 3505 686 3550 et
736 3497 930 3550 iterum
981 3497 1034 3550 in
1088 3500 1360 3565 praesenti
1413 3499 1550 3554 libro
1577 3499 1824 3563 eandem,

252 3591 563 3660 ἁποφατικήν
594 3589 736 3653 dico,
765 3589 902 3642 serie
928 3591 1302 3659 quaestionum
1330 3591 1603 3660 exigente,
1629 3593 1829 3662 repeti-

249 3680 444 3740 vimus,
501 3680 626 3732 dum
671 3679 842 3748 ipsum
879 3681 920 3718 ⁸ο
960 3681 1126 3734 Deum
1175 3681 1376 3734 nul-lum
1420 3697 1630 3745 eorum,
1689 3695 1827 3751 quae

248 3778 399 3833 sunt,
425 3777 641 3838 etquae
684 3785 788 3824 non
837 3779 984 3835 sunt,
1029 3772 1081 3824 in
1123 3787 1218 3826 sua
1250 3773 1485 3826 essentia
1526 3773 1826 3842 intelligere

247 3858 505 3922 diximus,
534 3860 658 3928 quia
684 3875 897 3914 onmem
921 3868 1137 3929 superat
1162 3860 1448 3914 essentiam
1473 3901 1486 3925 ,
1517 3861 1823 3930 ipsumque,

247 3947 378 4019 quid
400 3951 609 4018 ipsesit,
627 3951 878 4020 quoniam
908 3951 1051 4004 nullo
1087 3951 1244 4004 modo
1273 3951 1619 4016 delinitur,et
1656 3967 1827 4020 quan-

251 4050 339 4094 tus
379 4041 632 4109 etqualis
677 4041 767 4103 sit,
803 4042 928 4108 quia
966 4041 1100 4094 nihil
1135 4042 1184 4096 ei
1235 4043 1454 4106 accidit,
1503 4051 1558 4097 et
1595 4043 1648 4096 in
1681 4041 1826 4096 nullo

249 4129 583 4198 intelligitur,
615 4130 834 4184 omnino
864 4131 1133 4201 ignorare,
1160 4147 1224 4185 ac
1249 4147 1346 4200 per
1370 4132 1473 4186 hoc
1503 4133 1738 4200 seipsum
1768 4133 1822 4185 in

246 4219 332 4273 his
360 4236 496 4288 quae
525 4227 670 4283 sunt,
699 4230 750 4272 et
772 4235 910 4289 quae
940 4235 1046 4274 non
1083 4229 1228 4284 sunt,
1257 4223 1636 4292 comprehendi
1675 4223 1824 4292 peni-

249 4319 336 4364 tus
364 4325 580 4380 negare,
615 4325 754 4380 quae
779 4313 986 4379 species
1027 4313 1361 4382 ignorantiae
1385 4329 1601 4368 onmem
1642 4315 1827 4367 scien-

247 4400 377 4454 tiam
431 4409 651 4470 superat
698 4409 752 4454 et
801 4402 1150 4458 intellectum.
1209 4403 1326 4458 Jam
1375 4419 1504 4458 vero
1556 4403 1819 4464 alteram.

1932 1865 1988 1912 et
2035 1865 2149 1911 tres
2187 1871 2382 1912 causae
2435 1857 2826 1912 substantiales
2872 1873 3037 1913 unum
3091 1871 3252 1926 sunt,
3291 1869 3350 1916 et
3411 1877 3532 1921 una

1932 1963 2094 2002 causa
2124 1947 2451 2003 essentialis.
2484 1950 2630 2004 DlSC.
2665 1949 2742 2004 Ex
2770 1951 3068 2020 praenimis”
3086 1953 3396 2008 rationibus
3417 1955 3534 2010 hoc

1931 2039 2237 2094 necessario
2268 2039 2575 2094 conficitur.
2604 2038 2743 2096 Mtte.
2776 2040 2832 2094 ln
2863 2055 3023 2096 causa
3055 2045 3237 2111 itaque
3265 2047 3528 2100 omnium

1931 2140 2014 2186 cst
2039 2146 2197 2185 causa
2229 2131 2576 2200 praecedens,
2592 2139 2645 2185 et
2671 2139 3000 2186 suntcausae
3021 2143 3330 2202 sequentes.
3350 2135 3532 2190 Pater

1931 2223 2192 2292 siquidem
2219 2222 2493 2292 praecedit
2532 2223 2572 2254 “
2615 2222 2808 2276 Filium
2840 2231 2895 2277 et
2939 2223 3196 2292 Spiritum
3219 2235 3524 2292 sanetu;

1931 2314 2000 2366 ab
2029 2327 2094 2366 eo
2116 2312 2259 2366 enim
2288 2311 2454 2366 Filius
2481 2320 2563 2366 est
2592 2313 2826 2382 genitus,
2855 2322 2911 2365 et
2927 2312 3164 2384 Spiritus
3185 2325 3416 2370 sanctus
3437 2325 3531 2371 est

1930 2404 2259 2473 procedens;
2302 2417 2367 2455 ac
2410 2417 2508 2472 per
2547 2403 2654 2456 hoc
2682 2417 2844 2458 causa
2877 2419 3164 2458 causarum
3203 2405 3368 2460 Pater
3409 2423 3530 2462 non

1930 2497 2224 2565 incongrue
2255 2495 2513 2550 creditur.
2540 2495 2636 2549 Est
2655 2496 2798 2549 enim
2826 2510 2986 2550 causa
3017 2498 3292 2550 nascentis
3313 2513 3530 2555 causae

1928 2597 1981 2643 et
2010 2588 2349 2658 procedentis
2374 2602 2591 2641 causae.
2637 2586 2939 2642 Paternitas
2960 2587 3000 2626 ¹-²
3025 2590 3305 2657 praecedit
3337 2590 3533 2644 lilioli-

1931 2687 2135 2740 tatem,
2161 2677 2477 2730 filiolitatem
2526 2691 2654 2730 vero
2678 2677 2720 2710 ¹³
2754 2678 3132 2745 paternitatem
3185 2679 3532 2747 praecedere

1929 2785 2086 2824 nemo
2111 2775 2258 2824 recte
2283 2767 2604 2836 sapientium
2633 2767 2831 2821 dixerit
2859 2766 2923 2820 “.
2969 2766 3104 2826 [line
3129 2775 3183 2822 et
3210 2768 3326 2836 ipse
3355 2768 3430 2822 de
3464 2782 3530 2822 se

1928 2863 2044 2932 ipso
2075 2862 2243 2916 Filius
2272 2863 2386 2915 ait:
2422 2858 2584 2914 Pater
2615 2861 2789 2930 major
2829 2876 2911 2914 me
2952 2869 3069 2924 est;
3104 2860 3276 2929 major
3311 2861 3530 2930 quippe

1929 2954 2089 3008 Pater
2115 2963 2200 3009 est
2223 2953 2376 3017 Filio,
2405 2968 2506 3006 non
2540 2953 2835 3008 secundum
2879 2961 3148 3013 naturam,
3186 2953 3282 3006 sed
3317 2968 3528 3007 secun—

1928 3047 2054 3100 dum
2084 3060 2324 3100 causam.
2362 3044 2524 3098 Pater
2558 3059 2788 3113 namque
2811 3058 2973 3098 causa
3003 3051 3086 3098 est
3106 3042 3252 3106 Filii,
3284 3059 3394 3098 non
3422 3059 3533 3099 au-

1855 3117 1898 3176 (ἶ
1934 3147 2040 3192 tem
2069 3136 2239 3192 Filius
2282 3150 2444 3190 causa
2481 3145 2564 3190 est
2607 3134 2806 3199 Patris,
2835 3149 3009 3206 neque
3052 3135 3142 3190 hic
3171 3135 3528 3205 reciprocam

1927 3229 2202 3282 nominum
2231 3227 2575 3292 relationem,
2623 3226 2706 3280 vel
2738 3227 2782 3258 "
2806 3227 3227 3286 substantiarum
3256 3227 3528 3284 viruitem

1927 3318 2349 3374 consideramus.
2385 3310 2557 3372 Aliter
2579 3318 2724 3372 enim
2758 3318 3072 3386 inspicimus
3102 3317 3158 3371 in
3184 3317 3530 3376 substantiis

1926 3408 2010 3464 vel
2058 3409 2301 3478 personis
2353 3408 2668 3462 relationum
2714 3408 2757 3438 ¹⁶
2798 3408 3184 3473 habitudinem,
3230 3407 3392 3464 aliter
3453 3425 3528 3466 ex

1927 3501 2168 3570 ingenito
2215 3501 2259 3532 ³⁷
2311 3501 2711 3569 generationem
2769 3501 2852 3555 vel
2907 3500 3340 3569 processionem;
3407 3503 3531 3559 illic

1925 3592 2138 3661 quidem
2169 3593 2436 3661 quomodo
2457 3606 2486 3646 a
2510 3606 2567 3646 se
2611 3591 2836 3646 invicem
2864 3591 3276 3646 denominentur
3295 3593 3366 3656 ης
3428 3594 3530 3648 hic

1926 3698 2055 3738 vero
2085 3682 2350 3752 quomodo
2379 3684 2519 3736 inter
2569 3698 2628 3738 se
2657 3683 2886 3737 invicem
2933 3682 3185 3737 dilferunt
3231 3683 3295 3736 ".
3342 3684 3530 3742 Filius

1927 3775 2107 3844 itaque
2137 3792 2200 3830 ex
2229 3775 2393 3829 Patre
2419 3785 2522 3839 est,
2562 3791 2668 3829 non
2705 3785 2882 3830 autem
2913 3775 3074 3830 Pater
3119 3791 3186 3830 ex
3230 3775 3411 3840 Filio;
3467 3780 3530 3833 in

1925 3865 2036 3919 Deo
2061 3865 2260 3919 etenim
2289 3880 2392 3919 non
2427 3866 2785 3920 humanarum
2817 3867 3223 3933 generationum
3254 3869 3528 3924 conside-
3583 3900 3592 3908 -

1926 3964 2118 4008 rantur
2165 3955 2489 4020 relationes,
2537 3956 2628 4010 sed
2680 3954 3026 4009 ineffaliilium
3076 3957 3540 4014 substantiarum

1927 4047 2305 4101 substantiales
2345 4047 2706 4101 habitudines.
2754 4046 2922 4115 Major
2965 4048 3180 4117 quidem
3221 4059 3306 4102 est
3349 4048 3530 4105 Pater

1926 4139 2063 4192 Filio
2092 4139 2384 4192 secundum
2415 4154 2652 4192 causam.
2683 4138 2840 4192 Prius
2868 4139 3071 4192 etenim
3113 4154 3266 4194 saera
3299 4141 3526 4195 theolo-

1926 4230 2011 4301 gia
2065 4231 2434 4284 habitudinem
2485 4231 2660 4284 Patris
2713 4231 2778 4284 ad
2819 4230 3017 4284 Filium
3069 4232 3400 4295 considerat,
3455 4250 3536 4289 ac

1927 4321 2118 4374 deinde
2145 4321 2263 4374 Filii
2293 4321 2357 4374 ad
2380 4320 2615 4374 Patrem.
2649 4320 2716 4373 Et
2743 4328 2799 4372 ut
2827 4321 2926 4375 hoc
2951 4321 3150 4384 certius
3171 4320 3290 4374 et“
3314 4323 3530 4377 intelli-

1927 4425 2023 4480 gas
2075 4420 2129 4464 et
2172 4409 2383 4473 credas,
2429 4409 2496 4463 ad
2544 4409 2791 4479 Gregorii
2834 4409 3087 4479 Theologi
3127 4412 3523 4468 auctoritatem

248 4495 586 4560 καταφατικήν
619 4491 759 4555 dico,
805 4507 1066 4546 conamur
1112 4495 1398 4563 inspicere,
1430 4509 1494 4549 eo
1523 4495 1678 4562 duce,
1723 4494 1813 4563 qui
1847 4485 1892 4544 D
1920 4513 2155 4560 recurre,
2183 4499 2274 4566 qui
2302 4500 2353 4552 in
2387 4500 2561 4568 primo
2593 4515 2842 4554 sermone
2863 4501 2930 4556 de
2955 4501 3095 4556 Filio
3125 4511 3312 4557 contra
3351 4505 3526 4559 Aria-

248 4579 543 4645 quaeritur,
572 4589 628 4632 et
655 4582 744 4649 qui
775 4585 987 4650 quaerit
1013 4599 1072 4640 se
1099 4585 1310 4654 quaeri,
1333 4595 1388 4640 et
1421 4601 1481 4640 se
1505 4585 1819 4656 quaerenti-

245 4669 348 4723 bus
372 4671 628 4733 occurrit,
659 4679 713 4724 et
749 4672 974 4728 inveniri
1008 4675 1316 4742 desiderat;
1358 4685 1414 4732 et
1434 4693 1498 4732 ea
1539 4695 1665 4748 pars
1707 4689 1815 4742 est,

247 4775 386 4828 quae
415 4763 825 4831 contemplatur,
851 4767 978 4834 quid
1003 4769 1068 4822 de
1089 4767 1269 4822 divina
1291 4777 1482 4822 natura
1518 4771 1682 4824 veluti
1698 4784 1822 4839 pro-

247 4849 363 4917 prie
381 4848 788 4917 proferendum,
816 4866 1080 4924 cauteque
1114 4865 1169 4910 et
1198 4857 1588 4914 rationabiliter
1622 4859 1823 4914 intelli-

249 4939 499 5009 gendum.
535 4941 674 4994 Dtsc.
707 4943 785 4996 De
823 4954 976 5012 parte
1003 4949 1246 5018 negativa
1297 4949 1348 5002 in
1379 4949 1650 5018 prioribus
1687 4952 1822 5006 satis

249 5029 380 5085 mihi
409 5037 494 5086 est
513 5046 766 5098 suasum;
796 5049 938 5088 nunc
969 5050 1096 5094 vero
1124 5041 1188 5091 de
1216 5037 1531 5093 aﬂirmativa
1558 5041 1685 5109 quid
1717 5056 1818 5095 ex-

241 5123 433 5193 plices,
461 5123 660 5178 ardens
686 5135 960 5194 exspecto.
988 5127 1125 5182 MAG.
1151 5129 1267 5183 lam
1297 5131 1439 5186 inter
1464 5149 1563 5186 nos
1594 5147 1700 5187 non
1744 5140 1820 5186 te.

241 5227 416 5281 tuere,
463 5223 520 5269 ut
559 5231 789 5282 censeo,
835 5219 903 5271 ad
947 5232 1140 5286 purum
1184 5230 1266 5286 est
1307 5222 1820 5289 deductum,omne,

1923 4603 2024 4644 nos
2060 4588 2359 4658 disputans,
2427 4589 2679 4658 majorem
2721 4605 2830 4652 esse
2885 4587 3100 4644 Patrem
3150 4589 3290 4645 Filio
3349 4590 3528 4661 juxta

1923 4697 2136 4733 causam
2180 4680 2453 4748 sapienter
2497 4680 2716 4743 educet,
2755 4678 2951 4748 quippe
2984 4695 3049 4733 ea:
3088 4677 3248 4736 Patre
3287 4682 3526 4737 existere

1938 4769 2164 4835 Filium,
2191 4780 2237 4824 et
2262 4787 2363 4824 non
2390 4787 2456 4823 ea:
2485 4769 2628 4824 Filio
2653 4770 2929 4825 subsistere
2967 4769 3182 4828 Patrem
3221 4771 3523 4827 deﬁniens.

1931 4859 2042 4914 Nec
2071 4869 2246 4916 tamen
2285 4862 2391 4915 hoc
2431 4860 2657 4916 dicimus
2681 4860 2890 4914 illorum
2919 4877 3136 4918 sensum
3167 4873 3522 4931 respuentes,

1927 4951 2018 5019 qui
2051 4951 2334 5006 Dominum
2373 4961 2616 5004 nostrqu
2643 4949 2709 5005 de
2732 4950 2909 5019 seipse
2931 4951 3224 5006 secundum
3251 4951 3525 5012 humani—

1928 5052 2090 5098 tatem
2119 5043 2317 5096 dixisse
2341 5050 2588 5095 asseruut
2611 5059 2624 5092 :
2654 5039 2818 5094 Pater
2841 5042 3016 5111 major
3044 5058 3124 5094 me
3148 5052 3241 5094 est.
3272 5040 3530 5112 Uterque

1928 5130 2194 5199 siquidem
2231 5129 2534 5184 intellectus
2579 5144 2713 5184 sana
2737 5129 2838 5184 fide
2869 5130 3209 5199 recipiendus
3229 5139 3332 5184 est.
3363 5130 3523 5192 Dtsc.

1929 5222 2140 5287 Etiam;
2170 5223 2418 5292 quamvis
2446 5222 2590 5276 enim
2627 5237 2738 5276 non
2781 5221 3023 5292 ejusdem
3054 5223 3160 5278 sint
3200 5222 3527 5282 subtilitatis

1525 5376 1772 5432 VARIAE
1809 5376 2207 5434 LECTIONES.

318 5490 331 5518 ⁸
363 5487 426 5542 Δ.
453 5488 761 5548 credendum
791 5497 873 5542 est
894 5497 947 5550 et
969 5486 1374 5552 intelligcmlum.

249 5555 413 5626 Igitur
436 5568 530 5612 est.
605 5559 626 5589 ⁸
663 5557 704 5618 Α
733 5560 1041 5627 appellatur.
1137 5559 1157 5587 ’
1181 5559 1235 5612 in
1260 5575 1369 5612 om.
1393 5560 1458 5614 A.

244 5627 288 5658 ι’
327 5627 367 5696 C
401 5627 669 5693 praecedit
693 5627 976 5694 ﬁlietatem,
993 5627 1188 5696 ﬁlielas
1212 5645 1358 5683 vero.

246 5695 290 5730 “
339 5694 428 5750 Sic
453 5698 556 5752 AC.
637 5698 678 5728 ¹⁹
703 5698 790 5752 Sic
816 5698 854 5750 (ἶ
881 5717 894 5765 ;
943 5694 1310 5755 Αἐιιινεὶδιυηῑ.

1465 5632 1504 5662 ⁸⁸
1532 5632 1571 5686 Δ
1596 5632 1746 5684 dixit.

1389 5703 1431 5734 ²⁰
1455 5712 1500 5757 ct
1529 5718 1635 5757 om.
1665 5702 1728 5753 Α.

1452 5490 1470 5519 1
1521 5491 1559 5519 l‘
1605 5492 1785 5519 ...η-ι.Ᾱέ

1521 5491 1561 5544 C
1604 5492 1919 5558 praedicere.
1996 5492 2016 5523 ³
2041 5491 2212 5544 Altic.
2284 5491 2370 5543 ‘A
2410 5499 2457 5542 et
2506 5506 2536 5541 ιι

1557 5561 1599 5591 ¹⁰
1625 5562 1792 5641 ipsum
1819 5577 1926 5616 om.
1955 5561 2020 5614 A.
2095 5562 2162 5628 ,¹¹
2190 5559 2234 5613 Α
2256 5560 2543 5639 praecellet.

1532 5632 1571 5684 Δ
1596 5632 1746 5684 dixit.
1854 5631 1896 5660 ¹³⁵
1925 5632 1965 5684 Α
1998 5631 2106 5684 sed.
2205 5631 2246 5661 ¹⁶
2272 5629 2543 5683 relattomu

1998 5647 2106 5686 εεα.

1996 5491 2212 5544 ³ΑΙιίε.
2284 5490 2370 5543 ‘A
2410 5499 2457 5542 et
2506 5498 2580 5543 ut.
2659 5489 2748 5542 Ἀ
2789 5499 2902 5552 aut,
2981 5490 3101 5543 ‘esl
3137 5491 3334 5544 om.A.
3412 5494 3432 5522 ⁷
3473 5494 3525 5548 Δ

2631 5559 2675 5590 ²¹
2699 5558 2789 5613 Sic
2826 5561 2901 5626 C;
2933 5562 2972 5615 Α
3014 5560 3314 5613 Palerttilus
3351 5564 3524 5618 enim.

2205 5631 2246 5661 ¹⁶
2272 5629 2576 5683 relatiomtm
2614 5643 2721 5685 om.
2747 5631 2810 5683 Λ.
2887 5633 2930 5664 ιτ
2955 5647 3017 5686 ea:
3051 5632 3274 5701 ingenito
3307 5646 3416 5684 om.
3446 5634 3519 5686 Λ.
